1078 1692
848 74 39 20 293

91 128 39 21 och
154 128 116 20 tillsvidare
286 130 23 18 är
325 128 143 28 bevillningen
485 129 6 19 i
508 129 47 20 vårt
577 129 56 25 land,
650 129 66 27 enligt
739 129 56 21 hvad
815 130 39 27 jag
870 130 48 20 med

91 156 102 21 säkerhet
209 158 44 19 tror
269 157 43 27 mig
327 157 71 20 kunna
415 157 71 27 påstå,
502 157 83 27 ganska
603 157 118 28 inpopulär.
751 157 33 21 En
801 158 65 21 sådan
883 158 35 21 be-

91 185 94 27 villning,
205 192 45 13 som
269 185 40 20 den
329 192 27 14 nu
375 185 174 27 ifrågavarande,
569 186 68 20 skulle
653 186 73 21 säkert
744 186 47 21 icke
807 186 67 21 heller
882 194 36 13 an-

91 216 61 24 tagas
169 214 23 20 af
206 213 36 21 det
255 213 69 27 stånd,
340 220 45 14 som
402 215 23 19 är
441 214 40 20 den
498 214 111 27 fattigaste
623 214 130 21 folkklassen
766 216 100 26 närmast,
878 215 40 20 och

91 242 27 20 då
134 242 74 20 hittills
232 242 126 27 regeringen
377 245 84 17 ensamt
481 242 45 20 haft
545 242 103 28 rättighet
664 244 32 19 att
712 242 91 28 pålägga
818 244 100 20 konsum-

91 270 141 21 tionsskatter
256 272 47 24 etc.,
327 272 23 19 så
375 270 61 20 torde
456 270 65 21 också
537 271 41 20 den
595 271 115 21 omordade
726 271 192 21 kaffeförbruknin-

91 306 41 20 gen
155 305 77 21 genom
256 305 26 14 en
305 298 83 28 förhöjd
413 299 36 20 tull
467 299 12 20 å
495 306 65 14 varan
581 299 31 21 till
628 299 131 21 statsverket
778 300 98 28 inbringa
892 306 26 14 en

91 328 43 20 lika
150 329 45 19 stor
211 327 100 26 inkomst,
328 334 46 14 som
390 327 105 21 måhända
511 328 72 20 kunde
599 328 89 20 erhållas
700 334 76 21 genom
789 328 40 21 den
841 328 77 27 fattiga

91 355 145 21 folkklassens
261 356 118 27 åläggande
404 358 31 18 att
451 356 81 26 betala,
548 363 49 13 man
614 356 27 21 50
656 356 39 21 och
712 356 78 28 qvinna
805 357 27 20 25
848 356 70 28 penni.

160 384 58 20 Herr
234 384 194 27 Björkenheim,
447 384 34 20 R.:
505 384 96 21 Oaktadt
623 385 37 27 jag
683 385 65 21 redan
771 384 45 22 haft
833 385 61 21 ordet
912 385 7 20 i

92 413 85 27 frågan,
194 413 38 20 har
248 413 38 27 jag
302 413 71 21 tillåtit
389 413 42 27 mig
447 414 57 20 ännu
520 420 26 14 en
562 414 57 26 gång
635 413 79 28 begära
730 413 36 21 det
781 413 32 21 för
830 415 32 19 att
877 413 41 21 till-

93 442 62 26 lägga
172 442 66 26 några
257 441 44 26 ord,
325 441 71 21 förrän
417 442 19 20 vi
457 442 27 26 gå
502 441 30 21 till
549 442 133 27 omröstning
698 442 59 20 öfver
773 442 89 20 friherre
877 448 41 14 von

93 470 70 20 Borns
179 469 86 28 förslag.
296 469 41 28 Jag
353 470 82 20 fruktar
451 471 32 19 att
499 477 34 13 om
549 470 116 21 friherrens
680 470 82 27 förslag
776 477 33 13 om
820 470 98 26 personel

93 498 58 20 skatt
166 498 33 20 för
215 498 52 20 hvar
282 498 39 21 och
338 505 32 20 en,
387 505 45 14 som
448 498 48 21 icke
511 498 39 21 har
561 499 42 20 500
615 498 71 21 marks
702 498 103 27 inkomst,
822 501 96 25 antages,

93 526 20 21 vi
129 526 117 21 blottställa
265 533 35 14 oss
318 527 33 20 för
370 527 139 27 möjligheten
526 528 32 19 att
578 527 55 21 efter
650 527 52 21 1867
719 526 47 21 icke
782 526 21 21 få
817 527 21 21 in
855 528 65 26 något

93 562 77 20 genom
190 554 125 29 bevillning,
339 555 90 21 emedan
445 555 20 21 vi
481 555 92 27 troligen
593 555 93 21 derefter
702 554 46 22 icke
764 555 68 21 skulle
847 556 21 20 fä
883 555 36 21 nä-

93 591 41 20 gon
152 584 117 27 bevillning
284 584 6 20 i
307 584 62 28 gäng.
400 584 77 20 Denna
495 584 137 27 beskattning
647 584 69 20 skulle
727 584 105 27 nemligen
843 585 76 19 nästan

93 612 137 21 uteslutande
247 612 85 21 komma
348 614 31 19 att
398 612 81 21 drabba
499 612 40 20 den
556 612 35 21 del
606 612 24 21 af
643 613 47 20 värt
706 612 56 27 folk,
779 619 45 14 som
840 612 80 20 bonde-

93 640 86 21 ständet
197 647 62 14 anser
274 641 33 27 sig
322 643 157 25 representera.
511 640 26 21 Vi
553 640 64 22 hafva
633 642 42 20 sett
691 640 35 22 vid
741 640 74 28 frägan
827 647 34 14 om
872 640 48 21 kar-

93 669 118 27 tasigillata
228 669 96 27 afgiften,
348 670 54 20 huru
426 669 93 21 bestämt
538 669 157 21 bondeståndet
713 671 101 19 motsatte
831 669 32 28 sig
878 668 42 22 den

93 698 123 27 förhöjning
232 698 6 20 i
255 698 123 28 bevillning,
394 705 45 14 som
455 698 39 20 der
509 705 38 14 var
563 698 70 27 egnad
648 700 32 18 att
696 698 62 20 träffa
773 698 60 20 detta
849 697 71 27 ständ;

93 726 157 20 bondeståndet
273 726 93 28 vägrade
389 726 54 22 först
465 728 31 19 att
515 726 36 21 vid
569 726 165 28 rättegängarne
753 726 70 21 betala
839 733 81 14 samma

94 755 116 27 bevilloing
226 762 44 13 som
286 755 74 27 andra,
376 755 40 21 och
432 755 27 21 dä
474 762 48 14 man
539 755 97 21 försökte
644 755 28 27 pä
682 754 66 21 andra
759 756 65 26 vägar
835 754 85 21 komma

93 783 31 20 till
140 783 67 27 högre
230 784 116 27 bevillning
368 790 77 21 genom
465 785 32 19 att
516 784 89 26 föreslä,
622 785 32 19 att
672 783 158 21 karta-valören
852 783 68 20 skulle

93 812 60 27 höjas
170 811 35 21 vid
220 812 159 26 häradsrätten,
395 819 47 14 men
460 812 159 21 bondeständet
635 812 87 28 gvarstä
732 812 6 20 i
749 811 31 21 sin
798 811 69 27 gamla
877 812 43 20 rätt

93 842 32 19 att
147 840 71 21 betala
234 840 76 21 endast
329 840 45 21 half
393 840 71 28 afgift,
481 841 24 20 sä
520 840 95 28 vägrade
637 840 157 21 bondeständet
809 839 65 21 ocksä
889 841 32 19 att

92 869 51 26 ingä
161 868 73 27 derpä.
264 868 28 21 Vi
311 869 64 20 hafva
395 871 42 18 sett
457 869 55 20 huru
537 869 157 20 bondeständet
710 868 6 21 i
733 867 186 28 bränvinsfrägan,

94 897 27 20 dä
136 904 48 13 man
201 897 47 21 ville
264 897 86 21 förorda
368 904 26 14 en
414 897 85 28 ätgärd,
518 904 45 14 som
585 897 60 21 stred
660 898 58 20 emot
733 897 48 20 dess
797 897 65 26 äsigt,
878 896 42 21 för-

94 925 88 22 klarade
198 926 32 27 sig
245 926 66 21 hellre
327 926 50 27 vilja
393 925 65 21 blifva
473 925 36 21 vid
519 926 37 21 det
572 926 77 27 gamla.
680 925 42 28 Jag
737 927 47 18 tror
799 925 43 27 mig
857 925 63 20 hafva

94 954 45 20 skäl
159 956 31 18 att
213 954 71 21 frukta
300 956 38 23 att,
358 961 32 14 om
411 961 48 14 man
477 954 69 21 skulle
565 954 51 27 vilja
632 954 75 27 älägga
723 953 156 22 bondeständet
894 960 26 14 en

93 982 126 27 ytterligare
242 983 122 27 förhöjning
384 983 23 20 af
427 982 153 28 bevillningen,
603 982 37 21 det
655 982 69 21 skulle
747 982 84 21 komma
847 983 31 19 att
893 982 28 27 gä

94 1011 47 20 hela
158 1011 217 28 bevillningsstadgan
392 1012 28 27 pä
435 1018 83 13 samma
534 1012 49 19 sätt.
614 1010 64 21 Hvad
694 1010 90 21 friherre
798 1017 41 14 von
851 1010 69 21 Troils

93 1039 81 28 förslag
193 1046 33 14 om
250 1046 25 14 en
297 1039 301 28 förmögenhetsbeskattning
613 1040 7 19 i
636 1039 71 21 stället
726 1039 34 20 för
775 1045 25 14 en
817 1039 103 21 inkomst-

94 1068 116 27 bevillning
234 1068 105 25 beträffar,
358 1069 24 20 sä
400 1068 61 21 torde
477 1068 36 21 det
529 1068 48 21 icke
593 1075 52 14 vara
668 1067 103 28 behöfligt
786 1069 32 19 att
833 1066 87 29 mycket

94 1097 52 20 orda
161 1096 79 21 derom.
270 1097 42 27 Jag
332 1097 36 20 vill
386 1096 76 21 endast
478 1096 100 27 päminna
595 1096 72 21 derom
683 1097 32 20 att
730 1103 26 14 en
772 1095 79 28 mängd
866 1095 53 21 folk-

94 1125 89 26 klasser,
199 1131 45 14 som
268 1132 48 13 man
336 1125 45 28 just
402 1125 37 20 har
458 1125 34 20 för
511 1125 65 27 afsigt
592 1127 32 18 att
639 1124 100 21 beskatta
754 1131 77 20 genom
848 1124 72 21 bevill-

94 1153 85 28 ningen,
195 1153 41 21 alla
251 1153 26 21 do
293 1161 45 13 som
354 1153 47 22 icke
417 1153 63 21 hafva
496 1153 70 27 nägon
581 1152 158 28 förmögenhet,
751 1159 47 14 men
811 1152 109 28 betydliga

94 1182 125 26 inkomster,
235 1182 39 21 och
297 1189 45 14 som
362 1183 37 20 äro
418 1183 77 19 nästan
511 1181 40 22 fria
566 1181 47 21 från
629 1181 41 21 alla
685 1181 66 21 andra
767 1181 90 26 skatter,
872 1181 48 20 der-

93 1211 85 27 igenom
195 1210 68 21 skulle
278 1210 62 21 äfven
357 1210 71 28 undgå
443 1210 71 21 denna
529 1210 145 27 beskattning.

163 1239 57 20 Herr
236 1246 47 14 von
299 1238 123 25 Kremer,
438 1239 35 20 K.:
497 1238 75 21 Redan
591 1238 35 21 vid
644 1238 57 21 förra
720 1237 102 28 landtdag
838 1237 82 21 beslöts

94 1269 32 18 att
142 1267 142 28 bevillningen
301 1267 68 21 skulle
386 1267 64 21 blifva
465 1274 27 14 en
508 1267 139 27 beskattning
662 1267 23 20 af
698 1266 132 26 inkomsten;
851 1265 69 21 denna

95 1295 116 28 grundsats
229 1296 38 20 har
286 1296 106 21 utskottet
415 1295 62 21 äfven
494 1302 29 14 nu
538 1295 97 21 vidhållit
650 1295 39 21 och
706 1295 61 20 äfven
781 1295 38 26 jag
834 1293 38 22 ber
888 1295 32 20 att

94 1325 21 20 få
131 1324 85 21 förorda
232 1324 129 21 densamma.
391 1324 74 28 Enligt
484 1324 124 21 densamma
628 1323 54 21 skall
701 1323 74 21 hvarje
791 1322 56 21 finsk
862 1323 58 20 med-

94 1353 91 27 borgare
202 1353 70 20 betala
287 1359 26 15 en
330 1353 54 21 efter
402 1353 53 20 hans
473 1353 95 20 inkomst
587 1351 163 29 proportionerad
780 1351 68 26 skatt,
871 1358 49 13 men

95 1381 60 20 detta
170 1381 118 28 utgörande
304 1381 23 21 af
339 1381 86 21 skatten
441 1381 40 21 har
499 1380 77 21 endast
592 1388 26 13 en
634 1381 70 27 gräns,
721 1380 40 21 och
776 1380 36 20 det
827 1381 24 19 är
867 1379 53 28 möj-

95 1409 105 28 lighetens
216 1411 70 26 gräns.
317 1410 43 21 Det
376 1411 24 20 är
415 1416 26 15 en
457 1409 45 22 helt
517 1409 41 21 och
573 1409 65 21 hållet
657 1408 127 28 öfverflödig
798 1408 75 27 åtgärd
889 1409 32 19 att

95 1440 75 19 taxera
189 1438 40 21 den
252 1440 32 19 att
306 1438 72 21 betala
400 1439 75 26 något,
498 1445 45 14 som
563 1437 111 28 ingenting
693 1437 41 20 kan
754 1437 93 27 erlägga.
878 1435 42 22 Vid

94 1465 130 28 föregående
246 1466 39 21 och
308 1467 70 21 likaså
400 1466 34 21 vid
457 1466 70 21 denna
550 1465 102 28 landtdag
668 1466 39 21 har
722 1465 106 21 utskottet
851 1464 70 21 funnit
