1078 1692
843 89 38 20 301

89 146 32 20 för
144 147 69 19 större
235 146 39 20 och
299 146 69 20 bättre
388 144 71 22 diken.
497 145 42 21 Det
555 147 22 19 är
593 145 32 21 för
641 145 141 27 jordbrukets
798 146 61 20 bästa
874 146 40 20 och

89 176 68 26 nytta,
179 174 39 28 jag
233 174 47 21 icke
296 174 42 20 kan
357 174 114 28 godkänna
494 176 31 19 att
548 175 118 20 momentet
682 173 53 21 skall
751 175 96 26 qvarstå,
863 176 51 19 utan

89 210 63 13 anser
168 203 37 21 det
219 202 53 21 böra
287 203 57 27 utgå.

158 231 57 21 Herr
232 231 198 27 Montgomerie:
450 230 47 22 Här
513 233 23 18 är
551 231 48 21 icke
615 231 59 27 fråga
691 238 33 13 om
740 233 31 19 att
786 234 129 25 uppmuntra

88 260 128 27 jordbruket
232 260 52 20 eller
299 259 205 21 fabriksindustrier.
524 260 87 20 Skatter
627 261 36 19 äro
679 259 59 21 alltid
754 260 62 20 svåra
831 262 32 19 att
879 260 36 21 be-

90 288 53 26 tala,
166 288 39 21 och
228 288 39 28 jag
290 288 88 28 medger
399 288 52 20 visst
468 290 31 19 att
515 288 36 21 det
567 295 51 14 vore
634 290 32 18 ett
681 289 43 19 sätt
739 289 32 19 att
786 290 130 26 uppmuntra

90 317 127 27 nyodlingar
233 317 39 20 och
289 316 144 28 hvarjehanda
448 317 123 25 industrier,
587 323 34 14 om
637 323 48 14 man
702 316 68 21 skulle
787 316 66 22 befria
868 318 46 20 från

90 346 59 20 skatt
172 346 56 20 hvad
248 352 44 14 som
309 346 116 27 nedläggas
441 345 81 27 dertill,
538 352 48 14 men
603 345 97 27 omöjligt
715 345 41 20 kan
773 352 48 14 man
837 346 21 20 få
872 346 44 27 mig

91 376 30 18 att
137 373 76 28 frångå
228 374 40 20 den
284 374 63 28 åsigt,
363 376 31 18 att
411 374 54 20 hvad
479 374 38 28 jag
533 374 117 27 nedlägger
666 374 23 20 af
702 374 42 20 min
760 374 94 21 inkomst
864 381 50 14 vare

91 402 32 28 sig
146 402 31 20 till
201 402 111 21 teckniska
330 402 160 28 förbättringar,
510 403 101 27 antingen
629 402 37 28 jag
682 402 53 21 låter
750 404 57 19 sätta
821 405 32 18 ett
869 405 47 25 nytt

91 430 44 28 hjul
151 431 6 20 i
173 432 32 19 ett
220 431 94 27 spinneri
331 431 51 21 eller
397 431 55 21 hvad
469 438 45 14 som
531 431 65 25 helst,
613 433 32 19 att
660 430 48 21 icke
723 431 59 20 detta
798 432 23 19 är
831 433 31 19 ett
873 433 43 19 sätt

91 461 32 19 att
146 459 96 21 använda
263 460 42 20 min
321 460 94 20 inkomst
438 460 39 21 och
502 462 31 18 att
549 460 70 21 denna
634 459 94 21 inkomst
743 459 39 21 bör
799 460 116 21 beskattas.

91 488 46 20 Här
152 488 39 20 har
207 488 69 21 blifvit
291 488 89 21 nämndt
396 490 31 19 att
443 496 26 13 en
486 488 99 26 inkomst,
597 488 65 21 sedan
674 488 42 20 den
729 488 69 20 blifvit
809 489 107 28 nedlagd
905 484 15 37 i

90 516 85 28 jorden,
192 524 38 20 ger
246 524 26 13 en
288 517 126 27 ytterligare
425 517 103 25 inkomst,
541 524 44 14 som
597 517 27 21 då
635 516 68 21 skulle
714 516 72 22 kunna
797 516 119 28 beskattas;

91 552 48 13 men
165 544 59 22 detta
247 545 39 21 blir
310 546 68 27 aldrig
397 546 30 26 af,
443 548 23 25 ty
483 546 74 27 hvarje
572 546 52 20 klok
640 545 121 27 menniska,
777 552 45 14 som
838 546 78 21 drifver

91 580 26 14 en
134 573 91 28 rörelse,
241 574 117 28 nedlägger
373 574 58 21 alltid
447 575 24 20 så
487 575 86 27 mycket
589 574 40 20 han
645 574 41 21 kan
698 574 6 20 i
716 580 26 14 en
758 574 58 28 dylik
825 575 91 26 rörelse,

93 608 44 14 som
161 609 38 20 ger
221 602 126 28 ytterligare
366 602 125 26 inkomster,
513 603 39 21 och
568 603 6 20 i
591 602 81 21 hvilket
688 602 60 21 skick
765 603 53 21 skall
835 604 40 20 den
890 603 27 21 då

91 630 127 21 beskattas?
256 630 64 22 Först
343 631 27 21 då
393 631 40 21 han
455 632 55 20 låter
526 632 28 20 bli
570 633 32 19 att
615 631 106 27 nedlägga
737 632 46 20 sina
799 632 118 28 penningar

92 659 39 21 och
147 659 68 21 lefver
230 666 43 21 upp
289 660 55 20 dem.
360 659 42 29 Jag
418 660 105 21 erkänner
538 660 53 20 visst
607 662 32 18 att
655 660 36 20 det
706 666 52 14 vore
773 660 99 28 riktigast
886 662 31 19 att

93 688 100 20 beskatta
217 688 214 28 lefnadskostnaden,
455 696 48 14 men
527 688 27 22 då
571 688 40 21 här
625 695 29 14 nu
670 690 24 19 är
709 688 60 28 fråga
784 696 34 14 om
834 691 32 19 att
882 690 35 20 be-

92 716 72 21 skatta
179 716 129 28 inkomsten,
324 717 41 21 kan
380 718 38 26 jag
431 718 49 20 icke
495 718 27 27 gå
537 717 54 21 ifrån
607 719 32 19 att
649 724 49 14 man
710 717 38 21 bör
759 717 99 21 beskatta
868 718 48 26 den,

92 752 33 13 om
143 745 40 20 den
200 745 108 21 användes
324 746 28 27 på
367 746 81 20 hvilket
464 748 43 18 sätt
522 753 45 13 som
584 746 62 20 helst.

161 773 101 21 Friherre
278 781 48 14 von
342 774 84 28 Troil,
442 774 21 21 8.
480 774 43 21 W.:
539 774 42 28 Jag
597 774 36 21 vill
646 774 78 21 endast
734 781 97 21 upprepa
841 776 31 20 att
883 782 33 14 om

92 804 117 19 momentet
218 802 116 26 bortfaller,
351 804 24 19 sä
390 804 23 20 är
429 803 37 21 det
482 803 93 28 afgjordt
584 805 32 19 att
625 803 64 27 ingen
700 803 126 27 bevillning,
842 804 75 20 ätmin-

93 832 60 19 stone
177 831 62 27 högst
256 831 116 28 obetydlig,
388 832 93 27 inflyter,
505 832 38 25 och
566 832 32 20 får
611 832 37 27 jag
665 831 84 20 derföre
764 831 75 21 förena
854 832 42 27 mig
912 832 5 20 i

93 859 54 20 hvad
171 859 49 20 herr
237 859 156 28 Montgomerie
409 862 74 25 yttrat.
514 859 71 22 Afven
599 861 39 26 jag
653 861 38 19 har
707 859 61 21 suttit
784 860 69 20 säsom
870 860 47 21 ord-

93 887 89 21 förande
198 888 7 20 i
220 895 27 13 en
270 887 219 29 bevillningskomit&,
505 895 48 14 men
564 889 38 27 jag
618 888 37 21 har
672 888 88 21 kommii
776 888 31 20 till
823 896 25 13 en
864 891 52 18 mot-

92 917 43 19 satt
151 916 55 27 äsigt
222 918 44 19 mot
283 917 47 20 herr
346 924 42 13 von
404 917 79 26 Borns,
500 917 106 27 nemligen
623 919 31 18 att
670 923 49 14 man
735 917 82 27 ganska
832 917 33 21 väl
876 917 41 21 kan

93 944 111 27 kalkylera
219 945 122 21 inkomsten
357 945 46 21 från
420 947 31 19 ett
464 945 112 28 jordbruk,
592 947 51 19 utan
659 945 101 21 afseende
776 946 12 20 å
803 946 56 21 hvad
869 953 47 14 man

93 972 86 28 nedlagt
195 973 5 20 i
214 973 84 28 jorden.

161 1001 58 21 Herr
235 1002 26 20 af
274 1002 146 27 Forselles,
437 1003 32 20 L.:
500 1001 57 22 Herr
573 1002 110 21 Molander
698 1002 38 21 har
752 1003 124 27 framdragit
888 1005 30 18 ett

93 1029 94 21 särdeles
213 1031 94 20 utmärkt
330 1031 98 27 exempel
444 1031 65 20 bland
522 1031 154 27 jordbrukare,
694 1038 24 13 en
736 1031 93 21 särdeles
845 1031 73 28 driftig

93 1058 53 21 karl.
173 1058 50 21 Han
239 1059 39 20 har
294 1060 104 27 derjemte
414 1060 81 27 påstått
511 1062 30 18 att
557 1060 69 27 någon
641 1060 115 27 bevillning
766 1060 23 20 af
797 1059 52 21 hans
858 1067 60 14 enor-

93 1093 34 14 ma
143 1087 119 21 inkomster
280 1088 48 21 icke
344 1088 68 21 skulle
428 1089 105 26 erläggas,
549 1088 39 20 och
605 1088 49 21 herr
670 1088 155 27 Montgomerie
845 1089 73 27 tyckte

90 1116 39 27 jag
155 1116 52 20 sade
227 1116 129 27 detsamma;
378 1123 48 14 men
445 1123 26 14 en
488 1117 111 20 menniska
615 1117 38 20 dör
668 1123 26 14 en
711 1118 56 26 gång
782 1117 39 20 och
837 1117 27 20 då
879 1117 39 20 till-

93 1144 60 21 faller
174 1144 176 27 förmögenheten
374 1145 97 28 vanligen
495 1145 69 27 någon
585 1145 185 21 efterkommande
790 1146 68 20 såsom
878 1146 41 21 arf-

93 1173 74 26 vinge,
190 1173 39 20 och
255 1173 26 21 då
305 1174 95 20 kommer
415 1174 33 20 väl
465 1173 116 28 bevillning
597 1176 30 19 att
644 1174 98 27 erläggas
757 1174 33 20 för
805 1173 40 22 den
861 1176 58 19 stora

93 1201 160 28 förmögenhet,
270 1209 45 14 som
332 1202 40 21 den
389 1202 86 27 driftiga
487 1202 158 27 jordbrukaren
662 1203 141 20 efterlemnat.
831 1202 43 21 För
889 1203 29 20 öf-

93 1229 44 28 rigt
152 1230 76 27 gjorde
241 1230 39 27 jag
295 1231 65 20 redan
372 1231 5 20 i
389 1230 74 28 början
480 1231 39 20 den
536 1231 82 27 frågan,
627 1231 99 21 hvarföre
738 1238 47 14 man
797 1231 46 20 icke
855 1231 65 21 också

92 1257 115 22 beskattar
223 1259 152 21 reservfonden
393 1259 6 20 i
415 1259 132 28 bankbolag,
563 1266 48 14 men
628 1260 38 20 har
679 1259 48 21 icke
742 1259 40 21 fått
795 1260 65 27 något
870 1267 50 13 svar

93 1286 73 27 derpå.
183 1286 73 21 Också
272 1287 39 21 den
328 1289 22 19 är
367 1294 26 14 en
409 1295 37 13 ren
462 1288 103 26 inkomst,
581 1288 129 27 fullkomligt
725 1288 92 21 likställd
833 1288 48 21 med
893 1295 25 14 en

93 1315 177 21 fabriksidkares.
286 1316 42 28 Jag
344 1317 69 20 måste
429 1316 92 21 vidhålla
537 1317 48 20 mitt
600 1317 67 20 första
680 1317 116 27 påstående
807 1316 39 21 och
857 1323 63 14 anser

93 1345 32 18 att
142 1343 36 21 det
194 1345 23 19 är
232 1344 43 21 lika
291 1347 43 18 rätt
350 1345 38 20 och
405 1345 70 27 billigt
491 1347 30 18 att
538 1345 55 20 hvad
609 1352 45 13 som
666 1345 116 28 nedlägges
792 1345 33 20 för
836 1345 83 28 utvidg-

93 1372 51 27 ning
160 1372 23 20 af
196 1379 26 14 en
238 1373 81 20 rörelse
335 1373 79 21 befrias
430 1373 46 21 från
495 1373 126 28 bevillning,
637 1381 45 13 som
699 1376 31 19 att
745 1373 151 21 reservfonden
913 1374 5 20 i

93 1400 122 27 bankbolag
230 1403 23 18 är
268 1401 92 28 fritagen
376 1401 99 21 derifrån.

162 1429 100 21 Friherre
288 1437 47 13 von
359 1430 80 21 Born:
465 1431 43 26 Jag
532 1431 38 20 ber
593 1432 32 19 att
641 1432 54 19 ännu
712 1431 20 20 få
748 1430 89 28 tillägga
853 1431 66 26 några

93 1457 45 20 ord.
170 1457 33 20 De
225 1458 67 21 talare
308 1465 45 14 som
369 1459 63 27 yrkat
449 1461 31 18 att
496 1459 164 28 ifrågavarande
676 1460 87 27 mening
779 1459 6 20 i
801 1459 118 20 utskottets

95 1485 135 20 betänkande
255 1487 65 20 borde
343 1488 87 26 qvarstå
456 1487 63 21 hafva
535 1487 110 22 betraktat
661 1487 66 21 saken
744 1488 46 20 från
805 1494 26 14 en
848 1487 72 21 alltför
