1078 1692
199 85 27 21 32

172 142 92 27 singfors
288 148 44 14 som
356 142 66 20 också
436 141 7 20 i
458 140 66 22 Evois
547 140 150 28 forstinstitut,
721 141 84 21 komme
825 143 30 19 att
874 141 38 21 här
930 141 65 21 verka

171 172 135 26 gemensamt
325 170 103 20 förenade
447 169 35 21 vid
502 176 26 14 en
547 169 65 27 högre
628 170 87 20 teknisk
732 170 133 26 läroanstalt;
878 170 39 27 jag
932 177 64 13 anser

172 198 62 22 äfven
257 198 27 21 de
306 198 120 26 lärostolar,
450 205 45 13 som
515 198 50 20 herr
581 198 157 21 Nordenskiöld
755 198 119 28 föreslagit,
891 198 51 21 böra
958 198 38 21 der

172 228 97 20 inrättas.
293 227 41 27 Jag
350 226 68 21 skulle
434 227 55 20 dock
506 227 51 27 vilja
572 227 111 20 utsträcka
698 226 180 28 undervisningen
894 226 30 21 till
939 228 56 19 ännu

172 258 78 18 tvenne
266 255 119 27 lärostolar,
402 255 39 21 och
457 255 78 21 föreslå
551 262 26 14 en
593 255 87 21 lärostol
696 256 6 20 i
719 255 180 27 skeppsbyggeri;
911 255 35 20 det
958 255 37 20 fin-

172 291 38 14 nes
233 284 67 27 knapt
316 284 66 27 något
404 284 63 27 yrke,
485 290 45 14 som
549 284 23 20 så
588 286 31 18 att
635 285 51 26 säga
702 286 22 18 är
740 284 85 20 hemma
839 284 8 20 i
862 283 72 21 landet
950 290 44 14 som

172 312 181 28 skeppsbyggeri;
377 312 27 21 de
420 312 141 20 utmärktaste
581 312 143 27 timmermän,
742 319 45 14 som
806 312 89 21 Finland
911 312 37 20 har
964 314 31 18 att

172 341 60 28 tillgå
254 341 41 21 och
318 348 45 13 som
384 341 73 20 kunna
476 341 51 20 täfla
546 341 49 20 med
614 340 27 21 de
656 341 62 21 bästa
732 341 7 20 i
755 340 106 26 utlandet,
877 340 63 21 hafva
956 340 40 21 fått

173 370 31 20 sin
228 370 60 20 skola
311 370 40 20 och
370 369 156 27 underbygnad
541 369 6 21 i
563 369 171 28 skeppsbyggeri
753 370 27 27 på
799 376 54 21 egen
869 368 62 22 hand.
962 368 33 21 De

172 398 112 28 verkligen
303 398 108 20 utmärkta
430 398 151 20 autodidakter
599 398 21 20 vi
636 398 6 20 i
658 398 72 20 landet
749 398 73 26 hafva,
839 398 38 20 och
894 398 25 20 de
935 397 59 21 arbe-

172 430 46 23 ten,
237 433 46 14 som
299 426 6 20 i
322 426 64 28 öfrigt
406 427 107 20 levereras
529 426 6 20 i
551 426 271 28 byggmästarebranchen,
843 426 59 20 vitna
922 427 26 27 på
964 427 31 19 ett

172 455 86 29 mycket
278 455 78 27 tydligt
372 455 40 21 och
427 455 56 20 klart
501 456 52 24 sätt,
571 457 30 18 att
617 455 70 21 denna
702 462 54 20 gren
771 455 23 21 af
807 455 102 21 tekniken
926 454 69 21 skulle

172 485 38 20 hos
226 491 36 13 oss
278 484 72 20 kunna
365 484 27 27 gå
407 484 68 26 långt,
492 490 33 14 om
542 483 40 21 den
598 483 155 21 understöddes
764 483 24 21 af
797 483 147 27 vetenskaplig
957 490 37 13 un-

172 512 125 28 derbygnad
314 512 38 21 och
369 512 125 27 utbildning.
526 511 42 28 Jag
584 512 68 20 skulle
668 512 72 21 vidare
756 512 50 27 vilja
822 512 38 20 här
878 512 75 20 förena
968 518 26 14 en

172 541 87 21 lärostol
276 542 4 19 i
298 540 70 21 nutids
392 540 116 21 astronomi
532 541 39 20 och
591 540 65 28 högre
676 540 190 28 navigationslära,
883 541 23 20 så
921 542 31 19 att
968 540 26 20 de

172 570 23 20 af
208 570 52 20 våra
276 570 91 26 sjömän,
384 576 44 13 som
445 569 50 27 vilja
510 569 27 27 gå
552 569 75 27 längre
643 570 26 20 än
680 569 56 21 hvad
747 570 51 20 våra
811 568 183 28 navigationssko-

172 598 32 21 lor
226 598 108 26 meddela,
357 598 69 20 skulle
449 597 70 21 dertill
540 597 23 21 få
586 598 88 20 tillfälle.
704 598 70 20 Dessa
793 598 111 20 lärostolar
926 597 68 21 finnas

173 627 65 21 också
253 626 107 21 inrättade
376 626 35 20 vid
428 626 25 20 de
470 632 66 20 nyare
549 626 39 21 och
601 627 69 19 bättre
682 626 151 28 organiserade
845 625 150 28 polytekniska

174 655 178 21 läroanstalterna
367 654 5 20 i
390 654 101 21 utlandet.
523 654 104 28 Slutligen
644 661 62 14 anser
719 655 38 27 jag
772 656 56 19 ännu
839 656 31 19 att
881 655 38 20 här
931 654 65 20 borde

173 684 49 27 ingå
238 690 26 14 en
280 683 110 28 professor
405 683 7 20 i
428 682 207 28 nationalekonomi,
653 690 46 13 som
714 683 70 21 tillika
799 683 68 21 skulle
882 682 114 21 undervisa

173 712 6 20 i
195 712 116 26 vexelrätt,
335 712 77 27 sjörätt
435 712 39 20 och
495 711 26 21 de
537 711 5 20 i
559 711 111 28 praktiska
685 711 60 21 lifvet
761 713 54 19 mest
832 711 105 27 behöfliga
952 710 44 28 lag-

173 748 53 13 rum.
257 740 64 20 Hvad
341 740 101 20 beträffar
461 740 145 20 kostnaderna
623 740 33 20 för
672 740 36 20 det
724 740 22 20 af
760 740 43 27 mig
818 739 121 28 uppgjorda
954 740 42 20 för-

174 769 80 27 slagets
270 768 162 21 iverksättande
448 768 68 20 skulle
532 768 35 21 det
580 768 64 21 blifva
655 768 70 21 alltför
736 768 109 21 tröttande
857 770 32 18 för
900 768 95 25 ståndet,

173 805 34 13 om
227 798 39 27 jag
289 798 37 19 här
342 797 6 20 i
364 797 66 27 detalj
450 796 67 21 skulle
538 797 112 27 uppräkna
670 798 58 26 dem,
744 797 67 20 ehuru
824 797 37 27 jag
877 798 23 19 är
916 796 80 21 beredd

173 828 32 18 att
221 826 91 27 uppvisa
331 826 58 25 dem,
408 828 51 17 utan
475 825 35 20 vill
524 826 38 27 jag
578 825 38 20 här
632 825 76 20 endast
724 826 77 19 nämna
816 827 31 18 att
863 825 26 20 de
906 832 90 13 summe-

173 854 50 21 rade
247 854 72 27 uppgå
342 853 30 21 till
398 854 39 20 120
453 853 12 20 å
483 854 88 26 130,000
595 853 61 21 mark
675 861 33 13 om
730 854 55 25 året,
800 853 94 21 förutom
910 853 86 27 anlägg-

174 883 173 27 ningskapitalet.
380 881 75 22 Såsom
481 882 114 27 tillgångar
620 882 78 20 finnas:
724 882 101 20 tekniska
848 881 119 21 realskolan
991 882 4 19 i

173 910 147 28 Helsingfors,
340 912 43 19 stat
398 911 6 20 i
420 910 65 21 rundt
501 911 28 20 tal
545 911 78 26 48,000
639 911 66 25 mark,
722 911 161 20 forstinstitutet
898 910 6 20 i
921 909 75 27 Evois,

174 939 65 21 sedan
256 940 65 27 några
338 939 126 20 mekaniska
481 939 83 20 institut
579 939 34 20 för
628 939 134 20 utbildandet
778 939 22 20 af
813 945 56 21 unge
884 939 111 26 mekanici,

173 975 45 14 som
242 969 65 19 redan
327 968 23 20 af
366 969 64 18 stats-
449 967 39 20 och
508 967 234 28 bevillningsutskottet
759 967 68 21 blifvit
842 967 154 27 utmönstrade,

173 997 40 20 och
229 997 5 20 i
252 997 101 20 afseende
369 996 13 20 å
396 995 71 21 hvilka
480 997 38 26 jag
534 998 45 18 tror
595 998 32 18 att
642 996 138 27 regeringens
797 996 137 20 medlemmar
945 1003 51 13 vun-

172 1025 31 20 nit
226 1026 22 20 så
271 1025 87 27 mycket
378 1025 58 23 stöd,
455 1027 31 18 att
505 1031 49 14 man
573 1025 41 20 kan
632 1025 95 26 påräkna
743 1025 62 20 dessa
821 1024 79 27 anslag,
916 1024 33 20 för
965 1026 31 19 att

172 1055 23 20 så
213 1054 87 27 mycket
315 1060 46 14 som
376 1053 83 27 möjligt
476 1053 73 20 förena
568 1053 41 20 alla
625 1053 87 20 krafter.
744 1053 152 27 Bergsstatens
912 1053 83 20 labora-

171 1083 58 20 torii-
250 1082 39 21 och
310 1081 204 28 bibliotheksanslag
532 1082 67 27 jemte
615 1082 97 27 anslaget
728 1081 33 20 för
778 1081 160 27 metallurgiska
954 1081 42 20 för-

172 1111 39 20 sök
233 1111 73 28 uppgå
328 1110 30 21 till
377 1110 48 21 icke
444 1110 81 20 mindre
545 1111 26 19 än
590 1111 75 25 10,600
680 1110 67 20 mark.
781 1110 46 20 Alla
843 1110 62 20 dessa
921 1110 75 20 inrätt-

172 1140 75 27 ningar
269 1139 64 20 hafva
356 1139 38 20 sitt
418 1138 102 21 särskilda
540 1138 212 27 bibliotheksanslag,
776 1139 80 20 hvilket
880 1138 44 21 ofta
947 1145 48 20 nog,

171 1168 62 21 äfven
250 1175 34 14 om
300 1168 36 20 det
352 1167 47 20 fullt
415 1167 107 20 användes
541 1167 30 20 till
592 1167 89 20 böckers
700 1167 94 28 uppköp,
811 1167 19 26 ej
847 1167 68 20 skulle
931 1167 65 20 förslå

173 1199 31 18 att
227 1197 57 20 bilda
306 1198 32 19 ett
357 1195 115 28 ordentligt
491 1195 124 21 bibliothek.
647 1195 86 21 Samma
752 1195 110 28 exemplar
882 1195 92 27 figurera
990 1195 5 20 i

173 1232 38 21 par
229 1227 33 18 tre
282 1224 149 26 bibliotheker,
451 1223 72 21 hvilka
540 1224 27 27 på
583 1224 31 20 sin
631 1224 50 27 höjd
698 1225 107 26 begagnas
822 1224 22 20 af
859 1225 25 19 24
902 1223 51 20 eller
968 1224 27 20 30

172 1254 139 21 embetsmän.
343 1253 107 20 Hvarföre
470 1253 18 26 ej
510 1255 48 25 taga
577 1253 41 20 alla
637 1252 62 21 dessa
717 1253 73 26 anslag
807 1253 39 20 och
862 1252 70 20 lemna
948 1253 46 19 dem

172 1282 31 20 till
226 1282 100 21 tekniska
348 1281 117 26 institutet,
489 1281 38 20 och
548 1281 78 20 bereda
645 1281 40 20 alla
705 1281 78 20 teknici
802 1280 82 21 tillfälle
900 1282 32 19 att
948 1280 48 21 med

173 1317 80 14 samma
269 1310 162 27 utlåningsrätt,
448 1316 45 14 som
510 1309 34 20 vid
560 1309 149 21 universitetet
726 1316 50 21 eger
792 1317 56 18 rum,
864 1309 51 20 eller
931 1309 65 20 också

173 1339 5 20 i
203 1339 150 27 polytekniska
376 1338 104 21 läsesalen
504 1341 133 24 gemensamt
659 1339 21 20 få
703 1338 98 27 begagna
825 1338 62 20 dessa
910 1337 86 26 böcker,

172 1367 74 21 kartor
262 1367 39 21 och
318 1367 112 27 plancher;
446 1367 27 20 då
485 1366 68 21 skulle
565 1367 40 20 alla
616 1367 63 20 dessa
693 1367 144 26 stänkposter,
849 1373 45 13 som
906 1373 27 12 nu
945 1366 51 27 utgå

172 1396 31 20 till
219 1396 63 21 dessa
300 1396 56 20 olika
372 1395 149 27 inrättningar,
538 1395 72 20 kunna
626 1395 57 20 bilda
699 1397 31 18 ett
746 1395 94 20 utmärkt
856 1394 118 20 bibliothek
991 1394 4 20 i

172 1424 70 21 stället
265 1424 33 20 för
322 1426 31 19 att
377 1423 25 20 de
427 1430 26 14 nu
473 1423 38 20 alls
532 1424 46 20 icke
595 1423 95 28 uppfylla
706 1424 37 20 sitt
759 1423 106 26 ändamål;
882 1423 22 20 så
921 1423 76 26 utgöra

171 1453 235 26 bibliotheksanslagen
426 1452 31 20 för
477 1453 49 26 väg-
543 1453 39 20 och
600 1452 311 20 vattenkommunikationerna
928 1451 68 26 2,300,

170 1481 33 21 för
220 1481 273 21 manufakturdirektionen
510 1481 62 26 8,000
588 1481 66 27 mark,
672 1488 18 13 o.
703 1488 15 13 s.
731 1488 19 13 v.
775 1480 97 21 Adderas
884 1479 40 21 alla
935 1479 61 20 dessa
