1078 1692
853 94 25 20 63

84 156 62 14 anser
170 149 39 27 jag
231 149 85 27 proprie
343 149 182 27 borgessystemet
550 148 47 21 icke
621 156 51 13 vara
696 149 90 21 orsaken
812 150 30 20 till
866 150 40 21 den

84 180 59 18 stora
159 178 185 27 skuldsättningen
360 178 6 20 i
383 178 47 20 vårt
449 178 60 26 land,
528 179 53 18 utan
601 179 44 18 tror
661 178 6 19 i
683 177 67 21 likhet
766 178 47 20 med
830 178 76 21 honom

84 208 31 19 att
138 206 37 21 det
199 206 67 27 ligger
282 206 5 20 i
303 206 113 21 nationens
439 206 71 27 lynne.
541 206 50 20 Man
613 206 37 20 har
668 206 49 20 med
738 208 53 19 stort
806 207 100 21 lättsinne

84 235 98 20 åsamkat
197 235 33 27 sig
245 234 87 21 skulder
348 234 39 21 och
403 236 46 26 gått
464 234 7 20 i
486 234 81 28 borgen
584 234 33 20 för
633 241 109 20 personer,
758 237 50 19 utan
825 237 32 19 att
870 243 36 14 an-

84 264 77 20 teckna
178 263 51 21 eller
245 270 37 13 ens
298 263 62 27 lägga
376 264 28 26 på
418 263 81 21 minnet
515 263 33 20 för
564 263 63 20 hvem
643 263 52 20 eller
705 263 54 21 huru
770 264 77 28 många
858 272 47 14 man

83 292 68 20 iklädt
168 292 32 27 sig
216 291 65 21 sådan
302 292 140 26 förbindelse;
458 292 12 20 3
487 292 12 20 å
514 292 13 20 4
543 298 103 21 personer
663 291 63 21 hafva
741 292 46 27 gått
798 292 6 21 i
815 293 91 27 borgen,

84 320 80 28 borgen
190 321 37 20 har
247 320 44 27 gält
314 321 26 20 10
359 321 30 26 år,
407 320 68 21 under
491 320 41 21 den
548 320 59 20 tiden
623 320 63 20 hafva
702 321 66 27 några
784 321 23 21 af
820 322 86 27 borges-

84 350 91 20 männen
199 349 82 20 kunnat
302 348 65 21 blifva
391 349 98 21 behållna
508 348 80 27 karlar;
607 348 68 22 andra
694 349 47 20 åter
757 349 71 21 kunna
844 350 63 22 hafva

85 377 40 22 fått
139 377 83 29 ganska
238 377 69 27 dåliga
323 377 83 27 affärer,
423 377 39 21 och
476 384 29 14 nu
516 377 54 21 skall
583 377 222 28 borgesförbindelsen
817 378 88 28 inlösas,

85 407 39 20 och
140 407 97 20 kommer
252 406 6 20 i
274 406 26 20 de
316 406 63 20 flesta
396 406 35 20 fall
451 408 32 18 att
503 407 68 19 störta
587 406 171 27 borgesmännen
773 407 7 20 i
796 409 44 19 stor
855 414 51 21 pen-

85 433 204 29 ningeförlägenhet.
320 434 52 21 Deri
396 442 62 13 anser
478 435 38 27 jag
539 434 40 21 den
603 434 107 28 egentliga
733 435 90 27 olyckan
840 436 65 28 ligga,

85 465 30 19 att
139 462 58 21 tiden
220 464 22 19 är
262 464 24 20 så
304 463 50 27 lång
371 463 34 21 för
422 463 228 27 borgesförbindelser.
681 464 42 26 Jag
738 464 68 20 skulle
823 464 83 21 derföre

84 492 47 20 icke
148 491 107 27 tillstyrka
271 492 40 20 den
326 492 6 20 i
349 492 160 27 propositionen
525 492 121 27 föreslagna
663 492 58 20 tiden
738 492 23 20 af
774 493 12 19 5
802 493 23 20 år
836 493 32 21 för
879 500 26 14 en

85 520 219 28 borgesförbindelses
321 520 108 28 giltighet,
445 527 48 14 men
510 527 63 14 anser
588 520 44 20 lika
648 520 45 21 med
710 520 50 21 herr
770 520 92 29 Pipping
874 524 31 18 att

85 548 203 21 tidsförhållandena
311 549 47 21 icke
374 551 37 18 äro
427 549 90 26 sådana,
534 551 31 19 att
581 549 85 27 proprie
682 549 222 27 borgesförbindelsen

84 576 44 22 helt
151 577 40 21 och
214 577 65 21 hållet
302 577 68 21 skulle
394 578 70 20 kunna
483 578 109 20 afskaffas.
623 578 49 20 Man
691 578 42 20 kan
752 585 42 20 nog
809 578 54 22 hitta
879 580 27 26 på

85 607 42 19 sätt
143 608 31 18 att
189 605 22 21 få
226 606 33 20 lån
278 613 77 21 genom
376 606 80 26 vexlar,
475 607 28 27 på
521 608 32 18 ett
568 607 23 20 år
607 606 52 21 eller
674 606 88 21 kortare
779 607 38 25 tid,
834 607 71 21 hvilka

84 634 65 20 sedan
165 634 124 28 upprepade
304 635 81 27 gånger
401 636 109 19 omsättas.
535 635 72 21 Också
622 636 36 19 vet
666 635 38 27 jag
715 635 47 21 icke
774 636 64 27 något
849 636 55 27 skäl,

83 662 99 21 hvarföre
198 670 47 13 man
262 663 44 20 helt
322 664 38 20 och
380 663 63 22 hållet
463 664 69 20 skulle
552 666 51 25 taga
617 664 49 20 bort
682 664 85 26 proprie
783 664 121 28 borgesför-

84 691 116 21 bindelsen.
230 691 42 28 Jag
288 694 44 18 tror
348 694 31 18 att
396 692 35 20 det
445 692 34 20 för
495 692 127 28 borgesman
638 692 68 20 skulle
718 692 65 21 blifva
794 700 42 20 nog
846 694 58 20 svårt

83 722 32 18 att
131 721 92 19 omsätta
240 721 45 19 sina
300 720 45 26 lån,
362 720 51 21 eller
428 720 71 21 betala
516 720 31 21 sin
564 721 88 27 borgen.

152 748 99 21 Friherre
267 756 48 13 von
331 748 82 27 Troil,
430 749 20 21 S.
467 749 46 20 W.:
532 749 43 21 Det
591 749 38 21 har
645 749 68 21 blifvit
732 750 84 20 anfördt
829 752 32 18 att
872 757 32 14 or-

85 777 66 20 saken
169 777 31 20 till
216 777 40 21 den
273 778 44 20 vidt
340 778 104 20 utbredda
460 777 186 28 skuldsättningen
663 778 5 20 i
684 777 72 21 landet
771 778 47 20 icke
834 780 23 19 är
872 781 32 19 att

83 805 52 21 söka
153 805 7 20 i
180 806 85 27 proprie
289 806 193 27 borgessystemet,
506 806 38 21 och
567 806 49 21 herr
635 806 23 20 af
675 806 116 27 Forselles,
810 806 33 28 L.,
866 807 38 21 har

83 833 69 28 tillagt
175 836 32 18 att
231 834 35 20 det
290 835 68 20 skulle
377 835 57 27 ligga
449 835 6 20 i
471 834 113 21 nationens
600 835 71 27 lynne,
690 835 39 20 och
746 835 35 20 det
796 836 107 26 lättsinne,

82 861 103 21 hvarmed
204 869 48 14 man
275 863 82 20 ikläder
376 863 32 27 sig
426 863 79 21 sädana
520 863 148 20 förbindelser.
700 863 72 21 Skulle
788 864 115 21 skuldsätt-

82 890 78 28 ningen
183 891 47 20 icke
253 898 51 13 vara
322 891 108 21 beroende
449 892 23 20 af
490 892 85 27 proprie
597 892 193 27 borgessystemet,
814 893 23 20 sä
853 900 49 14 vore

83 925 26 14 en
131 919 124 27 förändring
278 919 23 21 af
322 920 70 21 denna
413 920 120 21 institution
553 920 87 21 alldeles
660 920 135 28 öfverflödig;
811 921 26 20 dä
853 928 50 14 vore

83 947 35 21 det
135 948 22 20 sä
173 947 51 28 godt
240 950 31 19 att
289 951 75 24 genast
387 951 75 18 votera
485 951 30 18 att
539 949 160 27 propositionen
724 949 66 21 skulle
813 949 89 22 förfalla.

82 975 63 22 Hvad
162 976 36 21 det
213 977 110 27 yttrandet
338 977 108 26 beträffar,
463 980 31 18 att
510 984 49 13 man
576 977 68 27 aldrig
660 977 40 21 kan
716 978 77 27 betaga
805 978 97 27 fullmyn-

82 1003 49 29 diga
146 1011 102 21 personer
268 1005 62 21 deras
347 1006 101 27 rättighet
464 1007 31 19 att
514 1005 78 21 handla
608 1006 38 20 och
663 1006 77 21 vandla
755 1007 54 20 huru
825 1007 26 20 de
867 1007 35 21 he-

81 1033 64 27 haga,
163 1035 30 19 att
209 1033 71 21 ikläda
295 1034 33 27 sig
343 1034 71 21 hvilka
429 1034 142 21 förbindelser
587 1041 45 14 som
648 1035 64 25 helst,
729 1037 23 18 är
768 1035 35 20 det
814 1035 87 21 alldeles

81 1061 84 28 riktigt,
189 1069 47 14 men
256 1069 34 13 om
306 1069 25 14 en
348 1063 119 27 lagstiftare
483 1063 106 20 förklarar
607 1065 31 18 att
654 1070 24 13 en
695 1063 106 28 ingängen
817 1065 85 27 proprie

81 1090 208 27 borgesförbindelse
308 1091 56 20 efter
380 1092 12 19 5
408 1092 22 20 år
449 1091 99 28 öfvergär
566 1091 31 20 till
613 1091 47 27 laga
678 1092 90 27 borgen,
784 1092 23 21 sä
822 1092 31 21 lär
868 1093 34 20 väl

81 1121 31 18 ett
135 1119 76 20 sådant
233 1119 82 20 faktum
336 1120 52 20 eller
407 1127 24 13 en
453 1119 65 21 sådan
535 1120 34 27 lag
584 1120 47 20 icke
648 1120 22 20 af
684 1127 25 14 en
726 1121 83 20 enskild
824 1128 77 20 person

80 1147 73 21 kunna
168 1147 117 21 förändras.
316 1148 42 27 Jag
381 1149 23 20 är
422 1148 47 20 fullt
488 1148 128 28 öfvertygad
635 1151 40 23 att,
692 1155 33 14 om
742 1150 159 26 propositionen

80 1178 88 25 antages
185 1176 39 20 och
240 1177 86 27 proprie
344 1177 78 27 borgen
440 1177 54 20 efter
505 1177 12 20 5
529 1177 23 20 år
567 1177 53 20 skall
631 1177 106 27 upphöra,
750 1177 84 21 komma
845 1178 56 21 skul-

80 1205 65 20 derna
161 1206 31 19 att
209 1207 102 18 omsättas
328 1205 54 20 efter
398 1206 12 19 5
426 1206 30 25 är,
473 1205 38 21 och
529 1205 26 21 dä
571 1206 23 19 är
610 1212 80 14 samma
708 1205 132 22 förhällande
856 1213 44 14 som

79 1239 35 14 nu.
137 1233 104 20 Deremot
258 1235 23 18 är
296 1241 26 13 en
339 1233 65 21 sädan
421 1234 130 27 omsättning
567 1234 47 20 icke
631 1236 29 18 att
677 1234 83 27 befara,
772 1241 32 14 om
816 1235 85 28 proprie

79 1262 80 27 borgen
179 1262 98 27 öfvergär
298 1262 31 20 till
349 1262 49 27 laga
418 1262 87 27 borgen.
536 1263 42 27 Jag
595 1262 67 21 skulle
679 1263 85 20 derföre
780 1263 121 28 ödmjukast

79 1290 84 21 anhälla
178 1292 31 19 att
225 1291 131 27 proposition
374 1291 67 20 skulle
457 1291 128 20 framställas
602 1298 43 19 om,
657 1291 105 21 huruvida
772 1291 41 21 den
825 1292 75 27 nädiga

78 1319 161 26 propositionen
255 1319 51 20 eller
325 1320 117 20 utskottets
462 1319 138 20 betänkande
617 1319 52 21 skall
686 1320 63 20 blifva
765 1320 87 21 föremäl
868 1321 33 20 för

79 1347 158 27 diskussionen,
255 1348 38 20 och
309 1348 55 26 icke,
381 1349 69 20 säsom
467 1348 38 20 här
521 1348 22 20 af
557 1348 52 21 flera
625 1349 63 20 ärade
704 1348 68 21 talare
788 1349 112 27 päyrkats,

78 1384 25 12 en
122 1376 44 20 Dbloc
189 1376 95 21 förkasta
309 1377 47 20 hela
377 1377 145 27 lagförslaget.
553 1376 72 27 Några
644 1377 66 20 andra
729 1377 45 20 skäl
792 1377 34 20 för
845 1377 55 21 före-

78 1405 118 26 dragandet
212 1405 23 20 af
248 1405 41 20 den
306 1405 76 28 nädiga
405 1405 160 27 propositionen
586 1405 89 20 framför
693 1405 117 21 utskottets
827 1407 72 20 betän-

78 1433 69 20 kande
163 1433 63 20 hafva
242 1433 23 20 af
279 1433 25 21 de
320 1434 74 25 talare,
412 1441 44 13 som
471 1433 38 21 här
520 1433 111 28 uppträdt,
643 1434 122 27 egentligen
776 1435 47 20 icke
835 1435 63 20 fram-

78 1461 78 24 hällits,
173 1463 26 19 än
215 1464 31 18 att
263 1469 47 13 man
328 1462 97 21 hänvisat
441 1462 36 20 till.
489 1462 49 20 herr
553 1462 133 21 Grotenfelts
698 1463 141 25 reservation,
850 1470 48 13 men

77 1489 27 20 dä
119 1490 69 20 denna
205 1491 132 20 reservation
354 1491 47 20 icke
417 1491 66 20 håller
499 1490 79 27 streck,
595 1491 26 20 dä
637 1497 46 14 man
700 1491 105 27 granskar
816 1491 82 21 utskot-
