1078 1692
180 94 40 20 130

150 150 150 28 skjutsningen
324 157 26 20 en
373 150 78 27 fördel,
475 150 23 21 så
517 150 64 28 utgör
600 150 134 28 skjutslegan
753 157 25 14 en
796 150 138 28 beskattning
950 150 26 28 på

151 180 26 20 de
196 179 99 21 resande.
326 179 31 20 Ar
376 179 40 21 den
435 186 26 13 en
481 181 76 25 tunga,
574 179 23 20 sä
613 180 62 26 utgör
691 179 131 27 rättigheten
839 181 31 18 att
886 186 47 13 resa
950 186 24 13 en

151 208 147 26 beskattning,
314 214 45 14 som
376 207 91 21 drabbar
481 208 137 27 jordegarne.
650 208 9 20 I
676 208 35 20 det
728 208 57 20 förra
801 208 68 26 fallet,
881 214 34 14 om
927 214 48 14 man

150 238 61 26 höjer
234 236 134 27 skjutslegan
392 236 32 20 för
447 239 31 17 att
499 236 78 20 bereda
592 236 129 27 jordegarne
738 244 25 12 en
780 236 77 26 fördel,
874 236 37 20 har
928 243 46 13 man

149 265 85 21 utöfvat
250 271 27 14 en
295 264 138 28 beskattning
449 265 26 27 på
491 265 26 20 de
534 265 99 26 resande;
650 265 35 20 det
702 265 40 21 kan
760 265 53 20 visst
828 272 50 13 vara
889 264 86 27 mycket

150 294 89 21 vackert
255 295 33 18 att
304 295 51 26 säga
371 296 32 18 att
419 294 104 26 allmogen
540 293 103 21 behöfver
659 294 40 20 den
713 294 202 27 skjutspenningen,
927 300 47 13 men

151 330 33 13 om
201 329 48 13 man
270 322 60 27 höjer
348 322 143 27 skjutslegan,
510 322 38 20 der
563 322 26 20 de
605 322 231 28 skjutsningsskyldige
852 323 36 19 äro
906 321 69 27 villige

151 353 31 19 att
207 350 84 28 skjutsa
313 351 32 20 för
369 350 122 26 nuvarande
515 350 128 28 skjutslega,
663 350 37 21 har
720 358 48 13 man
787 351 46 20 icke
850 350 82 20 utöfvat
948 356 25 14 en

150 380 53 27 gärd
219 380 23 19 af
256 379 99 26 rättvisa,
372 380 50 19 utan
439 381 31 18 ett
490 379 241 27 barmhertighetsverk,
751 379 38 21 och
806 379 35 21 vid
857 378 108 21 kommuni

150 408 139 21 kationernas
312 408 108 20 ordnande
444 409 23 19 är
485 407 36 21 det
540 408 47 20 icke
609 408 95 26 lämpligt
720 410 32 18 att
767 409 52 25 göra
835 407 139 26 barmhertig-

150 436 109 21 hetsverk.
290 436 72 21 Anser
377 436 104 28 allmogen
499 436 147 28 skjutsningen
664 443 50 13 vara
730 439 31 18 ett
775 443 64 19 onus,
851 436 22 20 så
885 436 37 20 har
934 436 39 19 den

149 465 65 21 frihet
238 467 31 18 att
291 465 67 20 befria
382 465 32 27 sig
435 465 45 20 från
501 465 156 27 skjutsningen.
688 465 43 27 Jag
747 465 123 20 instämmer
886 464 30 20 till
934 464 40 20 alla

151 494 58 20 delar
224 494 6 20 i
247 494 49 20 herr
316 493 164 27 Björkenheims
500 494 140 20 reservation.
674 493 60 21 Hvad
752 494 101 20 beträffar
868 493 48 20 herr
933 499 41 14 von

150 522 149 21 Willebrands
315 522 110 28 yttrande,
441 524 30 18 att
488 522 39 20 han
546 522 53 20 hade
615 524 43 18 sett
675 522 86 27 bönder,
778 529 44 13 som
840 521 46 21 med
903 521 70 27 glädje

150 552 63 26 spänt
236 551 31 19 sin
293 550 46 21 häst
363 551 45 19 från
432 550 88 28 plogen,
541 553 45 17 tror
599 551 39 26 jag
654 553 30 18 att
701 551 79 20 sådana
804 550 91 21 bönders
918 550 56 27 åsigt

150 580 47 20 icke
214 580 104 26 förtjenar
334 581 31 18 att
381 578 120 21 framhållas
518 580 70 20 såsom
605 580 109 26 exempel,
732 580 38 20 och
785 580 37 26 jag
838 582 44 18 tror
897 579 43 27 mig
951 579 23 19 så

149 608 87 28 mycket
253 608 63 20 hafva
333 608 54 20 varit
403 608 6 20 i
425 608 98 27 beröring
540 608 47 20 med
604 608 117 27 allmogen,
733 610 31 18 att
774 608 37 27 jag
824 608 39 20 kan
875 607 98 21 försäkra

151 640 32 17 att
199 636 25 20 de
241 638 77 25 utgöra
335 636 116 27 bedröfliga
467 636 115 27 undantag.

219 664 58 21 Herr
293 672 47 13 von
358 664 78 20 Born:
452 664 42 20 Det
511 666 23 20 är
549 664 26 20 de
591 665 137 27 skjutsandes
742 664 122 28 skyldighet
878 666 32 18 att
921 671 52 20 upp-

150 693 100 21 rätthålla
266 694 106 26 skjutsen,
389 700 46 13 men
452 693 35 21 det
503 694 68 20 måste
592 700 49 14 vara
656 694 63 20 deras
736 693 103 27 rättighet
855 695 30 19 att
901 693 21 20 få
938 693 34 20 be-

151 722 53 20 taldt
220 722 32 20 för
269 722 104 27 skjutsen.
406 722 32 20 Nu
451 722 33 20 vill
495 722 38 27 jag
544 722 68 27 fråga,
624 729 32 13 om
670 722 36 20 det
718 722 66 20 finnes
796 722 67 26 någon
876 722 5 20 i
894 721 78 25 landet,

150 758 45 13 som
212 752 62 26 säger
290 753 31 17 att
338 750 95 27 skjutsen
451 750 46 20 icke
513 752 23 18 iir
553 750 49 20 värd
620 751 128 20 ätminstone
767 752 6 18 1
794 750 59 21 mark
869 751 27 19 50
911 750 61 27 penni

151 780 73 25 milen,
246 779 39 20 och
309 780 35 19 det
367 779 51 20 böra
441 779 26 20 de
491 779 126 27 skjutsande
642 779 25 20 fä.
699 779 42 27 Jag
761 781 43 18 tror
823 781 30 18 att
870 779 25 20 de
912 779 60 20 flesta

151 808 133 27 skjutsande,
301 808 60 20 äfven
379 814 33 13 om
430 808 24 19 de
471 808 19 26 ej
507 808 81 20 erhölle
606 815 43 13 mer
665 809 25 19 än
708 808 26 20 50
751 808 63 27 penni
824 807 69 25 milen,
906 807 67 20 skulle

151 843 50 13 vara
217 839 96 24 tvungna
329 838 31 18 att
376 836 82 27 skjutsa
477 837 32 19 för
525 838 30 18 att
573 836 19 20 fä
610 837 67 26 nägon
695 836 90 20 kontant
809 836 99 19 inkomst.
936 835 36 20 Se-

151 865 40 20 dan
215 865 146 20 inkomsterna
383 865 45 20 frän
453 864 233 27 bränvinsbränningen
712 864 62 20 hafva
791 864 127 23 försvunnit,
936 864 36 20 har

150 893 105 27 allmogen
280 893 48 20 icke
350 893 69 27 någon
436 893 111 27 möjlighet
564 893 30 20 till
611 893 109 27 förtjenst;
737 893 26 20 de
780 894 35 19 äro
832 895 93 24 tvungna
943 895 29 18 att

150 922 84 27 skjutsa
250 922 33 19 för
299 921 54 21 hvad
370 921 44 27 pris
430 928 44 13 som
492 921 60 20 helst.
583 921 42 26 Jag
642 921 36 21 har
695 928 80 13 samma
792 921 120 20 erfarenhet
928 928 44 13 som

151 951 48 26 herr
216 957 39 14 von
274 949 133 21 Willebrand
431 950 37 20 här
488 952 77 25 yttrat,
582 949 39 21 och
638 950 34 20 det
689 951 23 19 är
728 950 114 27 bedröfligt
858 951 30 19 att
905 950 23 19 sä
944 951 28 18 är.

150 980 32 19 Ar
205 979 37 20 det
266 978 46 21 icke
338 979 137 26 regeringens
499 979 39 20 och
563 979 209 27 representationens
797 978 122 27 skyldighet
942 980 30 18 att

149 1008 63 25 tillse,
234 1007 26 20 dä
284 1007 219 27 skjutsskyldigheten
524 1008 23 19 är
566 1007 146 27 obligatorisk,
737 1009 31 18 att
792 1007 39 20 den
849 1007 123 27 skjutsande

149 1037 33 20 fär
202 1036 54 20 hvad
277 1035 149 28 skjutsningen
446 1037 23 18 är
485 1035 62 27 värd,
563 1036 39 20 och
619 1035 26 21 dä
661 1037 23 19 är
701 1036 7 19 1
728 1035 60 20 mark
805 1036 27 19 50
847 1035 62 27 penni
926 1035 46 20 icke

149 1065 34 20 för
199 1064 93 28 mycket.

219 1093 33 20 Då
276 1093 62 26 ingen
360 1093 68 20 talare
447 1099 58 14 mera
520 1093 98 20 anmälde
636 1093 38 26 sig,
690 1092 135 21 framstäldes
842 1092 29 20 till
889 1092 84 21 ståndet

150 1120 94 29 följande
261 1121 145 28 proposition:

220 1167 10 8 »
233 1149 44 21 Vill
293 1149 146 28 ridderskapet
455 1149 38 20 och
510 1149 61 21 adeln
589 1149 29 20 till
636 1149 210 27 kontraproposition
862 1151 56 18 emot
930 1156 43 13 mo-

151 1180 80 19 mentet
249 1179 7 20 1
276 1179 12 26 $
306 1179 24 19 16
350 1178 23 21 af
390 1178 116 21 utskottets
530 1178 136 21 betänkande
689 1180 77 25 antaga
791 1179 115 19 momentet
924 1179 7 19 1
954 1178 22 20 af

150 1214 82 13 samma
248 1207 12 26 $
276 1207 5 20 i
298 1206 78 28 nädiga
393 1207 173 26 propositionen?

219 1252 11 8 s,
233 1235 83 21 Vinner
331 1235 42 27 nej,
390 1238 59 24 tages
467 1235 31 20 till
517 1235 210 27 kontraproposition
744 1235 49 20 herr
809 1234 163 28 Björkenheims

149 1264 87 27 förslag,
253 1266 32 18 att
309 1263 117 28 skjutslega
444 1263 45 20 från
509 1263 125 28 gästgifveri
650 1265 10 18 å
677 1263 81 26 landet,
778 1264 36 20 der
831 1263 143 27 entreprenad

151 1293 67 20 finnes
234 1292 102 27 inrättad,
358 1292 53 20 skall
431 1293 75 26 utgöra
523 1293 25 19 15
565 1292 63 27 penni
648 1292 32 20 för
699 1294 96 23 versten,
812 1292 39 20 och
869 1293 25 19 10
911 1292 62 27 penni

150 1321 37 20 der
203 1321 143 28 entreprenad
362 1321 20 27 ej
399 1321 66 20 finnes
482 1321 115 20 inrättad'.

218 1349 48 21 Den
285 1349 99 21 häröfver
400 1349 97 21 anstälda
514 1349 124 27 voteringen
656 1349 71 20 utföll:

355 1378 5 20 i
378 1379 53 19 1:sta
448 1377 27 21 kl.
493 1377 48 21 med
564 1373 15 36 6
599 1378 22 27 ja
637 1377 39 21 och
693 1379 12 18 4
722 1378 46 26 nej,

355 1407 5 20 i
377 1406 58 21 2:dra
455 1423 11 8 1
507 1423 11 8 »
573 1407 43 24 Tn
652 1423 11 8 n
693 1407 13 20 2
738 1423 10 8 0

355 1435 6 20 i
377 1435 56 27 8:dje
456 1451 11 9 »
509 1451 11 9 »
560 1435 57 25 16,
652 1451 11 9 »
693 1435 12 20 6
737 1451 11 8 n

218 1464 59 21 Enär
300 1463 159 28 propositionen
476 1463 6 20 i
498 1463 41 21 alla
561 1463 82 21 klasser
664 1463 68 21 blifvit
755 1463 48 20 med
821 1463 24 27 ja
861 1463 111 26 besvarad,

147 1492 125 21 framstälde
290 1492 48 21 herr
354 1492 196 21 landtmarskalken
565 1492 95 27 följande
677 1491 144 28 proposition:
