1078 1692
840 94 39 21 125

155 150 57 22 Herr
228 158 48 14 von
292 150 152 22 Bonsdorff:
461 150 48 22 Med
525 150 116 28 anledning
656 151 23 20 af
691 150 55 22 hvad
757 151 107 28 åtskilliga
875 155 31 18 ta-

87 180 43 20 lare
145 180 64 20 hafva
224 181 74 26 yttrat,
315 181 31 19 att
362 179 41 21 den
419 179 76 21 fordna
510 179 133 28 skjutslegan
660 179 67 21 skulle
743 180 116 21 bibehållas
874 181 32 20 för

86 210 31 19 att
133 208 24 21 sä
173 208 86 28 mycket
278 215 45 13 som
344 208 84 28 möjligt
451 208 141 28 underhjelpa
615 208 175 28 entreprenader,
806 209 49 21 ville
869 210 37 27 jag

86 237 75 21 anföra
177 240 32 18 att
222 237 38 27 jag
275 239 43 23 vet,
335 237 69 20 säsom
418 236 65 21 ocksä
503 237 49 20 herr
569 236 81 21 Linder
665 236 108 28 anmärkt,
790 239 31 19 att
837 240 69 18 entre-

87 265 185 28 prenadväsendet
295 265 38 21 hos
357 265 69 21 finska
445 265 105 28 allmogen
567 266 23 19 är
605 264 87 28 mycket
713 265 138 27 impopulärt,
867 266 39 21 och

84 295 37 27 jag
138 300 35 15 vet
184 294 54 26 icke,
255 300 33 14 om
305 294 35 20 det
356 295 23 19 är
395 293 68 28 billigt
479 294 51 20 eller
553 294 73 20 nobelt
642 295 31 19 att
689 294 52 27 göra
756 294 150 28 skjutstungan

85 323 33 20 för
134 323 48 21 dem
198 322 113 28 obehaglig
327 322 39 21 och
382 324 59 25 tung,
457 322 32 20 för
506 324 31 19 att
553 322 74 28 tvinga
643 322 48 21 dem
707 322 30 20 till
748 329 26 14 en
786 323 48 27 sak,
846 323 60 21 hvar-

86 351 31 21 till
133 352 26 20 de
175 351 55 21 ändä
245 351 48 21 icke
313 351 50 27 vilja
382 351 43 20 läta
443 351 74 27 tvinga
539 351 43 27 sig;
607 350 99 22 hvarföre
722 350 54 22 skall
792 358 47 14 man
856 359 50 14 vara

86 380 73 28 obillig
181 382 45 18 mot
248 379 54 21 dem.
334 379 32 21 De
382 380 79 26 herrar,
481 386 45 14 som
544 379 96 21 förordat
663 380 172 27 entreprenader,
850 380 56 22 fästa

86 408 33 28 sig
134 409 73 20 säkert
226 408 35 21 vid
282 410 58 19 stora
363 408 154 27 strandvägen;
537 408 37 21 här
590 408 42 20 kan
647 408 141 21 förhällandet
803 416 52 14 vara
870 416 36 14 an-

86 437 114 25 norlunda,
224 436 38 22 här
280 438 23 19 är
322 436 106 28 allmogen
447 436 48 21 icke
515 437 23 20 sä
556 436 110 28 obenägen
686 436 32 21 för
733 438 173 26 entreprenader,

86 472 48 14 men
151 466 6 20 i
173 466 36 20 det
224 466 46 20 inre
286 465 72 21 landet
375 465 38 21 har
427 465 106 27 allmogen
549 467 45 19 stor
605 465 97 27 motvilja
712 466 82 26 derför;
810 466 39 20 och
859 466 47 21 icke

86 494 39 21 bör
137 501 48 14 man
197 494 72 21 straffa
281 494 47 21 dem
340 494 33 20 för
384 494 69 20 denna
465 494 47 20 med
524 494 63 20 deras
598 496 64 19 natur
673 493 233 23 öfverensstämmande

86 523 102 27 motvilja.
220 522 32 21 De
268 524 77 26 utgöra
362 529 25 14 en
405 522 124 28 skyldighet
544 523 47 20 frän
607 523 32 20 sin
652 522 50 28 jord
718 522 39 21 och
774 523 51 21 böra
836 523 70 21 derför

85 551 22 21 f&
121 551 38 21 full
175 551 125 28 ersättning.
331 551 64 21 Hvad
419 551 110 21 städernas
553 551 122 28 skjutsning
700 551 106 27 beträffar,
825 553 24 19 är
873 552 33 28 jag

86 580 126 28 öfvertygad
228 586 33 14 om
278 582 32 19 att
325 580 37 21 det
378 586 50 14 vore
444 579 40 21 den
501 580 77 28 högsta
593 580 110 28 obillighet
719 581 37 25 att,
772 580 27 21 dä
809 587 49 14 man
884 582 21 19 hö-

83 609 34 27 jer
136 609 131 27 skjutslegan
288 608 26 28 pä
333 608 73 21 landet
423 608 46 21 frän
487 609 9 20 1
514 616 27 13 m.
558 608 31 22 till
606 609 8 20 1
633 616 26 14 m.
679 609 27 21 50
724 615 26 21 p.,
766 608 83 22 minska
864 609 41 21 den

85 638 6 20 i
108 637 106 21 städerna.
246 636 81 22 Hittills
344 637 37 21 har
397 637 39 21 den
453 637 55 21 varit
531 639 3 19 1
552 644 27 14 m.
596 638 27 20 60
639 645 19 20 p.
674 638 63 20 milen
756 637 38 21 och
814 644 43 19 om,
874 638 31 21 sä-

85 673 44 13 som
153 666 160 27 propositionen
339 666 123 26 innehäller,
485 666 6 20 i
515 666 100 21 städerna
643 666 67 21 skulle
736 665 64 22 blifva
825 674 81 14 samma

85 694 118 28 skjutslega
226 701 44 14 som
295 694 27 28 pä
341 694 81 27 landet,
442 694 23 21 sä
484 694 68 21 skulle
571 694 36 21 det
625 694 83 22 minska
724 694 133 28 skjutslegan
873 695 33 21 för

85 723 101 21 städerna
208 722 48 22 med
280 724 26 20 10
329 723 63 27 penni
416 723 69 21 milen.
517 723 51 21 Icke
587 724 23 20 är
631 723 36 21 det
684 723 79 27 billigt,
786 725 51 19 utan
854 724 52 21 ökar

85 759 47 13 man
157 752 32 20 för
204 752 40 20 den
261 758 49 20 ena,
327 752 23 20 sä
370 752 67 20 mäste
456 758 48 15 man
525 752 42 20 öka
585 752 33 20 för
637 752 40 20 den
694 752 75 26 andra,
786 752 70 21 säsom
873 754 32 19 ut-

85 780 93 21 skottets
198 780 136 21 betänkande
352 780 123 21 innehäller.
507 780 44 21 Det
567 782 23 19 är
621 780 52 21 gifvet
688 782 32 19 att
736 780 134 22 underhället
884 781 24 21 af

85 809 149 27 skjutsningen
250 809 5 20 i
272 808 102 22 städerna
396 809 73 21 kostar
495 816 63 14 mera.
614 808 39 22 Hvad
672 808 38 22 här
728 810 24 19 är
770 809 99 21 anmärkt
884 810 24 20 af

85 844 26 14 en
128 838 73 25 talare,
213 839 31 18 att
257 838 124 19 formännen
398 838 6 19 i
420 837 100 21 städerna
537 837 63 21 hafva
615 837 153 28 biförtjenster,
785 838 41 20 kan
838 838 33 21 väl
882 839 24 20 sä

85 866 70 21 vara
147 861 12 36 i
171 865 27 21 de
214 868 58 18 stora
287 865 107 28 städerna,
411 873 47 13 men
474 866 6 20 i
497 865 148 22 smästäderna
660 868 45 19 tror
718 866 37 27 jag
770 865 47 22 icke
833 868 31 19 att
880 867 25 20 de

86 894 63 21 hafva
164 895 69 26 nägon
249 894 129 27 biförtjenst,
394 895 24 20 sä
433 896 31 19 att
480 901 42 21 nog
538 895 29 20 täl
583 894 132 28 skjutslegan
733 895 6 20 i
755 894 47 21 stad
817 901 51 14 vara
878 896 28 20 20

86 923 63 27 penni
166 923 70 20 säsom
251 923 107 20 utskottet
372 923 118 27 föreslagit.

154 951 58 21 Herr
227 951 193 28 Björkenheim,
440 951 35 21 R.:
500 951 56 21 Herr
580 958 39 14 von
643 951 117 21 Bonsdorff
780 951 38 21 har
833 954 72 19 ansett

86 982 31 19 att
141 979 36 22 det
203 987 50 13 vore
277 980 81 20 mindre
381 980 72 20 nobelt
477 982 40 24 att,
540 980 27 27 pä
583 981 43 20 sätt
639 980 59 27 jag
692 975 13 37 i
715 980 42 20 min
773 981 131 20 reservation

85 1008 118 28 föreslagit,
218 1009 102 27 pätvinga
336 1008 26 21 de
379 1009 125 27 skjutsande
523 1009 175 26 entreprenader,
714 1015 33 14 om
764 1009 25 20 de
804 1009 48 20 icke
868 1010 36 19 ön-

87 1037 38 21 ska
149 1037 42 20 det.
221 1036 42 28 Jag
283 1037 48 20 ville
351 1036 57 21 fästa
430 1037 217 27 uppmärksamheten
669 1037 35 20 vid
720 1039 31 18 att
767 1037 68 21 denna
850 1037 56 28 äsigt

86 1065 47 22 icke
149 1067 23 19 är
188 1065 52 26 min,
261 1067 50 19 utan
330 1067 32 19 att
381 1065 70 21 denna
473 1065 56 28 äsigt
551 1065 125 28 godkändes
692 1065 22 21 af
728 1065 40 21 alla
788 1065 82 22 klasser
885 1066 23 21 af

86 1094 149 27 ridderskapet
260 1094 38 21 och
321 1094 61 21 adeln
407 1094 66 21 under
497 1096 85 19 senaste
605 1094 113 27 landtdag,
737 1094 39 21 och
792 1094 36 21 det
844 1095 23 20 är
882 1095 24 20 sä

86 1122 87 28 mycket
193 1129 58 14 mera
269 1123 132 20 förvänande
417 1125 31 18 att
461 1123 46 27 just
523 1123 49 20 herr
587 1129 41 14 von
645 1123 67 24 Born,
729 1129 45 14 som
790 1129 37 14 var
843 1129 25 14 en
884 1123 23 20 af

86 1151 58 27 dem,
168 1158 45 14 som
236 1151 48 21 med
308 1151 30 21 sin
363 1153 45 19 röst
423 1151 76 27 bidrog
519 1153 32 19 att
570 1151 105 21 stadfästa
690 1151 160 28 ridderskapets
866 1151 38 21 och

85 1179 74 22 adelns
184 1180 54 27 äsigt
262 1179 73 22 derom
358 1181 32 19 att
414 1180 132 27 skjutslegan
563 1180 19 27 ej
600 1179 65 21 borde
682 1187 50 13 vara
747 1180 43 20 lika
805 1180 28 27 pä
848 1181 56 26 gäst-

84 1208 107 28 gifverier,
207 1209 36 20 der
259 1209 149 27 skjutsningen
425 1209 49 20 sker
489 1209 28 26 pä
532 1208 142 27 entreprenad
690 1209 38 20 och
744 1208 38 21 der
798 1208 41 21 den
855 1208 50 21 sker

85 1237 27 28 pä
127 1237 36 20 det
179 1237 69 27 gamla
264 1239 72 24 sättet,
353 1244 27 13 nu
397 1237 76 20 ändrat
488 1237 87 27 äsigter.

152 1265 42 28 Jag
209 1267 23 19 är
247 1265 32 21 för
295 1266 64 27 öfrigt
375 1265 146 21 förekommen
537 1265 24 21 af
573 1265 90 21 friherre
679 1265 61 28 Boije
751 1265 39 21 och
802 1265 103 28 beklagar

84 1296 31 19 att
128 1294 38 27 jag
181 1295 57 25 icke,
258 1295 69 20 säsom
347 1294 49 21 herr
415 1301 40 14 von
475 1293 68 27 Born,
560 1294 42 21 kan
622 1293 62 22 vexla
703 1294 79 27 äsigter
801 1294 46 21 frän
863 1294 41 21 den

85 1329 40 14 ena
140 1322 129 28 landtdagen
285 1323 30 20 till
332 1323 41 20 den
390 1323 71 20 andra.

151 1351 100 21 Friherre
268 1351 28 21 de
312 1351 23 21 la
352 1351 133 27 Chapelle:
509 1351 42 27 Jag
574 1351 37 20 har
637 1351 75 27 begärt
731 1350 61 21 ordet
811 1351 6 20 i
833 1351 71 21 anled-

83 1380 50 27 ning
149 1379 23 21 af
185 1380 26 20 de
227 1379 121 28 yrkanden,
367 1387 45 13 som
429 1379 22 21 af
465 1379 108 28 ätskilliga
595 1379 137 21 medlemmar
747 1380 68 27 gjorts
832 1378 72 22 derom

82 1410 32 18 att
130 1408 134 27 skjutslegan
280 1408 66 21 borde
358 1408 131 21 bestämmas
505 1407 66 27 olika,
588 1415 33 13 om
638 1408 148 27 skjutsningen
803 1407 50 22 sker
868 1415 36 20 ge-

83 1443 48 14 nom
148 1438 140 26 entreprenör
302 1437 52 20 eller
370 1437 23 20 af
407 1437 40 20 den
464 1437 233 27 skjutsningsskyldige
713 1436 54 28 sjelf.
