1078 1692
179 76 41 20 390

221 130 101 22 Friherre
334 137 45 13 von
392 129 80 26 Troil,
485 128 20 21 8.
517 128 41 20 W.:
568 128 41 26 Jag
618 127 68 20 skulle
697 126 79 21 föreslå
787 128 31 18 att
827 126 37 20 det
874 125 70 20 kunde
954 125 20 19 få

153 161 51 20 heta
220 159 46 26 ,,till
280 156 341 28 kommunikationsanstalternas
632 154 170 26 förbättrande,
814 156 50 18 utan
876 156 32 18 att
917 154 57 19 näm-

154 196 27 13 na
197 188 40 21 den
254 186 89 28 ordning
359 186 52 21 eller
427 186 36 21 det
479 187 54 24 sätt,
549 192 45 13 som
612 184 34 20 vid
662 186 86 18 senaste
765 183 101 27 landtdag
882 182 22 20 af
918 183 56 19 stän-

155 217 66 21 derna
245 215 135 26 faststäldes,
404 214 89 21 emedan
517 213 126 21 ständernas
666 212 71 21 beslut
753 212 27 20 dä
796 218 37 14 var
849 213 30 18 att
895 213 79 18 tvenne

151 246 117 26 jernvägar
284 244 67 20 skulle
367 244 82 26 byggas
461 242 39 21 och
511 241 93 21 derefter
613 241 107 27 åtskilliga
729 239 246 27 kanaliseringsarbeten

153 274 116 26 företagas.
285 272 35 20 Nu
335 272 65 20 hafva
416 271 114 21 ständerna
547 270 53 20 varit
616 269 23 21 af
652 276 70 14 annan
734 268 65 28 äsigt,
811 268 39 20 och
859 268 37 27 jag
907 268 68 20 skulle

155 302 65 27 tycka
246 303 32 18 att
296 308 49 13 man
364 300 93 20 beredde
479 300 31 26 sig
526 299 41 20 den
585 299 80 19 största
680 297 88 26 latitud,
784 304 34 13 om
835 303 48 25 man
899 296 77 20 endast

155 330 68 20 skulle
239 330 53 26 säga
315 331 31 18 att
362 328 143 21 öfverskottet
521 327 68 21 skulle
605 326 109 21 användas
729 325 32 21 till
772 324 203 21 kommunikations-

155 358 144 21 anstalternas
315 356 155 22 förbättrande.

223 386 59 21 Herr
297 386 105 25 Linder,
418 384 32 21 E.:
466 384 41 27 Jag
523 385 23 19 är
562 384 7 20 i
583 382 121 22 hufvudsak
719 383 21 19 at
757 389 82 13 samma
853 382 55 27 äsigt
931 388 44 14 som

155 415 90 20 friherre
268 421 41 13 von
332 414 66 20 Troil.
428 413 42 27 Jag
492 419 63 14 anser
571 412 36 20 det
622 412 83 26 möjligt
721 412 41 23 att,
779 410 67 20 ehuru
863 410 113 21 ständerna

155 443 61 27 gifvit
232 443 38 20 sitt
285 442 111 27 samtycke
417 442 30 20 till
458 439 389 27 Riihimäki-Petersburgjernvägens
857 438 119 28 byggande,

156 472 60 20 detta
233 471 47 21 icke
296 470 68 21 skulle
380 470 72 20 kunna
468 469 64 21 blifva
548 469 31 25 af,
596 468 39 21 och
651 468 27 20 dä
689 468 68 20 skulle
770 467 34 20 det
814 467 162 27 ifrågavarande

157 500 145 20 öfverskottet
324 499 73 21 kunna
417 498 109 21 användas
549 497 31 21 till
599 498 65 26 något
680 499 65 18 annat
761 496 109 25 ändamål,
886 495 20 21 d.
922 503 20 13 v.
959 503 17 13 s.

155 528 32 20 till
215 526 339 22 kommunikationsanstalternas
578 524 148 22 förbättrande
746 525 70 20 säsom
831 524 88 20 friherre
937 531 38 13 von

158 556 60 21 Troil
234 556 117 27 föreslagit.

226 584 32 21 På
281 584 49 20 herr
352 582 207 22 landtmarskalkens
577 582 74 21 härom
667 582 77 27 gjorda
759 580 165 28 framställning,
941 581 35 21 be-

157 613 42 20 slöt
223 613 85 20 ståndet
331 614 31 18 att
385 612 36 20 det
443 611 67 21 första
529 613 127 24 momentet,
673 611 47 20 med
737 609 135 21 uteslutande
888 610 23 20 af
925 610 52 20 sista

158 642 123 26 meningen,
305 640 68 21 skulle
399 640 84 20 komma
505 641 31 19 att
553 639 60 21 heta:
640 641 44 23 ,att
705 639 36 20 det
757 638 131 25 öfverskott,
904 645 44 13 som
965 639 13 19 &

158 669 211 27 bevillningsmedlen
386 668 95 28 uppstår,
497 668 65 20 sedan
573 667 151 21 förutnämnda
735 667 74 27 anslag
820 667 79 27 utgått,
911 666 66 21 borde

158 698 109 20 användas
283 698 32 20 till
330 696 341 22 kommunikationsanstalternas
687 695 169 21 förbättrande.''

225 726 11 20 I
252 726 101 20 afseende
369 726 13 20 å
398 725 35 21 det
449 724 94 26 följande
559 727 118 18 momentet
692 724 56 20 utlät
764 724 32 27 sig

226 754 101 20 Friherre
350 760 46 14 von
421 753 79 26 Troil,
528 753 21 20 8.
575 753 42 21 W.:
640 752 42 28 Jag
702 752 70 21 skulle
786 752 78 21 föreslå
880 759 33 14 om
929 752 47 21 icke

158 784 118 19 momentet
292 782 71 20 kunde
379 782 58 27 utgå.
468 782 43 20 Det
527 782 41 20 kan
585 781 70 21 hända
670 783 32 18 att
718 781 56 20 inom
791 780 25 20 de
833 781 41 20 fem
890 781 29 25 år,
932 788 44 13 som

158 811 86 20 komma
263 812 33 19 att
310 810 97 28 förflyta,
424 810 74 20 endast
514 810 195 26 underhandlingar
725 809 73 21 träffas
807 809 39 21 och
855 809 121 21 förarbeten

157 840 75 25 göras,
256 845 46 14 som
320 838 47 21 icke
384 838 96 21 erfordra
496 838 64 27 något
576 840 54 18 stort
646 838 84 27 anslag,
748 844 49 13 men
813 844 44 13 som
874 839 51 25 göra
942 838 36 20 det

158 867 132 26 nödvändigt
306 869 32 18 att
354 873 112 14 reservera
481 866 155 26 öfverskottet,
651 866 6 20 i
674 865 103 21 händelse
790 866 188 27 jernvägsarbetet

160 895 87 27 började
264 895 36 21 det
316 895 64 27 sjette
397 895 52 20 året.
468 894 73 27 Enligt
557 895 59 20 detta
632 896 94 19 moment
736 894 67 20 skulle
813 894 113 21 ständerna
938 901 40 20 ega

160 923 113 28 rättighet.
289 926 31 18 att
336 923 72 21 fordra
423 925 40 24 att,
480 929 32 14 om
529 923 143 20 öfverskottet
688 923 48 20 icke
752 922 70 21 blefve
839 923 91 20 användt
947 923 30 20 till

157 952 195 27 jernvägsföretag,
377 951 119 21 detsamma
521 951 39 20 blir
583 951 101 27 nedlagdt
703 951 5 20 i
725 951 251 27 kanaliseringsarbeten.

160 979 218 28 Omständigheterna
399 980 72 20 kunna
486 981 52 26 göra
554 981 31 19 att
601 980 65 26 något
680 979 177 28 jernvägsarbete
874 979 46 21 icke
936 980 41 20 kan

159 1008 110 27 företagas
285 1009 71 20 förrän
372 1008 28 27 på
416 1008 35 21 det
467 1009 64 26 sjette
547 1008 52 20 året.
626 1008 33 20 Då
675 1008 36 20 det
728 1008 80 20 beslöts
824 1009 32 19 att
871 1008 36 20 det
923 1008 54 20 före-

159 1036 83 27 gående
258 1039 117 18 momentet
391 1037 68 20 skulle
474 1036 49 27 lyda
540 1038 31 19 att
588 1036 142 21 öfverskottet
747 1036 68 20 skulle
826 1037 108 20 användas
947 1036 30 20 till

160 1065 340 20 kommunikationsanstalternas
526 1064 156 25 förbättrande,
706 1064 66 21 borde
796 1064 33 21 väl
853 1065 124 27 regeringen

160 1093 63 20 hafva
245 1093 103 27 rättighet
371 1093 39 20 och
427 1093 64 20 också
507 1095 49 18 veta
572 1095 41 24 att,
629 1093 6 20 i
649 1093 102 20 händelse
765 1093 214 27 jernvägsbygnader

159 1121 48 20 icke
229 1121 117 27 företagas,
370 1121 97 20 använda
490 1121 211 27 bevillningsmedlen
724 1121 7 20 i
755 1121 223 20 öfverensstämmelse

161 1149 47 20 med
232 1149 126 21 ständernas
382 1149 76 21 beslut.
489 1149 42 28 Jag
547 1150 76 26 tycker
639 1151 31 18 att
686 1149 37 21 det
738 1151 24 19 är
778 1151 56 19 orätt
850 1152 31 18 att
896 1150 6 20 i
918 1150 60 20 detta

160 1177 36 21 fall
212 1177 64 21 binda
292 1178 139 27 regeringens
446 1177 87 21 händer.

229 1205 57 21 Herr
311 1206 107 26 Linder,
442 1206 32 21 E.:
490 1206 43 27 Jag
549 1206 68 21 skulle
632 1206 48 21 icke
696 1213 52 14 anse
764 1206 36 20 det
817 1213 50 14 vara
883 1206 95 27 lämpligt

161 1235 32 19 att
216 1234 99 21 använda
338 1234 211 28 bevillningsmedlen
573 1235 30 20 till
626 1237 32 18 att
680 1235 58 20 bilda
752 1234 81 27 fonder,
850 1238 51 17 utan
917 1235 61 20 torde

161 1262 36 21 det
219 1269 52 14 vara
287 1263 48 20 vida
351 1263 70 20 bättre
437 1265 32 18 att
485 1263 26 20 de
526 1263 62 20 äfven
605 1263 67 20 under
688 1263 63 20 dessa
767 1263 41 20 fem
825 1263 22 20 år
863 1263 115 20 användas.

161 1291 78 20 Kunna
262 1291 26 20 de
310 1291 47 21 icke
380 1291 115 28 nedläggas
511 1291 6 20 i
531 1291 185 28 jernvägsarbete,
741 1293 43 19 tror
805 1292 38 26 jag
859 1293 31 19 att
906 1291 72 21 landet

161 1319 40 20 och
224 1319 61 20 äfven
302 1320 41 20 den
360 1319 107 21 blifvande
481 1320 118 27 jernvägen
616 1320 38 20 har
671 1321 60 19 bästa
747 1327 55 20 gagn
820 1319 61 21 deraf
895 1322 31 18 att
942 1321 36 20 ka-

161 1347 59 21 naler
235 1347 65 21 blifva
315 1348 113 20 inrättade.

230 1375 57 21 Herr
310 1376 157 27 Ehrnrooth,
484 1376 23 21 C.
523 1379 36 18 A.:
577 1377 83 20 Genom
676 1377 36 20 det
730 1376 69 20 beslut
815 1377 85 20 ständet
916 1377 62 20 fattat

162 1404 132 21 beträffande
318 1404 66 21 första
408 1405 107 26 punkten,
539 1407 23 18 är
578 1405 36 20 det
637 1405 65 20 redan
721 1405 110 20 faststäldt
851 1407 31 18 att
906 1405 72 20 bevill-

160 1432 146 27 ningsmedlen
330 1433 60 20 skola
414 1433 107 20 användas
545 1433 31 20 till
596 1433 324 21 kommunikatiosanstalternas
936 1433 42 21 för-

159 1460 121 21 bättrande.
303 1456 14 38 —
319 1461 233 28 Vattenledningsverk
575 1463 37 19 äro
636 1462 34 20 väl
692 1462 66 20 också
774 1461 204 22 kommunikations-
