1078 1692
196 80 41 20 224

169 137 127 22 brännerier
321 137 63 21 hafva
400 138 56 20 ännu
473 137 47 21 icke
537 137 75 21 hunnit
627 138 6 20 i
650 138 65 21 sådan
732 138 77 28 mängd
826 140 77 26 uppstå
919 141 31 19 att
966 139 25 20 de

169 166 70 21 kunde
264 166 70 20 skaffa
357 166 124 28 tillräckligt
496 166 23 21 af
533 173 72 20 varan,
622 173 47 14 men
686 166 26 21 de
728 166 86 22 komma
829 170 32 18 att
876 168 76 28 uppstå
969 168 23 20 så

168 195 88 28 mycket
272 194 26 21 de
314 194 71 21 hinna.
416 194 64 22 Hvad
497 195 49 21 herr
562 195 120 21 Schauman
699 196 99 20 anmärkt
813 196 73 21 derom
901 198 31 20 att
943 203 48 14 man

168 224 69 27 ingått
261 223 28 27 på
312 222 139 29 nedsättning
473 224 23 20 af
515 224 98 20 skattens
629 224 79 28 belopp
725 224 30 20 till
772 231 26 14 en
814 225 71 27 mark,
902 225 26 21 då
943 232 47 14 man

168 254 90 26 antager
273 250 70 22 första
358 252 125 21 alternativt
498 252 31 20 till
545 252 81 28 grund,
643 253 23 20 så
674 259 64 21 synes
750 252 59 21 detta
821 254 117 26 påstående
949 254 43 27 mig

168 281 47 21 icke
231 287 41 21 ega
288 280 80 28 grund,
383 280 90 21 emedan
490 281 36 21 det
541 280 47 22 från
604 280 68 22 första
688 281 76 27 början
780 288 37 14 var
832 282 113 28 meningen
960 284 32 18 att

168 310 64 27 lägga
248 308 69 21 första
332 309 137 21 alternativet
484 310 31 20 till
531 309 68 28 grund
616 310 47 21 med
679 310 126 20 ändringar.

237 336 59 22 Herr
312 344 46 14 von
376 338 77 21 Born:
478 337 48 29 Nog
549 338 68 20 finnas
631 338 162 21 lönbrännerier
808 339 39 21 och
864 339 89 21 bränvin
968 340 23 20 så

168 367 87 28 mycket
279 373 46 13 som
348 366 113 27 behöfves,
477 373 48 15 men
541 366 91 22 orsaken
649 366 99 22 hvarföre
763 367 165 21 konsumtionen
944 368 47 20 icke

168 396 38 20 har
226 394 55 22 varit
301 395 23 20 så
344 396 44 20 stor
404 402 45 14 som
472 395 69 21 under
563 395 262 28 husbehofsbränningens
841 396 55 21 tider
912 398 24 19 är
950 396 41 21 den

168 426 32 19 att
222 423 38 21 det
275 423 49 21 icke
340 423 80 21 funnits
436 424 119 27 penningar
568 426 32 18 att
616 424 66 28 köpa;
699 424 50 21 åren
765 424 64 21 hafva
846 425 54 20 varit
915 424 76 28 fattiga

168 452 39 22 och
224 452 105 28 allmogen
345 452 38 21 har
400 452 73 21 behöft
488 452 38 21 allt
542 452 55 21 hvad
613 452 40 21 den
669 452 46 21 haft
730 452 33 21 för
778 455 32 18 att
826 453 67 21 skaffa
905 454 32 27 sig
948 456 43 18 mat

167 482 7 20 i
190 487 100 15 munnen.
322 480 30 21 Af
374 480 89 22 bränvin
489 481 41 21 kan
554 488 49 14 man
618 481 49 21 icke
683 481 66 27 lefva;
766 481 54 21 först
836 482 60 20 skola
911 482 80 20 menni-

169 510 79 21 skorna
271 509 65 21 hafva
361 510 32 20 sin
417 516 62 21 mage
494 509 56 28 fyld,
566 509 39 21 och
622 510 65 20 sedan
704 510 72 20 kunna
792 510 26 21 de
834 517 58 21 supa.
924 510 65 22 Detta

168 538 39 21 har
232 538 56 21 varit
307 538 92 21 orsaken
416 538 99 21 hvarföre
531 538 36 21 det
583 545 65 21 supes
664 538 24 21 sä
704 538 57 28 litet;
777 538 29 21 låt
827 538 37 22 det
880 539 65 21 blifva
960 541 31 19 ett

167 567 52 28 godt
235 567 36 24 år,
288 567 23 20 så
326 568 32 19 att
374 568 36 20 det
426 567 67 20 finnes
510 566 68 22 medel
595 569 30 18 att
642 567 57 27 köpa
714 567 37 21 det
762 573 40 15 ena
813 568 38 20 och
863 567 37 21 det
912 568 78 26 andra;

167 602 43 22 nog
226 595 40 21 blir
282 594 37 27 det
334 594 27 22 då
376 594 96 29 supande
488 595 27 21 af.
531 595 42 28 Jag
589 595 83 28 hoppas
688 596 54 20 visst
752 597 32 19 att
795 596 48 20 med
859 603 25 14 en
894 596 97 28 stigande

168 624 131 28 upplysning
322 623 36 21 det
380 624 54 20 skall
459 624 94 20 minskas
576 624 23 20 år
614 624 47 21 från
678 624 34 25 år,
729 630 47 14 men
793 624 36 21 det
845 624 41 21 kan
901 625 47 21 icke
964 626 27 26 gå

168 653 23 21 så
207 652 88 28 hastigt.

237 680 57 21 Herr
317 687 50 15 von
383 680 151 22 Bonsdorff:
558 680 42 28 Jag
622 681 82 21 fattade
720 681 36 21 det
771 682 24 20 så
810 684 32 18 att
858 682 46 20 vårt
921 682 69 20 beslut

168 710 68 20 skulle
253 709 49 21 leda
317 709 31 21 till
364 709 120 27 ändringar.
501 710 97 27 Afsigten
616 709 48 21 med
678 709 154 29 inbjudningen
844 712 23 19 är
876 712 33 19 att
920 710 69 21 åstad-

168 739 86 20 komma
278 740 32 18 ett
326 738 127 21 ständernas
469 738 80 27 beslut;
565 738 36 21 två
617 738 62 21 stånd
696 738 64 21 hafva
776 738 92 21 beslutat
884 741 32 19 att
932 739 57 21 skat-

167 770 37 18 ten
227 766 54 21 skall
307 766 64 21 blifva
396 773 26 14 en
445 766 67 21 mark.
547 766 69 28 Skilja
633 766 19 21 vi
668 773 34 14 oss
718 766 103 27 derifrän,
837 767 39 21 blir
892 768 36 20 det
944 767 46 21 icke

168 796 65 27 något
248 795 72 21 beslut
345 795 27 21 af.
403 794 90 22 Derföre
508 802 63 14 anser
584 796 38 27 jag
638 795 36 21 det
689 802 52 14 vara
756 795 79 28 skäligt
851 798 30 18 att
898 796 20 21 vi
935 796 55 20 hålla

169 831 26 13 en
211 823 73 27 mark,
299 830 45 14 som
360 823 58 20 förra
433 823 137 21 alternativet
585 824 96 20 föreslår.

236 851 59 21 Herr
321 851 144 21 Snellman:
490 851 43 28 Jag
548 852 91 21 föreslår
654 853 32 20 att
709 851 148 29 ridderskapet
873 853 39 20 och
929 853 61 20 adeln

168 880 68 21 skulle
252 881 71 20 såsom
339 887 26 14 en
381 880 147 21 förmedlande
544 882 66 25 utväg
625 880 85 21 besluta
726 881 33 28 sig
775 881 33 20 för
823 881 131 27 antagandet
970 882 22 20 af

168 916 26 13 en
213 909 74 20 marks
303 909 67 26 skatt,
384 909 26 27 på
419 909 36 20 det
464 909 36 20 det
508 909 68 20 första
585 909 147 26 alternativet,
741 916 45 14 som
796 916 88 14 numera
893 910 65 21 redan
968 911 23 20 är

168 937 23 21 af
212 937 36 21 två
270 937 63 21 stånd
354 939 97 26 antaget,
474 937 48 21 icke
544 938 67 20 måtte
627 937 66 21 blifva
709 937 120 22 förkastadt
845 938 39 21 och
900 938 91 27 lagstift-

168 966 77 27 ningen
262 965 101 22 förblifva
379 965 138 28 oförändrad,
534 973 47 14 men
598 966 129 21 åtminstone
743 967 101 26 uttrycka
852 966 41 21 den
902 967 88 24 önskan,

168 997 32 18 att
222 994 87 21 skatten
332 995 31 20 till
379 1001 27 14 en
422 995 75 27 början
514 995 68 20 skulle
598 994 110 21 nedsättas
725 995 30 20 till
772 995 26 21 75
814 995 63 28 penni
893 995 39 21 och
948 995 42 21 ifall

168 1024 36 20 det
218 1023 39 28 går
273 1030 37 20 an,
327 1023 81 21 hvilket
422 1023 37 28 jag
474 1023 33 21 för
522 1023 43 21 min
581 1023 33 21 del
630 1023 48 21 icke
689 1030 62 14 anser
762 1024 65 27 något
838 1023 74 22 hinder
923 1025 67 24 möta,

168 1051 88 28 inbjuda
280 1051 57 22 såväl
360 1053 81 26 preste-
465 1059 45 13 som
527 1052 179 27 borgareståndet
721 1054 32 19 att
768 1059 33 14 om
819 1059 24 14 en
860 1052 65 21 sådan
941 1053 50 20 ned-

169 1080 96 28 sättning
287 1080 75 21 förena
388 1080 38 28 sig.
457 1080 10 21 I
487 1080 77 21 sådant
586 1080 36 21 fall
638 1081 142 20 öfverlemnas
796 1080 37 29 det
848 1081 22 20 åt
886 1081 104 27 styrelsen

169 1111 32 19 att
216 1109 123 26 efterhand,
356 1115 45 14 som
418 1109 39 21 den
474 1109 78 28 lagliga
567 1109 165 27 tillverkningen
749 1109 93 28 tilltager
857 1109 39 21 och
908 1109 82 22 således

169 1137 91 28 lagligen
285 1137 124 21 tillverkadt
433 1137 88 21 bränvin
545 1137 67 21 finnes
629 1139 31 19 att
676 1137 60 28 tillgå
752 1138 38 21 och
807 1139 28 26 pä
850 1137 66 21 andra
932 1138 59 21 sidan

169 1165 88 22 effektiv
279 1166 91 21 kontroll
387 1167 28 26 på
431 1166 180 27 utminuteringen
628 1165 42 22 kan
686 1166 86 21 komma
788 1167 29 20 till
834 1166 71 26 stånd,
922 1167 23 20 så
960 1169 31 18 att

168 1201 48 15 man
233 1196 24 19 är
273 1194 127 28 öfvertygad
416 1195 80 26 derom,
513 1196 31 19 att
560 1195 76 20 endast
652 1194 91 29 lagligen
760 1194 124 21 tillverkadt
901 1195 89 21 bränvin

168 1223 110 28 försäljes,
295 1223 49 28 höja
360 1223 84 21 skatten
462 1223 31 20 till
509 1223 36 21 det
561 1223 113 21 beslutade
689 1223 191 28 maximibeloppet
895 1223 23 21 af
934 1224 56 21 skat-

169 1255 36 18 ten
223 1264 25 3 —
265 1259 27 14 en
308 1251 67 21 mark.

238 1280 101 21 Friherre
355 1280 29 21 de
399 1280 23 21 la
437 1279 134 28 Chapelle:
587 1280 45 21 Det
643 1280 61 21 torde
716 1287 50 14 vara
775 1287 25 14 en
812 1280 87 21 allmänt
910 1281 80 21 erkänd

168 1309 65 28 regel,
250 1311 32 18 att
297 1309 41 20 alla
347 1308 81 21 snabba
439 1308 143 28 öfvergångar
598 1309 5 20 i
619 1309 162 28 lagstiftningen
791 1309 48 21 icke
850 1310 36 19 äro
898 1309 93 28 nyttiga;

168 1337 68 22 likaså
252 1337 45 21 här.
329 1337 75 21 Såsom
420 1337 51 20 flere
487 1337 68 21 talare
571 1338 109 26 anmärkt,
696 1337 38 21 har
746 1337 84 21 skatten
842 1337 54 21 varit
913 1339 4 18 1
931 1337 60 21 mark

169 1367 27 20 60
212 1366 71 27 penni.
314 1366 39 20 Att
368 1372 29 14 nu
413 1365 99 21 nedsätta
528 1365 40 21 den
585 1365 67 22 under
668 1373 26 13 en
710 1366 60 20 mark
790 1373 65 20 synes
875 1373 51 14 vara
946 1366 46 21 allt-

169 1395 33 20 för
216 1394 96 27 mycket.
342 1393 42 28 Jag
400 1393 69 22 skulle
484 1393 83 22 således
583 1401 52 14 anse
648 1394 44 27 mig
707 1394 52 21 böra
774 1394 84 21 biträda
874 1394 26 21 de
914 1395 77 26 talare,

169 1429 45 14 som
230 1422 105 27 tillstyrkt
351 1424 31 19 att
398 1422 41 21 den
455 1423 66 20 måtte
537 1423 5 19 i
559 1422 223 21 öfverensstämmelse
798 1422 48 21 med
859 1423 58 20 förra
928 1423 63 20 alter-

169 1451 83 21 nativet
268 1450 128 28 bibehållas;
411 1451 33 20 för
460 1453 31 18 att
507 1451 72 20 kunna
594 1451 86 21 komma
695 1451 31 20 till
742 1457 27 14 en
784 1451 208 28 sammanjemkning

168 1479 62 22 torde
246 1479 36 21 det
298 1486 52 14 vara
365 1479 137 27 nödvändigt.
520 1479 27 28 Ej
563 1479 67 21 heller
646 1480 42 21 kan
701 1479 37 28 jag
754 1479 83 21 biträda
854 1479 37 22 det
906 1479 23 21 af
942 1479 50 24 herr
