1078 1692
191 95 27 19 62

163 150 109 29 uppträda
296 157 44 14 som
364 150 52 20 hans
439 150 143 28 förmyndare.
613 150 42 20 Vill
679 150 41 21 han
744 157 45 14 som
807 157 26 14 en
850 150 49 21 dåre
915 150 71 28 ingå
975 146 15 37 i

163 180 72 27 dylika
257 179 148 25 förbindelser,
429 180 21 19 så
475 180 39 20 kan
539 186 48 14 man
607 179 20 27 ej
646 186 49 14 vara
712 180 25 20 de
754 179 72 21 dårars
842 179 143 27 förmyndare.

163 208 42 28 Jag
221 210 46 19 tror
283 208 109 20 dessutom
408 208 47 20 icke
471 209 31 19 att
517 208 235 27 borgesförbindelsens
769 208 132 20 afskaffande
916 208 69 20 skulle

163 237 85 20 minska
264 236 195 27 skuldsättningen,
475 238 23 26 ty
515 236 36 20 det
566 236 119 27 menskliga
701 236 70 21 snillet
787 236 67 20 skulle
870 238 58 18 snart
944 243 42 20 nog

163 265 81 21 utfinna
261 264 67 21 andra
344 264 68 21 medel
428 264 33 21 för
477 267 31 18 att
523 265 50 27 ingå
589 265 105 21 likartade
714 264 147 22 förbindelser.
892 264 42 28 Jag
949 272 36 13 an-

163 301 35 13 ser
218 293 84 21 således
326 295 32 18 att
382 293 59 21 detta
463 293 80 27 förslag
561 295 23 19 är
605 294 174 25 overkställbart,
799 293 38 21 och
854 295 31 19 att
901 300 48 13 man
966 294 19 26 ej

163 322 39 21 bör
217 322 89 20 försöka
322 322 147 20 åstadkomma
485 322 55 20 hvad
557 329 45 13 som
618 322 47 20 icke
682 324 23 18 är
719 322 89 27 möjligt.
831 322 41 20 Låt
882 321 53 21 hvar
946 322 39 20 och

163 358 26 14 en
205 350 80 21 handla
300 350 53 20 huru
370 350 42 20 han
428 350 106 28 behagar;
554 350 44 21 häri
615 350 67 21 skulle
696 351 37 27 jag
749 350 139 27 understödja
902 350 83 20 utskot-

163 382 42 18 tets
228 378 142 22 betänkande.
402 378 10 20 I
427 379 74 27 frågan
525 386 34 14 om
582 379 120 27 underpant
718 380 6 20 i
740 379 138 27 lösegendom
898 380 24 19 är
938 378 47 20 sak-

163 408 68 21 nåden
248 408 24 20 af
286 407 117 28 stadgande
419 407 72 21 derom
509 414 25 14 en
550 408 57 20 inom
623 408 37 20 vår
675 408 134 27 lagstiftning
827 408 61 26 länge
904 407 80 21 erkänd

164 437 52 20 brist
232 437 41 20 och
289 436 126 27 författning
430 436 73 20 derom
518 436 113 28 högeligen
643 436 113 21 önskvärd.
782 436 94 27 Frågan,
892 442 34 14 om
944 435 41 21 lös-

163 465 115 27 egendom,
298 471 45 14 som
362 464 23 21 af
402 471 25 14 en
445 472 78 20 person
539 465 70 20 blifvit.
625 464 51 28 köpt
692 465 40 21 och
748 464 137 28 qvarlemnad
900 464 6 20 i
923 464 62 28 sälja-

163 501 49 13 rens
236 493 66 27 hand,
325 494 34 20 må
381 493 21 21 få
426 493 110 21 exekutivt
558 493 104 28 tillgripas
682 494 51 20 eller
752 494 28 26 ej,
799 494 38 19 har
851 493 63 27 länge
930 493 55 20 varit

163 522 127 27 omtvistad,
312 529 48 13 men
384 524 32 18 att
438 522 65 27 något
527 522 88 26 positivt
634 522 117 27 stadgande
772 522 71 20 härom
860 522 38 20 bör
914 522 69 26 ingå
970 518 16 35 i

163 538 162 41 lagstiftningen
341 552 23 18 är
380 538 101 39 erkändt,
495 550 46 27 just
557 550 48 21 med
621 550 99 21 afseende
737 551 12 20 å
765 550 39 20 den
820 550 114 20 osäkerhet
946 550 38 20 och

163 580 92 27 olagliga
271 579 140 35 tillämpning,
428 586 44 13 som
491 578 63 21 deraf
567 579 100 27 härflyta,
684 582 32 18 att
731 586 25 14 en
773 578 140 28 författning
907 574 11 37 i
926 578 59 21 detta

163 608 55 28 syfte
242 608 85 20 saknas.
358 608 10 20 I
385 608 46 20 vårt
454 607 118 28 grannland
595 596 89 39 Sverige
706 608 38 20 har
760 608 65 20 redan
841 607 64 21 sedan
922 607 62 27 länge

163 644 26 13 en
212 636 66 21 sådan
301 636 126 27 författning
450 636 123 26 utkommit,
593 636 39 20 och
652 637 35 19 det
703 636 54 20 hade
773 636 55 20 varit
844 636 92 27 önskligt
953 638 32 18 att

163 665 127 27 regeringen
306 664 35 21 vid
357 664 59 21 detta
432 665 80 20 tillfälle
529 664 54 21 hade
598 665 7 19 i
621 665 153 27 sammanhang
785 664 47 21 med
845 664 69 20 denna
924 664 59 28 fråga

162 694 92 27 förelagt
274 695 30 19 ett
327 693 218 27 författningsförslag
565 700 33 14 om
615 693 120 27 underpant
751 693 5 20 i
773 693 147 27 lösegendom,
936 699 47 14 men

163 722 26 21 då
205 722 76 21 sådant
297 722 47 20 icke
360 722 67 26 skett,
444 722 38 20 och
499 729 48 13 man
563 722 46 20 icke
626 722 82 20 känner
724 722 119 20 motiverna
854 722 78 26 dertill,
945 721 37 21 och

162 751 47 20 icke
226 753 45 24 vet,
288 757 33 14 om
342 757 26 14 en
386 750 66 21 sådan
468 750 132 28 proposition
617 750 39 20 blir
672 750 106 28 förelagd,
795 750 67 20 skulle
876 750 38 27 jag
929 750 55 20 före-

163 779 31 21 slå
209 781 32 19 att
258 786 27 14 en
301 778 131 28 proposition
455 785 33 14 om
513 778 155 21 betänkandets
688 779 52 21 eller
759 779 39 21 den
815 778 76 28 nådiga
907 785 76 21 propo-

162 808 104 20 sitionens
282 807 120 28 antagande
419 814 27 14 nu
462 807 68 20 skulle
546 807 135 21 framställas.

231 832 58 35 Herr
305 820 197 47 Montgomerie:
528 835 41 20 Till
593 836 36 20 det
647 843 45 13 som
711 836 38 20 här
768 835 69 20 blifvit
853 835 81 27 yttradt
950 842 32 13 om

161 865 113 20 föremålet
298 864 32 21 för
353 864 69 20 denna
445 863 231 28 lagstiftningsätgärd,
699 864 37 21 ber
752 864 38 27 jag
809 866 31 18 att
853 858 28 26 få
896 864 88 27 tillägga

162 893 66 27 nägra
244 893 46 20 ord.
320 893 43 27 Jag
378 899 63 14 anser
457 893 35 20 det
508 899 51 14 vara
575 892 137 21 öfverdrifvet
729 895 31 18 att
773 893 62 26 pästä
845 892 36 21 det
892 892 90 21 orsaken

162 922 30 19 till
209 921 40 21 den
266 923 58 19 stora
340 921 184 27 skuldsättningen
541 921 6 20 i
563 921 90 20 Finland
671 921 39 20 och
725 921 62 20 äfven
799 921 5 20 i
817 921 87 27 Sverige
916 921 67 20 skulle

161 951 53 19 böra
236 950 65 20 sökas
316 950 7 20 i
339 950 85 27 proprie
447 950 189 27 borgessystemet.
667 949 113 21 Fastmera
805 949 67 20 skulle
892 950 38 27 jag
950 951 33 18 tro

161 981 33 18 att
209 979 96 26 grunden
322 978 71 21 dertill
409 978 38 21 bör
463 978 63 21 sökas
542 978 6 20 i
565 978 111 21 nationens
693 978 63 27 lynne
768 977 150 27 öfverhufvud,
935 978 5 20 i
957 985 25 12 en

161 1007 42 20 viss
228 1007 110 27 oförmåga
360 1007 52 20 eller
436 1007 79 27 böjelse
535 1009 30 18 att
581 1007 46 20 icke
645 1007 22 20 så
682 1013 56 20 noga
754 1006 111 28 kalkylera
881 1007 45 19 sina
941 1007 41 19 för-

161 1035 115 27 bindelser,
292 1035 7 20 i
314 1038 31 18 ett
365 1036 53 19 visst
436 1035 100 20 lättsinne
553 1035 6 20 i
575 1035 35 20 det
626 1035 141 26 hänseendet,
784 1041 45 14 som
844 1036 22 19 är
882 1035 100 27 temligen

161 1064 94 20 allmänt.
288 1064 100 20 Grunden
406 1063 78 22 dertill,
505 1066 31 18 att
553 1063 84 28 proprie
660 1064 182 27 borgessystemet
864 1063 32 20 för
920 1063 62 41 öfrigt

161 1093 75 20 vunnit
259 1093 155 26 utsträckning,
438 1086 68 33 ligger
521 1092 6 20 i
544 1093 40 19 den
605 1092 67 27 öfriga
691 1091 243 33 kreditlagstiftningen,
951 1093 32 19 så-

161 1128 44 13 som
229 1121 37 20 det
289 1121 76 28 tydligt
389 1121 39 20 och
451 1108 108 40 grundligt
578 1121 122 20 framhålles
716 1121 6 19 i
738 1120 49 21 herr
806 1108 128 39 Öhrnbergs
950 1127 31 13 re-

160 1150 119 26 servation,
298 1149 39 21 och
354 1149 38 27 jag
412 1149 67 21 skulle
499 1156 50 13 anse
569 1151 30 18 att
618 1149 36 20 det
670 1149 114 27 riktigaste
801 1150 64 19 sättet
882 1137 36 32 att
928 1149 54 20 före-

160 1178 85 21 komma
269 1178 157 27 skuldsättning
449 1180 43 18 mot
511 1177 86 28 proprie
616 1177 81 28 borgen
716 1177 48 21 icke
783 1184 50 13 vore
849 1179 31 18 att
896 1177 84 27 vidtaga

161 1207 40 20 den
225 1207 23 20 af
268 1207 107 20 utskottet
394 1207 6 19 i
420 1206 48 21 dess
490 1206 135 20 betänkande
648 1206 122 27 föreslagna
792 1205 190 28 tvångsåtgärden,

161 1243 45 13 som
222 1236 6 19 i
244 1235 133 20 närvarande
394 1235 30 20 tid
441 1237 22 18 är
479 1235 63 26 högst
559 1234 115 27 betänklig,
691 1237 50 18 utan
756 1234 45 27 just
816 1234 5 20 i
838 1236 31 18 att
885 1234 97 21 revidera

160 1263 48 22 hela
226 1263 239 28 kreditlagstiftningen.
489 1263 75 20 Såsom
581 1263 189 20 hofrättsassessor
782 1262 113 27 Ohrnberg
905 1265 77 25 yttrat,

160 1293 55 20 hade
231 1292 37 21 det
284 1293 54 20 varit
354 1291 23 21 af
392 1294 45 18 stor
451 1292 55 27 vigt,
517 1299 35 13 om
563 1298 28 13 nu
606 1293 31 18 ett
648 1291 218 27 författningsförslag
877 1298 33 13 om
923 1294 59 24 pant-

160 1322 81 19 rättens
258 1320 108 21 ordnande
383 1320 54 21 hade
453 1320 69 20 blifvit
537 1320 115 20 ständerna
668 1319 113 28 förelagdt.
807 1319 76 21 Likväl
895 1319 39 20 kan
945 1320 38 26 jag

161 1350 19 26 ej
201 1349 84 20 biträda
308 1349 75 20 honom
400 1349 6 20 i
422 1349 102 27 förslaget
541 1351 30 18 att
590 1355 28 13 nu
638 1349 43 20 helt
700 1349 40 20 och
756 1348 65 21 hållet
836 1348 96 20 förkasta
947 1348 35 20 det

159 1377 148 28 föreliggande
323 1377 144 27 lagförslaget.
497 1377 104 20 Deremot
618 1377 68 20 skulle
700 1377 37 27 jag
754 1377 50 26 vilja
821 1377 26 26 på
863 1377 38 19 här
917 1376 64 20 redan

159 1406 127 21 framhållna
309 1405 93 28 grunder
426 1406 73 20 förena
521 1406 44 26 mig
582 1405 49 20 med
646 1405 48 20 dem
710 1412 45 13 som
772 1405 46 20 icke
835 1405 81 20 kunnat
932 1405 50 27 god-

160 1435 70 20 känna
250 1435 52 20 sista
320 1436 117 19 momentet
454 1435 4 19 i
475 1434 118 20 utskottets
613 1433 142 21 betänkande.
787 1433 10 20 I
813 1433 96 21 enskilda
925 1433 58 20 delar

159 1463 68 20 skulle
241 1463 39 27 jag
296 1463 25 20 be
338 1465 31 18 att
385 1463 21 20 få
422 1463 83 20 biträda
522 1463 49 20 herr
587 1462 133 21 Grotenfelts
737 1462 139 20 reservation.

227 1491 58 21 Herr
301 1491 25 20 af
340 1491 143 26 Forselles,
499 1491 32 20 L.:
558 1491 9 19 I
591 1491 65 20 likhet
681 1491 47 20 med
754 1491 49 20 herr
827 1490 155 27 Montgomerie
