1078 1692
185 84 42 20 486

227 140 10 20 I
254 140 115 26 anledning
384 140 62 20 häraf
460 139 112 21 anmärkte
588 139 49 20 herr
652 138 207 26 landtmarskalken,
870 141 32 18 att
918 138 22 21 af
953 138 26 20 de

157 168 167 21 subskriberade
350 168 39 20 150
408 168 137 26 exemplaren
566 168 34 20 vid
621 167 73 27 början
716 167 22 21 af
752 166 69 21 denna
835 166 103 28 landtdag
952 167 27 20 92

158 197 111 27 exemplar
286 204 50 13 voro
354 198 97 26 uttagna,
468 196 81 20 hvilket
565 196 58 20 antal
634 196 54 20 dock
699 196 68 20 under
778 195 140 27 landtdagens
930 195 50 27 lopp

160 226 106 27 betydligt
282 225 62 20 torde
360 225 68 21 ökats.

227 254 59 20 Herr
301 253 106 26 Linder,
425 253 31 26 E.,
475 252 126 21 förmodade
620 254 31 19 att
668 252 69 21 denna
755 252 160 21 uraktlåtenhet
934 252 46 20 här-

159 283 45 19 rört
227 282 63 20 deraf
311 284 32 18 att
366 281 191 21 subskribenterne
575 282 20 26 ej
614 281 54 21 varit
683 281 7 21 i
705 280 83 22 tillfälle
804 282 31 19 att
851 282 75 26 uttaga
941 280 39 21 och

159 310 71 22 betala
246 310 47 21 sina
310 310 116 27 oxemplar.

227 338 59 21 Herr
301 338 194 28 Björkenheim,
511 338 34 20 R.:
561 338 34 20 Då
611 337 35 21 det
661 338 62 20 torde
740 344 50 14 vara
805 337 101 28 likgiltigt
919 337 61 20 hvar-

159 367 53 21 ifrån
229 367 191 21 subskribenterne
437 368 75 25 uttaga
527 366 46 20 sina
589 366 117 27 exemplar,
722 366 24 20 så
761 366 61 20 torde
836 366 36 20 det
884 372 50 14 vara
945 365 35 21 be-

159 397 101 26 qvämare
283 397 31 19 att
330 395 6 20 i
353 395 76 21 sådant
451 394 103 21 afseende
578 394 55 21 hålla
656 394 84 21 arbetet
762 394 128 28 tillgängligt
905 394 7 20 i
928 393 53 21 bok-

159 424 100 21 handeln.

228 452 58 20 Herr
302 451 150 26 Schauman,
469 452 19 20 J.
505 451 36 21 A.:
566 451 10 20 I
591 452 89 20 motsats
704 453 44 18 mot
768 450 132 22 friherrarne
919 450 25 21 de
962 450 20 20 la

160 480 102 27 Chapelle
278 480 39 21 och
335 487 39 13 von
392 480 58 20 Troil
466 486 62 14 anser
541 480 39 26 jag
595 479 36 21 det
647 479 88 27 onödigt
750 482 32 18 att
799 479 131 21 öfverlemna
945 478 36 21 be-

160 508 62 21 rörde
239 508 115 27 tryckning
370 509 22 19 åt
408 508 40 20 den
463 508 97 20 enskilda
575 508 175 27 spekulationen,
766 508 89 20 emedan
872 514 25 14 en
916 507 65 21 sådan

159 537 54 21 affär
228 537 68 27 aldrig
313 537 41 20 kan
371 543 61 14 anses
449 536 98 21 lönande.

228 565 50 21 Mcd
302 565 100 21 afseende
419 566 12 19 å
446 564 36 21 det
504 564 130 28 föregående
656 564 126 28 uppstäldes
802 564 39 21 och
857 564 125 28 godkändes

161 594 56 20 efter
232 594 132 26 föregången
378 593 108 27 justering
502 593 170 27 propositionen:

229 638 10 9 »
242 621 44 21 Vill
305 622 151 26 ridderskapet
475 621 40 21 och
534 621 62 21 adeln
616 621 131 21 öfverlemna
762 622 22 20 ät
798 620 184 22 riddarhusdirek-

161 650 81 26 tionen,
266 651 32 19 att
321 650 68 20 tillåta
411 650 84 20 enskild
514 656 78 20 person
610 651 32 19 att
658 650 26 26 på
700 656 53 21 egen
770 650 121 20 bekostnad
906 649 76 27 trycka

161 678 96 21 ståndets
274 678 66 21 under
356 678 70 21 denna
442 678 103 27 landtdag
559 678 61 20 förda
637 678 137 27 protokoller,
790 680 51 18 utan
857 680 33 18 att
903 678 79 20 riddar-

161 707 119 21 huskassan
297 707 49 20 med
362 707 66 27 något
443 706 92 21 tillskott
551 706 6 20 i
573 706 59 21 detta
648 706 100 21 afseende
765 706 118 28 betungas?

230 752 12 8 »,
244 735 83 21 Vinner
350 736 46 26 nej,
420 734 139 28 bemyndigas
582 734 248 22 riddarhusdirektionen
849 737 41 25 att,
911 734 72 21 derest

161 764 203 20 riddarhuskassans
381 763 114 27 tillgångar
510 763 65 21 innan
591 764 61 20 nästa
667 763 102 28 landtdag
780 763 75 21 sådant
867 763 116 27 medgitfva,

161 792 86 28 vidtaga
270 791 128 28 författning
420 798 35 14 om
473 792 171 26 protokollernas
662 792 115 27 tryckning
795 792 31 20 till
848 793 68 19 större
932 792 52 20 eller

161 820 82 21 mindre
259 820 34 20 del
312 821 27 26 pä
359 820 89 20 kassans
468 820 130 27 bekostnad,
618 822 54 19 samt
688 820 48 21 med
752 821 51 20 eller
818 822 52 19 utan
885 820 98 27 föregän-

161 855 43 20 gen
219 848 171 27 subskription''.

230 877 78 20 Denna
331 876 133 28 proposition
487 876 124 21 föranledde
635 883 25 14 en
682 877 104 27 votering,
811 877 86 21 hvilken
913 877 71 27 aflopp

161 906 71 20 såsom
248 905 72 28 följer:

367 933 6 20 i
391 934 54 19 1:sta
460 933 29 20 kl.
505 933 50 20 med
570 934 13 19 4
597 934 23 27 ja
636 933 40 21 och
696 929 15 36 6
734 933 46 28 nej,

368 961 6 21 i
390 961 60 21 2:dra
470 977 11 10 ,»
523 977 12 10 oo»
603 978 12 9 n”
650 978 12 9 »
706 963 12 20 8
750 978 11 9 »

368 990 7 20 i
390 990 57 27 3:dje
469 1006 12 9 »
523 1006 11 9 »
570 991 44 24 2»
650 1007 11 8 »
693 991 25 20 16
751 1007 12 8 a

232 1018 33 21 Då
280 1019 34 27 nej
331 1019 6 20 i
352 1018 41 21 alla
409 1018 83 21 klasser
514 1019 75 20 befans
608 1019 165 27 öfvervägande,
794 1019 144 20 antecknades
952 1019 32 20 så-

163 1054 45 14 som
224 1047 98 20 ståndets
338 1047 77 26 beslut,
431 1048 32 19 att
479 1047 248 21 riddarhusdirektionen
743 1047 6 20 i
767 1054 48 13 mon
826 1047 24 20 af
863 1047 122 21 riddarhus-

163 1076 90 20 kassans
277 1075 113 28 tillgångar
414 1075 54 27 egde
487 1077 32 18 att
537 1075 127 21 föranstalta
683 1082 34 14 om
734 1075 142 28 tryckningen
892 1076 22 20 af
928 1076 56 20 stån-

161 1104 48 21 dets
228 1103 134 28 protokoller
377 1103 68 21 under
460 1103 145 22 innevarande
620 1103 108 28 landtdag.

231 1132 33 21 På
279 1131 156 28 framställning
451 1131 23 21 af
487 1131 90 22 friherre
593 1132 69 27 Boije,
679 1133 69 20 beslöt
764 1132 86 21 ståndet
865 1134 31 19 att
912 1133 21 20 åt
944 1132 41 21 rid-

163 1160 215 21 darhusdirektionen
402 1160 132 21 öfverlemna
557 1162 32 19 att
612 1162 98 19 närmare
734 1161 118 20 bestämma
874 1161 36 20 det
929 1161 57 20 antal

163 1189 112 27 exemplar
291 1195 46 14 som
354 1188 68 21 skulle
438 1189 94 27 tryckas.

231 1245 124 28 Föredrogs
379 1247 64 18 stats-
466 1245 40 21 och
527 1245 247 28 bevillningsutskottets
793 1245 79 28 förslag
888 1246 30 20 till
934 1253 54 14 sam-

164 1273 162 28 manjemkning
349 1273 24 21 af
395 1273 101 21 ståndens
519 1274 125 27 skiljaktiga
667 1274 71 21 beslut
754 1275 6 19 i
777 1274 211 28 bevillningsfrågan;

164 1302 39 21 och
218 1301 138 22 föranleddes
373 1302 63 21 deraf
449 1302 95 27 följande
561 1302 133 21 diskussion:

232 1329 104 22 Rörande
347 1331 118 20 utskottets
475 1331 81 27 förslag
572 1331 110 27 angående
693 1330 162 28 ridderskapets
866 1331 39 20 och
916 1331 73 21 adelns

164 1359 70 20 beslut
258 1359 48 20 med
330 1358 101 21 afseende
450 1359 13 20 &
482 1359 222 27 bevillningsmedlens
728 1359 146 27 användande,
898 1367 48 20 pag.
970 1361 19 25 6,

163 1387 86 27 yttrade

233 1415 100 21 Friherre
350 1422 46 13 von
416 1415 85 26 Troil,
522 1415 21 21 S.
560 1415 47 21 W.:
631 1415 34 22 Då
688 1415 97 28 anslaget
804 1415 6 20 i
831 1415 158 28 ridderskapets

163 1444 40 21 och
219 1444 73 21 adelns
309 1443 80 28 förslag
404 1443 83 22 ändock
504 1445 24 20 är
544 1444 126 27 detsamma,
690 1444 39 21 och
748 1444 104 27 förslaget
870 1444 74 21 endast
959 1445 29 20 af-

163 1479 34 14 ser
220 1474 30 19 ett
273 1472 166 27 förtydligande,
463 1473 24 20 så
507 1474 34 19 vet
561 1473 40 27 jag
619 1473 20 27 ej
655 1473 99 20 hvarföre
773 1472 46 21 icke
836 1472 40 21 den
892 1474 97 20 närmare
