1078 1692
825 93 36 20 111

70 150 43 21 tills
129 150 54 21 varit
199 149 82 22 befriad
296 150 47 20 från
359 149 203 28 hällskjutsningen,
578 156 49 14 men
643 151 65 19 annat
723 149 65 22 hafva
803 149 27 22 de
844 149 48 22 icke

70 178 49 21 med
134 178 120 21 hvarandra
269 180 32 19 att
316 178 75 21 skaffa.
422 157 42 49 Jag
478 178 77 28 tycker
569 180 32 19 att
617 184 26 14 en
658 177 92 21 särskild
765 178 127 28 författning

70 207 66 21 borde
152 207 95 21 utfärdas
263 214 33 13 om
316 206 227 28 häradspostföringen
559 206 40 21 och
614 206 126 20 instämmer
753 207 38 27 jag
805 207 8 20 i
828 206 64 21 öfrigt

71 236 6 19 i
93 235 55 21 hvad
164 235 49 21 herr
231 242 42 14 von
292 234 118 22 Bonsdorff
426 235 86 27 yttrade
531 242 34 14 om
584 237 31 19 att
631 234 49 22 dess
696 234 108 22 ordnande
821 236 71 20 kunde

71 263 142 21 öfverlemnas
228 264 22 21 åt
265 264 161 27 kommunerna.

140 292 57 21 Herr
212 292 144 21 Molander:
379 292 71 21 Afven
470 292 39 28 jag
531 292 68 21 skulle
622 291 80 21 föreslå
723 294 33 18 att
775 294 117 20 momentet

71 320 67 21 måtte
153 321 52 27 utgå
220 320 39 22 och
274 322 32 19 att
322 320 237 28 häradspostföringens
575 320 109 21 ordnande
700 320 67 21 måtte
781 320 111 22 öfverlem-

71 356 38 14 nas
125 350 22 20 åt
163 349 95 21 häradet.
288 348 47 22 Två
350 349 74 21 stånds
439 349 132 27 deputerade
585 349 8 21 i
609 349 107 21 utskottet
731 349 39 21 och
782 348 111 22 deribland

72 377 168 22 bondeståndets
256 377 63 22 hafva
334 379 54 19 trott
403 378 37 20 det
455 384 52 14 vara
522 384 59 14 mera
596 377 49 21 med
664 377 91 21 rättvisa
770 377 39 22 och
825 377 67 29 billig-

72 406 37 21 het
131 406 235 21 öfverensstämmande
388 408 32 19 att
443 406 146 21 kostnaderna
611 405 33 21 för
666 406 227 28 häradspostföringen

72 434 68 22 skulle
155 434 95 22 fördelas
265 434 55 22 efter
335 434 151 28 folkmängden
502 435 7 20 i
525 434 26 21 de
566 434 32 21 till
616 434 90 21 häradet
724 434 95 22 hörande
834 435 59 21 kom-

72 470 113 20 munerna,
207 463 138 27 hvarigenom
365 462 92 28 lindring
471 463 72 21 kunde
559 462 90 22 beredas
666 462 26 22 de
707 462 186 29 hållskjutsnings-

72 491 108 28 skyldige,
195 498 77 21 genom
288 494 31 18 att
335 491 25 21 de
379 498 46 14 som
448 491 47 21 föra
513 491 155 27 häradsposten
691 491 71 21 kunde
783 491 65 21 blifva
862 492 31 20 in-

74 520 75 21 delade
165 520 31 21 till
212 520 171 28 hållskjutsning.

142 548 57 22 Herr
214 555 49 14 von
302 555 56 14 Born:
382 548 44 21 Det
441 548 22 21 af
484 548 27 21 de
530 550 86 19 senaste
638 548 96 21 talarene
753 548 77 28 gjorda
852 548 41 21 för-

73 577 69 27 slaget
157 577 39 21 har
206 577 38 27 jag
259 577 47 21 icke
322 577 66 27 något
403 579 64 25 emot,
483 577 56 21 dock
555 577 76 27 tycker
643 577 39 27 jag
697 578 32 19 att
744 576 36 22 det
791 576 48 22 icke
849 577 45 21 helt

74 605 39 21 och
129 605 66 21 hållet
211 606 37 20 bör
264 606 27 27 gå
306 608 30 24 ut,
352 608 52 18 utan
420 607 33 19 att
467 607 32 19 ett
515 605 65 21 skildt
595 607 95 19 moment
704 605 40 21 bör
758 605 75 27 finnas,
849 604 45 22 deri

73 634 37 20 det
126 634 68 21 skulle
210 634 50 20 heta
276 636 32 19 att
323 634 226 28 häradspostföringen
569 634 97 20 kommer
681 635 32 19 att
728 634 77 20 ordnas
821 634 23 20 af
857 633 37 21 hä-

73 662 72 27 radet,
161 663 24 20 sä
200 664 31 19 att
246 662 37 21 det
298 663 48 20 icke
361 662 132 22 fortfarande
509 662 41 21 blir
572 662 149 27 länsmannen,
741 669 45 14 som
801 662 94 28 reglerar

73 691 46 21 den.
151 690 145 22 Härförinnan
311 691 39 20 har
363 691 65 28 ingen
443 691 127 27 författning
590 692 120 26 emanerat,
726 697 45 15 som
788 690 106 22 bestämdt

73 720 69 20 skulle
165 719 77 28 stadga
264 722 32 18 att
319 719 36 21 det
378 721 23 19 är
422 726 26 14 en
471 720 142 20 kommunens
638 719 38 21 sak
700 719 40 21 och
759 719 82 21 härtills
857 719 38 21 har

73 748 130 21 kommunen
225 748 48 21 icke
292 748 46 20 haft
356 750 32 19 att
407 748 68 21 skaffa
495 748 94 21 dermed.
619 747 43 29 Jag
680 749 45 19 tror
742 749 31 19 att
792 747 37 21 det
845 754 50 14 vore

73 776 134 28 tillräckligt,
224 783 33 14 om
273 777 38 20 här
326 776 70 21 skulle
411 777 76 27 inflyta
503 778 32 20 att
552 776 226 28 häradspostföringen
795 776 63 21 beror
874 776 23 21 af

74 806 135 20 kommunen.

141 833 58 20 Herr
215 833 144 20 Molander:
382 833 44 28 Jag
445 834 35 19 vill
499 834 56 19 blott
570 834 77 19 nämna
662 835 32 18 att
709 832 106 21 utskottet
831 833 65 21 också

73 861 6 21 i
95 861 66 21 slutet
183 861 24 21 af
228 861 146 21 betänkandet
396 861 112 28 föreslagit
531 864 32 18 att
585 861 140 27 ,,ständerna,
741 861 7 21 i
766 861 102 21 händelse
882 861 13 21 3

73 892 119 19 momentet
208 890 22 21 af
244 890 12 27 8
273 891 11 20 7
300 890 6 20 i
322 889 152 28 förordningen
498 897 35 14 om
556 889 194 28 skjutshällningen
773 889 40 21 och
838 891 57 26 gäst-

73 918 130 27 gifverierna
222 919 66 27 enligt
306 925 76 14 senare
409 918 138 21 alternativet
567 918 23 21 af
606 917 117 22 ständerna
740 918 48 21 från
803 917 93 22 nämnda

74 947 125 28 förordning
214 947 114 26 uteslutes,
344 949 55 18 samt
418 946 41 21 den
475 947 31 20 till
522 946 49 21 stöd
586 946 72 21 derför
674 946 86 28 yttrade
774 947 87 26 mening
875 946 23 21 af

74 975 115 21 ständerna
212 975 136 28 godkändes,
367 975 49 20 ville
435 975 39 21 hos
494 975 28 21 H.
539 975 28 21 K.
583 975 103 28 Majestät
701 975 7 20 i
723 974 171 28 underdånighet

74 1003 84 21 anhålla
173 1010 34 14 om
223 1003 127 21 utfärdande
366 1003 23 21 af
403 1003 92 21 särskild
509 1003 128 28 författning
651 1003 91 21 rörande
758 1003 138 27 häradspost-

74 1031 109 28 föringens
195 1032 93 21 ordnade
304 1032 66 27 enligt
386 1031 26 22 de
428 1032 101 27 grunder,
550 1039 45 14 som
615 1031 69 21 blifvit
700 1032 23 20 af
736 1031 160 28 ridderskapets

75 1060 38 21 och
130 1061 73 20 adelns
219 1063 55 18 samt
289 1060 169 21 bondeståndets
473 1060 133 28 deputerade
622 1062 114 25 antagna''.

143 1088 48 21 Den
214 1089 52 20 härä
287 1089 124 20 framstälda
435 1089 162 28 propositionen
613 1089 68 20 erhöll
696 1088 94 28 följande
804 1088 92 21 lydelse:

144 1133 5 9 »
152 1117 49 25 Vill
219 1117 150 27 ridderskapet
390 1117 40 21 och
449 1117 62 21 adeln
533 1119 78 26 antaga
629 1117 13 21 3
661 1119 117 19 momentet
798 1123 11 14 af
835 1117 11 27 $
862 1117 12 20 7
890 1117 7 20 i

75 1145 41 22 den
139 1145 77 28 nådiga
240 1146 171 27 propositionen,
437 1147 70 20 såsom
531 1146 107 21 utskottet
656 1145 7 21 i
678 1145 68 21 första
760 1145 137 21 alternativet

74 1174 124 27 föreslagit?

145 1219 4 9 »
152 1202 88 26 Vinner
261 1203 47 27 nej,
331 1203 97 20 kommer
447 1204 119 19 momentet
582 1203 66 27 enligt
663 1202 117 21 utskottets
795 1201 81 28 förslag
891 1202 7 21 i

76 1230 67 22 andra
159 1231 137 21 alternativet
311 1233 31 18 att
357 1231 47 20 från
420 1231 156 28 författningen
591 1231 126 21 uteslutas''.

146 1259 46 21 Och
214 1259 130 21 besvarades
368 1259 124 21 densamma
507 1260 23 21 af
543 1259 137 28 pluraliteten
700 1259 108 26 nekande,
823 1259 7 20 i
845 1258 53 27 följd

77 1287 76 22 hvaraf
166 1290 118 19 momentet
299 1288 97 21 kommer
411 1289 32 20 att
458 1289 59 27 utgå.

145 1317 12 26 8
175 1316 12 21 8
201 1316 123 28 godkändes
340 1319 52 18 utan
408 1316 129 21 diskussion.

464 1362 11 27 8
491 1362 20 21 9.

145 1401 58 22 Herr
225 1409 46 14 von
293 1401 153 28 Haartman,
465 1401 24 22 C.
509 1402 38 21 D.:
570 1402 43 27 Jag
636 1402 48 21 ville
702 1402 6 20 i
724 1401 115 21 allmänhet
861 1408 37 14 an-

77 1430 74 21 märka
175 1432 56 19 emot
256 1431 52 20 flera
330 1430 76 21 ställen
424 1431 7 20 i
449 1430 253 28 författningsförslaget,
726 1437 48 14 men
797 1429 101 22 särskildt

77 1461 58 18 emot
151 1459 68 20 denna
236 1459 22 27 8,
274 1461 32 18 att
325 1458 36 21 det
379 1460 23 19 är
422 1459 71 20 alltför
512 1459 86 27 mycket
616 1458 180 28 reglementeradt
811 1458 40 21 och
866 1460 32 19 att

77 1487 52 20 flere
145 1487 93 27 punkter
255 1487 65 21 borde
339 1487 128 21 omskrifvas
498 1487 11 21 I
525 1487 70 28 tredje
609 1489 119 19 momentet
743 1487 54 21 står:
820 1486 77 27 ,Gäst-
