1078 1678
825 71 41 20 427

74 128 39 21 har
127 127 144 27 lagutskottet
286 127 96 27 tilstyrkt
397 129 31 18 att
443 129 101 24 antagas,
561 126 56 21 dock
632 126 49 21 med
696 127 57 20 vissa
771 127 23 20 af
810 127 83 21 utskot-

74 158 32 19 tet
128 155 125 21 framstälda
281 155 176 21 modifikationer.
499 155 33 20 Ur
555 155 41 20 den
619 155 109 28 synpunkt
753 155 141 28 lagutskottet

75 184 102 27 granskat
200 184 73 27 frågan
292 183 105 20 erkänner
410 184 37 27 jag
463 183 34 20 väl
512 183 7 20 i
537 183 116 21 allmänhet
675 183 126 28 giltigheten
824 185 23 20 af
867 184 26 21 de

74 212 99 27 grunder,
197 212 81 27 hvarpå
301 212 144 20 betänkandet
461 211 82 28 stödjer
558 212 41 27 sig,
619 219 49 13 men
687 213 42 19 kan
745 213 19 26 ej
780 213 114 27 godkänna

75 241 82 27 äsigten
173 242 32 19 att
220 241 52 26 göra
289 240 170 27 propositionens
475 240 121 27 antagande
612 240 123 27 ovilkorligt
751 241 106 21 beroende
872 241 24 20 af

75 269 26 20 de
117 269 47 20 utaf
181 268 141 28 lagutskottet
337 268 121 27 föreslagna
473 268 122 27 ändringar.
626 268 34 21 Dä
672 269 39 26 jag
726 270 61 25 tager
801 270 8 20 i
824 269 69 21 öfver-

75 297 97 28 vägande
188 297 13 20 å
216 304 40 13 ena
269 296 59 21 sidan
344 299 31 18 att
391 297 40 20 den
447 297 78 27 nådiga
542 297 161 27 propositionen
716 297 56 20 afser
783 300 32 18 att
826 298 67 21 ordna

75 333 88 19 pressen
179 332 77 20 genom
272 331 36 19 en,
324 332 34 13 om
374 325 40 20 ock
429 325 6 20 i
451 325 58 20 vissa
524 325 60 20 delar
595 325 65 27 nödig
670 325 81 20 ansedd
765 327 73 26 sträng
848 327 45 26 lag,

75 356 55 18 samt
147 356 30 18 att
194 354 12 20 &
221 353 66 20 andra
303 353 59 20 sidan
378 360 75 20 genom
469 353 152 27 lagförslagets
644 353 177 27 ickeantagande,
845 361 48 14 cen-

75 389 64 13 suren
155 382 52 20 eller
222 382 65 26 nägot
302 383 65 19 annat
382 388 58 14 mera
455 382 28 26 pä
496 381 108 27 godtycke
620 383 26 19 än
662 381 35 27 lag
708 382 105 26 grundadt
824 383 69 20 öfver-

75 411 187 26 vakningssystem
278 409 32 20 för
325 416 89 20 pressen
430 410 96 20 kommer
541 411 32 19 att
588 409 90 27 införas,
690 410 23 20 sä
723 409 124 28 föredrager
855 411 38 27 jag

76 438 23 21 af
112 439 63 20 dessa
198 438 136 21 altornativer
350 450 27 3 —
393 438 68 27 lagen.
494 437 73 21 Under
590 438 56 20 mina
670 438 223 28 tjenstebefattningar

76 467 38 20 har
135 467 38 27 jag
195 467 54 20 varit
265 467 5 19 i
286 466 81 21 tillfälle
390 469 32 18 att
441 467 70 20 erfara
531 466 42 20 alla
589 466 26 20 de
632 466 163 27 förvecklingar,
811 467 40 20 alla
866 467 27 20 de

76 495 100 20 störande
199 494 146 21 förhällanden
362 501 44 14 som
422 501 104 14 censuren
543 495 41 20 kan
600 494 122 27 framkalla;
741 495 39 20 och
798 497 45 19 tror
855 495 39 28 jag

77 524 83 20 derföre
176 525 40 24 att,
232 523 27 20 dä
274 529 48 14 man
338 523 56 20 afser
410 523 47 20 hela
472 523 83 20 landets
571 523 101 26 intresse,
696 523 36 20 det
748 523 19 27 ej
783 525 23 19 är
821 524 72 20 välbe-

76 552 62 20 tänkt
161 554 31 18 att
215 551 53 21 afslä
290 551 39 20 den
346 551 77 27 nädiga
441 551 171 28 propositionen,
629 551 139 27 hvarigenom
784 552 19 19 vi
818 551 33 21 för
866 559 27 13 en

76 580 49 27 läng
147 580 31 21 tid
193 580 73 20 kunna
280 580 28 27 gä
322 579 62 21 miste
399 586 33 14 om
448 586 26 14 en
490 579 182 27 tryckfrihetslag.
703 579 41 28 Jag
763 579 67 21 skulle
846 580 46 20 der-

76 609 45 20 före
138 609 55 27 väga
209 607 107 21 vördsamt
332 607 86 27 föreslä,
433 610 32 18 att
481 608 150 27 ridderskapet
646 607 39 21 och
702 607 60 21 adeln
776 609 66 20 mätte
857 609 35 20 be-

77 637 56 20 sluta
148 637 31 20 till
195 637 65 20 sädan
276 636 132 27 underdänig
423 637 106 25 anmälan,
546 638 37 24 att,
601 636 32 20 för
649 636 41 20 den
705 636 101 21 händelse
821 636 28 21 H.
865 636 27 21 K.

77 665 102 27 Majestät
195 665 20 27 ej
231 665 68 19 skulle
311 665 6 19 i
329 665 65 20 nåder
410 665 83 26 behaga
509 665 31 19 till
556 666 69 18 större
641 664 52 20 eller
706 664 81 20 mindre
798 664 33 20 del
842 665 51 27 god-

77 693 70 21 känna
163 693 25 21 de
204 692 23 21 af
247 692 141 28 lagutskottet
410 693 122 27 föreslagna
554 692 121 27 ändringar,
699 692 71 21 hvilka
789 692 68 22 skulle
872 693 23 21 af

77 722 86 20 ståndet
185 722 71 19 såsom
272 721 159 27 önskningsmäl
446 721 138 25 framställas,
601 720 85 21 ståndet
702 723 89 25 antager
805 721 36 21 det
857 722 36 20 nä-

78 750 49 27 diga
141 750 102 26 förslaget
259 751 30 19 att
305 750 55 26 gälla
370 750 53 20 intill
434 750 65 20 slutet
509 749 24 21 af
541 749 164 21 nästinfallande
716 749 107 28 landtdag.
847 749 46 21 Och

78 778 64 27 hyser
155 778 39 27 jag
210 778 35 20 det
262 778 62 26 hopp,
347 780 31 18 att
395 778 58 20 Hans
471 778 110 26 Majestät,
601 777 47 21 med
667 778 86 26 ledning
771 778 23 20 af
807 778 40 20 den
862 778 32 20 till

78 806 49 20 dess
143 813 70 14 vunna
228 806 130 26 erfarenhet,
374 806 27 21 då
416 806 53 21 skall
486 806 42 21 låta
543 806 111 27 förelägga
669 806 115 20 ständerna
794 808 47 26 nytt
852 806 41 21 för-

78 836 31 19 slag
138 834 7 21 i
161 836 70 19 ämnet
254 835 39 20 och
310 834 19 20 vi
345 835 64 20 hafva
431 835 94 27 utsigten
545 836 32 19 att
592 834 22 21 få
632 840 26 14 en
674 834 23 20 af
710 834 105 21 hvardera
829 836 64 20 stats-

78 864 113 20 makterna
206 862 74 21 stiftad
295 863 180 27 tryckfrihetslag.

145 890 43 28 Jag
202 891 94 21 biträder
311 891 83 21 således
410 892 30 20 till
456 892 41 20 alla
511 891 59 21 delar
586 891 49 21 herr
646 890 120 21 Snellmans
777 890 79 29 förslag
866 892 28 26 på

78 919 26 21 de
120 919 23 21 af
157 920 76 20 honom
248 920 34 20 väl
298 920 130 20 motiverade
443 920 101 27 grunder.

146 947 59 21 Herr
218 948 74 20 Rein:
315 948 41 27 Jag
372 948 63 28 hyser
450 955 27 13 en
493 955 70 13 annan
579 948 56 27 åsigt
650 949 27 19 än
696 947 40 21 den
751 947 66 21 förste
833 948 61 27 högt-

78 976 93 21 vördade
194 976 91 27 talaren,
309 976 39 21 och
364 984 62 13 anser
440 976 44 28 mig
499 976 52 20 böra
567 978 67 26 öppet
649 976 68 20 uttala
731 976 44 21 min
790 976 104 21 särskilda

79 1004 72 21 tanke.

147 1032 37 21 Sin
207 1032 53 27 pligt
281 1032 106 28 likmätigt
409 1033 38 20 har
469 1032 144 28 lagutskottet
635 1032 116 27 framstält,
774 1034 31 19 att
821 1032 26 21 de
863 1033 31 20 uti

77 1060 164 27 ifrågavarande
264 1061 77 27 nådiga
364 1061 131 27 proposition
519 1061 31 20 till
566 1068 28 20 ny
610 1060 175 28 tryckfrihetslag
800 1061 94 20 uttalade

78 1089 107 26 principer
207 1089 105 27 svårligen
336 1089 42 21 låta
400 1090 73 20 förena
492 1089 32 28 sig
540 1089 48 20 med
604 1089 26 20 de
645 1089 39 20 hos
700 1096 34 13 oss
751 1089 95 21 hitintills
862 1089 32 21 rå-

79 1117 68 20 dande
163 1117 40 20 och
218 1117 32 20 för
265 1117 74 28 giltiga
355 1117 93 21 ansedda
463 1117 295 28 lagskipningsgrundsatser.
784 1117 41 28 Jag
836 1117 59 21 delar

79 1145 146 27 fullkomligen
249 1145 70 21 denna
340 1146 63 27 åsigt.
433 1146 51 21 Men
505 1146 37 27 jag
558 1147 23 19 är
597 1145 104 28 derjemte
720 1145 127 28 öfvertygad
862 1147 32 19 att

78 1173 121 21 ändamålet
215 1174 48 20 med
279 1174 40 21 den
335 1174 77 27 nådiga
428 1175 170 27 propositionen,
610 1176 32 19 att
652 1174 133 21 förekomma
795 1181 99 20 pressens

79 1201 116 28 missbruk,
211 1202 47 21 icke
274 1203 85 26 vinnes,
376 1204 92 19 tvärtom
483 1203 98 20 förloras.

146 1229 80 22 Falska
249 1230 51 21 eller
322 1231 111 20 halfsanna
451 1231 181 27 framställningar
648 1238 34 13 om
697 1231 106 20 allmänna
817 1231 78 20 förhäl-

78 1258 79 21 landen
173 1258 59 21 skola
248 1259 47 20 icke
310 1259 112 26 uteblifva,
441 1266 48 14 men
510 1259 26 21 de
553 1259 86 20 komma
654 1259 26 21 dä
695 1261 31 19 att
742 1259 111 28 uttryckas
868 1259 28 27 pä

78 1288 32 19 ett
121 1288 52 25 sätt,
184 1288 32 19 att
231 1287 26 20 de
273 1287 6 20 i
294 1287 26 20 de
336 1287 52 21 allra
403 1288 62 20 flesta
479 1287 37 21 fall
532 1287 33 21 för
581 1287 27 21 all
624 1288 35 27 lag
674 1287 64 21 blifva
757 1287 138 28 oätkomliga,

79 1315 27 20 all
129 1315 167 28 vederläggning
318 1315 46 21 frän
388 1317 137 26 regeringens
549 1315 45 21 sida
619 1316 92 27 omöjlig.
741 1315 45 22 Vär
807 1316 89 21 historia

78 1342 55 21 ifrän
149 1342 26 21 de
191 1343 51 21 allra
258 1344 52 20 sista
326 1344 61 26 tider,
404 1344 27 20 dä
447 1351 76 14 censur
539 1344 38 20 hos
593 1351 36 13 oss
644 1351 38 13 var
697 1344 99 26 rädande,
815 1344 81 20 lemnar

79 1370 66 27 derpä
168 1371 104 28 osvikliga
295 1372 65 20 bevis.
390 1372 116 27 Principen
529 1379 38 14 var
589 1374 32 18 att
639 1372 117 27 styrelsens
774 1372 121 28 åtgärder
882 1366 17 38 i

78 1399 115 21 allmänhet
215 1400 47 20 icke
285 1400 56 27 finge
362 1400 65 21 blifva
449 1400 88 21 föremäl
554 1400 33 20 för
602 1400 146 28 tidningarnes
764 1400 132 28 granskning

78 1427 40 21 och
135 1427 71 25 kritik,
223 1428 39 20 och
277 1428 47 20 icke
342 1428 50 21 dess
408 1429 82 21 mindre
505 1428 128 21 klandrades
650 1429 39 20 och
705 1429 115 21 häeklades
835 1434 60 21 rege-

78 1456 75 26 ringen
169 1456 27 20 dä
211 1456 49 21 vida
274 1463 58 14 mera
348 1458 26 19 än
390 1457 65 21 sedan
471 1457 125 28 presslagen
612 1457 123 27 utkommit;
746 1464 48 14 men
805 1456 91 30 emedan
