1078 1678
177 59 42 22 404

150 116 61 21 Hans
227 115 103 28 Majestät
345 115 65 21 måtte
426 115 6 20 i
448 115 63 20 dessa
522 116 77 19 ämnen
610 115 86 21 utfärda
706 115 27 20 de
743 115 158 28 förordningar,
913 115 61 20 hvar-

149 145 32 20 till
198 144 26 21 de
240 143 131 22 förändrade
386 143 163 21 förhållandena
565 144 57 27 gifva
639 143 122 28 anledning.

219 172 101 21 Friherre
343 172 29 21 de
387 172 24 21 la
429 172 131 27 Chapelle:
584 172 41 21 Om
648 172 36 21 det
702 171 143 28 förhållande,
869 172 81 27 hvarpå
969 172 6 20 i

150 201 60 22 detta
225 203 96 19 moment
336 200 115 28 häntydes,
467 200 68 21 skulle
551 200 66 21 blifva
633 207 25 14 en
675 200 63 25 brist,
762 201 23 20 så
801 201 41 20 kan
859 207 48 14 man
925 207 49 14 vara

151 229 129 28 öfvertygad
296 235 34 14 om
346 231 31 18 att
393 229 40 20 den
449 228 81 21 bristen
546 229 41 20 blir
604 229 100 27 afhjelpt,
723 229 65 20 innan
805 229 68 20 denna
892 229 82 20 författ-

151 258 51 27 ning
224 257 132 26 utkommer,
379 264 48 13 men
448 257 37 28 jag
501 257 69 20 skulle
586 257 51 28 vilja
653 257 95 27 häntyda
764 257 75 27 derpå,
859 259 31 18 att
905 257 70 20 denna

150 287 55 20 brist
226 285 68 21 borde
317 285 104 28 afhjelpas
444 286 28 27 på
490 285 40 21 den
550 287 51 26 väg,
617 292 44 14 som
678 287 24 18 är
720 285 42 21 den
778 285 83 28 lagliga.
892 285 44 20 Det
951 287 23 18 är

151 315 66 20 också
240 313 85 22 derföre
346 314 37 27 jag
401 320 62 14 anser
479 316 30 18 att
525 321 26 13 en
568 314 142 26 påminnelse,
727 314 27 27 på
771 315 42 19 sätt
828 313 90 22 friherre
933 320 41 14 von

151 342 59 22 Born
226 342 128 27 framhållit,
370 342 20 27 ej
406 342 40 20 blir
461 342 94 27 behöflig
571 342 38 20 hos
625 342 134 27 regeringen.

220 370 156 21 Diskussionen
393 370 134 24 afstannade,
543 370 68 20 hvarå
622 370 48 20 herr
682 370 198 21 landtmarskalken
897 370 30 20 till
938 370 36 20 det

151 399 116 28 höglofliga
283 398 95 21 ståndets
395 398 116 27 afgörande
523 387 106 32 framlade
645 398 172 27 propositionen:

220 443 11 9 s
238 427 129 21 Godkänner
388 422 149 41 ridderskapet
561 426 38 21 och
623 426 62 21 adeln
704 426 119 21 utskottets
839 426 135 21 betänkande

152 455 91 21 rörande
259 457 118 18 momentet
392 455 12 21 5
419 455 6 20 i
441 455 41 20 den
499 455 76 27 nädiga
590 454 176 28 propositionen?

222 500 12 9 ,»
235 483 84 21 Vinner
334 483 43 28 nej,
393 483 110 21 bortfaller
518 483 37 20 det
570 483 22 21 af
606 483 107 20 utskottet
723 483 122 27 föreslagna
856 483 117 28 tillägget."

221 513 48 20 Den
285 512 95 32 begärda
395 511 39 21 och
450 511 97 21 anstälda
564 511 125 33 voteringen
706 511 61 21 utföll

368 540 6 21 i
391 541 53 19 1:sta
462 539 28 21 kl.
509 539 49 22 med
574 541 13 20 5
600 540 23 27 ja
640 539 39 21 och
695 541 13 47 A
724 540 46 27 nej,

368 569 6 20 i
390 568 59 21 2:dra
471 584 12 10 »
528 584 12 11 n»
573 569 45 24 2»
656 584 12 9 »
739 584 11 9 ”

368 597 6 20 i
390 597 56 27 3:dje
471 613 12 9 >»
528 613 11 9 5
694 569 12 48 å

150 626 6 20 i
173 625 115 28 anledning
304 625 76 21 hvaraf
400 627 117 18 momentet
535 613 133 32 förklarades
687 612 89 40 antaget
791 625 6 20 i
813 625 93 28 enlighet
924 625 49 20 med

150 655 153 26 lagutskottets
319 653 142 21 betänkande.

218 682 120 20 Momentet
360 682 12 20 6
396 681 134 28 godkändes;
553 683 119 19 momentet
696 682 11 20 7
732 681 125 21 föranledde
879 681 93 27 följande

149 710 132 21 diskussion:

217 738 59 21 Herr
292 745 48 14 von
355 738 152 20 Bonsdorff:
525 738 34 20 Då
574 738 60 20 detta
650 739 23 19 är
689 740 31 18 ett
736 738 84 28 tillägg,
837 745 45 14 som
898 738 20 28 ej
934 738 38 20 har

149 768 68 26 någon
241 767 69 27 grund
326 767 6 19 i
349 766 157 27 propositionen
531 766 39 21 och
591 766 20 27 ej
627 768 63 26 utgör
713 767 70 26 någon
805 766 131 28 förbättring
951 766 23 21 af

148 796 73 26 lagen,
237 795 68 21 skulle
318 795 38 27 jag
371 794 78 21 föreslå
465 797 30 18 att
511 797 118 18 momentet
645 794 67 21 skulle
728 794 87 21 alldeles
829 796 59 26 utgå.
912 795 59 20 Skall

149 823 36 21 det
201 824 34 20 stå
250 830 59 21 qvar,
320 824 23 20 så
359 823 39 21 bör
413 823 35 21 det
464 823 54 21 efter
533 823 43 20 min
593 823 85 27 mening
693 823 130 21 åtminstone
839 823 95 27 undergå
944 830 27 14 en

148 852 131 26 förändring.
312 851 45 21 Här
372 852 54 20 står:
443 868 12 8 ,,
457 851 62 21 Hvad
532 851 136 21 härförinnan
681 858 34 14 om
727 852 197 20 häradsnämndens
934 858 36 14 an-

149 880 93 28 tagande
258 882 24 18 är
298 880 120 27 stadgadt."
449 880 42 20 Det
507 880 38 20 har
561 880 58 20 förut
635 880 84 20 behöfts
732 880 33 27 sju
776 880 151 26 nämndemän,
938 880 33 20 för

149 911 32 18 att
197 916 25 13 en
239 908 122 21 häradsrätt
377 908 68 20 skulle
461 915 50 14 vara
525 908 92 26 domför,
633 914 47 14 men
695 908 96 20 härefter
801 908 75 21 behöfs
888 908 36 20 det
935 915 35 13 en-

148 937 48 21 dast
211 937 42 21 fem
270 936 53 21 eller
338 944 49 18 sex,
404 936 22 20 af
440 936 83 21 hvilken
540 936 115 28 anledning
670 936 62 20 ordet
749 953 4 9 ,
756 937 78 24 antal
851 936 37 21 här
905 936 65 21 borde

147 966 112 20 uteslutas.
290 965 11 20 I
317 965 48 20 dess
382 965 61 20 ställe
459 965 68 20 skulle
539 964 39 28 jag
593 965 51 27 vilja
660 964 88 28 tillägga
764 965 61 21 ordet
842 965 128 27 ,aflöning',

147 994 83 20 således.
254 993 134 27 ,,antagande
412 993 39 20 och
475 993 114 27 aflöning.''
621 994 53 19 Bäst
697 993 69 20 skulle
786 994 37 26 jag
839 994 63 19 likväl
919 1000 51 13 anse

148 1029 51 13 vara
215 1024 31 18 att
262 1021 95 21 utesluta
372 1023 127 24 momentet,
517 1021 89 20 emedan
623 1021 35 20 det
674 1022 24 19 är
714 1021 124 27 obehöfligt.

216 1049 102 21 Friherre
334 1057 49 13 von
399 1049 77 21 Born:
499 1049 10 20 I
525 1049 69 21 likhet
617 1050 47 20 med
681 1049 50 21 herr
747 1057 41 13 von
803 1049 117 22 Bonsdorff
933 1057 36 13 an-

147 1085 34 14 ser
195 1078 37 27 jag
248 1077 60 22 detta
324 1080 102 24 moment,
448 1079 69 20 såsom
540 1077 118 22 berörande
675 1080 31 19 ett
722 1079 73 26 ämne,
818 1079 87 20 hvarom
922 1085 46 20 pro-

146 1106 121 28 positionen
284 1106 120 28 egentligen
422 1106 47 21 icke
484 1106 96 26 handlar,
596 1107 72 20 kunna
684 1106 82 21 saklöst
776 1107 61 27 utgå,
849 1107 23 20 sä
883 1106 86 27 mycket

147 1141 44 14 mer
207 1141 45 14 som
269 1134 36 21 det
322 1134 75 28 tyckes
412 1134 63 21 hafva
491 1137 31 18 ett
538 1135 104 20 öfverflöd
658 1135 28 27 på
697 1135 47 25 ord,
757 1135 81 20 hvilket
849 1135 66 27 enligt
926 1136 42 19 min

147 1163 66 21 tanke
229 1163 71 20 kunde
317 1163 37 20 bra
371 1163 86 27 mycket
472 1163 101 20 minskas.
605 1163 42 28 Jag
666 1165 36 18 vet
720 1165 15 18 t.
752 1170 33 13 ex.
801 1163 48 21 icke
865 1163 54 20 hvad
936 1171 33 12 or-

145 1191 41 21 den
203 1191 41 27 ,,på
267 1191 74 28 hvarje
366 1191 90 20 särskild
478 1191 95 20 landsort
589 1191 140 27 vedertaget"
750 1193 51 26 göra
817 1191 43 21 der.
890 1191 79 21 Finnes

145 1219 118 28 någonting
286 1219 112 28 stadgadt,
422 1219 22 21 så
460 1220 31 20 får
507 1219 37 20 det
560 1221 27 26 på
602 1219 124 21 landsorten
746 1219 130 28 vedertagna
892 1220 77 20 bruket

145 1247 47 21 icke
209 1248 67 20 strida
291 1247 106 25 deremot,
414 1249 25 19 än
456 1248 81 20 mindre
554 1255 63 14 anser
630 1249 39 26 jag
684 1248 76 27 frågan
772 1255 33 14 om
817 1248 153 21 häradsnämn-

144 1276 52 21 dens
220 1276 95 27 aflöning
338 1276 52 20 höra
411 1276 37 21 hit.
479 1276 42 27 Jag
539 1283 64 14 anser
621 1276 86 21 derföre
722 1278 32 19 att
770 1278 116 19 momentet
903 1276 65 21 borde

145 1304 44 21 helt
205 1304 39 21 och
260 1304 66 21 hållet
342 1305 58 26 utgå.

211 1332 59 20 Herr
286 1339 47 14 von
354 1332 78 21 Born:
456 1332 41 21 Till
520 1333 26 20 de
571 1333 45 20 skäl
636 1339 46 14 som
698 1333 26 20 de
739 1333 130 27 föregående
885 1333 82 19 talarne

142 1360 118 26 framstält,
283 1360 40 21 ber
342 1361 39 27 jag
403 1362 32 19 att
454 1360 21 21 få
490 1360 88 28 tillägga
594 1363 41 23 att,
652 1361 66 27 enligt
734 1361 42 20 min
795 1361 62 27 åsigt,
873 1361 41 20 alla
929 1361 38 19 här

143 1388 102 28 vidtagna
260 1388 116 28 ändringar
393 1390 67 20 måste
476 1389 33 20 stå
524 1389 7 20 i
547 1389 104 21 samband
667 1389 49 21 med
732 1389 48 21 hela
796 1389 170 27 propositionens

142 1416 57 28 syfte
215 1417 39 21 och
271 1417 111 27 ändamål,
398 1418 105 26 nemligen
519 1417 192 26 kämnersrätters,
732 1418 176 27 lagmansrätters
928 1417 38 20 och

142 1445 195 28 riddaresynerätts
360 1445 136 28 indragning,
521 1448 56 18 samt
600 1446 90 28 ändring
709 1446 52 21 eller
780 1446 150 27 upphäfvande
947 1446 23 20 af
