1078 1678
201 59 41 21 144

170 117 36 20 mä
221 116 39 21 der
274 115 92 27 införas,
381 115 134 21 alldenstund
531 115 60 21 2:dra
607 117 118 19 momentet
740 116 56 21 blott
806 115 33 21 för
850 116 145 28 tydlighetens

171 145 56 20 skull
244 145 124 48 WHA
384 144 26 21 de
425 144 124 27 inkomster,
566 151 45 13 som
627 144 49 20 med
688 145 105 26 tjenstens
803 144 128 28 indragning
942 151 53 20 upp-

171 168 58 35 höra.
294 172 74 28 hvarje
392 172 99 21 händelse
515 179 64 14 anser
595 173 50 26 jag,
664 174 32 19 att
712 172 150 27 ridderskapet
878 173 39 20 och
933 173 61 20 adeln

171 202 54 19 först
249 201 39 20 bör
309 203 59 25 yttra
391 201 37 27 sig,
452 201 103 20 huruvida
571 201 67 20 saken
658 201 38 20 alls
716 207 59 14 mera
795 201 41 20 kan
853 201 141 21 underkastas

172 229 130 21 diskussion.

241 257 58 20 Herr
315 257 121 21 Bläfield:
459 257 58 20 Herr
532 264 41 13 von
590 257 148 20 Nandelstadh
753 257 55 20 hade
819 257 65 20 redan
896 257 46 21 före
953 257 41 21 den

171 285 195 28 sistförsiggängna
380 285 125 27 voteringen
521 286 58 27 gjort
594 292 81 14 samma
690 285 125 27 pästäende,
833 285 81 21 hvilket
930 286 63 20 äfven

171 314 70 21 blifvit
250 313 136 25 understödt,
398 314 23 20 sä
432 315 31 19 att
474 313 53 21 hans
538 313 57 21 talan
609 313 7 21 i
629 313 41 21 den
685 313 62 21 delen
756 314 66 20 borde
831 320 51 14 vara
893 314 101 20 bevarad.

241 341 58 21 Herr
315 348 46 14 von
378 341 122 27 Kremer,
516 341 37 27 C.,
577 342 98 20 erinrade
696 344 31 18 att
743 342 62 20 äfven
821 341 67 21 andra
903 342 89 26 tjenste-

173 372 55 25 män,
244 372 16 18 t.
272 376 34 14 ex.
323 370 154 26 forstmästare,
493 370 54 20 hade
564 370 169 28 resepenningar
748 370 32 27 sig
796 370 107 27 anslagna.

242 398 101 21 Friherre
359 405 47 13 von
423 398 79 26 Troil,
519 398 21 20 8.
557 398 46 20 W.:
619 398 10 20 I
646 398 102 21 händelse
759 398 167 27 resepenningar
934 398 61 19 skola

173 429 113 25 upptagas,
303 427 24 28 sä
342 427 69 20 mäste
426 426 27 21 de
468 426 80 21 införas
564 427 6 20 i
586 427 67 20 första
671 428 128 25 momentet;
817 426 40 21 och
873 433 44 14 som
934 425 60 21 detta

172 455 65 21 redan
254 456 24 19 är
293 455 23 20 af
330 455 85 20 ståndet
430 455 137 20 oförändradt
583 457 98 25 antaget,
698 455 24 20 sä
738 456 36 19 vet
787 455 38 27 jag
833 454 54 27 icke,
899 461 32 14 om
949 454 44 21 deri

173 491 59 13 mera
247 483 71 28 nägon
335 483 90 28 ändring
440 483 40 20 kan
497 484 71 27 göras.

242 511 58 21 Herr
321 511 195 21 landtmarskalken
532 511 159 21 öfverlemnade
707 511 32 20 till
755 511 96 20 ständets
867 511 125 27 afgörande,

173 547 35 14 om
223 540 48 21 icke
287 539 93 27 ständet,
396 540 102 20 ehuruväl
513 540 75 27 frägan
605 546 34 14 om
654 539 169 28 resepenningar
839 539 65 21 redan
916 546 76 20 genom

172 568 130 28 föregående
318 569 98 26 votering
432 575 37 14 var
483 568 94 27 afgjord,
597 567 65 21 likväl
681 567 50 21 med
751 567 100 21 afseende
866 568 12 20 å
894 567 35 20 det
945 574 48 20 spe-

173 597 54 21 ciela
242 597 92 20 intresse
350 597 68 20 denna
433 596 60 27 fråga
508 596 54 27 egde
578 596 33 20 för
626 596 109 27 åtskilliga
758 595 131 21 närvarande
910 595 83 20 ständs-

173 625 145 26 medlemmar,
334 625 49 20 ville
399 626 55 19 ännu
469 631 26 14 en
511 625 56 26 gång
583 624 67 20 uttala
666 624 33 27 sig
715 625 84 26 derom;
815 623 50 22 derä
876 623 38 22 och
927 624 65 20 sedan

173 653 71 21 härtill
261 653 86 20 bifallits
363 653 94 27 följande
473 652 131 28 proposition
621 652 153 21 framställdes:

242 697 12 9 »
256 680 43 21 Vill
322 681 150 27 ridderskapet
487 681 40 20 och
543 680 74 25 adeln,
633 682 31 18 att
680 680 169 27 resepenningar
864 680 61 20 skola
940 680 53 20 infö-

175 717 34 13 ras
224 710 65 20 bland
305 709 26 21 de
346 709 162 26 löneförmäner,
524 708 36 21 vid
575 708 73 21 hvilka
663 709 129 27 tjenstemän
801 708 52 21 böra
863 708 35 20 vid
908 708 84 27 indrag-

174 739 51 27 ning
241 737 24 21 af
278 737 62 21 deras
356 738 91 27 tjenster
463 736 131 22 bibehällas?

243 782 11 8 »
257 766 82 24 Vinner
354 766 42 27 nej,
412 765 93 21 förfaller
520 765 97 27 frågan".

245 794 108 20 Häröfver
369 793 114 22 anställdes
498 794 27 27 på
540 793 94 27 begäran
650 793 100 27 votering
762 793 39 21 och
813 793 74 20 utföllo
898 794 96 19 rösterna

174 822 74 22 dervid
264 823 68 20 inom:

392 851 52 19 1:sta
462 850 28 20 kl.
505 850 49 20 med
584 850 13 20 2
610 850 23 27 ja
648 850 40 20 och
704 850 12 20 6
730 850 46 26 nej,

392 878 58 32 2:dra
469 894 11 10 i
525 894 12 10 »
585 879 45 25 2»
664 894 11 9 »
704 879 54 24 4»

392 906 56 28 S:dja
469 923 35 9 3.
525 907 72 25 41.18
619 922 11 9 a
664 922 12 10 mo
704 907 55 24 Ow

243 936 47 20 Och
306 936 28 20 dä
349 935 158 27 propositionen
524 935 89 21 sälunda
627 935 57 20 inom
700 934 37 20 tvä
753 934 80 20 klasser
849 933 97 21 nekande
960 934 34 20 be-

174 967 93 24 svarats,
287 964 68 20 skulle
373 964 74 26 frägan
462 970 33 14 om
511 963 179 27 resepenningars
707 962 110 21 införande
833 962 30 20 uti
882 963 52 19 1:sta
950 969 44 13 mo-

174 995 82 18 mentet
272 992 23 20 af
310 992 161 27 ifrågavarande
488 992 11 26 $
515 991 90 20 förfalla.

242 1021 11 20 I
270 1019 222 22 öfverensstämmelse
508 1019 48 20 med
573 1019 49 20 dess
638 1019 70 20 beslut
728 1018 131 21 beträffande
878 1020 117 19 momentet

176 1051 8 19 1
203 1049 48 27 af
245 1042 11 38 8
272 1049 9 20 1
302 1048 113 28 godkände
438 1048 84 20 ståndet
541 1048 27 26 pä
587 1047 156 27 framställning
766 1047 22 20 af
809 1047 49 20 herr
881 1046 114 21 landtmar-

175 1078 90 20 skalken
289 1077 36 20 det
348 1077 49 20 med
420 1076 40 20 den
483 1076 77 27 nådiga
583 1075 161 28 propositionen
763 1075 233 20 öfverensstämmande

174 1107 68 19 första
258 1105 138 21 alternativet
412 1104 31 21 till
458 1104 59 21 2:dra
533 1106 117 19 momentet
666 1104 22 20 af
703 1111 81 13 samma
799 1103 18 27 8.

561 1150 48 26 82

243 1190 84 21 Härvid
343 1189 95 22 tillsades
453 1189 27 28 pä
496 1189 92 21 begäran
605 1188 72 21 ordet:

244 1219 57 20 Herr
316 1219 27 20 af
356 1217 143 26 Forselles,
534 1225 27 18 Fr.,
581 1224 45 13 som
649 1217 96 27 yttrade:
768 1216 42 27 Jag
826 1215 68 21 skulle
913 1215 83 21 anhälla

175 1250 32 20 att
230 1247 66 22 orden
316 1247 42 27 ,,på
376 1246 77 20 allmän
477 1246 91 21 civilstat
591 1245 52 21 eller
666 1245 104 20 auditörs-
790 1244 51 21 eller
856 1244 140 27 läkaretjenst

175 1277 35 22 vid
225 1276 165 21 militärstaten**
406 1274 71 21 kunde
492 1275 57 26 utgå,
566 1275 23 20 sä
605 1276 32 18 att
658 1274 5 26 $
680 1273 85 20 komme
782 1275 31 18 att
828 1272 58 27 lyda:
908 1271 88 26 ,Indra-

176 1313 37 21 ges
229 1304 85 22 embete
334 1303 53 21 eller
409 1303 66 27 tjenst
498 1303 39 20 och
555 1302 39 21 har
611 1301 167 21 innehafvaren'
795 1303 40 18 etc.
865 1301 131 26 Derigenom

177 1336 83 19 komme
277 1333 71 19 denna
354 1325 14 37 $
391 1333 31 18 att
437 1331 56 27 gälla
509 1331 50 24 alla,
583 1330 58 20 säväl
664 1330 62 20 civila
742 1336 44 13 som
802 1329 92 20 militära
908 1329 88 26 tjenste-

176 1364 48 19 män
248 1360 39 22 och
308 1360 38 27 jag
369 1359 67 21 skulle
459 1366 51 13 anse
533 1358 37 21 det
588 1359 87 24 rättast,
694 1360 32 18 att
744 1357 62 20 alla
802 1352 11 39 i
823 1357 59 20 detta
897 1356 101 20 afseende

176 1398 51 13 vore
250 1388 114 22 likställda.
394 1387 10 20 I
422 1387 53 28 följd
493 1387 22 21 af
532 1386 69 21 denna
623 1386 125 26 förändring
771 1384 70 22 kunde
862 1385 48 20 hela
929 1385 11 26 $
959 1385 12 19 3
991 1384 5 20 i

177 1420 40 19 den
232 1418 79 27 nädiga
326 1416 159 28 propositionen
502 1416 57 26 utgä.
591 1414 48 20 Man
655 1414 69 20 skulle
740 1414 73 26 tycka,
825 1415 32 19 att
867 1413 131 20 militärerna

177 1447 123 26 derigenom
317 1444 68 21 skulle
401 1444 79 20 erhälla
495 1450 25 14 en
538 1442 95 29 betydlig
650 1442 122 26 tillökning,
792 1442 38 20 och
849 1443 31 19 att
895 1440 101 21 statskas-
