1078 1678
197 66 27 21 50

169 123 95 27 åsigten,
287 123 32 20 att
338 121 36 21 det
391 121 48 21 icke
458 121 66 21 borde
543 121 86 28 åläggas
648 121 69 20 lärare
733 121 70 20 såsom
819 127 27 14 en
862 121 131 28 skyldighet,

169 153 52 19 utan
244 152 33 19 att
300 150 36 21 det
354 150 67 20 borde
439 149 52 21 bero
511 150 26 27 på
556 149 47 21 dem
619 149 77 28 sjelfva
711 151 31 18 att
758 149 62 20 ställa
836 149 85 21 ombud.
952 149 42 28 Jag

169 186 63 14 anser
255 178 85 21 derföre
363 180 32 19 att
418 178 36 21 det
473 179 39 19 bör
530 179 33 19 stå
583 178 47 20 dem
651 177 46 21 fritt
712 179 32 19 att
760 177 74 21 skicka
850 184 25 14 en
892 179 51 19 eller
958 179 36 19 två

170 209 175 26 representanter
360 207 33 20 för
409 206 73 27 hvarje
498 206 55 27 stift,
571 206 39 21 och
626 208 31 19 att
673 205 142 21 redaktionen
831 206 83 21 således
926 206 68 21 skulle

169 236 67 21 blifva
252 236 24 25 ,,1
295 235 51 21 eller
362 236 12 19 2
390 235 33 20 för
438 235 73 26 hvarje
527 235 67 20 stift..<
624 234 44 21 Det
684 234 41 21 kan
739 235 24 26 ju
779 234 70 21 hända
865 237 32 18 att
911 235 83 20 lärarne

169 264 36 21 vid
220 264 127 20 läroverken
363 263 6 20 i
385 263 66 27 något
466 263 45 20 stift
527 263 68 20 önska
611 263 62 20 ställa
688 263 52 20 flera
756 265 180 24 representanter.

238 291 101 21 Friherre
354 298 47 13 von
417 291 78 20 Born:
511 291 42 28 Jag
567 291 152 20 underkänner
734 291 54 20 visst
803 291 47 20 icke
866 291 36 21 det
913 291 80 28 vigtiga

171 321 55 25 skäl,
242 322 32 18 att
290 319 159 27 presteståndet
465 319 68 21 skulle
550 320 63 20 hafva
628 319 87 27 mycket
730 326 56 20 gagn
798 326 77 20 genom
886 322 31 18 att
930 319 64 21 bland

171 349 32 27 sig
224 348 142 27 inkorporera
386 348 79 26 jemväl
484 348 139 20 medlemmar
641 348 23 20 af
682 347 162 27 lärarekorpsen
861 347 34 21 vid
910 348 84 20 landets

171 376 79 26 skolor,
267 376 70 20 såsom
353 376 66 20 också
433 376 6 20 i
456 376 40 20 den
512 376 79 28 nådiga
606 376 161 27 propositionen
783 375 99 27 föreslås,
896 383 47 13 men
957 376 37 26 jag

171 411 63 14 anser
250 404 55 20 dock
321 406 31 18 att
368 404 36 20 det
420 404 56 21 antal
492 404 126 25 skollärare,
635 411 45 13 som
694 404 40 20 den
746 403 77 28 nådiga
835 405 157 26 propositionen

170 435 112 25 upptager,
304 434 23 19 är
347 431 123 28 tillräckligt
488 432 33 21 för
540 432 166 27 presteständet.
736 432 73 20 Skulle
825 432 117 21 utskottets
958 432 35 21 be-

171 461 109 21 tänkande
304 462 99 25 antagas,
428 460 70 21 kunde
521 461 82 20 landets
622 459 124 22 nuvarande
764 462 33 19 tre
817 460 45 21 stift
878 461 62 20 ställa
956 467 37 14 sex

171 491 175 26 representanter
364 489 23 20 af
408 489 171 27 lärarekorpsen.
610 489 40 20 Om
674 496 48 13 man
743 489 129 20 inberäknar
892 489 101 20 universi-

171 520 65 19 tetets
253 520 78 18 tvenne
348 519 180 26 representanter,
544 519 38 26 gör
599 518 36 19 det
650 517 141 20 tillsammans
802 517 45 20 åtta
858 517 78 21 ombud
948 517 45 20 från

171 545 246 28 undervisningsverken
434 546 4 19 i
454 545 79 21 landet.
563 545 35 21 Då
616 545 81 21 antalet
716 545 23 20 af
753 545 168 27 presteståndets
937 546 57 20 leda-

171 576 69 19 möter
255 574 48 21 icke
319 574 82 27 uppgår
416 574 30 20 till
460 581 45 13 mer
520 575 26 19 än
562 575 67 26 några
644 573 39 21 och
699 574 71 27 tjugu,
787 573 68 21 skulle
871 574 62 21 dessa
949 575 45 19 åtta

171 603 86 20 komma
272 604 32 19 att
320 603 76 26 utgöra
412 608 24 14 en
453 609 42 20 nog
510 604 45 18 stor
571 602 33 21 del
621 603 22 19 af
658 602 94 26 ståndet,
770 601 37 21 och
825 602 59 21 detta
900 603 56 20 antal
973 603 22 20 af

170 631 176 26 lärarekorpsens
366 633 175 24 representanter
559 631 70 20 kunde
645 632 26 19 än
688 637 46 14 mer
750 630 61 27 ökas,
828 631 42 20 ifall
886 637 25 14 en
928 633 65 25 ytter-

171 659 67 27 ligare
254 659 87 27 delning
356 659 22 20 af
392 659 73 19 stiften
481 659 96 20 kommer
593 661 31 18 att
640 666 40 20 ega
696 666 53 13 rum.
775 658 42 28 Jag
833 666 62 13 anser
911 659 82 20 således

171 689 32 19 att
225 688 33 19 för
281 687 36 20 det
340 687 132 20 närvarande
491 687 38 20 och
549 688 64 20 innan
633 687 100 20 skolorna
752 687 63 20 vinna
830 694 24 13 en
871 688 73 26 möjlig
959 689 35 18 ut-

171 716 125 26 sträckning
312 715 36 20 det
363 716 23 19 är
402 715 131 27 tillräckligt,
551 717 31 19 att
598 715 159 28 presteståndet
772 715 56 20 inom
845 715 32 27 sig
887 718 107 24 upptager

172 746 75 18 trenne
270 744 78 25 lärare,
372 750 25 14 en
418 744 46 20 från
484 744 74 26 hvarje
577 744 55 26 stift,
652 744 39 20 och
711 744 32 20 får
756 744 38 26 jag
809 743 84 21 derföre
908 744 85 20 förorda

173 772 57 20 bifall
247 772 32 20 till
295 772 56 20 hvad
367 772 158 27 propositionen
543 772 5 20 i
566 772 60 20 detta
641 772 101 20 afseende
759 772 122 20 innehåller.

241 800 57 20 Herr
321 800 140 20 Järnefelt:
484 800 42 28 Jag
545 808 63 13 anser
627 802 31 18 att
678 807 25 13 en
719 800 158 28 medborgerlig
892 800 101 27 rättighet

173 829 38 20 bör
234 828 86 28 åtföljas
339 828 23 20 af
378 829 149 19 motsvarande
544 828 129 28 skyldighet.
704 828 42 27 Jag
762 828 32 20 får
809 829 83 20 derföre
908 829 85 20 förorda

172 857 40 20 den
229 856 20 21 af
259 857 113 20 utskottet
387 856 120 28 föreslagna
523 857 146 20 redaktionen.
694 856 138 21 Beträffande
847 857 89 20 friherre
952 864 40 13 von

173 885 68 21 Borns
258 885 150 27 anmärkning,
426 887 31 18 att
472 885 129 21 skolverken
620 885 68 21 skulle
707 885 65 21 blifva
786 885 33 20 för
834 886 73 20 talrikt
922 892 71 20 repre-

172 913 124 27 senterade,
311 914 57 20 inser
382 914 38 26 jag
434 913 33 20 för
481 914 42 20 min
540 914 33 20 del
590 914 47 20 icke
653 916 65 18 annat
734 914 26 20 än
777 915 31 19 att
825 914 85 20 ståndet
926 914 67 20 skulle

172 942 63 20 vinna
250 942 76 26 derpå,
343 942 39 20 och
398 944 31 18 att
445 942 26 20 de
486 942 71 20 alltför
575 942 113 20 exklusiva
703 942 120 20 intressena
838 942 56 20 inom
910 942 84 20 ståndet

171 970 69 20 skulle
263 970 65 20 blifva
350 970 177 26 neutraliserade,
552 970 98 21 hvarföre
671 971 39 27 jag
725 970 6 20 i
747 970 41 20 allo
807 970 32 21 får
858 971 74 20 förena
950 971 44 26 mig

173 998 48 21 med
245 998 26 20 de
295 998 77 27 talare,
392 1005 45 14 som
456 998 6 20 i
482 998 60 21 detta
561 999 101 20 afseende
681 998 126 21 understödt
826 999 116 20 utskottets
958 999 35 19 be-

172 1026 114 21 tänkande.

220 1074 6 3 .
241 1055 50 20 Med
314 1055 114 26 anledning
448 1055 23 20 af
491 1055 56 20 hvad
567 1055 89 21 sålunda
674 1055 111 26 förefallit,
800 1055 130 21 framställde
946 1055 48 20 herr

173 1083 195 20 landtmarskalken
385 1083 31 20 till
432 1083 161 28 ridderskapets
609 1083 39 21 och
665 1083 74 21 adelns
755 1083 133 21 besvarande
902 1083 92 28 följande

173 1111 22 20 af
209 1111 86 20 ståndet
308 1111 112 28 justerade
435 1112 143 27 proposition:

242 1139 144 25 »Godkänner
402 1139 149 28 ridderskapet
567 1141 40 20 och
623 1140 61 21 adeln
701 1140 66 21 andra
778 1142 116 19 momentet
906 1140 43 27 af
940 1135 9 36 &
962 1141 32 24 12,

173 1169 23 20 så
211 1168 98 21 affattadt
325 1175 44 13 som
386 1168 107 21 utskottet
507 1169 121 27 föreslagit,
644 1168 48 21 med
709 1168 51 21 eller
776 1171 49 18 utan
842 1169 96 26 ändring.

242 1196 96 25 »Vinner
360 1197 46 26 nej,
429 1199 90 25 antages
539 1197 66 20 andra
620 1199 118 18 momentet
758 1197 22 20 af
798 1204 80 13 samma
897 1197 11 26 $
928 1197 4 20 i
952 1197 40 20 den

172 1225 78 27 nådiga
266 1225 181 26 propositionen",

242 1258 48 21 Den
305 1259 51 20 härå
372 1259 81 20 äskade
469 1259 160 28 omröstningen
646 1259 72 27 aflopp
733 1259 28 27 på
775 1259 94 27 följande
885 1261 51 22 sätt:

376 1299 5 32 i
399 1299 52 20 1:sta
466 1298 28 21 kl.
510 1299 48 20 med
590 1299 23 20 11
629 1299 23 27 ja
668 1298 39 21 och
723 1299 13 19 8
752 1299 46 26 nej,

375 1333 7 25 1
398 1327 51 32 2dra
476 1343 13 10 m”
532 1343 13 10 »
591 1328 57 25 Bn
685 1342 13 11 »
724 1327 51 26 5»

375 1362 6 12 1
396 1354 50 28 3dje
477 1371 12 11 ”
534 1371 12 11 ”
591 1356 26 20 23
637 1371 13 11 ”
686 1371 14 10 ”
725 1355 13 20 4
764 1370 12 11 ”

241 1394 34 21 Då
288 1395 24 27 ja
326 1394 90 21 sålunda
431 1395 74 20 vunnit
521 1395 5 19 i
542 1395 75 27 hvarje
631 1394 23 20 af
663 1394 27 20 de
702 1397 76 17 trenne
789 1394 119 26 klasserna,
918 1395 78 20 förkla-

173 1423 61 21 rades
250 1425 118 19 momentet
384 1425 87 25 antaget
486 1424 6 19 i
508 1423 95 27 enlighet
619 1422 48 21 med
684 1423 40 20 den
735 1422 23 21 af
767 1423 105 20 utskottet
883 1423 114 24 förordade

172 1452 148 20 redaktionen.
