1078 1678
839 80 41 20 473

88 144 37 13 nas
141 136 174 27 missräkningar,
326 135 40 22 och
377 135 76 26 tillika,
466 142 33 14 om
512 136 92 27 möjligt,
619 135 57 28 sörja
692 136 32 20 för
740 138 32 18 att
788 136 63 21 dessa
861 137 7 20 i
879 143 26 14 en

88 165 85 20 framtid
189 165 19 26 ej
224 165 54 26 ånyo
294 171 114 20 upprepas.
439 164 76 21 Såsom
531 171 27 14 en
572 165 23 20 af
609 165 25 19 de
651 164 168 21 verksammaste
835 165 70 28 åtgär-

88 193 37 20 der
140 193 33 20 för
189 193 131 20 sistnämnda
342 192 97 21 ändamål
458 192 104 28 förtjenar
577 195 52 18 utan
649 193 72 20 tvifvel
737 193 122 21 framhållas
874 194 31 20 in-

89 221 97 20 rättande
209 221 56 20 inom
288 221 72 20 landet
380 221 23 20 af
419 223 31 18 ett
466 221 66 27 högre
548 221 108 26 läroverk,
673 228 45 14 som
734 221 68 21 skulle
818 222 89 27 erbjuda

89 249 80 21 tillfälle
186 250 30 20 till
232 249 149 21 förvärfvande
397 249 23 20 af
433 249 42 21 den
491 249 96 28 bildning
603 249 38 21 och
653 249 26 21 de
691 250 128 27 kunskaper,
836 251 71 21 hvilka

89 279 36 19 äro
142 279 23 20 så
181 278 134 27 nödvändiga
330 278 34 20 för
378 280 32 19 att
426 278 72 21 kunna
518 278 101 21 rationelt
635 278 39 21 och
690 278 166 28 framgångsrikt
872 280 34 20 be-

89 306 68 21 drifva
172 306 111 27 praktiska
298 306 75 27 yrken.

157 335 106 20 Behofvet
284 335 23 20 af
328 336 31 19 ott
382 335 75 20 sådant
480 335 99 20 läroverk
603 335 38 20 har
657 335 54 26 ofta,
731 335 63 21 äfven
811 335 96 28 officielt,

90 362 68 22 blifvit
173 362 97 21 uttaladt.
301 362 274 22 Manufakturdirektionen
592 363 37 21 har
645 363 6 20 i
667 364 37 20 sitt
718 363 146 29 underdåniga
875 366 32 19 ut-

90 391 84 21 låtande
190 391 110 27 angående
316 391 98 28 åtgärder
430 392 31 19 till
476 392 147 26 befrämjande
638 391 23 20 af
672 392 70 20 finska
752 392 104 21 industrin
868 393 39 20 och

91 419 229 28 bergshandteringen,
344 419 88 28 afgifvet
452 419 40 21 den
517 420 26 20 28
559 419 90 21 Januari
666 420 60 27 1857,
742 421 100 27 framlagt
860 421 48 20 full-

90 448 94 27 ständigt
200 447 79 28 förslag
294 448 31 21 till
340 449 31 20 ett
387 447 66 28 högre
469 448 100 20 läroverk
580 448 34 20 för
626 448 124 21 utbildande
762 449 22 20 af
794 449 112 27 mekanici,

90 477 126 26 ingeniörer,
232 476 124 26 arkitekter,
372 476 159 27 landtbrukare,
548 476 113 26 forstmän,
678 477 145 27 handelsmän,
840 485 26 13 m.
878 478 28 27 fl.,

91 505 39 20 och
145 505 31 20 uti
192 505 40 20 den
247 505 63 20 47:de
325 505 23 20 af
362 505 25 20 de
402 504 79 28 frågor,
500 511 46 14 som
562 505 27 20 H.
606 505 27 20 K.
650 505 102 27 Majestät
767 506 6 19 i
789 506 66 21 nåder
870 507 37 20 be-

91 533 81 27 hagade
187 534 24 20 år
227 533 53 21 1862
295 533 110 27 förelägga
420 533 132 27 deputerade
568 533 23 21 af
605 533 83 20 landets
704 533 47 28 fyra
762 534 72 27 stånd,
846 535 61 20 äska-

91 563 37 20 des
144 561 63 22 äfven
222 563 32 19 att
267 561 77 28 nödiga
360 561 69 21 medel
453 561 64 21 borde
541 561 92 21 beredas
650 562 34 20 för
704 562 121 21 inrättande
841 563 23 20 af
876 565 32 19 ett

91 590 68 28 dylikt
174 590 108 27 läroverk;
299 590 71 21 vidare
386 590 38 20 har
439 597 49 14 man
504 597 77 20 genom
597 590 100 21 tekniska
709 591 117 20 realskolan
838 591 7 20 i
855 591 53 22 Hel-

91 619 100 27 singfors,
207 618 65 21 Evois
287 618 139 21 forstinstitut
441 620 56 19 samt
514 618 99 21 Mustiala
629 619 213 21 landtbruksinstitut
859 621 48 20 sökt

91 647 50 28 fylla
156 647 162 27 ifrågavarande
334 647 70 20 behof.

159 675 96 21 Emedan
275 676 26 19 de
319 674 37 22 här
379 674 139 28 uppräknade
536 675 126 21 läroverken
682 676 54 20 varit
755 676 91 21 afskilda
861 676 46 22 från

92 704 128 26 hvarandra,
236 703 64 21 hafva
316 703 26 21 de
358 703 118 21 emellertid
491 704 116 27 ingalunda
622 704 92 20 medfört
730 704 36 20 det
776 712 66 20 gagn,
856 706 52 20 hvil-

92 732 36 20 ket
143 732 68 20 skulle
235 733 81 19 ernåtts
338 738 78 21 genom
431 738 26 14 en
474 732 115 27 högskola,
607 732 131 21 omfattande
754 740 81 14 samma
851 734 57 26 fack,

92 767 45 13 som
153 767 28 13 nu
197 762 35 19 äro
255 760 109 21 fördelade
379 761 27 26 på
421 760 106 21 isolerade
547 760 105 21 läroverk.
682 760 84 22 Endast
786 761 123 28 derigenom

92 791 31 18 att
139 788 26 21 de
181 789 77 27 medel,
274 790 32 20 ett
322 789 23 20 så
360 788 46 21 litet
422 788 44 21 folk
482 796 45 13 som
545 789 46 20 vårt
607 789 30 20 till
653 789 91 21 berörda
754 789 99 21 ändamål
868 791 41 20 för-

93 818 44 20 mår
153 817 107 27 uppoffra,
275 817 47 21 icke
339 817 103 27 splittras,
459 818 42 20 kan
517 824 48 14 man
581 818 83 26 hoppas
680 818 72 27 uppnå
767 818 141 22 tillfredsstäl-

92 845 62 21 lande
169 846 120 21 resultater.
320 845 74 21 Redan
410 846 23 20 af
446 846 69 21 blotta
531 846 139 20 ekonomiska
686 846 46 20 skäl
748 853 50 14 vore
814 847 35 21 det
863 848 47 20 der-

92 874 45 20 före
153 874 63 27 högst
232 874 102 28 önskligt,
357 875 31 19 att
412 874 40 20 den
469 874 66 27 högre
551 874 148 28 utbildningen
714 874 32 21 för
762 874 69 22 skilda
846 876 63 27 prak-

94 902 55 20 tiska
165 902 67 27 yrken
249 902 79 21 skedde
344 902 35 20 vid
395 904 31 18 ett
441 902 109 27 läroverk,
567 910 46 13 som
625 903 67 20 skulle
704 903 89 21 omfatta
803 903 48 21 dem
862 904 47 21 alla.

94 930 49 20 Men
166 932 31 18 ett
220 930 76 21 sådant
318 930 98 21 läroverk
438 930 39 21 har
496 931 89 20 framför
603 931 105 21 isolerade
724 931 103 27 derjemte
844 932 66 21 andra

93 960 56 19 ännu
165 959 104 27 vigtigare
284 958 132 27 företräden;
432 959 64 21 bland
512 959 63 21 dessa
591 960 34 20 må
640 960 78 20 tillåtas
734 960 43 27 mig
792 960 117 28 framhålla,

93 989 32 18 att
141 989 31 18 ett
187 990 132 24 gemensamt
334 987 99 21 läroverk
451 988 82 20 lemnar
551 987 82 21 tillfälle
652 988 33 20 för
700 988 99 20 eleverne
815 989 31 20 till
861 989 49 20 vida

93 1015 161 27 fullständigare
270 1015 39 21 och
324 1022 58 13 mera
398 1015 131 21 omfattande
547 1015 80 21 studier
638 1017 26 20 än
676 1016 34 20 vid
721 1016 90 21 afskilda
822 1017 88 27 special-

92 1044 99 19 läroverk
214 1043 72 21 kunna
308 1043 117 28 bedrifvas,
449 1046 55 18 samt
520 1046 85 19 närmar
620 1044 31 21 till
666 1045 120 20 hvarandra
801 1052 108 20 personer,

93 1078 45 14 som
155 1072 85 20 komma
262 1074 31 19 att
310 1079 54 20 egna
383 1072 32 27 sig
430 1073 22 20 åt
469 1073 56 20 olika
541 1073 79 26 yrken,
637 1073 38 20 och
692 1073 91 27 ingifver
799 1073 48 21 dem
863 1074 46 21 akt-

93 1100 50 27 ning
159 1100 62 21 äfven
237 1101 33 20 för
284 1101 78 20 andras
378 1101 99 26 kunskap
493 1101 40 20 och
551 1101 78 20 andras
645 1101 79 21 arbete.
756 1101 34 21 De
804 1102 106 21 isolerade

93 1128 150 21 fackskolorna
259 1129 95 20 medföra
370 1129 108 21 dessutom
499 1129 41 20 den
557 1129 121 28 beklagliga
696 1129 123 28 olägenhet,
836 1132 32 19 att
884 1131 26 20 de

93 1163 56 20 unge
165 1158 60 25 män,
240 1164 45 13 som
301 1157 35 21 vid
351 1157 47 20 dem
416 1157 52 20 söka
483 1157 91 28 inträde,
591 1159 36 19 äro
644 1157 122 22 nödsakade
782 1161 76 24 genast
874 1159 36 20 be-

93 1186 90 19 stämma
199 1185 32 27 sig
246 1185 32 21 för
294 1187 30 19 ett
340 1185 52 21 visst
409 1185 87 28 specielt
512 1186 63 27 yrke,
592 1186 66 21 ehuru
675 1188 31 19 ett
721 1187 75 20 sådant
812 1187 34 20 val
861 1187 49 21 med

93 1220 59 13 mera
167 1214 93 27 mognad
274 1215 7 19 i
297 1214 107 21 omdömet
419 1214 68 21 skulle
503 1215 72 20 kunna
597 1216 63 25 göras
672 1216 57 19 emot
740 1215 65 20 slutet
816 1215 23 21 af
847 1215 63 21 deras

93 1241 102 21 studiitid.
225 1242 115 21 Likaledes
361 1242 74 27 tyckes
459 1242 46 27 det,
528 1245 41 25 att,
592 1243 7 20 i
621 1243 36 20 fall
679 1243 35 20 vid
736 1243 121 28 utbildning
879 1244 31 20 till

93 1270 112 27 praktiska
220 1271 67 27 yrken
303 1271 114 20 fastställes
433 1273 32 18 ett
476 1273 81 26 system
573 1271 23 21 af
609 1271 46 21 frän
672 1271 119 22 hvarandra
805 1272 105 21 isolerade

93 1299 98 20 läroverk
206 1299 6 20 i
228 1299 70 21 stället
319 1299 34 20 för
368 1301 32 18 ett
415 1299 54 21 enda
485 1302 143 25 gemensamt,
647 1307 48 14 man
714 1300 73 21 dervid
805 1300 63 27 följer
884 1307 26 14 en

93 1329 88 18 motsatt
204 1327 81 27 princip
308 1329 57 19 emot
381 1327 51 26 den,
451 1327 86 21 hvilken
553 1328 68 28 ligger
637 1329 29 19 till
683 1329 69 27 grund
768 1329 32 20 för
816 1329 37 20 vär
868 1329 42 20 tids

93 1355 132 20 bemödande
242 1357 30 19 att
288 1356 90 20 afskaffa
394 1356 161 20 skräväsendet.

162 1383 108 21 Tekniska
288 1384 120 21 realskolan
423 1384 6 20 i
446 1384 135 27 Helsingfors
600 1385 38 20 har
652 1385 126 27 isynnerbet
796 1384 67 21 under
878 1392 32 14 se-

92 1418 51 14 nare
159 1412 51 20 ären
226 1412 130 20 fortfarande
372 1412 115 27 undergätt
503 1419 26 14 en
545 1413 79 27 mängd
638 1413 108 27 betydliga
756 1413 155 27 förändringar,

93 1439 136 27 hvarigenom
254 1441 102 20 kurserna
374 1440 36 20 vid
429 1440 124 22 densamma
569 1442 70 20 blifvit
655 1442 23 20 sä
694 1442 86 26 mycket
795 1441 116 27 utvidgade

92 1469 55 19 samt
163 1468 81 22 antalet
259 1469 23 21 af
295 1468 97 21 anstälda
407 1468 69 22 lärare
492 1470 24 20 sä
531 1470 75 27 ökadt,
623 1471 31 19 att
670 1470 58 21 detta
751 1469 98 22 läroverk
860 1470 51 21 utan
