1078 1678
179 73 42 21 402

149 129 46 22 När
210 128 77 29 godset
303 129 23 20 så
341 129 79 20 utmätt
443 129 29 25 är,
488 128 35 20 må
538 127 37 21 det
590 127 111 21 sökanden
714 128 19 27 ej
748 127 87 28 skingra
851 127 51 22 eller
916 129 58 20 utom

151 165 91 21 egarens
259 157 52 28 vilja
326 157 82 27 föyttra
420 157 72 20 förrän
509 156 65 21 saken
591 156 6 20 i
613 156 81 21 hofrätt
710 156 88 21 afdömd
813 156 82 21 varder.
920 156 56 27 Tap-

150 194 39 20 par
206 187 42 20 han
264 186 44 25 der,
325 186 69 27 gånge
410 185 35 20 det
461 191 45 14 som
523 186 79 19 utmätt
618 185 51 20 eller
685 185 6 20 i
710 185 102 27 qvarstad
828 186 23 19 är
866 185 46 20 åter
928 185 48 20 med

149 215 50 20 dess
214 216 63 21 ränta
292 213 40 21 och
348 213 91 28 afgäld.'*

221 242 61 21 Härä
296 242 125 20 framstälde
435 241 50 21 herr
495 241 197 21 landtmarskalken
704 241 33 20 till
748 241 36 21 det
796 241 114 28 höglofliga
920 242 56 20 stän-

151 273 48 20 dets
215 270 137 21 besvarande
367 270 94 28 följande
477 270 143 27 proposition:

221 315 11 9 ,
236 298 132 21 Godkänner
391 298 150 27 ridderskapet
565 298 38 21 och
627 298 63 21 adeln
706 299 119 20 utskottets
841 298 135 21 betänkande

152 327 92 21 rörande
261 327 12 27 $
289 327 20 27 5,
326 327 48 27 kap.
390 328 12 19 3
418 327 26 20 U.
459 327 38 19 B.?

221 372 11 9 »
235 355 84 21 Vinner
341 355 50 27 nej,
410 355 90 21 erhåller
522 355 11 27 8
553 354 42 21 den
614 354 23 21 af
654 354 50 21 herr
724 361 42 14 von
782 354 57 22 Born
855 355 121 27 föreslagna

153 384 104 28 lydelse."

220 412 60 21 Enär
296 412 70 21 denna
382 411 132 28 proposition
530 411 48 20 med
590 411 34 27 nej
641 411 141 26 besvarades,
794 411 122 21 förklarade
927 411 49 21 herr

151 440 198 22 landtmarskalken
365 440 49 20 herr
430 447 40 13 von
485 439 70 21 Borns
571 439 80 27 förslag
667 439 116 27 godkändt.

221 469 11 20 I
248 469 66 27 öfrigt
336 471 76 25 antogs
435 467 27 22 U.
477 467 25 21 B.
519 468 38 20 och
574 467 21 21 J.
611 467 25 21 B.
652 467 7 21 i
676 467 95 28 enlighet
794 468 47 21 med
860 467 116 22 utskottets

153 498 87 20 förslag.

220 504 104 42 Rörande
339 526 13 20 5
367 526 117 19 momentet
506 525 23 20 af
549 524 41 21 den
611 524 77 27 nådiga
704 524 161 28 propositionen
882 525 94 27 begärde

223 553 101 22 Friherre
340 554 29 20 de
384 553 24 21 la
423 553 122 27 Chapelle
570 553 61 20 ordet
647 553 39 20 och
701 553 90 20 anförde
806 553 104 28 följande:
933 553 43 20 Det

153 583 76 27 tillägg
244 589 47 14 som
307 582 23 21 af
343 581 141 28 lagutskottet
500 581 38 21 här
553 583 24 19 är
592 581 116 27 föreslaget
728 581 82 28 åsyftar
825 582 151 27 upphäfvande

153 611 23 22 af
189 611 77 27 nådiga
289 610 142 28 kungörelsen
454 609 23 21 af
497 610 40 20 den
555 611 8 18 1
583 609 56 21 Mars
657 610 55 20 1752
735 610 40 20 och
795 610 143 27 förklaringen
955 610 23 20 af

154 640 41 20 den
211 640 27 20 24
254 639 89 20 Januari
361 639 61 20 1756.
448 638 33 21 De
497 638 107 20 innehålla
615 638 106 20 hvardera
733 638 158 27 bestämningar
902 638 72 21 derom

155 670 32 18 att
203 667 35 21 vid
253 667 153 27 lagmansrätts
417 667 48 20 dom
476 667 6 19 i
493 665 242 28 egostyckningsfrågor
750 666 53 20 skall
815 666 103 20 förblifva.
943 666 33 20 Då

153 696 63 20 dessa
237 695 151 27 författningar
404 696 36 19 äro
456 694 111 20 tillkomna
582 694 28 27 på
626 694 158 20 administrativ
800 695 50 26 väg,
869 694 23 20 så
912 702 63 20 synes

153 724 28 20 mig
219 724 48 21 icke
290 723 47 21 fullt
357 723 96 27 lämpligt
469 725 31 18 att
516 722 116 21 ständerna
647 724 51 18 utan
714 722 92 21 initiativ
822 722 66 21 skulle
904 723 50 27 ingå
968 723 6 20 i

154 752 136 21 bedömande
307 752 23 20 af
344 752 108 20 desamma
468 751 38 21 och
522 752 33 19 att
569 750 111 28 upphäfva
696 750 54 21 dem.
782 750 39 21 Om
838 752 66 26 något
919 751 56 21 stad-

153 781 69 27 gande
239 781 39 19 här
293 780 48 20 icke
357 780 67 26 ingår,
440 780 23 20 så
478 779 61 22 faller
555 779 36 20 det
607 779 22 21 af
643 779 32 27 sig
692 779 50 27 sjelf
755 781 32 19 att
802 779 41 21 alla
853 780 75 20 tvister
939 786 36 14 an-

153 809 83 27 gående
252 808 98 28 klyfning
366 808 23 20 af
403 807 198 28 skattelägenheter
612 807 61 21 skola
688 808 6 20 i
711 808 72 27 vanlig
803 808 171 27 rättegångsord-

152 839 52 26 ning
224 836 126 27 behandlas,
371 836 23 20 så
411 836 48 20 vida
475 836 18 27 ej
510 836 115 27 styrelsen,
641 836 71 20 såsom
726 836 37 20 det
778 838 23 18 är
817 838 32 18 att
870 836 104 24 förmoda,

152 866 51 27 sjelf
216 865 120 27 upphäfver
359 864 63 20 dessa
441 864 6 20 i
463 864 157 20 administrativ
636 865 40 27 väg
692 864 111 21 tillkomna
819 864 156 27 författningar,

153 895 27 20 då
195 894 111 20 dessutom
323 892 96 28 klyfning
441 892 23 21 af
484 892 199 28 skattelägenheter
699 893 23 20 så
738 893 65 20 sällan
826 892 148 21 förekommer.

153 922 42 28 Jag
211 922 68 20 skulle
294 922 34 20 för
343 922 42 20 min
405 921 33 21 del
454 928 51 14 anse
521 923 31 19 att
571 920 60 21 detta
646 920 75 28 tillägg
737 922 20 26 ej
773 920 66 22 borde
859 921 6 21 i
882 928 92 14 momen-

154 953 32 18 tet
203 951 57 20 ingå.

221 958 100 41 Friborre
337 985 47 13 von
400 977 77 21 Born:
493 977 42 28 Jag
551 977 38 21 ber
605 979 31 19 att
651 977 21 21 få
688 977 140 28 understödja
843 978 89 20 friherre
949 978 25 20 de

153 1009 21 19 la
197 1007 113 26 Chapelles
326 1006 90 27 förslag,
437 1008 31 18 att
484 1006 36 20 det
535 1006 24 20 af
580 1006 106 20 utskottet
702 1006 76 27 gjorda
794 1006 96 27 tillägget
905 1006 20 27 ej
941 1007 34 20 må

151 1036 75 27 inflyta
242 1035 6 20 i
264 1034 128 21 ständernas
409 1041 56 14 svar.

219 1063 58 21 Herr
294 1062 161 26 Grotenfelt,
474 1063 33 19 A.:
531 1061 50 22 Med
601 1062 115 27 anledning
736 1062 24 21 af
773 1063 55 20 hvad
843 1062 89 21 friherre
948 1063 26 20 de

150 1093 21 20 la
187 1091 103 28 Chapelle
306 1091 71 21 anfört
393 1093 56 18 emot
465 1091 36 20 det
511 1090 23 21 af
543 1090 143 28 lagutskottet
702 1091 121 27 föreslagna
835 1091 97 27 tillägget
944 1091 29 20 till

151 1122 12 19 5
179 1122 118 19 momentet
313 1120 37 20 ber
367 1119 39 28 jag
422 1121 31 19 att
468 1119 21 20 få
505 1121 78 18 nämna
598 1121 31 18 att
646 1119 36 20 det
697 1119 55 20 först
768 1119 39 21 och
823 1119 74 20 främst
912 1119 62 21 torde

150 1156 52 14 vara
217 1148 88 21 osäkert
321 1148 54 20 huru
393 1148 50 20 1751
461 1147 34 21 års
511 1147 127 28 författning
654 1147 133 27 tillkommit,
799 1155 34 13 om
845 1148 35 20 det
891 1149 23 19 är
925 1149 48 19 med

150 1177 127 21 ständernas
301 1176 94 21 hörande
419 1176 50 21 eller
492 1175 55 21 icke.
578 1175 80 21 Vidare
674 1175 38 21 ber
726 1176 40 27 jag
780 1178 31 19 att
825 1176 22 21 få
862 1176 111 21 framhålla

149 1208 32 19 att
197 1206 27 20 då
240 1205 36 20 det
291 1211 29 14 nu
335 1205 6 20 i
358 1205 63 20 dessa
436 1204 151 27 författningar
602 1205 24 19 är
645 1204 63 27 sagdt
724 1206 32 19 att
771 1205 6 20 i
794 1204 180 28 klyfningsfrågor

150 1234 35 20 vid
201 1234 152 27 lagmansrätts
378 1233 48 20 dom
451 1232 53 21 skall
519 1232 102 21 förblifva
639 1232 40 21 och
696 1233 26 20 då
737 1233 193 26 lagmansrätterna
952 1233 23 20 af

150 1263 36 20 det
203 1261 117 28 höglofliga
336 1261 84 20 ståndet
436 1261 69 20 blifvit
520 1260 174 28 undanrödjade,
710 1261 41 20 blir
766 1261 36 20 det
817 1261 82 27 ganska
914 1262 59 19 svårt

149 1293 32 19 att
197 1293 50 18 veta
263 1290 53 20 hvar
340 1297 26 13 en
386 1289 89 27 ändring
491 1289 5 20 i
512 1289 68 20 första
596 1289 82 20 instans
695 1289 54 20 skall
766 1289 63 20 sökas
846 1289 39 21 och
901 1289 72 20 hvilka

149 1319 41 21 mål
207 1319 38 20 der
261 1318 61 21 skola
337 1317 127 27 behandlas,
481 1324 33 13 om
531 1318 20 26 ej
567 1318 65 26 något
648 1317 120 27 stadgande
780 1317 72 22 derom
864 1318 108 26 upplyser.

148 1348 43 27 Jag
213 1353 63 14 anser
292 1352 28 14 nu
336 1345 161 28 ifrågavarande
513 1345 119 27 stadgande
652 1346 24 20 af
688 1345 105 21 behofvet
808 1345 108 28 påkalladt
933 1345 39 21 och

148 1375 97 21 förordar
261 1374 49 21 dess
327 1374 154 21 bibehållande.

216 1403 100 21 Friherre
333 1402 32 21 de
380 1402 25 21 la
422 1402 135 27 Chapelle:
579 1402 11 20 I
606 1402 101 21 afseende
723 1402 13 21 å
752 1402 36 21 det
802 1402 69 21 första
885 1402 86 20 dubium

149 1433 50 20 herr
215 1431 123 21 Grotenfelt
361 1432 78 27 yttrat,
460 1430 105 21 huruvida
580 1430 146 28 förklaringen
744 1431 23 20 af
782 1431 51 20 1751
851 1430 120 28 egentligen

148 1468 51 14 vore
215 1460 23 21 af
252 1459 127 28 regeringen
396 1460 28 26 på
439 1459 156 21 administrativ
611 1460 41 27 väg
667 1459 111 27 utfärdad,
794 1460 41 20 kan
849 1459 37 27 jag
902 1459 20 27 ej
936 1466 36 14 an-
