1078 1678
195 53 41 20 176

166 111 23 20 af
203 109 150 28 ridderskapet
369 109 40 21 och
425 109 72 27 adeln,
521 117 45 13 som
583 117 52 13 voro
650 110 130 21 ordförande
795 111 6 20 i
817 111 117 24 utskotten,
959 112 31 19 att

165 139 48 21 från
236 139 63 20 deras
323 138 46 20 sida
385 137 52 21 söka
453 138 112 27 påskynda
585 138 115 21 arbetenas
716 138 58 21 inom
790 139 110 21 utskotten
916 139 74 20 slutfö-

167 167 73 22 rande.
266 166 82 21 Vidare
360 166 151 21 underrättade
523 167 50 20 herr
582 166 197 21 landtmarskalken
788 167 93 27 ståndet,
890 170 32 18 att
930 167 60 20 Hans

167 196 102 27 Majestät
281 194 83 27 bifallit,
376 195 67 20 ehuru
455 195 75 20 sådant
542 195 20 27 ej
575 197 58 18 ännu
644 202 38 13 var
694 195 87 21 officielt
792 195 73 26 kändt,
880 196 31 20 till
922 195 68 21 landt-

167 225 80 26 dagens
264 223 153 27 prolongering
432 223 31 20 till
479 223 39 20 och
534 223 50 20 med
599 223 42 20 den
656 224 25 19 31
699 223 143 21 instundande
859 224 53 27 Maj;
935 225 55 19 samt

167 255 32 18 att
218 253 7 20 i
243 251 115 27 anledning
381 251 24 20 af
426 251 102 27 årsdagen
549 251 23 20 af
589 251 27 20 H.
636 251 27 20 K.
682 251 115 28 Majestäts
820 252 102 27 frälsning
944 252 45 20 från

167 281 186 23 mordattentatet,
374 279 1 20 i
388 286 88 21 morgon
500 280 41 20 bön
566 279 69 21 skulle
654 280 66 20 hållas
736 281 6 19 i
759 280 85 21 Nikolai
863 280 81 27 kyrkan
962 281 27 19 kl.

168 310 45 19 1e
229 315 28 13 m.

237 336 173 20 Sammanträdet
426 335 73 21 afslöts
515 336 28 20 kl.
562 336 54 27 121/,
633 336 26 26 pä
674 336 121 28 middagen.

780 383 21 15 In
814 383 61 15 fidem:

691 427 73 20 Victor
779 428 25 19 de
819 427 22 20 la
857 426 103 28 Chapelle.

397 556 49 26 Den
463 556 32 26 24
512 556 72 34 April
601 557 34 26 kl.
653 557 27 25 11
698 557 17 26 f.
733 564 31 19 m.

236 619 134 27 Föredrogos
393 619 93 27 följande
509 619 46 21 frän
579 619 141 21 medständen
743 619 101 21 inkomna
863 619 125 27 protokolls-

166 648 84 27 utdrag.

236 676 23 26 a)
275 676 46 20 frän
344 676 159 27 presteständet
526 675 33 21 för
582 676 41 20 den
645 676 24 20 13
689 676 62 26 April
774 676 49 20 med
841 676 96 20 anmälan
954 682 33 14 om

167 704 96 22 ständets
288 704 70 20 beslut
374 704 7 20 i
396 703 114 28 anledning
525 704 23 20 af
561 703 163 28 ridderskapets
748 704 37 20 och
806 704 72 20 adelns
894 704 31 20 till
942 711 46 19 pre-

167 732 121 22 steständet
311 732 39 20 och
370 732 70 26 öfriga
462 732 141 21 medständen
623 732 76 20 ställda
718 732 135 28 inbjudning,
869 734 31 18 att
915 732 75 20 förena

167 762 33 27 sig
215 760 49 21 med
279 760 149 27 ridderskapet
443 762 39 19 och
498 760 61 21 adeln
575 768 34 13 om
626 760 26 21 de
668 762 78 18 tvenne
763 760 74 28 tillägg
852 761 30 19 uti
896 761 92 20 instruk-

166 790 73 20 tionen
256 789 33 20 för
304 788 199 28 bankfullmäktige,
518 789 31 20 till
567 788 72 21 hvilka
653 789 150 27 ridderskapet
820 788 39 21 och
874 789 62 20 adeln
953 789 35 20 be-

167 818 65 20 slutat
248 818 32 26 sig
296 816 36 21 vid
346 817 157 28 behandlingen
519 817 24 21 af
556 817 41 20 den
614 817 77 27 nädiga
707 818 160 26 propositionen
891 824 33 14 om
945 819 43 25 sty-

169 846 69 21 relsen
252 845 41 21 och
308 845 156 27 förvaltningen
480 846 23 20 af
516 846 102 20 Finlands
636 846 65 26 bank;

235 874 25 27 b)
276 874 47 20 frän
347 874 96 20 bemälda
465 874 61 20 ständ
545 874 23 20 af
585 874 40 20 den
647 875 25 19 13
691 874 62 27 April
772 874 47 20 med
842 874 96 20 anmälan
955 880 34 14 om

167 903 26 21 de
210 902 76 26 beslut,
298 902 86 20 ständet
392 902 63 20 fattat
464 902 91 21 rörande
565 902 40 20 den
617 902 78 27 nädiga
706 902 159 28 propositionen
879 902 109 27 angäende

167 930 214 28 landtdagsordning;

235 960 23 26 ce)
274 958 103 21 likaledes
400 958 45 21 från
465 959 160 27 presteständet
644 959 32 20 för
696 966 81 13 samma
793 959 41 27 dag
850 958 47 21 med
912 959 77 20 under-

167 989 95 24 rättelse,
278 989 32 18 att
326 987 86 21 ständet
427 987 101 27 enhälligt
544 988 39 20 och
599 989 51 18 utan
661 987 131 27 föregängen
804 987 119 20 diskussion
938 988 51 26 god-

169 1016 51 20 känt
243 1015 234 28 grundlagsutskottets
499 1015 138 20 betänkande
652 1015 5 20 i
674 1015 115 28 anledning
804 1015 28 20 'af
851 1015 39 20 den
913 1015 77 28 nädiga

168 1044 160 27 propositionen
348 1043 109 28 angäende
475 1043 35 28 lag
524 1043 35 21 för
577 1044 90 20 ähörare
683 1043 36 20 vid
734 1043 100 21 ständens
851 1045 138 19 sammanträ-

169 1073 40 20 den
232 1072 69 20 under
316 1071 117 28 påstående
448 1072 113 27 landtdag
550 1067 13 37 ;

236 1100 25 27 d)
276 1099 47 21 frän
346 1100 177 27 borgareständet
536 1101 23 20 af
572 1100 40 20 den
633 1100 25 20 12
674 1100 62 27 April
756 1100 110 27 angäende
889 1100 100 27 borgare-

168 1129 96 20 ständets
280 1128 80 26 beslut,
386 1128 132 21 beträffande
533 1128 226 27 kyrkolagutskottets
781 1129 135 20 betänkande
931 1129 6 19 i
953 1135 36 14 an-

167 1157 87 27 ledning
270 1157 23 20 af
306 1156 78 28 nädiga
398 1157 159 26 propositionen
575 1156 110 28 angäende
702 1163 28 20 ny
746 1157 115 27 kyrkolag;

236 1186 24 25 e)
276 1185 47 20 från
347 1192 80 13 samma
451 1185 60 20 stånd
534 1185 33 20 för
590 1192 81 13 samma
694 1185 42 26 dag
759 1185 118 20 berörande
893 1185 96 20 ständets

169 1213 121 22 beslut.
264 1209 27 36 om
306 1213 235 28 grundlagsutskottets
561 1213 136 21 betänkande
713 1213 7 20 i
735 1213 98 20 anledning
861 1213 23 20 af
898 1213 39 21 den
953 1214 36 19 nä-

169 1242 49 27 diga
233 1241 168 29 propositionen,
417 1241 109 28 angående
543 1241 26 20 de
584 1241 130 27 rättigheter
730 1241 39 20 och
780 1241 152 28 skyldigheter,
944 1248 45 13 som

167 1271 119 20 tillkomma
302 1270 91 21 embets-
410 1269 38 21 och
464 1270 136 27 tjenstemän,
617 1269 83 21 hvilkas
717 1269 145 28 befattningar
879 1269 110 27 indragas;

235 1299 20 25 f)
271 1299 46 20 från
334 1297 156 22 bondeståndet
505 1298 34 20 för
555 1298 40 20 den
614 1299 35 24 11,
667 1299 25 19 12
709 1297 39 21 och
765 1299 25 19 13
806 1298 7 19 i
829 1297 69 21 denna
906 1297 83 26 månad,

167 1327 149 21 innehållande
333 1325 166 21 bondeständets
516 1326 70 20 beslut
603 1325 135 21 beträffande
756 1326 233 27 grundlagsutskottets

169 1354 134 22 betänkande
319 1354 6 20 i
344 1354 113 27 anledning
479 1354 24 20 af
519 1354 27 20 H.
571 1354 25 20 K.
621 1354 113 27 Majestäts
758 1354 77 26 nädiga
858 1354 131 27 proposition

168 1383 111 28 angäende
295 1382 212 27 landtdagsordning;

236 1411 24 28 g)
274 1410 82 28 jemväl
371 1410 46 20 frän
437 1410 156 20 bondeständet
610 1410 33 20 för
658 1410 41 20 den
717 1410 25 20 13
758 1410 7 20 i
779 1410 145 20 innevarande
946 1410 43 20 mä-

168 1440 41 21 nad
224 1439 112 28 angäende
351 1438 96 21 ständets
463 1438 70 21 beslut
552 1438 91 21 rörande
665 1438 235 28 grundlagsutskottets
916 1438 73 20 betän-
