1078 1678
186 65 42 20 422

161 121 63 21 torde
247 121 64 20 hafva
326 121 7 20 i
347 120 71 21 minne
441 119 25 21 de
485 119 134 27 agitationer,
639 119 27 20 de
682 119 194 20 demonstrationer
891 126 45 14 som
951 119 30 20 af-

161 150 56 20 löste
232 149 128 21 hvarandra.
391 148 42 27 Jag
448 148 103 20 behöfver
566 147 47 21 icke
629 147 43 21 tala
686 154 35 13 om
737 147 26 21 de
779 147 202 26 korrespondenser,

162 185 47 14 som
224 177 100 28 utgjorde
340 177 39 20 den
396 176 55 21 enda
465 176 125 27 tillflykten,
611 176 40 20 och
665 175 73 21 hvilka
753 175 104 28 bringade
871 177 47 20 vårt
933 175 49 21 land

163 207 24 20 så
209 206 92 27 mycken
324 205 72 20 skada.
426 204 40 21 Att
488 204 68 21 återfå
578 204 62 21 dessa
658 203 62 26 tider,
739 206 32 19 att
787 205 5 19 i
809 211 25 14 en
850 204 132 27 obegränsad

162 235 87 20 framtid
265 233 56 21 lefva
336 233 68 20 under
419 233 62 20 dessa
495 232 122 27 konflikter,
631 232 68 21 skulle
710 232 97 21 medföra
817 233 83 27 följder,
910 233 72 20 hvilka

163 263 65 27 ingen
244 261 112 21 menniska
371 261 42 20 kan
428 261 101 20 beräkna.
552 260 45 21 När
610 261 38 26 jag
663 260 85 21 derföre
758 267 26 14 ur
795 261 69 20 denna
874 261 108 27 synpunkt

163 291 112 20 betraktar
298 289 138 28 möjligheten
459 289 22 21 af
497 291 32 18 att
547 289 115 20 ständerna
680 289 69 20 skulle
768 289 122 27 obetingadt
905 291 78 25 antaga

164 319 118 20 utskottets
297 318 142 26 betänkande,
450 317 109 21 bekänner
573 317 38 27 jag
626 319 31 18 att
670 317 39 27 jag
724 317 74 21 bäfvar
814 318 86 20 tillbaka
912 317 71 20 derför

164 347 41 21 och
222 346 34 21 för
276 346 40 20 den
334 346 87 20 framtid
438 347 31 19 ett
485 345 76 21 sådant
576 345 121 27 antagande
714 346 42 20 kan
772 345 78 21 bereda
865 346 47 20 vårt
926 345 56 21 land.

164 375 44 21 Det
223 375 67 27 gäller
304 375 48 20 icke
368 374 54 21 blott
437 380 100 21 pressens
553 374 187 26 angelägenheter,
757 373 36 21 det
808 374 66 27 gäller
887 374 48 20 hela
946 374 37 20 vår

165 403 101 27 politiska
281 403 105 26 ställning.
417 402 42 20 Det
475 404 23 18 är
513 408 25 13 ur
553 402 70 19 denna
641 402 110 27 synpunkt
767 402 38 27 jag
820 402 53 27 tagit
888 402 44 27 mig
947 402 35 20 fri-

165 432 65 20 heten
253 431 115 26 uppträda,
392 431 38 20 och
449 430 36 20 det
503 431 23 19 är
544 430 27 27 på
587 429 63 21 dessa
664 429 47 21 skäl
724 430 38 27 jag
778 430 96 27 ödmjukt
889 430 94 21 anhåller

165 461 32 19 att
213 459 38 21 hos
267 459 149 26 ridderskapet
431 458 40 21 och
489 458 63 20 adeln
571 458 57 20 finna
643 465 26 13 en
685 458 75 20 ursäkt
776 458 32 21 för
823 459 59 20 detta
897 458 47 20 mitt
960 459 23 20 så

166 487 66 28 tidiga
254 487 156 27 uppträdande.
439 487 44 20 Det
501 488 23 19 är
541 487 29 26 på
588 486 79 21 sådana
684 486 46 21 skäl
742 487 39 26 jag
796 487 64 27 vågar
876 486 108 21 vördsamt

165 516 89 25 föreslå,
278 517 32 19 att
328 515 114 27 höglofliga
460 515 149 26 ridderskapet
627 514 40 21 och
685 514 62 21 adeln
762 515 66 20 måtte
845 515 90 20 besluta:
951 515 33 20 för

167 544 36 21 det
224 543 69 21 första
316 545 40 25 att,
376 543 89 21 emedan
481 543 28 20 H.
525 542 27 21 K.
570 542 112 27 majestäts
700 543 78 26 nådiga
793 543 50 28 vilja
857 543 7 20 i
880 543 58 20 detta
954 543 30 20 af-

167 572 78 21 seende
261 572 122 27 föreligger,
398 571 40 21 och
452 571 150 30 ingegpannan
613 571 101 20 säkerhet
725 571 85 27 bjudes,
822 572 53 19 intet
886 571 32 20 val
929 571 55 21 före-

167 601 77 25 finnes,
268 602 78 25 antaga
365 600 62 27 lagen
446 599 66 21 sådan
528 599 41 21 den
585 599 7 20 i
607 599 41 20 den
663 599 77 28 nådiga
755 599 159 28 propositionen
930 599 55 20 före-

167 629 52 26 slås,
235 635 49 14 men
299 629 7 19 i
322 628 35 21 det
376 628 55 27 hopp
449 629 31 19 att
495 627 28 21 H.
539 628 28 20 K.
584 627 102 28 Majestät
704 627 85 28 nådigst
804 628 53 20 skall
872 627 113 28 godkänna

167 657 27 20 de
210 657 46 20 skäl
274 657 106 20 utskottet
396 656 5 20 i
418 656 74 20 sådant
511 656 101 20 afseende
632 655 115 27 framstält,
767 658 77 25 antaga
863 655 69 21 denna
950 656 35 27 lag

167 686 32 19 att
215 685 49 20 med
280 692 80 13 samma
375 684 56 20 kraft
447 691 44 13 som
507 684 124 20 nuvarande
646 684 36 26 lag
697 684 55 27 gälla
768 684 30 20 till
814 684 64 20 slutet
893 684 23 20 af
924 685 62 19 nästa

167 713 113 27 landtdag;
299 713 38 19 och
355 713 34 19 för
404 713 37 19 det
456 712 65 20 andra
537 712 38 20 hos
590 712 29 20 H.
635 712 27 20 K.
679 711 101 28 Majestät
796 713 5 19 i
817 712 169 28 underdänighet

168 741 138 27 petitionera,
328 743 32 18 att
379 740 27 21 H.
422 740 27 21 K.
465 740 102 28 Majestät
590 740 67 21 mätte
679 740 45 20 förr
746 740 52 21 eller
820 747 75 14 senare
918 740 68 21 under

169 769 66 27 sagda
250 769 40 27 tid,
307 770 38 19 när
360 768 27 21 H.
403 768 27 21 K.
447 769 100 27 Majestät
563 769 67 20 finner
641 768 26 20 de
678 776 28 13 nu
717 768 84 21 införda
811 769 175 20 restriktionerna

169 798 130 26 obehöfliga,
320 797 99 27 borttaga
433 797 58 27 dem;
514 796 48 21 med
581 799 32 18 ett
631 797 47 20 ord:
693 797 129 27 petitionera
837 804 33 13 om
884 796 55 21 hvad
954 799 32 19 ut-

171 826 92 20 skottets
280 826 134 20 betänkande
429 826 6 19 i
451 825 58 21 detta
525 825 100 21 afseendo
641 825 124 20 innehåller.

238 854 43 20 Det
297 855 23 19 är
336 860 24 14 en
374 860 69 14 annan
459 854 38 20 sak
513 855 32 19 att
560 853 55 21 inför
630 853 61 21 Hans
708 853 101 27 Majestät
821 853 115 21 framträda
946 854 40 20 och

169 884 61 25 säga:
247 898 4 9 ,
254 882 107 27 antingen
378 888 26 14 en
419 882 34 27 lag
469 882 64 20 sådan
549 882 21 20 vi
586 882 68 20 önska
670 881 50 27 den,
732 882 51 20 eller
795 882 63 26 ingen
868 882 56 27 lag",
935 882 51 20 eller

169 912 32 18 att
216 912 61 26 säga:
294 927 4 9 ,
301 910 27 26 vi
343 910 118 26 resignera,
477 910 36 20 det
529 912 23 18 är
567 910 70 20 Eders
652 910 113 27 IMajestäta
777 910 77 27 nådiga
864 910 60 28 vilja,
938 917 48 13 men

170 938 20 20 vi
213 939 54 27 hysa
288 939 41 20 den
351 938 116 20 förtröstan
490 938 31 20 till
539 938 69 20 Eders
628 938 110 28 Majestät,
755 940 31 19 att
802 938 67 20 Eders
885 938 102 28 Majestät

170 967 53 20 skall
247 974 27 13 nu
296 968 70 19 såsom
388 966 56 21 förut
463 966 73 28 nådigt
555 966 93 21 betänka
667 966 85 21 landets
771 967 54 20 väl".
855 966 76 21 Denna
946 966 41 21 för-

171 996 81 19 tröstan
270 996 38 19 har
324 996 56 19 ännu
394 995 67 27 aldrig
477 995 70 20 svikit.
660 1002 4 4 :

238 1023 42 28 Jag
294 1023 33 21 får
342 1023 99 27 slutligen
457 1023 98 27 ödmjukt
570 1023 94 26 anhålla,
679 1024 32 19 att
726 1023 44 20 min
780 1023 135 20 vördsamma
925 1023 62 20 fram-

170 1051 100 27 ställning
286 1052 66 20 måtte
367 1051 39 20 hoa
421 1051 26 20 de
462 1051 138 20 medlemmar
616 1051 23 20 af
647 1051 149 27 ridderskapet
807 1051 39 20 och
860 1051 71 26 adeln,
943 1058 45 14 som

170 1079 48 21 dela
237 1080 57 20 mina
312 1079 118 26 tänkesätt,
448 1079 57 20 finna
523 1081 31 18 ett
569 1079 127 25 understöd,
712 1081 32 18 ett
760 1079 87 20 allmänt
862 1079 126 27 understöd,

171 1110 23 25 ty
209 1107 50 21 med
274 1110 31 18 ett
320 1108 62 26 ringa
396 1107 116 21 understöd
528 1107 42 20 kan
584 1108 38 27 jag
636 1107 49 21 icke
701 1115 52 13 vara
768 1107 154 21 tillfredsstäld.

239 1136 58 20 Herr
313 1136 172 27 Gripenberg,
502 1137 37 19 A.:
555 1135 71 21 Sedan
642 1135 49 21 herr
708 1136 107 20 Snellman
828 1137 28 26 på
866 1137 30 19 ett
908 1136 22 20 så
941 1136 48 21 sak-

172 1164 42 20 rikt
232 1165 44 19 sätt
294 1164 106 21 framstält
423 1164 31 20 sin
470 1164 65 27 åsigt,
552 1164 37 20 ber
601 1165 38 26 jag
654 1164 22 20 få
691 1163 75 22 förena
781 1164 43 27 mig
840 1164 47 20 med
903 1164 86 27 honom,

171 1192 39 20 och
233 1192 69 21 tillika
317 1193 39 20 hos
375 1192 49 20 herr
440 1193 65 20 baron
521 1192 40 21 och
577 1192 197 21 landtmarskalken
790 1193 120 26 hemställa,
927 1193 63 20 huru-

172 1220 48 20 vida
233 1220 36 21 det
286 1221 46 20 icke
348 1220 63 27 ginge
427 1227 27 14 an
470 1222 32 19 att
517 1222 52 25 göra
585 1227 25 14 en
628 1221 132 26 proposition
776 1221 30 20 till
822 1221 94 26 ståndet,
927 1221 63 20 huru-

173 1248 48 20 vida
237 1249 85 20 ståndet
337 1249 35 20 vill
389 1249 30 20 till
434 1249 69 27 grund
519 1249 33 20 för
567 1249 49 20 dess
633 1249 120 20 diskuseion
769 1249 7 20 i
791 1250 71 19 ämnet
877 1249 63 27 lägga
955 1256 35 13 an-

172 1277 73 26 tingen
262 1277 117 28 utskottets
395 1277 80 26 förslag
491 1277 51 20 eller
557 1277 41 20 den
613 1277 79 27 nådiga
707 1277 167 27 propositionen.

241 1305 58 20 Herr
316 1305 195 27 Montgomerie:
535 1305 44 20 Det
597 1307 23 18 är
634 1305 48 21 icke
700 1305 139 21 afundsvärdt
855 1307 30 18 att
901 1305 6 20 i
922 1305 69 20 denna

172 1333 60 26 fråga
248 1335 110 25 emottaga
372 1333 61 20 ordet
449 1333 53 21 efter
517 1334 50 20 herr
583 1333 117 27 Snellman,
712 1333 39 21 och
761 1333 38 27 jag
810 1333 105 21 erkänner
926 1340 65 20 gerna

172 1362 32 19 att
227 1368 33 13 om
281 1361 38 27 jag
342 1361 71 20 kunde
436 1362 50 26 utgå
503 1361 47 21 från
571 1368 80 14 samma
669 1362 178 26 förutsättningar
862 1368 45 13 som
923 1361 68 21 denne

173 1389 63 20 ärade
259 1390 74 26 talare,
356 1390 24 20 så
403 1390 67 20 skulle
489 1390 36 20 det
544 1397 51 13 vara
613 1390 33 20 för
665 1390 43 27 mig
724 1396 26 14 en
765 1390 83 27 verklig
862 1389 82 21 lättnad
960 1392 32 18 att

173 1418 72 20 kunna
261 1418 113 20 instämma
390 1418 46 20 med
452 1418 86 25 honom,
555 1418 39 20 och
611 1419 73 26 afsäga
700 1419 43 26 mig
759 1418 67 20 ordet.
849 1418 49 20 Men
914 1417 27 21 då
956 1418 36 20 det

173 1446 24 20 är
212 1446 44 27 mig
271 1446 96 27 omöjligt
383 1448 31 18 att
430 1453 23 14 se
469 1446 65 21 saken
551 1454 25 13 ur
592 1446 40 21 den
649 1447 23 20 af
685 1446 49 21 herr
750 1446 107 21 Snellman
868 1446 124 21 framhållna
