1078 1678
189 76 42 21 330

160 133 74 21 landet
256 133 40 21 har
319 133 35 21 det
377 134 70 20 såsom
466 134 31 20 sin
513 134 56 21 enda
584 135 154 26 näringskälla,
758 135 55 20 helst
830 134 150 21 landthandeln

160 161 49 21 icke
224 162 70 20 allena
305 162 37 20 bär
354 162 41 27 sig,
412 164 50 19 utan
478 161 36 21 det
529 163 24 20 är
564 169 26 14 en
603 163 165 26 handtverkare,
784 169 45 14 som
841 163 81 27 sysslar
932 162 49 21 med

160 191 76 24 annat;
250 190 38 27 jag
304 190 68 21 skulle
387 191 64 26 tycka
467 192 31 18 att
513 197 25 14 en
555 191 171 20 minuthandlare
742 191 49 20 med
808 191 89 20 bränvin
914 191 68 20 skulle

161 218 73 21 kunna
249 218 73 20 betala
337 225 26 14 en
380 219 23 20 så
418 219 83 26 måttlig
516 218 59 21 skatt
590 219 23 20 af
627 219 27 20 25
670 219 51 20 eller
738 220 26 20 15
780 219 64 27 penni
856 226 37 21 per
904 219 76 20 kanna.

161 245 40 21 Att
216 248 50 25 taga
280 245 36 21 det
332 246 46 21 från
392 247 96 20 fabriken
503 247 33 20 för
553 249 32 18 ett
600 247 55 26 pris,
672 247 38 20 och
728 248 105 20 minutera
850 249 23 19 ut
887 247 35 20 det
934 247 47 20 med

161 274 41 21 den
218 275 98 25 skatten,
332 275 76 26 tycker
420 275 38 27 jag
474 276 31 19 att
520 275 72 20 kunde
610 275 27 20 bli
652 275 34 20 för
702 275 77 21 honom
790 283 26 13 en
832 276 82 27 måttlig
926 275 56 20 vinst

177 309 43 13 var.
251 301 43 28 Jag
316 302 68 21 skulle
407 303 130 27 nödvändigt
557 303 68 20 önska
644 305 31 19 att
691 303 112 21 bränvinet
819 304 69 27 skulle
905 303 27 20 bli
948 304 34 20 för

177 337 36 19 en,
229 337 46 13 som
290 330 68 21 förtär
374 331 44 24 det,
437 331 24 20 så
476 331 47 27 dyrt
540 338 45 13 som
601 332 93 26 möjligt,
713 332 66 20 ehuru
794 332 37 27 jag
847 332 68 20 skulle
932 332 49 26 vilja

161 358 107 21 bibehålla
284 358 36 21 det
336 360 23 20 så
375 359 68 27 billigt
458 366 44 13 som
518 359 83 27 möjligt
617 360 33 20 för
664 360 42 20 den
717 366 47 14 som
775 360 52 20 skall
839 360 87 27 försälja
936 360 43 20 det.

161 386 34 21 På
210 386 64 21 dessa
288 387 93 27 grunder
397 387 67 20 skulle
478 387 37 27 jag
530 387 6 20 i
548 387 63 20 dessa
622 388 59 20 delar
692 388 108 27 tillstyrka
811 388 117 20 utskottets
938 388 41 19 för-

162 415 52 26 slag.
244 414 65 21 Hvad
332 415 49 20 herr
404 415 132 20 Ehrnrooths
560 415 142 28 anmärkning
725 416 140 25 vidkommer,
884 417 32 19 att
934 415 45 20 från

161 442 104 28 förslaget
288 443 162 28 bestämningen
469 445 22 18 är
511 443 119 26 utesluten,
654 446 32 18 att
708 444 47 21 icke
772 444 153 27 utminutering
941 443 39 21 och

161 471 127 28 försäljning
303 471 24 20 af
340 471 88 21 bränvin
443 471 68 21 skulle
526 471 22 21 få
563 472 107 21 etableras
682 473 98 20 närmare
796 473 25 19 än
833 473 13 20 5
862 474 57 19 verst
934 472 45 20 från

162 499 110 27 fabriken,
295 499 95 21 biträder
410 501 37 26 jag
469 500 124 20 densamma
611 500 136 27 obetingadt,
763 501 76 20 liksom
853 501 37 26 jag
905 500 76 27 tycker

162 527 163 28 konseqvensen
340 528 72 21 fordra
428 530 31 19 att
474 528 25 21 de
515 535 110 20 personer,
642 535 45 14 som
703 529 6 20 i
725 529 11 26 8
753 530 13 19 6
781 529 70 20 blifvit
866 528 115 27 förbjudna

161 557 32 19 att
209 556 90 26 bränna,
314 556 48 21 icke
378 556 68 21 skulle
461 557 21 20 få
496 557 89 27 försälja
600 557 100 26 bränvin,
713 557 95 20 hvarken
823 557 69 20 såsom
904 557 75 20 minut-

161 583 102 22 handlare
279 585 51 20 eller
346 585 135 20 utskänkare.

230 613 102 21 Friherre
347 620 46 13 von
410 613 77 20 Born:
502 613 55 20 Lika
573 613 48 20 med
637 613 41 20 alla
688 613 129 27 föregående
829 613 75 26 talare,
916 613 64 20 bland

162 641 49 20 dem
226 641 50 21 herr
291 641 133 26 Ehrnrooth,
439 641 84 21 förenar
537 641 38 27 jag
591 641 43 28 mig
648 642 7 19 i
671 642 84 27 äsigten
769 649 33 13 om
814 641 166 27 kompletteran-

162 669 36 20 det
214 669 22 20 af
250 670 12 26 8
278 669 49 21 med
338 669 35 21 det
384 669 56 21 förut
450 669 86 27 intagna
547 669 139 27 stadgandet,
701 672 32 18 att
747 669 48 21 icke
805 669 174 27 utminuterings-

161 697 75 21 ställen
253 698 27 26 pä
295 697 72 21 landet
382 698 22 20 få
420 704 50 14 vara
485 699 98 19 närmare
600 697 90 28 belägna
701 698 31 20 till
743 698 98 20 fabriken
853 699 25 19 än
890 698 12 20 5
914 699 64 19 verst.

162 724 64 22 Hvad
241 726 102 20 beträffar
358 725 74 28 frågan
448 732 33 14 om
497 725 122 28 antagande
638 726 22 20 af
681 726 180 27 minutförsäljare
884 726 6 20 i
909 725 70 21 lands-

162 753 162 25 kommunerna,
348 761 62 13 anser
430 754 38 27 jag
482 754 7 20 i
505 754 40 20 alla
564 753 114 21 händelser
693 756 42 24 att,
750 754 28 20 då
793 754 186 20 kommunalstäm-

162 788 48 14 man
226 783 76 26 vägrat
316 784 78 25 antaga
410 789 25 14 en
451 782 75 26 sådan,
543 782 255 21 kommunalnämnderna
814 782 63 21 hafva
888 782 28 20 af-
928 782 51 20 eller

161 810 103 28 tillstyrkt
280 810 44 26 det,
341 810 35 21 vid
392 810 240 21 kommunalstämmans
648 813 73 18 votum
737 811 7 20 i
759 810 40 21 den
815 810 61 21 delen
887 810 39 20 bör
936 810 42 20 för-

162 838 75 27 blifva,
253 838 40 22 och
309 841 31 18 att
356 839 82 20 således
461 838 65 21 saken
545 839 48 21 icke
612 838 104 21 behöfver
734 838 126 28 hänskjutas
875 838 31 20 till
922 838 56 20 läne-

163 867 114 27 styrelsen,
294 874 33 13 om
342 867 62 21 äfven
420 866 228 22 kommunalnämnden
665 867 69 20 skulle
749 866 64 21 hafva
828 866 104 28 tillstyrkt
942 873 36 13 an-

161 895 109 27 tagandet.
301 895 117 27 Angående
435 895 26 21 de
476 895 57 21 olika
546 895 94 27 afgifter,
656 902 45 14 som
719 895 67 21 skulle
802 895 86 20 komma
902 894 6 21 i
920 894 60 28 fråga

162 924 33 19 för
210 923 194 28 minutförsäljning
420 923 38 21 och
474 923 155 28 utskänkning,
645 923 39 21 har
696 924 39 27 jag
750 923 47 21 icke
813 923 48 21 med
876 922 43 21 min
935 924 44 19 röst

162 951 34 21 vid
212 952 125 27 voteringen
354 952 91 27 bidragit
461 952 30 20 till
506 952 132 20 tillkomsten
654 952 23 20 af
688 951 79 21 sådana
788 950 92 28 afgifter,
899 951 34 20 väl
948 951 30 20 in-

161 980 79 20 seende
255 982 33 18 att
303 982 58 19 stora
376 980 132 27 svårigheter
527 980 68 20 skulle
612 981 58 19 möta
684 979 36 21 vid
736 979 135 28 reglerandet
882 979 23 21 af
918 978 60 28 afgif-

161 1009 48 19 tens
232 1008 78 27 belopp
326 1008 39 21 och
381 1008 33 21 för
429 1009 31 21 att
481 1007 133 21 förekomma
637 1007 107 21 missbruk
760 1007 34 20 vid
811 1007 166 28 tillämpningen.

161 1036 50 21 Men
227 1036 66 21 sedan
308 1036 147 28 ridderskapet
471 1036 39 21 och
526 1035 62 21 adeln
604 1036 92 21 bestämt
711 1036 32 27 sig
752 1035 34 21 för
796 1036 80 20 sådana
886 1035 92 27 afgifter,

161 1064 24 21 så
201 1064 67 21 måste
292 1065 91 20 beslutet
398 1065 6 20 i
420 1065 74 20 sådant
517 1064 101 21 afseende
642 1064 86 27 bringas
744 1064 32 20 till
792 1063 106 27 utöfning;
915 1063 64 21 likväl

161 1099 63 14 anser
237 1093 38 27 jag
290 1093 33 20 för
338 1093 86 27 mycket
446 1092 110 28 olämpligt
578 1095 31 18 att
625 1092 63 20 hafva
702 1094 79 19 tvenne
797 1091 92 28 afgifter,
905 1098 26 14 en
946 1092 33 20 för

161 1120 155 28 utminutering
331 1121 38 20 och
385 1127 26 14 en
426 1121 33 20 för
473 1121 153 27 utskänkning.
648 1120 51 21 Man
711 1120 68 21 skulle
790 1120 21 21 få
821 1122 33 18 tre
864 1120 57 20 olika
931 1127 47 20 per-

161 1155 68 18 soner,
246 1155 44 14 som
307 1149 74 28 gjorde
396 1149 7 20 i
418 1149 99 20 bränvin:
537 1149 231 25 bränvinsbrännaren,
784 1147 195 28 minutförsäljaren

161 1177 40 20 och
216 1177 156 27 utskänkaren,
388 1177 48 21 med
451 1177 56 20 olika
523 1177 57 27 slags
600 1177 86 27 afgifter
704 1177 32 20 för
752 1177 83 27 hvarje,
859 1176 119 21 kontrollen

162 1205 40 20 och
224 1205 164 28 redovisningen
412 1208 55 18 samt
482 1205 36 20 allt
534 1205 37 20 det
586 1205 63 26 bråk,
665 1211 46 14 som
726 1205 63 20 deraf
800 1204 74 27 följde,
890 1204 88 20 oberäk-

162 1233 60 21 nade.
253 1233 117 21 Dessutom
392 1236 45 19 tror
457 1234 40 47 jag
515 1235 32 19 att
567 1233 194 27 minutförsäljaren
778 1233 69 20 skulle
860 1232 22 21 få
897 1232 83 27 ganska

161 1261 77 28 lindrig
252 1262 101 27 förtjenst
368 1262 39 20 och
423 1262 46 21 icke
499 1268 58 14 kunna
572 1261 71 20 betala
659 1268 26 14 en
702 1261 54 28 dryg
771 1261 71 26 afgift,
862 1260 117 21 allraminst

161 1290 28 20 40
199 1290 68 48 penni
290 1290 33 20 för
344 1290 94 26 kannan,
459 1290 69 20 säsom
545 1289 38 21 här
599 1291 23 19 är
641 1289 123 28 föreslaget.
822 1287 158 28 öfvervägande

161 1317 24 21 af
213 1325 49 13 dessa
278 1318 134 27 svärigheter
427 1318 66 20 skulle
507 1318 38 26 jag
561 1324 52 14 anse
628 1317 122 27 lämpligast
764 1319 32 18 att
807 1318 69 26 nägon
888 1317 91 20 utminu-

161 1346 143 27 teringsafgift
320 1346 38 20 alls
373 1346 48 20 icke
436 1346 132 26 bestämdes,
585 1347 31 19 att
631 1345 247 27 utskänkningsefgiften
889 1344 47 26 blir,
947 1344 32 20 sä-

162 1380 45 14 som
222 1374 107 20 utskottet
343 1374 121 27 föreslagit,
482 1374 82 20 fixerad
579 1374 31 20 till
626 1374 26 20 25
669 1373 64 27 penni
748 1380 38 20 per
802 1373 79 26 kanna,
898 1374 31 18 att
944 1372 36 20 det

161 1401 85 28 belopp,
263 1408 45 14 som
324 1402 32 20 fär
370 1402 64 27 säljas
449 1402 46 20 frän
511 1401 133 27 fabrikerna,
659 1402 79 20 fixeras
754 1401 31 21 till
803 1402 12 20 5
836 1401 88 26 kannor,
940 1400 39 21 och

161 1430 83 21 säledes
268 1430 62 21 äfven
350 1430 39 21 den
409 1430 105 28 gvantitet
529 1430 101 26 bränvin,
646 1436 45 14 som
707 1429 32 21 fär
754 1431 158 25 transporteras
928 1430 52 19 utan

161 1458 145 28 förpassning,
326 1458 31 21 till
372 1465 82 14 samma
468 1458 95 21 kanntal.
593 1458 91 21 Fixeras
699 1457 183 28 minimibeloppet
895 1456 33 22 för
938 1457 42 20 för-
