1078 1678
213 63 39 21 124

252 119 58 22 Herr
325 120 120 28 Pipping,
461 119 65 22 F.J.:
540 120 71 21 Sedan
620 120 235 28 kyrkolagsutskottets
866 122 139 20 sammanträ-

183 149 41 21 den
248 148 66 21 redan
336 149 103 27 upphört,
462 149 37 20 har
521 148 46 21 frän
586 149 53 20 flera
655 149 44 20 häll
717 149 105 27 försports
839 149 41 21 den
896 150 108 27 grundade

183 177 151 27 anmärkning,
350 179 32 18 att
398 177 36 20 det
450 179 23 18 är
488 177 119 27 oegentligt
623 179 31 18 att
670 177 160 27 sekreteraren,
847 178 47 21 med
908 180 46 19 säte
965 178 39 21 och

183 207 91 19 stämma
289 205 6 20 i
312 205 149 28 domkapitlet,
485 205 66 28 enligt
575 205 40 20 den
635 205 77 28 nädiga
731 206 159 27 propositionen
910 207 39 20 och
972 209 33 18 ut-

183 234 93 21 skottets
292 233 44 21 deri
353 233 233 21 öfverensstämmande
602 233 88 28 förslag,
706 234 68 21 skulle
787 235 99 20 tillsättas
898 235 23 20 af
929 235 76 28 sjelfva

183 261 148 28 domkapitlet.
362 262 43 21 Det
424 263 23 19 är
466 269 25 14 en
510 261 148 28 anmärkning,
674 269 46 14 som
734 262 38 28 jag
788 263 65 20 ocksä
867 263 69 21 funnit
952 263 53 21 böra

183 290 119 28 behjertas,
318 292 31 19 att
365 290 158 27 sekreteraren,
540 290 66 21 sedan
616 290 78 21 honom
704 291 92 27 inrymts
806 292 47 19 säte
864 292 39 20 och
914 293 90 19 stämma

183 319 6 19 i
205 318 150 27 domkapitlet,
379 318 66 20 borde
467 319 101 20 tillsättas
591 319 24 19 af
635 326 27 13 en
681 319 65 27 högre
765 319 127 26 auktoritet,
911 319 39 21 och
966 320 38 20 har

180 347 45 27 jag,
248 346 33 21 för
304 346 40 20 den
354 346 111 28 händelse
483 348 31 19 att
529 346 71 21 denna
615 347 56 27 äsigt
686 346 23 21 af
722 347 148 28 ridderskapet
886 347 39 21 och
941 347 62 21 adeln

183 375 134 27 godkännes,
340 375 102 27 uppgjort
464 377 31 19 ett
517 377 49 25 nytt
583 375 80 27 förslag
681 375 31 20 till
732 375 112 21 redaktion
863 376 23 20 af
899 376 105 26 ifrägava-

183 403 65 20 rande
268 404 21 25 8,
309 403 23 20 af
352 404 93 27 följande
468 403 90 27 lydelse:
582 403 25 25 ,I
622 404 74 26 hvarje
714 403 132 27 domkapitel
866 404 54 20 skall
936 404 67 20 finnas

183 431 135 21 sekreterare
337 431 40 21 och
396 432 87 20 notarie.
515 431 164 27 Sekreteraren,
695 438 46 14 som
756 431 68 21 tillika
837 439 53 20 eger
902 433 46 19 säte
964 432 40 21 och

183 461 90 19 stämma
288 459 7 21 i
310 459 149 28 domkapitlet,
475 459 54 27 skall
544 467 53 13 vara
612 466 26 14 en
654 466 49 14 man
719 460 49 20 med
782 460 116 27 bepröfvad
911 460 93 28 juridisk

183 487 95 28 bildning
294 488 40 21 och
349 488 127 21 erfarenhet.
499 487 32 21 Ar
546 488 203 27 sekreteraretjenst
759 488 63 27 ledig,
833 490 101 26 upprätte
945 488 58 21 dom-

183 515 97 28 kapitlet,
296 516 55 21 efter
360 517 106 27 kungjord
482 516 115 21 femtiosex
612 515 76 28 dagars
704 517 172 27 ansökningstid,
891 517 66 20 förslag
982 517 24 21 af

183 546 33 19 tre
234 544 64 21 bland
318 545 26 20 de
363 545 136 27 kompetente
519 544 104 27 sökande,
640 544 55 21 efter
710 545 62 20 deras
788 545 100 21 inbördes
904 545 99 28 skicklig-

183 572 36 21 het
238 573 39 20 och
296 573 110 27 förtjenst,
426 575 54 18 samt
495 573 88 20 insände
599 573 103 27 förslaget
717 573 31 20 till
764 575 98 24 senaten,
878 580 45 14 som
940 580 26 14 en
982 574 23 20 af

183 601 26 20 de
224 601 120 28 föreslagna
360 601 32 21 till
407 602 92 27 tjensten
517 603 118 19 utnämner.
666 601 58 20 Skall
740 601 82 21 notarie
838 602 109 26 tillsättas,
963 609 39 20 ege

183 629 150 28 domkapitlet,
349 629 55 21 efter
420 630 105 27 kungjord
541 629 172 28 ansökningstid,
730 629 70 21 dertill
815 630 66 27 enligt
892 629 111 22 enahanda

182 657 70 28 grund
267 659 79 26 antaga
362 665 25 13 en
403 658 23 20 af
439 658 26 20 de
481 658 101 20 sökande.
607 657 129 21 Göromälen
752 658 89 20 emellan
853 659 148 20 sekreteraren

182 686 40 20 och
240 686 97 21 notarien
355 686 92 21 fördelas
469 686 22 20 af
507 686 147 27 domkapitlet.
683 685 49 21 Den
748 686 24 20 af
785 686 63 20 dessa
862 686 140 27 tjenstemän,

182 720 45 15 som
242 714 99 27 uppbörd
356 714 23 21 af
392 714 176 28 penningemedel
577 714 115 26 ombetros,
704 714 45 26 bör,
761 714 70 20 säsom
845 714 93 20 kronans
949 721 53 21 upp-

183 742 122 25 bördsman,
322 742 84 21 derföre
421 743 61 21 ställa
498 744 87 26 borgen,
602 749 45 14 som
663 742 23 21 af
700 742 141 28 domkapitlet
856 742 145 28 godkännes''.

226 794 3 2 .
251 770 57 21 Herr
323 770 142 22 Molander:
483 771 42 27 Jag
540 771 87 20 förenar
641 770 44 28 mig
699 770 129 28 fullkomligt
844 771 30 20 uti
890 770 48 21 herr
951 771 51 28 Pip-

183 799 67 27 pings,
261 799 25 20 F.
298 798 27 27 J.,
336 799 99 27 yttrande
451 801 40 24 att,
507 799 66 21 sedan
589 799 148 20 sekreteraren
754 806 87 14 numera
856 799 62 21 äfven
934 800 67 20 erhäl-

182 828 24 20 lit
220 829 45 19 säte
281 828 39 20 och
336 829 91 19 stämma
437 828 6 20 i
455 827 149 27 domkapitlet,
621 827 35 20 det
672 834 51 14 vore
740 827 96 27 lämpligt
851 829 31 19 att
897 828 34 20 vid
947 828 53 20 hans

182 856 130 20 tillsättande
328 856 97 27 iakttaga
435 856 40 20 den
487 856 90 27 ordning
587 855 50 21 herr
646 855 94 28 Pipping
750 856 117 27 föreslagit.
893 856 43 20 Det
947 856 55 21 enda

183 896 24 4 —
220 884 103 21 ehuruväl
331 884 23 20 af
361 884 82 21 mindre
454 884 111 27 betydelse
575 896 28 2 —
612 884 38 27 jag
664 884 97 20 deremot
772 884 48 20 ville
831 883 102 21 anmärka
944 891 56 20 vore,

181 915 32 19 att
231 912 36 21 det
285 912 71 21 kunde
375 912 58 27 heta,
453 915 31 18 att
499 913 6 19 i
520 912 75 28 hvarje
611 912 140 27 domkapitel,
768 914 58 18 utom
843 912 157 27 sekreteraren,

182 941 53 21 skall
250 941 68 21 finnas
334 941 92 26 notarie,
442 940 88 22 emedan
546 940 67 21 redan
628 940 7 20 i
650 940 36 21 det
702 940 130 28 föregäende
848 942 22 18 är
886 940 72 28 sagdt,
970 943 32 18 att

181 970 135 20 sekreterare
332 969 52 21 skall
401 969 74 21 finnas.

249 997 33 21 Pä
300 997 155 28 framställning
471 998 22 19 af
506 998 50 19 herr
579 997 196 20 landtmarskalken
794 999 76 25 antogs
886 996 48 21 herr
950 997 50 27 Pip-

181 1026 71 27 pings,
268 1025 24 20 F.
309 1025 28 27 J.,
356 1025 79 28 förslag
454 1025 31 21 till
506 1025 112 21 redaktion
635 1025 23 20 af
670 1024 141 21 förevarande
828 1025 12 27 &
857 1025 143 21 oförändradt.

250 1054 26 27 8$
292 1054 112 21 392—418
418 1054 134 27 godkändes,
569 1053 65 28 enligt
649 1053 118 26 utskottets
784 1053 141 21 betänkande.

554 1099 12 26 s
582 1099 47 20 419.

249 1138 101 21 Rörande
366 1138 69 21 denna
443 1134 12 35 &
478 1139 67 20 utläto
561 1138 42 27 sig:

248 1167 58 20 Herr
322 1173 48 14 von
386 1166 78 21 Born:
481 1166 37 21 Uti
535 1167 11 26 8
562 1167 42 20 419
621 1167 23 19 är
660 1167 70 19 såsom
742 1168 32 18 ett
786 1166 87 27 positivt
884 1166 117 27 stadgande

180 1195 107 20 fastställd
302 1195 41 20 den
358 1195 83 27 praxis,
458 1201 45 14 som
519 1195 7 20 i
540 1194 84 21 landets
643 1194 133 27 domkapitel
791 1194 70 21 blifvit
876 1194 78 26 införd,
970 1197 32 18 att

181 1223 141 28 domkapitlet
337 1223 52 20 skall
402 1223 143 26 underrättas,
561 1224 39 19 när
615 1223 69 27 nägon
701 1223 60 20 anför
777 1223 76 20 besvär
869 1222 59 21 öfver
944 1223 57 20 dom-

180 1251 101 28 kapitlets
297 1251 23 20 af
334 1251 106 20 hofrätten
461 1251 102 27 pröfvade
579 1251 77 26 utslag.
686 1248 34 23 En
737 1250 65 21 sädan
817 1251 83 26 princip
916 1251 23 20 är
954 1251 47 21 icke

180 1282 92 24 antagen
289 1279 31 21 uti
338 1280 66 26 nägra
422 1279 67 21 andra
504 1279 127 28 rättsfrägor
646 1281 26 18 än
688 1279 90 26 sädana,
794 1285 45 14 som
855 1279 85 20 komma
956 1279 46 20 frän

180 1307 152 28 domkapitlen.
354 1307 38 21 Uti
403 1307 12 27 8
426 1307 41 21 329
483 1314 37 14 var
535 1308 127 27 föreslaget,
677 1309 33 18 att
720 1314 26 14 en
758 1307 58 28 dylik
827 1307 97 20 anmälan
935 1307 66 20 borde

180 1335 48 26 ske,
251 1336 27 20 dä
301 1336 76 20 besvär
396 1335 99 21 anfördes
515 1335 60 21 öfver
593 1336 173 26 kyrkostämmas
783 1335 79 25 beslut,
878 1341 48 14 men
943 1335 59 21 detta

180 1364 117 27 stadgande
313 1363 158 21 utmönstrades
487 1363 22 21 af
523 1364 151 26 ridderskapet
690 1363 40 21 och
746 1363 72 27 adeln;
833 1363 40 20 och
889 1365 32 18 att
932 1363 69 27 nägon

179 1392 69 20 fördel
263 1392 23 20 af
296 1398 28 14 nu
339 1392 162 27 ifrågavarande
517 1392 113 20 enahanda
645 1391 119 27 stadgande
780 1391 68 21 skulle
863 1391 85 27 vinnas,
960 1391 41 21 kan

177 1420 38 28 jag
230 1420 47 21 icke
296 1420 64 20 finna.
390 1420 116 21 Dessutom
525 1420 69 20 skulle
614 1420 35 20 det
665 1420 47 20 icke
729 1420 33 20 stå
776 1420 7 20 i
799 1419 138 21 konformitet
953 1420 49 20 med

180 1448 129 28 stadgandet
324 1448 6 20 i
346 1448 12 27 $
374 1448 41 21 417
431 1454 35 14 om
481 1448 76 21 besvär
576 1448 60 20 öfver
650 1447 153 27 domkapitlets
818 1446 86 28 åtgärd,
927 1448 22 26 ty
966 1447 36 21 det
