1078 1678
191 74 27 20 86

162 130 104 27 rättighet
282 131 32 18 att
329 129 50 27 sjelf
393 128 67 21 ordna
475 128 46 21 sina
537 134 64 21 egna,
613 128 23 20 af
645 129 70 19 staten
727 126 121 21 oberoende
859 127 127 27 angelägen-

162 159 68 20 heter.
261 157 77 20 Denna
359 157 132 20 reservation
511 156 38 20 har
565 156 38 27 jag
621 155 81 20 biträdt
721 155 39 20 och
780 154 90 21 utbeder
888 155 44 27 mig
950 155 36 20 öd-

164 186 94 27 mjukast
274 187 32 18 att
322 185 47 20 med
385 184 114 27 anledning
516 184 62 20 deraf
591 184 22 20 få
628 185 58 26 yttra
702 183 66 27 några
784 183 45 20 ord.

233 213 73 27 Enligt
328 213 159 20 lutherdomens
509 211 138 28 uppfattning
666 211 22 20 af
706 211 79 20 Christi
804 211 45 20 lära
864 213 24 19 är
903 211 83 27 kyrkan

164 249 26 14 en
207 242 135 27 sjelfständig
360 241 121 20 institution
500 241 57 20 inom
577 242 79 23 staten,
673 239 91 20 baserad
780 239 27 27 på
822 239 48 20 dess
886 239 100 21 medlem-

165 277 56 14 mars
238 270 143 27 öfvertygelse
398 269 39 20 och
452 268 41 20 fria
508 269 51 26 vilja
575 270 30 18 att
617 268 85 20 tillhöra
712 267 131 21 densamma.
866 267 45 21 Allt
922 268 65 27 tvång

165 299 27 26 på
207 299 100 26 hjertats,
324 297 170 27 öfvertygelsens
510 296 87 21 område
614 297 23 19 är
652 296 33 20 för
695 296 70 20 henne
776 295 138 21 fremmande.
937 295 49 20 Hon

165 328 23 18 är
203 326 47 20 icke
270 332 25 13 en
314 325 181 20 statsinstitution.
527 325 48 19 Den
591 324 111 20 lutherska
718 324 83 26 kyrkan
818 324 67 20 måste
902 323 84 21 derföre

165 354 137 26 proklamera
317 354 102 19 samvets-
437 352 39 20 och
492 351 197 21 bekännelsefrihet
704 352 34 20 för
754 351 41 21 den
811 352 105 26 enskilda,
932 353 55 18 samt

166 382 104 26 rättighet
293 381 33 20 för
348 381 70 20 denna
440 382 31 18 att
492 380 85 20 utträda
596 386 25 14 ur
639 380 83 27 kyrkan
739 380 39 20 och
794 380 74 20 utöfva
883 380 40 20 den
939 379 47 20 reli-

165 409 118 28 gionskult,
301 415 45 14 som
362 408 48 21 bäst
426 408 65 20 sluter
506 408 32 27 sig
555 408 31 20 till
602 408 53 20 hans
671 407 150 28 öfvertygelse.
848 407 48 21 Men
912 407 32 20 för
954 409 32 18 att

165 438 72 19 kunna
256 437 134 26 proklamera
409 436 69 20 denna
495 436 74 27 frihet,
588 437 68 19 måste
672 436 83 27 kyrkan
771 435 32 20 för
819 435 31 20 sin
870 435 115 28 sjelfuppe-

165 465 87 20 hållelse
268 465 62 20 äfven
346 464 72 21 fordra
434 471 26 14 en
476 464 43 21 viss
535 464 53 27 grad
604 464 23 20 af
640 464 64 20 frihet
720 463 32 21 för
768 463 39 27 sig.
830 463 76 21 Denna
921 463 65 21 frihet

165 493 33 21 får
220 493 136 27 naturligtvis
374 493 30 27 ej,
421 499 47 14 men
488 492 104 21 behöfver
610 492 19 27 ej
645 492 67 20 heller
727 491 36 21 det
778 492 95 27 ringaste
888 492 98 27 intränga

165 522 28 27 på
211 524 81 17 statens
311 521 92 20 område.
435 521 86 20 Statens
541 522 44 19 rätt
603 520 32 20 till
653 520 148 27 öfveruppsigt
818 520 58 21 öfver
892 520 93 27 kyrkan,

165 549 89 20 likasom
278 549 60 20 öfver
360 549 73 27 hvarje
453 551 64 18 annat
536 549 57 20 inom
612 550 69 19 staten
699 548 106 27 befintligt
820 548 107 26 samfund,
944 548 42 20 kan

165 577 87 20 härmed
268 577 34 21 väl
318 577 94 26 förenas,
429 577 103 20 behöfver
548 577 20 26 ej
583 577 125 20 förnärmas.
734 575 43 21 Det
792 577 23 19 är
830 576 54 21 blott
899 576 41 20 den
950 575 36 21 fri-

165 606 37 20 het
218 605 38 21 och
273 605 171 27 sjelfständighet
459 605 84 27 kyrkan
562 604 88 26 fordrar,
668 606 32 18 att
716 611 77 20 genom
809 604 45 20 sina
870 604 68 21 skilda
953 611 32 13 re-

165 636 157 25 presentanter,
337 633 7 20 i
360 633 36 20 allt
416 633 55 20 hvad
489 634 35 19 rör
540 633 82 27 kyrkan
641 632 102 25 enskildt,
759 633 7 19 i
782 632 38 21 och
834 632 32 20 för
882 632 38 27 sig,
937 632 49 20 dess

166 662 137 25 ceremonier,
320 661 54 20 bruk
389 668 27 13 m.
432 668 34 19 m.,
483 661 49 27 sjelf
545 661 22 20 få
581 661 60 20 stifta
656 661 41 26 lag.
721 660 57 20 Utan
796 660 68 20 denna
880 660 105 27 sjelfstän-

166 689 72 27 dighet
254 690 68 20 måste
338 689 82 27 kyrkan
433 689 132 20 fortfarande
581 689 67 20 sakna
663 688 37 20 det
716 688 32 26 lif,
760 694 45 14 som
818 688 52 20 blott
885 688 58 20 leder
954 688 31 20 till

167 718 48 20 dess
232 717 68 21 sunda
316 717 129 27 utveckling,
461 716 39 21 och
517 717 48 20 dess
579 717 139 20 medlemmar
730 716 37 20 allt
777 716 90 20 intresse
877 716 33 20 för
921 716 64 27 kyrk-

166 745 43 27 liga
232 745 186 27 angelägenheter.
448 746 39 19 Att
510 745 160 27 lagstiftningen
689 745 7 20 i
714 744 100 28 kyrkliga
834 744 71 28 frågor
924 745 6 19 i
949 744 36 20 all-

166 773 87 21 mänhet
269 774 103 19 härintills
388 773 48 21 med
451 773 82 20 mindre
550 773 114 27 olägenhet
680 773 81 19 kunnat
775 772 83 21 utöfvas
870 772 23 20 af
901 772 84 21 landets

166 801 93 26 ständer,
280 802 62 20 beror
365 801 62 21 deraf
443 803 32 18 att
493 801 104 21 härintills
616 801 54 20 blott
690 801 41 20 den
749 800 126 21 reformerta
890 801 95 27 kyrkans

166 830 175 26 trosbekännare,
358 830 68 26 jemte
443 829 123 21 lutheraner
581 829 88 27 åtnjutit
684 829 236 27 representationsrätt,
937 835 47 14 men

164 858 23 26 ju
204 864 58 14 mera
278 859 69 19 staten
364 857 105 21 erkänner
484 857 206 27 religionsfrihetens
706 857 145 27 grundsatser,
862 857 61 21 desto
934 857 50 20 nöd-

166 886 114 26 vändigare
304 886 100 20 framstår
425 885 100 21 behofvet
545 886 32 20 för
596 885 83 27 kyrkan
698 885 23 21 af
732 892 26 13 en
774 885 54 20 skild
844 885 141 27 kyrkorepre-

166 914 116 26 sentation,
305 920 45 14 som
366 914 60 20 alltid
444 914 81 20 medför
541 914 40 20 den
599 914 121 25 förmånen,
736 915 32 18 att
783 913 48 20 dess
847 913 137 21 medlemmar

167 942 67 20 skulle
250 942 86 20 komma
351 944 31 18 att
399 942 66 26 väljas
481 942 48 20 med
545 942 101 20 särskildt
662 941 101 21 afseende
782 942 12 20 å
810 942 64 26 insigt
884 942 7 19 i
902 942 40 20 och
954 941 31 20 in-

166 972 68 18 tresse
256 970 34 20 för
312 970 98 27 kyrkliga
430 970 77 27 frågor.
537 970 78 20 Denna
637 970 83 27 printip
742 977 38 13 var
801 970 62 20 äfven
882 969 104 21 uttalad
976 965 14 36 i

166 998 151 20 motsvarande
333 998 11 27 $
360 1000 12 19 8
389 998 23 20 af
425 998 12 20 3
452 998 49 27 kap.
518 998 6 20 i
541 998 36 20 det
595 998 23 20 år
638 998 53 20 1863
711 998 126 20 utarbetade
855 998 81 26 förslag
955 997 31 20 till

167 1033 27 19 ny
210 1026 114 27 kyrkolag,
348 1026 40 20 och
411 1026 142 20 framställdes
576 1026 97 20 häremot
692 1026 68 20 under
782 1027 84 19 senaste
884 1025 102 27 landtdag

166 1054 128 21 åtminstone
310 1054 6 20 i
332 1055 12 19 3
360 1054 62 20 stånd
438 1054 46 21 icke
500 1055 67 26 några
582 1054 172 27 anmärkningar.
785 1054 71 20 Anser
872 1054 113 27 höglofliga

165 1082 150 27 ridderskapet
331 1082 38 21 och
386 1082 61 21 adeln
463 1083 118 20 emellertid
598 1083 40 19 den
654 1082 167 27 omständighet,
833 1083 31 19 att
876 1082 110 27 principen

166 1110 4 19 i
188 1110 35 20 det
239 1110 31 20 till
286 1110 70 21 denna
371 1111 101 26 landtdag
488 1110 158 21 öfverlemnade
661 1111 103 26 förslaget
781 1111 22 19 är
818 1110 116 26 frånträdd,
946 1110 39 21 och

165 1141 32 17 att
219 1139 115 20 initiativet
355 1139 31 20 till
407 1145 25 14 en
450 1139 161 27 lagförändring
630 1139 129 20 härutinnan
778 1138 87 20 sålunda
880 1139 20 26 ej
917 1139 69 26 utgått

165 1166 46 21 från
228 1166 26 21 H.
271 1166 27 21 K.
316 1167 110 27 Majestät,
442 1168 76 26 utgöra
535 1167 74 20 hinder
625 1167 32 20 för
673 1167 73 20 vidare
759 1166 121 21 diskussion
895 1167 7 20 i
917 1167 69 20 denna

165 1194 68 27 fråga,
257 1195 51 20 eller
330 1197 32 18 att
385 1195 146 27 stadgandena
546 1195 6 20 i
569 1196 25 26 $$
610 1195 27 20 35
656 1195 40 20 och
716 1195 26 20 50
762 1195 22 20 af
801 1195 40 20 den
859 1195 85 26 nyligen
965 1194 23 21 af

166 1223 85 20 ståndet
274 1225 92 25 antagna
384 1223 244 28 landtdagsordningen,
648 1230 45 13 som
712 1223 119 20 bestämma
853 1223 30 20 till
906 1223 80 20 hvilket

165 1251 95 20 utskotts
283 1251 130 28 behandling
434 1251 191 28 kyrkolagsfrågor
643 1251 61 26 höra,
721 1252 40 20 och
780 1253 31 18 att
830 1258 68 13 annan
912 1252 26 19 än
955 1251 30 20 lu-

165 1279 74 20 thersk
258 1280 169 20 trosbekännare
447 1280 19 27 ej
485 1279 43 20 deri
545 1281 35 19 må
595 1280 95 27 deltaga,
708 1280 51 19 böra
775 1280 23 20 så
813 1279 119 20 vidsträckt
947 1279 38 20 tol-

165 1307 48 26 kas,
234 1310 31 17 att
284 1307 70 27 frågor
374 1315 35 13 om
427 1308 133 27 lagstiftning
575 1308 90 20 rörande
682 1308 94 27 kyrkans
792 1314 54 21 egna
861 1308 45 19 inre
922 1314 63 20 ange-

164 1335 126 27 lägenheter
308 1336 61 20 äfven
386 1336 68 20 blifvit
475 1336 106 20 derunder
596 1336 137 27 inbegripna,
750 1337 23 19 så
789 1337 67 19 mäste
872 1336 65 20 saken
954 1336 32 19 för

165 1363 68 20 denna
256 1364 57 26 gång
336 1364 133 27 naturligtvis
493 1364 90 20 förfalla.
614 1364 42 27 Jag
678 1371 64 13 anser
766 1364 39 20 den
829 1364 117 20 emellertid
966 1363 22 20 af

165 1392 85 27 oändlig
267 1392 53 27 vigt,
336 1392 39 20 och
391 1392 39 20 har
445 1392 83 20 derföre
544 1392 69 20 funnit
629 1393 43 26 mig
687 1392 77 20 manad
776 1394 31 18 att
818 1392 110 20 framhålla
938 1392 47 20 den.

232 1420 58 20 Herr
305 1420 107 26 Linder,
428 1420 35 20 E.:
487 1420 37 20 Ett
546 1421 73 20 försök
644 1423 31 17 att
698 1420 21 21 få
738 1420 83 27 kyrkan
839 1420 51 20 eller
907 1421 78 19 rättare

164 1448 61 27 sagdt
247 1448 162 28 presterskapet
431 1450 32 19 att
486 1450 75 26 utgöra
585 1456 26 13 en
634 1448 55 21 skild
712 1451 43 18 stat
773 1449 6 20 i
796 1450 80 25 staten,
900 1448 85 20 hvilken
