1078 1678
203 77 42 20 394

177 134 37 20 ket
229 133 59 28 lång,
309 134 31 20 för
358 133 50 28 lång
423 134 40 26 tid,
482 140 48 14 men
544 134 38 27 jag
598 134 71 20 tviflar
685 134 27 27 på
727 136 32 18 att
774 134 41 21 den
831 141 28 14 nu
875 134 121 27 föreslagna

177 162 58 20 tiden
252 163 24 19 är
290 162 95 27 lämplig;
407 163 36 26 jag
466 164 44 18 tror
533 164 31 18 att
583 162 40 21 den
643 164 22 19 är
686 163 33 19 för
735 162 55 21 kort.
821 163 46 20 Den
885 163 39 26 tid,
940 163 56 20 inom

177 190 86 21 hvilken
280 191 97 20 anmälan
394 197 34 14 om
443 191 100 26 missnöje
562 186 53 35 emot
625 191 99 20 -hofrätts
740 191 48 20 dom
799 191 32 20 får
842 191 44 26 ske,
903 191 37 20 har
952 191 44 20 blif-

177 219 31 20 vit
224 218 22 21 af
260 218 106 21 utskottet
381 219 104 26 betydligt
500 219 105 26 förlängd.
636 218 44 21 Vår
695 225 29 14 nu
740 219 97 27 gällande
853 219 35 28 lag
903 219 93 27 stadgar,

178 249 31 18 att
225 247 97 20 anmälan
339 247 67 20 skulle
422 247 37 20 ske
476 247 37 20 sist
525 247 12 20 å
549 247 10 20 7
571 247 77 27 dagen;
660 247 54 20 efter
725 247 117 21 utskottets
853 247 143 26 betänkande,

178 281 45 14 som
240 275 23 20 af
277 274 147 28 ridderskapet
447 275 39 20 och
505 275 62 20 adeln
586 275 68 20 blifvit
677 275 117 27 godkändt,
817 276 56 27 finge
889 282 26 14 en
931 275 65 21 sådan

178 303 98 20 anmälan
292 303 38 20 ske
347 303 37 21 sist
400 304 12 20 å
428 303 40 21 den
484 304 23 20 21
527 303 75 28 dagen.
633 303 49 21 Den
697 303 59 21 tiden
772 311 44 13 som
833 304 93 21 derefter
942 304 54 20 åter-

179 332 43 19 står
238 331 23 20 af
278 331 26 21 de
322 332 33 20 för
370 331 99 27 ändrings
485 331 95 21 ansökan
596 331 112 21 bestämda
724 333 26 19 60
767 333 94 26 dagarne
876 334 23 18 är
915 331 81 21 således

178 360 87 26 mycket
281 360 33 20 för
329 360 48 20 kort
396 360 31 20 för
442 360 91 20 nämnda
556 360 104 20 ändamål.
691 360 64 20 Flera
778 360 65 28 dagar
859 361 47 27 åtgå
924 360 72 20 nemli-

178 394 50 20 gen,
252 388 63 20 innan
338 388 106 20 hofrätten
461 388 41 20 kan
518 388 57 27 gifva
591 388 197 27 protokollsutdrag
804 389 39 20 och
858 388 98 21 meddela
971 389 26 20 de

177 416 143 25 föreskrifter,
336 423 44 13 som
397 415 48 21 med
461 416 114 27 anledning
590 416 23 20 af
627 416 111 27 missnöjes
754 417 98 20 anmälan
867 419 23 18 är
901 418 31 19 att
943 417 53 20 iakt-

177 446 57 25 taga.
265 444 77 20 Dertill
357 444 100 21 behöfves
481 444 106 20 sannolikt
603 451 44 13 mer
663 446 26 19 än
706 445 27 20 30
749 445 72 27 dagar.
852 445 42 27 Jag
910 445 87 27 medgif-

180 479 36 14 ver
239 472 62 26 visst,
318 474 31 19 att
365 472 40 21 den
421 479 44 13 som
481 472 38 21 har
534 479 109 14 ressurser
658 473 39 20 och
714 473 40 20 kan
770 473 105 28 nedlägga
891 473 48 20 dem
955 473 41 20 kan

179 501 73 27 åtnöja
267 501 32 27 sig
316 501 91 26 dermed,
423 507 47 14 men
486 500 149 21 erfarenheten
651 500 38 21 har
705 501 61 25 visat,
783 503 32 18 att
831 508 26 14 en
872 503 45 25 stor
933 501 33 21 del
977 501 23 20 af

179 529 26 20 de
228 529 140 20 rättsökande
395 529 19 27 ej
434 529 62 20 hafva
518 529 37 20 råd
579 529 76 20 dertill.
685 529 34 21 Då
735 535 25 14 en
777 529 220 28 ändringsansökning

179 557 54 20 skall
248 557 46 26 ske,
310 557 23 20 så
348 557 73 27 föregå
436 564 25 13 en
477 557 77 27 mängd
570 557 146 26 formaliteter,
733 557 72 21 hvilka
816 558 6 20 i
833 558 61 27 lagen
911 559 36 20 äro
962 557 34 22 be-

180 585 90 26 stämda;
286 585 133 28 egendomen
441 585 52 20 skall
514 585 133 28 upptecknas
664 585 39 21 och
720 585 107 21 värderas.
859 586 41 21 Det
914 586 82 20 fordras

179 613 37 21 allt
232 620 26 14 en
274 614 49 27 lång
338 613 31 21 tid
385 613 30 20 till
430 613 73 21 detder
519 613 39 21 och
577 614 68 20 saken
664 613 101 28 fullföljes
788 615 120 20 sedermera
924 614 6 20 i
946 614 50 27 hög-

180 644 33 18 sta
229 642 99 20 domstol.
359 641 72 21 Skulle
455 641 53 21 efter
530 642 160 28 propositionen
712 642 39 21 och
769 643 117 20 utskottets
909 642 87 21 dermed

179 666 233 33 öfverensstämmande
435 670 119 20 Penker
621 677 44 13 mer
687 672 26 19 än
734 671 27 20 30
784 671 65 27 dagar
871 671 87 24 återstå,
974 671 23 20 så

180 698 118 28 medgifver
311 698 37 27 jag
363 698 34 20 väl
408 700 31 18 att
449 698 75 20 sådant
533 698 33 20 för
603 698 26 20 Åbo
643 698 139 27 jurisdiktion
801 705 50 14 vore
866 698 129 28 tillräckligt,

180 733 47 13 men
244 726 20 20 vi
280 726 63 21 hatva
361 726 112 26 hofrätter,
492 726 71 21 hvilka
582 728 36 19 äro
638 726 90 28 belägna
748 728 27 25 pä
790 727 86 27 mycket
892 727 58 27 långt
966 726 30 21 af-

181 754 62 21 stånd
258 754 47 21 från
324 754 144 27 Helsingfors,
488 754 36 21 der
540 754 83 21 landets
639 755 76 27 högsta
731 754 90 21 domstol
838 755 38 21 har
891 755 37 20 sitt
944 756 52 25 säte,

180 785 15 18 t.
211 790 33 13 ex.
261 782 68 21 Wasa
343 782 86 21 hofrätt.
459 783 39 20 Om
515 790 25 13 en
557 785 49 25 part
621 783 46 20 från
684 783 85 21 trakten
786 783 22 21 af
821 783 83 27 Kajana
920 783 77 21 saknar

180 811 114 27 tillgångar
309 813 31 18 att
355 811 103 27 nedlägga
473 811 217 27 revisionsskillingen
707 811 38 20 och
762 811 54 21 skall
831 812 96 26 iakttaga
942 811 55 21 hvad

180 840 62 26 lagen
258 840 6 20 i
280 839 38 27 thy
337 839 34 20 fall
395 839 91 27 stadgar,
502 840 61 26 åtgår
577 840 34 20 för
627 840 76 20 honom
728 840 48 20 med
799 840 50 20 våra
872 840 126 26 bristfälliga

180 867 209 21 kommunikationer
410 869 56 19 ännu
486 868 36 20 bra
545 868 90 27 mycken
658 868 36 20 tid.
726 867 34 21 Nu
778 869 23 19 är
820 868 35 20 det
871 868 80 27 vanligt
966 870 32 18 att

181 896 130 20 åtminstone
334 895 39 21 den
393 896 136 20 rättsökande
545 896 105 27 allmogen
667 896 20 26 ej
702 896 83 20 direkte
796 896 49 26 sjelf
854 896 101 27 fullföljer
965 896 31 20 sin

181 923 205 28 ändringsansökan,
410 926 50 18 utan
484 924 75 20 sådant
583 924 49 20 sker
654 930 77 21 genom
755 924 84 20 ombud.
870 923 40 21 Om
933 924 65 20 också

182 952 40 20 den
238 952 98 27 ändring,
352 959 51 16 som,
417 952 65 20 ehuru
498 952 19 27 ej
534 952 107 20 bestämdt
657 952 89 26 uttalad,
762 952 76 27 tyckes
849 959 51 13 vara
914 952 84 27 åsyftad

180 981 6 20 i
198 982 62 19 nästa
271 981 11 26 &
294 980 23 20 af
326 980 38 20 den
378 980 77 27 nådiga
466 980 170 27 propositionen,
648 980 56 26 sker,
720 981 24 19 så
754 980 82 21 fordras
848 980 36 21 det
887 976 9 36 i
912 980 40 21 alla
962 980 36 20 fall

181 1008 31 20 tid
227 1008 33 20 för
276 1009 36 19 det
328 1008 87 24 ombud,
432 1015 44 13 som
492 1008 132 27 handlägger
648 1008 64 20 målet
728 1008 5 20 i
750 1007 114 27 hofrätten,
880 1010 32 19 att
927 1008 71 21 remit-

181 1039 47 18 tera
250 1036 154 27 handlingarne
426 1036 30 20 till
480 1035 143 28 Helsingfors,
639 1036 32 21 för
687 1039 31 18 att
734 1043 77 20 genom
831 1038 63 19 annat
920 1036 78 21 ombud

182 1065 38 20 här
242 1064 110 21 inlemnas.
384 1064 41 27 Jag
447 1067 44 17 tror
513 1064 32 20 för
569 1065 43 20 min
630 1064 33 21 del
679 1067 31 18 att
727 1071 48 14 man
796 1064 6 21 i
817 1065 38 20 bra
871 1065 76 26 många
962 1065 36 20 fall

181 1093 55 20 skall
258 1093 85 20 komma
359 1094 31 18 att
406 1092 84 21 afskära
509 1093 39 20 den
568 1093 97 26 fattigas,
681 1093 40 20 den
738 1093 126 20 medellösas
881 1093 67 26 talan,
964 1099 34 14 om

182 1121 57 20 tiden
255 1120 127 21 inskränkes
397 1121 32 20 till
444 1121 26 20 60
482 1120 71 27 dagar.
585 1121 10 20 1
608 1121 94 26 Sverige,
714 1121 38 20 der
763 1121 235 20 kommunikationerna

183 1151 35 18 äro
235 1148 78 21 bättre
321 1150 25 19 än
363 1149 38 20 hos
420 1156 41 18 oss,
484 1149 97 27 gvarstär
603 1151 56 18 ännu
682 1149 58 20 alltid
760 1149 36 20 det
812 1149 78 27 gamla,
911 1149 65 20 redan
992 1149 6 20 i

182 1177 106 28 lagboken
304 1177 86 27 intagna
406 1177 137 28 stadgandet,
567 1179 32 18 att
618 1177 152 20 rättsökanden
787 1184 50 20 eger
853 1179 31 18 att
900 1178 55 19 inom
972 1177 27 21 90

183 1206 65 27 dagar
263 1205 89 27 fullfölja
368 1205 31 20 sin
415 1205 57 20 talan
489 1207 14 18 t.
519 1212 33 13 ex.
569 1205 35 20 vid
621 1205 71 20 Götha
707 1205 90 26 hofrätt,
814 1205 98 27 placerad
926 1206 6 19 i
948 1205 51 20 Jön-

183 1234 89 26 köping,
292 1234 28 26 pä
337 1233 48 20 icke
400 1233 73 28 längre
489 1233 84 21 afständ
589 1233 45 21 frän
658 1233 134 26 Stockholm,
809 1235 25 18 än
851 1227 48 26 Äbo
915 1235 23 18 är
953 1233 47 20 frän

183 1262 141 27 Helsingfors.
354 1261 42 28 Jag
423 1262 75 27 tycker
520 1264 31 18 att
575 1269 25 13 en
626 1261 111 28 medelväg
763 1261 70 20 kunde
858 1264 70 25 tagas;
951 1268 49 13 man

183 1290 70 20 kunde
277 1290 61 20 ställa
362 1289 80 28 kyrkan
465 1290 53 20 midt
533 1290 5 19 i
555 1291 42 26 byn
614 1290 38 20 och
668 1290 48 20 icke
732 1290 67 20 under
821 1290 123 20 nuvarande
959 1289 41 20 för-

183 1317 111 22 hällanden
312 1318 98 20 nedsatta
425 1318 57 21 tiden
497 1318 30 20 till
543 1318 82 20 hälften
641 1318 22 20 af
677 1318 36 21 det
728 1318 65 26 förra,
808 1320 52 18 utan
877 1318 30 19 till
923 1319 27 19 90
966 1317 34 20 da-

183 1354 38 19 gar
244 1348 56 18 samt
320 1346 70 20 lemna
408 1346 22 20 ät
445 1353 25 13 en
487 1353 68 13 annan
576 1346 39 26 tid,
632 1346 26 20 dä
673 1346 238 20 kommunikationerna
937 1345 64 21 blifva

184 1375 70 20 bättre
278 1374 38 20 och
335 1374 203 20 tidsförhällandena
561 1374 137 27 omgestaltat
724 1374 42 27 sig,
782 1376 31 18 att
831 1374 124 27 ytterligare
970 1374 31 20 in-

184 1402 93 20 skränka
293 1402 64 26 tiden,
374 1410 33 12 om
424 1402 99 21 behofvet
539 1402 95 28 päkallar
650 1403 41 20 det.
723 1402 77 20 Detär
815 1402 6 20 i
837 1402 163 20 öfverensstäm-

183 1430 66 21 melse
266 1430 93 27 dermed,
373 1431 37 27 jag
426 1431 66 20 skulle
508 1430 79 21 föreslä
602 1438 26 13 en
645 1430 90 28 ändring
750 1430 6 20 i
772 1430 12 27 $
799 1431 20 19 9.
