1078 1678
180 57 41 20 312

151 112 247 27 minimitillverkningen
421 119 38 19 per
481 111 42 27 dag
545 112 24 20 så
592 119 61 13 anser
674 112 38 27 jag
739 113 31 18 att
797 111 19 20 vi
843 112 23 19 så
889 112 87 27 mycket

152 140 82 21 mindre
258 140 72 20 kunna
352 142 56 18 sätta
423 140 6 20 i
444 140 61 27 fråga
523 142 31 18 att
569 140 68 20 fixera
660 140 102 27 beloppet
785 140 67 20 under
869 141 39 20 150
924 141 51 19 kan-

153 175 45 20 nor,
214 175 46 13 som
276 169 20 20 vi
312 169 22 19 af
348 170 31 19 ett
398 168 79 27 nyttigt
496 168 118 27 stadgande
630 168 6 20 i
651 169 48 19 vårt
715 168 119 26 grannland
857 168 72 20 kunna
944 169 31 20 in-

153 197 72 20 hemta
241 203 26 14 en
284 196 122 21 erfarenhet
419 197 45 26 just
483 196 49 20 med
551 196 101 20 afseende
668 197 12 19 å
695 196 79 20 minsta
791 196 183 27 tillverkningsbe-

153 225 73 26 loppet
248 225 7 19 i
279 224 157 21 brännerierna.
468 224 31 20 En
521 224 137 27 nedsättning
674 224 23 20 af
712 224 36 20 det
764 224 37 20 der
817 224 94 21 fixerade
934 225 40 20 till-

153 252 217 27 verkningsbsloppet
386 252 22 20 af
422 253 40 20 300
478 252 82 21 kannor
579 252 45 20 blef
640 252 93 26 afslaget
748 253 6 19 i
771 253 67 26 begge
854 253 120 20 kamrarne.

152 281 48 20 Den
225 280 123 21 erfarenhet
370 287 45 14 som
439 280 37 21 der
495 281 86 20 vunnits
600 280 39 21 och
663 280 76 21 skälen
758 281 69 20 dertill
844 281 50 20 böra
910 281 65 20 också

153 315 65 13 varna
236 315 34 13 oss
286 310 32 18 att
334 309 20 26 ej
370 310 54 19 sätta
447 309 40 20 den
511 308 86 27 dagliga
619 308 167 27 tillverkningen
804 309 33 20 för
853 309 49 27 lågt.
933 309 42 27 Jag

153 342 62 14 anser
230 336 83 20 således
330 338 32 18 att
378 337 40 20 150
433 337 82 20 kannor
529 338 23 18 är
568 337 36 19 det
619 337 69 26 lägsta
704 337 88 26 möjliga
807 337 107 26 beloppet,
926 344 48 13 men

153 364 62 20 äfven
235 364 39 27 jag
292 371 51 13 vore
361 364 80 21 beredd
459 366 41 24 att,
517 364 6 20 i
538 364 95 28 enlighet
652 364 49 20 med
717 364 50 20 herr
783 364 133 21 Ehrnrooths
931 365 43 20 för-

153 392 52 27 slag,
221 392 71 20 lemna
308 393 21 19 åt
344 393 126 26 regeringen
486 394 32 19 att
534 392 53 20 efter
603 392 33 27 sig
648 392 127 20 företeende
793 393 181 26 omständigheter

153 419 95 21 anordna
271 427 34 13 om
324 420 276 27 detaljbestämmelserna
590 415 15 37 i
617 421 71 20 saken.
721 420 43 21 Det
789 421 38 20 har
853 421 120 25 anmärkts,

153 449 32 19 att
200 448 7 19 i
222 448 109 20 Preussen
346 448 68 21 finnes
430 451 31 18 ett
476 450 43 19 sätt
534 450 31 18 att
581 448 133 21 kontrollera
731 448 141 27 bränningen,
889 456 45 13 som
950 451 24 18 är

153 475 55 21 både
223 476 97 27 lämpligt
336 476 40 21 och
391 477 73 26 billigt.
495 476 42 27 Jag
553 477 38 19 har
607 477 43 26 mig
668 477 90 26 specielt
777 477 78 20 bekant
872 479 31 18 att
919 477 54 20 både

152 503 28 27 på
197 504 53 20 1840
266 505 40 19 och
324 505 53 20 1850
393 505 66 26 talen,
481 505 26 20 då
522 504 280 28 bränningslagstiftningen
826 505 99 27 utgjorde
940 512 33 14 re-

153 531 114 28 geringens
292 539 93 20 omsorg,
409 540 38 13 var
470 533 69 20 denna
554 532 61 27 fråga
631 533 12 20 å
658 533 56 20 bane
731 533 38 20 och
786 540 48 13 man
850 533 122 21 inhemtade

153 560 83 27 ganska
258 567 124 20 noggranna
404 561 221 27 detaljupplysningar
641 561 5 20 i
663 561 61 20 detta
742 563 61 18 ämne
825 561 46 20 från
895 561 77 20 Preus-

153 594 45 20 sen,
221 588 89 21 hvarvid
332 596 49 13 man
403 589 50 20 fann
472 591 31 18 att
523 589 62 20 äfven
606 589 36 20 det
660 589 38 20 der
718 589 123 27 begagnade
860 591 66 19 sättet
941 592 32 18 att

153 615 130 22 kontrollera
300 623 36 14 var
350 617 8 20 i
373 617 76 27 många
468 617 115 21 afseenden
600 617 58 20 svårt
674 617 40 20 och
731 617 119 28 olämpligt;
874 618 98 20 hvarföre

152 643 75 28 frågan
244 651 33 13 om
290 644 48 21 dess
354 645 111 21 införande
481 645 38 20 här
533 645 7 20 i
556 645 74 20 landet
643 645 79 21 förföll.
752 645 42 28 Jag
810 653 62 13 anser
888 646 84 20 derföre

152 671 48 21 icke
216 672 96 27 lämpligt
328 674 31 19 att
374 674 51 20 utan
439 673 132 27 granskning
587 675 95 25 upptaga
698 675 33 19 ett
746 674 50 26 sätt,
812 680 45 14 som
872 674 48 20 icke
937 674 35 20 be-

151 699 81 21 funnits
248 700 48 20 fullt
312 701 201 21 tillfredsställande.

220 728 58 20 Herr
294 735 46 14 von
356 729 79 21 Born:
459 730 71 20 Också
550 730 39 26 jag
607 729 34 21 för
661 729 43 21 min
724 730 34 20 del
774 730 67 20 skulle
856 730 55 20 hålla
926 730 46 21 före

153 757 32 18 att
207 756 65 27 något
294 757 116 21 maximum
428 758 47 20 icke
493 764 50 14 vore
564 757 102 27 behöfligt
681 757 40 21 och
738 758 36 20 det
790 758 53 20 hade
859 759 54 19 varit
929 759 43 19 min

151 783 81 21 önskan
248 786 32 18 att
295 785 21 20 få
331 786 188 26 maximibeloppet
533 786 154 25 utmönstradt,
704 786 88 20 såframt
808 786 47 20 icke
874 787 96 20 kommu-

153 818 66 14 nerna
242 812 68 21 skulle
333 813 128 21 förbehållas
479 814 57 20 talan
552 814 6 20 i
574 814 155 20 förutbemäldt
752 814 109 25 afseende,
886 815 85 20 hvilken

153 839 54 21 dock
223 840 31 20 till
268 840 54 28 följd
337 841 23 20 af
374 842 95 20 ståndets
491 844 87 18 senaste
598 842 70 20 beslut
683 842 42 20 blir
740 849 27 14 en
782 845 44 18 tom
841 843 49 20 fras.
921 843 49 20 Men

153 867 65 21 sedan
234 868 70 21 denna
319 870 103 27 rättighet
436 870 6 20 i
458 870 75 27 sjelfva
549 870 76 20 verket
640 870 20 27 ej
676 877 60 14 mera
752 871 97 27 qvarstår
863 871 33 20 för
912 871 58 20 kom-

152 902 109 20 munerna,
278 897 39 20 och
340 898 48 20 med
410 898 100 20 afseende
525 898 12 21 å
553 898 56 21 hvad
629 898 38 27 jag
686 898 46 20 haft
750 901 50 18 äran
822 901 58 25 yttra
894 906 34 13 om
944 900 26 20 de

152 925 58 19 stora
232 924 133 27 fabrikerna,
382 927 23 19 så
420 933 62 14 anser
495 926 37 27 jag
547 928 32 18 att
596 928 31 18 ett
643 927 166 27 maximibelopp
827 928 37 20 bör
879 927 91 21 bestäm-

151 958 46 14 mas
219 952 40 20 och
282 953 122 21 bibehållas.
435 954 47 21 Med
505 954 102 21 afseende
628 956 13 19 &
662 954 184 28 minimibeloppet
868 957 46 19 tror
932 956 39 27 jag

152 979 125 28 visserligen
294 983 32 18 att
342 982 26 20 de
386 982 100 26 fabriker,
507 989 45 14 som
570 983 102 26 anläggas
688 983 6 19 i
710 984 109 25 städerna,
839 984 85 20 komma
939 986 32 18 att

152 1007 101 28 anläggas
268 1008 7 20 i
291 1011 45 18 stor
352 1009 68 27 skala,
436 1010 89 21 emedan
541 1010 37 21 det
593 1011 48 20 icke
656 1011 62 20 lönar
734 1012 32 26 sig
781 1013 32 18 att
828 1011 37 20 der
880 1011 91 28 anlägga

151 1036 81 19 smärre
247 1036 101 21 fabriker.
378 1037 44 22 Det
436 1040 23 19 är
473 1038 75 21 endast
566 1039 28 26 på
612 1039 84 26 landet,
717 1046 45 13 som
782 1041 79 18 smärre
877 1039 94 21 fabriker

151 1063 73 21 kunna
238 1063 86 22 komma
339 1065 7 20 i
361 1065 65 28 fråga.
457 1066 48 21 Man
522 1066 38 21 bör
576 1067 52 20 söka
643 1067 118 20 intressera
775 1067 153 21 kommunerna
939 1070 31 18 att

151 1094 134 24 gemensamt
301 1093 51 20 eller
367 1094 31 20 till
414 1095 23 20 så
452 1096 45 19 stor
512 1094 33 21 del
561 1101 45 14 som
623 1095 83 27 möjligt
724 1095 79 21 inrätta
821 1095 101 27 fabriker,
937 1097 33 20 för

151 1121 32 18 att
203 1119 45 27 just
272 1120 124 28 derigenom
420 1123 111 20 motverka
554 1123 41 20 den
611 1123 24 20 så
649 1123 125 27 förderfliga
793 1123 176 28 lönbränningen.

152 1147 43 20 Det
213 1147 42 21 kan
279 1149 53 20 visst
354 1150 70 20 hända
443 1152 31 19 att
492 1150 36 21 det
546 1151 68 20 finnes
630 1151 127 20 kommuner
772 1152 48 20 med
836 1152 23 20 så
874 1154 44 18 stor
935 1153 34 20 be-

151 1175 105 28 folkning,
272 1179 32 18 att
320 1177 61 21 äfven
396 1178 94 21 fabriker
506 1179 49 20 med
572 1181 69 18 större
660 1179 309 28 minimitillverkningsbelopp

151 1204 27 19 än
194 1203 63 27 5,000
273 1205 82 21 kannor
375 1206 68 21 skulle
462 1207 71 20 kunna
548 1207 21 20 få
585 1207 36 20 sitt
637 1207 91 20 bränvin
746 1207 161 27 konsumeradt,
926 1208 43 20 ifall

151 1238 49 13 man
222 1231 57 28 finge
302 1235 78 26 antaga
398 1236 32 19 att
448 1234 47 21 hela
519 1235 129 20 kommunen
672 1235 69 20 skulle
756 1235 72 21 kunna
843 1236 126 20 intresseras

150 1259 33 20 för
205 1260 75 25 saken,
304 1268 48 14 men
368 1262 153 21 kommunerna
536 1264 37 19 äro
593 1263 99 27 vanligen
713 1265 23 19 så
752 1266 58 18 stora
825 1266 32 19 att
872 1264 41 20 den
930 1271 40 13 ena

151 1287 61 20 delen
228 1288 23 20 af
264 1289 151 28 befolkningen
430 1291 44 20 står
487 1291 7 20 i
509 1291 63 27 högst
587 1291 61 27 ringa
661 1291 100 28 beröring
776 1292 48 20 med
840 1292 41 20 den
896 1292 72 26 andra,

150 1315 100 31 hvarföre
263 1317 39 26 jag
316 1319 45 19 tror
377 1320 31 18 att
424 1325 25 14 en
465 1319 217 20 öfverenskommelse
698 1320 90 20 emellan
803 1320 165 20 medlemmarne

149 1343 48 20 icke
212 1344 42 21 kan
270 1345 175 28 tillvägabringas
461 1346 88 27 derhän,
566 1348 31 19 att
613 1354 26 14 en
656 1347 70 21 fabrik
737 1347 68 21 skulle
816 1348 72 20 kunna
898 1348 70 20 åstad-

150 1370 95 22 kommas
262 1373 48 20 med
326 1375 30 19 ett
372 1374 226 28 tillverkningsbelopp
615 1375 24 20 af
653 1376 77 25 10,000
740 1376 87 24 kannor,
839 1376 70 20 såsom
920 1376 49 20 herr

149 1398 108 22 Snellman
276 1401 116 27 föreslagit.
424 1402 11 20 I
454 1402 154 21 kommunerna
626 1404 27 26 på
668 1403 74 21 landet
765 1404 66 20 skulle
845 1404 37 27 jag
898 1404 71 20 derför

149 1433 57 21 anse,
222 1430 32 18 att
270 1429 163 28 tillverkningen
456 1431 106 27 svårligen
581 1431 67 21 skulle
665 1431 73 21 kunna
753 1432 116 27 öfverstiga
885 1434 31 18 ett
930 1432 38 20 mi-
