1078 1678
852 83 37 20 481

100 140 31 19 att
148 137 93 21 fullända
257 138 46 20 sina
318 137 131 22 fackstudier
465 137 35 21 vid
516 138 100 21 tekniska
631 138 116 27 högskolor
757 139 7 19 i
775 139 106 27 utlandet,
893 139 26 21 de

101 166 37 20 der
161 165 65 21 redan
249 165 135 22 härförinnan
408 166 103 27 välvilligt
534 167 80 27 öppnat
637 167 46 20 sina
701 166 101 21 lärosalar
819 167 34 20 för
870 168 50 20 våra

100 193 121 28 landsmän,
236 194 40 21 och
293 194 33 21 vid
342 195 26 20 de
384 195 6 20 i
406 194 65 21 andra
487 194 74 21 länder
577 195 110 26 pågående
702 195 121 20 storartade
838 196 81 20 arbets-

99 223 90 26 företag,
211 222 49 21 vida
282 224 68 19 större
373 224 25 19 än
419 223 122 20 hemlandet
559 223 38 20 har
615 225 31 18 att
662 222 99 28 uppvisa,
777 223 82 22 utbilda
874 225 45 20 sina

100 251 110 27 praktiska
225 251 95 26 insigter.

169 279 48 20 Med
240 279 101 21 afseende
357 280 12 19 å
384 279 55 20 hvad
460 280 38 27 jag
520 286 29 14 nu
568 279 71 21 anfört
658 279 41 21 kan
716 280 38 27 jag
771 280 21 27 ej
807 280 67 21 heller
888 281 30 20 bi-

99 307 62 21 träda
180 307 116 21 utskottets
315 307 65 28 åsigt,
399 307 36 21 det
452 307 119 21 realskolan
588 308 66 21 borde
671 308 87 21 sålunda
774 308 98 28 utvidgas
888 311 31 19 att

100 335 74 21 dervid
193 335 107 21 anstäldes
319 336 68 20 lärare
402 336 7 20 i
425 336 107 27 åtskilliga
550 337 150 26 vetenskaper,
721 342 44 14 som
782 336 74 20 hittills
871 337 47 21 icke

99 364 69 27 ingått
191 364 30 20 uti
240 364 134 27 lärokursen,
394 364 70 20 såsom
484 364 65 21 bland
564 366 65 19 annat
645 364 29 20 uti
690 364 228 28 skogshushållningen,

99 392 251 28 handelsvetenskaperna
366 392 39 21 och
416 392 173 28 jordbrukslära,
605 392 40 21 och
658 392 35 21 det
706 394 23 19 så
739 393 87 27 mycket
837 393 81 20 mindre

99 427 45 14 som
168 420 68 21 skilda
257 420 121 21 fackskolor
393 421 7 20 i
416 421 63 20 dessa
501 422 87 25 ämnen,
607 421 26 20 de
652 420 38 21 der
708 421 20 27 ej
744 421 33 20 stå
792 421 7 20 i
814 421 104 28 egentligt

99 449 104 20 samband
225 449 48 20 med
297 449 26 21 de
343 449 99 20 tekniska
460 449 181 27 vetenskaperna,
659 449 66 21 redan
741 449 67 21 finnas
823 449 7 20 i
846 449 72 21 landet

99 477 157 28 organiserade.
279 477 113 21 Utskottet
408 477 38 20 har
461 477 68 21 tillika
544 477 105 28 tillstyrkt
664 479 32 18 att
712 477 25 21 de
753 477 36 21 vid
804 478 114 21 forstinsti-

99 508 56 18 tutet
171 506 12 20 å
198 505 65 21 Evois
279 505 6 20 i
302 505 25 21 de
343 506 106 20 allmänna
464 505 173 28 vetenskaperna
651 507 93 26 antagne
759 506 75 27 lärare,
845 506 73 21 hvilka

99 534 32 20 för
146 534 143 25 närvarande,
305 534 27 21 då
347 534 60 21 detta
416 534 85 21 institut
511 536 24 19 är
546 534 108 26 tillslutet,
666 534 66 21 sakna
747 535 170 26 sysselsättning,

100 562 66 21 borde
181 562 117 21 tillsvidare
313 563 100 20 anställas
430 563 70 20 såsom
515 563 69 20 lärare
600 563 35 20 vid
650 562 127 21 realskolan.
801 562 44 28 Jag
859 542 58 41 med

100 597 38 21 ger
153 597 66 21 gerna
234 592 42 25 att,
290 591 66 27 jemte
372 591 36 20 det
424 592 68 19 större
507 591 50 27 nöje
573 593 54 18 samt
643 591 40 20 den
700 591 68 20 större
783 591 84 20 trefnad
878 591 39 21 och

100 619 85 20 konfort
205 619 134 27 Helsingfors
358 619 54 20 hade
431 621 32 19 att
482 619 89 28 erbjuda
587 619 63 20 dessa
665 619 68 20 lärare
749 619 88 20 framför
852 619 65 21 Evois

100 647 38 21 och
163 647 48 20 dess
234 647 156 27 skogsmarker,
414 647 123 28 derigenom
556 648 71 20 kunde
643 647 48 21 dem
708 647 88 21 beredas
813 647 62 21 äfven
891 655 25 13 en

100 675 69 27 nyttig
185 675 147 27 verksamhet,
348 682 46 14 men
411 678 58 18 utom
485 676 36 20 det
537 678 32 18 att
585 678 30 18 ett
631 675 75 21 sådant
723 675 126 27 tillgörande
867 682 50 14 vore

99 704 33 20 för
147 703 119 21 realskolan
286 704 23 20 af
321 704 81 21 mindre
421 711 66 21 gagn,
507 704 69 20 såsom
593 704 75 20 endast
684 703 109 28 tillfälligt,
810 704 107 21 beroende

99 732 62 20 deraf
181 733 37 19 när
241 732 172 21 forstinstitutets
435 732 104 21 lärosalar
561 732 46 21 åter
630 733 34 20 må
682 732 64 20 blifva
765 732 105 27 öppnade,
891 732 27 21 då

100 760 62 20 dessa
184 760 79 21 lärares
286 761 136 21 verksamhet
444 761 112 21 derstädes
577 761 54 27 ånyo
649 762 61 26 tages
726 760 5 20 i
748 760 99 28 anspråk,
866 760 52 21 eller

100 796 32 12 om
149 788 160 21 forstinstitutet
325 789 43 21 helt
383 790 39 20 och
438 789 65 21 hållet
519 790 96 20 kommer
631 790 31 20 att
678 789 107 27 upplösas,
800 801 28 3 —
844 796 25 13 en
886 790 30 20 åt-

99 816 62 28 gärd,
178 824 44 13 som
245 817 54 21 först
315 818 54 20 efter
387 820 72 26 moget
478 817 136 21 betänkande
630 817 38 21 och
684 824 84 14 vunnen
785 818 68 20 större
870 817 47 21 sak-

99 845 119 21 kännedom
235 852 33 14 om
285 845 51 21 derå
351 846 130 21 inverkande
497 846 147 20 förhållanden
662 845 62 21 torde
740 846 71 20 kunna
829 845 87 28 tillstyr-

99 874 48 25 kas,
171 874 5 20 i
200 873 85 21 hvilken
309 874 130 21 sistnämnda
462 874 101 21 händelse
586 874 84 20 lärarne
693 874 100 20 försättas
812 874 6 19 i
837 880 80 14 samma

99 902 100 27 ställning
214 908 44 14 som
275 902 65 21 andra
356 903 137 27 tjenstemän,
510 902 83 21 hvilkas
609 902 224 28 tjenstebefattningar
847 902 70 20 blifvit

98 930 114 27 indragna,
228 930 68 21 finner
308 931 38 27 jag
361 931 35 20 det
414 931 121 27 betänkligt
553 933 31 18 att
599 930 7 21 i
622 930 114 20 allmänhet
752 930 86 21 förorda
853 930 63 20 dessa

98 958 80 20 lärares
195 958 127 28 anställning
340 960 34 19 vid
393 960 129 23 realskolan,
541 960 51 19 enär
607 958 26 21 de
649 959 149 27 vetenskaper,
815 958 59 20 hvari
890 958 26 21 de

98 986 107 21 meddelat
221 987 151 26 undervisning
388 987 34 21 vid
440 987 174 26 forstinstitutet,
630 987 64 21 redan
710 987 155 26 upprätthållas
882 987 34 20 vid

98 1014 119 21 realskolan
233 1015 23 20 af
269 1015 66 21 andra
350 1015 75 27 lärare,
443 1015 38 21 och
497 1015 146 27 tvifvelaktigt
658 1015 61 20 torde
735 1022 61 18 vara,
813 1015 103 20 huruvida

99 1043 80 20 antalet
203 1043 21 20 af
246 1043 70 21 elever
330 1044 6 20 i
352 1044 74 20 skolan
449 1044 35 20 må
503 1051 50 13 vara
573 1043 51 21 eller
644 1043 65 20 blifva
724 1043 24 20 så
764 1044 53 19 stort
833 1044 31 19 att
880 1043 36 20 det

97 1071 96 26 påkallar
215 1072 128 27 anställning
366 1072 23 21 af
410 1072 65 21 ökadt
498 1071 58 21 antal
578 1072 68 20 lärare
661 1072 7 19 i
684 1071 62 20 dessa
765 1071 149 27 vetenskaper,

97 1099 112 21 hvarutom
224 1099 33 21 för
273 1100 75 28 öfrigt,
363 1101 49 20 med
428 1101 100 20 afseende
539 1101 12 20 å
562 1099 150 21 meranämnda
727 1099 55 20 båda
792 1099 124 21 läroanstal-

97 1129 44 19 ters
165 1127 56 21 olika
244 1128 69 28 syften
337 1129 39 20 och
399 1129 148 27 utsträckning
570 1128 36 21 det
624 1129 68 19 måste
710 1127 114 21 ankomma
841 1127 13 20 å
869 1127 47 22 fullt

97 1155 139 28 kompetenta
252 1163 112 20 personers
380 1157 139 26 bedömande,
536 1157 104 20 huruvida
654 1156 42 20 alla
710 1155 122 21 nuvarande
847 1155 69 22 lärare

98 1184 34 20 vid
155 1184 65 23 Evois
243 1185 83 20 institut
345 1193 37 13 ens
400 1187 37 19 äro
453 1185 100 28 lämplige
569 1187 32 18 att
616 1184 34 21 vid
666 1183 120 22 realskolan
800 1183 64 21 vinna
879 1191 37 14 an-

98 1212 105 27 ställning.
235 1213 123 21 Utskottets
379 1213 162 28 framställning,
558 1215 31 18 att
608 1220 33 13 om
660 1213 63 20 dessa
739 1213 78 20 lärares
834 1212 80 21 obetin-

96 1241 55 26 gade
173 1241 109 28 placering
300 1242 34 20 vid
356 1242 119 21 realskolan
491 1242 38 20 hos
545 1241 28 21 H.
590 1241 26 20 K.
634 1241 100 27 Majestät
748 1240 67 21 borde
831 1241 84 26 petitio-

97 1275 72 20 neras,
193 1269 41 21 kan
254 1270 38 27 jag
313 1271 61 20 alltså
395 1270 48 21 icke
462 1270 93 26 biträda,
575 1269 127 28 öfvertygad
720 1275 45 14 som
781 1269 38 26 jag
835 1270 23 19 är
873 1271 41 25 att,

97 1297 72 20 derest
184 1297 101 28 tillfälligt
300 1299 66 20 behof
379 1299 23 20 af
414 1299 51 20 flere
481 1299 69 20 lärare
566 1298 35 20 vid
616 1297 100 21 tekniska
730 1297 121 20 realskolan
862 1304 52 21 upp-

97 1326 50 25 står,
163 1326 62 20 äfven
242 1327 65 20 sådan
323 1327 93 27 begäran
431 1327 95 25 förutan,
539 1326 69 20 denna
621 1327 65 25 utväg
697 1326 32 20 för
740 1325 105 27 styrelsen
857 1326 57 27 sjelf-

96 1355 59 19 mant
178 1354 100 27 erbjuder
300 1355 37 27 sig,
360 1355 75 20 liksom
459 1355 106 27 styrelsen
587 1354 135 20 härförinnan
748 1353 91 27 vidtagit
860 1354 54 20 slika

95 1382 141 27 tillgöranden
253 1383 6 20 i
275 1383 104 21 likartade
394 1383 36 20 fall
446 1385 50 18 utan
512 1382 78 28 impuls
605 1382 24 21 af
641 1382 206 27 representationen.

164 1410 42 28 Jag
230 1410 36 22 vill
289 1412 99 27 slutligen
409 1410 108 29 medgifva
540 1413 32 19 att
590 1411 99 20 tekniska
703 1410 121 21 realskolan
840 1410 6 20 i
863 1410 49 20 Hel-

96 1438 101 28 singfors,
220 1440 48 20 med
291 1440 100 21 afseende
413 1440 12 20 å
447 1440 36 20 det
506 1441 69 19 större
599 1439 85 27 omfång
706 1438 39 21 och
764 1438 150 28 utsträckning

95 1466 151 22 lärokurserna
268 1468 110 21 derstädes
396 1468 63 20 hafva
477 1468 89 20 framför
585 1468 48 20 dem
648 1467 5 21 i
669 1466 83 22 landets
775 1466 69 28 öfriga
861 1467 53 21 real-

825 1507 19 16 31
