1078 1678
825 50 41 21 255

71 109 127 27 stiftningen
221 107 147 28 förnämligast
392 107 54 20 blott
469 108 32 19 att
519 107 42 20 öka
580 108 82 21 statens
677 106 124 27 inkomster,
818 108 23 20 så
856 108 39 20 bör

71 137 164 27 tillverkningen
260 136 71 20 ställas
352 136 23 20 så
397 135 173 27 fabriksmessigt
589 141 45 14 som
653 135 93 27 möjligt,
764 135 39 21 och
820 135 73 21 afsätt-

72 166 77 27 ningen
173 165 105 27 derjemte
300 164 28 27 på
346 164 62 21 bästa
426 165 43 19 sätt
485 163 140 21 underlättas.
656 163 42 20 Vill
714 170 49 14 man
778 164 47 20 åter
840 164 54 21 deri-

71 200 78 21 genom
172 193 112 21 motverka
306 192 103 27 fylleriet,
428 192 67 21 borde
510 192 117 27 tillgången
643 192 27 27 på
686 191 87 22 bränvin
789 192 104 27 minskas,

73 229 64 14 varan
153 221 99 28 fördyras
266 221 39 20 och
320 221 139 27 spridningen
475 220 62 21 deraf
550 219 116 22 försvåras.

141 250 40 21 Att
203 249 263 27 bränvinslagstiftningen
490 248 114 28 rätteligen
628 248 48 21 icke
702 249 62 27 utgör
788 249 36 21 det
845 249 49 26 fält,

73 279 81 26 hvarpå
172 277 140 28 fyllerilasten
331 277 71 21 såsom
420 279 31 19 ett
469 277 112 20 moraliskt
597 277 44 28 lyte
657 277 39 20 hos
712 277 113 21 drinkaren
841 277 54 22 skall

73 306 84 27 stäfjas,
175 307 72 20 derom
266 305 61 21 torde
348 305 41 21 alla
404 313 53 13 vara
472 312 61 20 ense,
549 305 64 20 äfven
629 312 34 13 om
680 312 47 13 man
744 305 27 27 på
785 306 67 21 andra
867 307 27 20 si-

73 335 41 20 dan
130 335 67 20 måste
213 334 107 27 medgifva
336 336 32 18 att
382 334 135 27 lagstiftaren
533 333 20 27 ej
569 333 66 21 heller
650 333 32 21 får
697 333 79 21 förbise
791 334 37 20 det
839 335 55 20 sido-

72 363 118 27 inflytande
213 363 27 27 på
262 362 132 28 sedligheten
409 362 7 20 i
431 362 41 21 alla
491 362 49 20 dess
561 361 112 27 brancher,
694 361 39 21 den
748 362 36 28 lag
798 363 42 19 han
856 363 38 27 går

73 393 32 18 att
123 392 59 20 stifta
200 392 41 19 kan
261 390 78 21 utöfva.
371 391 49 20 Men
433 390 39 28 jag
487 392 46 18 tror
548 390 19 27 ej
585 392 32 18 att
632 390 115 27 tillgången
763 391 27 26 på
805 391 88 20 bränvin

88 426 61 14 enom
165 419 76 21 förbud
257 419 51 20 eller
323 419 147 27 reglementen
489 418 42 21 kan
551 417 86 22 hindras
653 418 53 21 eller
720 425 38 14 ens
772 419 6 20 i
794 419 100 20 väsendt-

69 423 34 57 lle
118 455 49 13 mon
190 447 101 25 minskas.
321 447 42 28 Jag
378 447 82 20 känner
483 449 32 18 att
530 447 6 20 i
552 446 72 21 Perno
648 446 65 21 härad
732 449 58 19 snart
809 447 85 28 sagdti

74 476 73 27 hvarje
170 476 50 27 koja
242 475 34 21 för
298 475 132 21 närvarande
453 475 64 28 säljes
541 475 52 28 godt
611 475 128 28 hembrygdt
758 475 88 22 bränvin
861 475 33 22 för

75 505 10 20 1
102 504 61 21 mark
178 505 27 20 40
221 504 63 27 penni
296 504 94 26 kannan,
402 503 76 21 medan
489 503 236 28 tillverkningsskatten
737 505 62 26 utgör
811 505 8 19 1
833 505 60 20 mark

75 533 27 20 60
117 533 73 26 penni,
207 533 38 20 och
262 532 36 21 det
314 532 89 21 oansedt
418 532 38 21 der
471 533 106 20 existerar
593 531 41 21 den
645 531 78 28 mängd
735 532 159 21 tillförordnade

75 561 193 27 bränvinsfiskaler,
284 563 31 18 att
332 561 33 20 vid
381 567 80 14 samma
477 561 46 27 ting
538 560 103 28 uppträdt
656 560 56 21 ända
729 560 31 21 till
775 561 34 20 nio
825 561 69 20 skilda

75 589 94 27 aktorer,
185 589 38 21 och
239 589 70 21 ätalen
325 590 6 19 i
346 589 115 27 anledning
477 589 23 21 af
513 589 72 27 oloflig
601 589 139 27 tillverkning
757 589 39 21 och
811 589 83 28 försälj-

75 618 51 27 ning
141 618 23 20 af
177 617 89 22 bränvin
281 617 7 21 i
303 617 65 28 nägra
387 617 92 28 tingslag
498 617 45 21 ofta
561 617 91 28 uppgätt
667 617 31 20 till
714 617 40 21 den
770 617 77 28 mängd
862 620 32 19 att

76 646 25 21 de
117 647 82 26 utgjort
216 647 52 20 nära
287 646 79 21 hälften
383 646 23 20 af
420 646 47 21 hela
483 646 130 21 mälantalet.
644 645 50 21 Men
710 645 41 21 kan
767 653 48 14 man
831 646 20 27 ej
866 647 28 27 pä

75 681 26 14 en
117 675 56 27 gäng
189 674 71 28 uppnä
275 674 104 20 hvardera
394 674 121 21 ändamälet
531 676 31 18 att
578 674 86 20 hämma
679 674 162 27 lurendrejeriet
854 674 40 21 och

76 702 167 28 lönbränningen
259 702 13 20 &
286 709 50 20 ena,
352 704 55 18 samt
422 702 93 28 fylleriet
537 703 6 20 &
558 702 67 20 andra
641 702 70 26 sidan,
726 702 23 20 sä
762 702 79 21 .tvekar
857 703 37 27 jag

75 732 20 26 ej
111 733 31 18 att
157 732 57 19 sätta
229 730 36 21 det
283 737 75 15 senare
376 731 52 21 eller
446 730 105 28 fylleriets
567 730 107 28 stäfjande
690 730 6 20 i
712 730 66 21 andra
792 733 102 25 rummet,

75 759 88 21 emedan
183 759 230 27 dryckenskapslasten
431 759 80 21 förstör
529 759 42 21 den
589 759 98 21 enskilda
706 758 123 26 drinkaren,
845 766 48 14 men

75 787 166 28 lönbränningen
264 788 48 20 med
335 788 47 20 dess
406 788 77 27 följder
503 788 24 20 af
547 787 87 21 fiskaler
651 789 55 19 samt
728 787 56 27 lejda
801 787 93 28 hemliga

74 816 115 27 angifvare.
200 816 128 26 depraverar
346 816 48 20 hela
412 816 118 20 samhället.
561 816 42 26 Jag
620 816 38 20 har
674 816 54 20 varit
744 816 6 20 i
765 815 82 21 tillfälle
862 818 32 19 att

74 844 27 27 pä
120 845 97 19 närmare
237 844 41 21 häll
297 844 99 21 betrakta
416 844 105 21 hvardera
538 844 63 21 dessa
616 844 118 27 passioner,
750 844 39 20 och
805 844 89 21 sälunda

73 879 76 21 genom
169 872 118 28 äskädning
306 872 66 21 bildat
390 873 43 27 mig
451 873 48 20 mitt
515 872 105 21 omdöme.
650 872 36 21 Nu
702 872 56 21 visar
772 872 122 21 erfarenhe-

74 903 35 17 ten
128 902 32 19 att
179 900 167 28 lönbränningen
367 901 121 27 egentligen
511 901 75 27 vidtog
609 900 28 21 dä
652 901 241 27 husbehofsbrännings-

74 928 57 21 tiden
153 928 137 22 inskränktes
312 929 39 21 och
371 930 112 20 bränvinet
503 932 48 25 steg
566 929 7 20 i
589 929 54 27 pris,
661 930 40 20 och
719 931 31 19 att
765 929 40 21 den
821 929 72 21 seder-

73 964 68 19 mera,
157 957 28 21 dä
199 957 40 20 den
255 957 78 28 lagliga
348 958 166 27 tillverkningen
532 958 45 20 blef
591 957 139 21 öfverdrifvet
745 958 52 27 högt
808 957 85 21 beskat-

73 986 46 25 tad,
143 984 98 28 utvidgat
264 986 32 27 sig
310 986 6 20 i
332 992 25 14 en
378 986 93 20 särdeles
487 988 46 18 stor
548 986 66 21 skala.
647 986 42 20 För
705 988 30 18 att
751 986 83 20 hämma
849 986 45 20 lön-

73 1013 132 28 bränningen
221 1013 39 21 och
276 1014 172 27 lurendrejeriet,
464 1014 83 21 hvilket
560 1014 45 27 jag,
621 1014 6 20 i
643 1014 95 27 enlighet
757 1013 47 22 med
820 1013 73 21 ofvan-

73 1041 94 28 antydda
191 1042 85 27 äsigter,
300 1049 62 14 anser
380 1043 70 20 såsom
469 1042 275 27 bränvinslagstiftningens
760 1042 77 27 högsta
852 1043 41 20 mål

73 1070 32 20 för
121 1070 139 27 närvarande,
276 1071 68 20 mäste
360 1070 40 21 den
421 1071 78 27 lagliga
514 1071 138 20 tillyerkaren
669 1071 72 20 ställas
757 1071 32 26 sä,
805 1072 32 19 att
852 1070 41 21 han

72 1098 41 20 kan
129 1098 121 21 konkurera
266 1099 47 20 med
332 1099 156 20 lönbrännaren
512 1099 40 20 och
575 1099 136 28 smugglaren
730 1099 6 20 i
754 1099 76 26 priset,
854 1099 39 20 och

72 1126 113 28 tillräcklig
201 1127 88 28 tillgång
305 1128 26 26 pä
347 1127 90 28 lagligen
453 1127 125 21 tillverkadt
594 1127 90 21 bränvin
699 1127 120 20 förefinnes.
843 1127 49 21 Men

72 1161 34 14 om
128 1155 40 20 den
188 1155 76 28 lagliga
284 1155 137 29 tillverkaren
439 1155 55 21 skall
510 1156 56 20 hålla
582 1155 66 28 priset
663 1156 55 27 lågt,
734 1155 38 21 och
788 1155 105 27 härjemte

72 1183 71 21 kunna
159 1183 89 28 erbjuda
271 1184 39 21 och
330 1184 70 20 betala
423 1184 68 27 någon
511 1184 219 27 tillverkningsskatt,
746 1184 96 26 hvilken,
858 1191 34 13 om

72 1211 40 21 den
134 1211 69 21 skulle
221 1213 27 20 nä
266 1212 37 21 allt
322 1212 87 20 bränvin
428 1219 46 14 som
490 1213 6 20 i
511 1212 73 21 landet
599 1212 125 27 förbrukas,
739 1212 47 21 icke
801 1212 92 21 behöfde

71 1247 51 14 vara
145 1240 42 27 hög
209 1240 32 21 för
261 1242 31 19 att
307 1241 6 19 i
329 1240 41 21 alla
388 1240 36 21 fall
443 1241 70 20 lemna
529 1247 27 14 en
572 1241 96 27 betydlig
684 1241 102 26 inkomst,
801 1240 40 21 bör
856 1240 36 21 ho-

71 1275 49 14 nom
143 1268 34 21 vid
200 1269 123 27 utöfningen
347 1269 23 20 af
390 1269 31 20 sin
445 1269 91 20 industri
555 1269 81 20 lemnas
655 1270 24 19 sä
697 1269 40 20 fria
752 1269 80 20 händer
847 1275 45 14 som

71 1297 89 26 möjligt.
191 1296 47 21 Och
254 1297 40 20 kan
308 1297 38 27 jag
361 1297 84 20 derföre
465 1297 20 27 ej
505 1297 68 20 heller
589 1297 71 21 bifalla
676 1297 94 20 hvarken
787 1299 31 18 att
833 1297 59 20 kom-

71 1331 102 16 munerna
191 1325 129 20 förbehålles
338 1325 103 27 rättighet
459 1327 32 18 att
511 1327 102 19 motsätta
633 1326 32 27 sig
680 1325 130 21 inrättandet
825 1325 24 20 af
862 1325 30 20 fa-

70 1352 47 20 brik
133 1353 33 20 för
182 1352 136 28 tillverkning
333 1353 23 20 af
370 1354 87 19 bränvin
474 1353 40 21 och
528 1353 214 28 försäljningsställen
761 1354 56 20 inom
833 1353 60 20 kom-

69 1387 90 18 muynens
176 1381 94 27 område,
288 1381 51 21 eller
354 1384 32 18 att
402 1383 31 19 ett
444 1382 6 19 i
461 1381 42 21 alla
513 1381 37 21 fall
563 1382 153 27 aproximativt
727 1380 165 28 maximibelopp

69 1408 33 20 för
117 1409 164 27 tillverkningen
298 1410 135 20 bestämmes.

139 1437 74 20 Såsom
224 1438 116 26 uppgjordt
351 1438 6 19 i
370 1445 58 13 mera
439 1438 224 21 öfverensstämmelse
675 1438 48 20 med
734 1438 26 20 de
769 1438 80 26 åsigter
855 1437 38 27 jag
