1078 1678
803 87 40 20 219

49 147 32 19 ett
95 145 117 27 lagförslag
226 144 7 20 i
248 144 72 20 ämnet
334 143 34 20 för
382 145 32 19 att
433 143 116 21 ständerna
567 143 129 27 föreläggas.
726 142 61 21 Inom
802 143 70 20 denna

48 173 82 21 komité
152 173 45 20 blef
218 179 81 14 samma
321 172 64 27 åsigt,
408 171 52 21 eller
479 173 32 19 att
529 171 176 28 presterskapets
726 171 94 28 aflöning
839 171 33 21 för

49 201 114 21 framtiden
180 201 68 20 skulle
263 201 52 27 utgå
330 200 76 21 endast
421 200 55 21 efter
491 201 116 26 persontal,
631 199 104 22 omfattad
750 199 24 21 af
786 199 86 28 plurali-

49 231 68 25 teten,
132 229 41 21 och
187 229 37 21 det
238 229 121 28 lagförslag,
372 235 44 14 som
428 228 96 21 komitén
534 228 69 27 ingaf,
621 235 38 14 var
677 228 67 28 bygdt
754 228 28 27 på
791 235 81 14 samma

49 258 90 27 princip.
170 259 74 20 Denna
280 257 66 28 princip
369 257 39 21 har
430 257 119 21 emellertid
573 259 82 18 ansetts
670 257 34 20 för
718 257 86 28 mycket
820 256 52 22 afvi-

50 286 71 21 kande
143 287 47 20 från
214 285 116 22 bestående
352 285 147 22 förhållanden
515 285 6 21 i
537 285 70 28 kyrka
625 285 40 21 och
684 287 44 19 stat
744 287 54 19 samt
813 285 59 21 häfd-

50 321 85 14 vunnen
151 315 44 26 sed,
212 314 39 21 och
266 314 127 28 regeringen
409 313 190 22 förklarade
538 309 15 37 i
561 309 38 37 den
610 314 79 27 nådiga
703 313 168 29 propositionen,

50 344 33 20 att
98 343 106 21 komiténs
219 342 115 28 lagförslag
349 342 47 21 icke
412 342 71 21 kunde
503 342 116 21 ständerna
637 342 128 28 föreläggas.
795 342 11 20 I
821 342 50 21 stäl-

50 372 31 20 let
96 371 38 21 har
149 373 32 19 ett
196 373 65 19 annat
277 371 114 27 lagförslag
402 370 69 22 blifvit
483 370 117 22 ständerna
616 370 112 28 förelagdt,
745 370 80 22 hvilket
841 371 31 20 åt-

51 400 105 21 minstone
172 400 39 21 har
226 400 41 20 den
290 402 58 18 stora
368 399 96 21 fördelen
483 399 33 20 för
531 400 33 26 sig
579 401 32 19 att
626 400 24 19 så
664 399 51 28 föga
730 399 71 21 afvika
824 398 48 21 från

50 435 29 14 nu
94 428 118 21 bestående
225 427 164 22 förhållanden
383 423 13 37 i
404 427 71 28 kyrka
489 427 41 21 och
545 429 44 19 stat
605 429 56 19 samt
680 427 137 22 häfdvunnen
827 427 44 27 sed,

50 458 32 19 att
97 464 50 13 man
162 457 36 20 vid
213 458 32 19 ett
260 457 85 27 flygtigt
360 456 167 27 genomläsande
547 457 109 26 knappast
675 456 41 21 kan
736 456 58 25 fatta,
810 455 61 22 hvari

50 485 61 20 detta
126 485 114 28 lagförslag
254 485 68 20 skulle
337 485 27 20 ha
379 485 108 20 företräde
505 485 90 20 framför
611 485 27 20 de
654 491 28 14 nu
699 485 116 20 bestående
829 484 42 21 för-

51 513 132 21 hällandena.
215 513 41 21 Vid
272 515 97 19 närmare
384 513 135 28 granskning
542 513 68 21 finner
626 520 48 14 man
690 513 74 27 likväl,
780 515 31 19 att
827 513 45 20 deri

50 542 89 21 föreslås
155 542 36 21 det
206 549 26 14 en
248 541 78 28 mängd
339 542 162 27 presterskapet
512 541 125 22 tillfallande
648 541 97 28 tionden,
752 542 53 28 jura
815 541 57 21 stole

50 577 27 14 m.
93 577 28 14 m.
137 570 68 21 skulle
220 570 87 28 utbytas
322 572 45 19 mot
384 570 110 21 bestämda
507 570 93 28 afgifter.
632 570 48 21 Men
692 577 48 14 man
751 572 42 19 kan
803 570 67 27 fråga,

50 599 77 20 månne
142 605 27 14 en
185 606 28 21 ny
228 599 35 28 lag
279 599 73 20 behöfs
367 599 33 20 för
416 601 31 18 att
462 599 150 20 åstadkomma
627 605 25 14 en
669 599 58 27 dylik
742 599 129 28 förändring,

50 628 77 20 månne
143 629 23 19 så
181 628 77 27 många
273 627 122 28 omgångar,
412 634 44 14 som
472 627 115 27 förslagets
607 627 26 28 $$
650 628 32 26 17,
700 628 31 27 18,
749 628 25 20 19
789 627 40 21 och
844 627 27 22 20

50 658 102 25 upptaga,
168 656 60 20 skola
243 662 51 14 vara
309 655 138 28 erforderliga
463 656 32 20 för
511 658 32 18 att
559 656 149 20 åstadkomma
718 663 26 13 en
755 655 116 28 reglering,

50 684 86 21 hvilken
151 684 45 21 helt
211 684 73 21 enkelt
297 684 33 20 för
345 684 118 26 årtionden,
479 684 28 27 på
523 684 47 20 sina
585 684 83 26 ställen,
684 684 33 21 för
732 690 59 15 mera
801 685 27 19 än
839 685 32 20 ett

49 712 142 27 århundrade,
206 713 81 20 kunnat
303 712 174 28 tillvägabringas
493 719 78 21 genom
587 720 16 13 s.
619 712 21 21 k.
656 712 123 28 föreningar
793 712 78 22 mellan

49 740 177 28 församlingarne
242 740 39 21 och
297 741 61 21 deras
374 740 153 28 presterskap?
557 741 44 21 För
616 741 43 20 min
676 741 33 21 del
724 743 46 19 tror
782 741 39 28 jag
839 742 32 20 att

51 776 26 13 en
93 776 28 21 ny
135 769 36 27 lag
186 769 110 27 angående
318 770 173 27 presterskapets
514 769 104 29 aflöning,
635 769 57 28 bygd
707 770 28 27 på
750 771 23 19 så
788 769 83 21 irratio-

49 797 50 21 nela
121 797 101 28 grunder,
246 804 45 14 som
314 798 26 20 de
362 798 103 20 härintills
488 798 109 27 gällande,
621 798 77 20 endast
720 798 97 21 kommer
839 799 32 20 att

49 826 89 21 åsamka
153 826 175 27 församlingarne
344 826 69 21 ökade
430 826 124 27 kostnader,
570 826 39 21 och
625 826 7 21 i
647 826 71 21 stället
733 826 33 21 för
782 828 31 19 att
827 826 43 22 för-

50 854 80 21 bereda
152 861 27 14 en
201 854 117 28 öfvergång
340 854 31 21 till
393 854 92 22 sundare
508 854 108 28 principer
635 854 32 21 för
683 855 69 21 denna
767 854 103 29 aflönings

49 882 126 28 utgörande,
191 882 87 28 bidraga
293 883 32 20 till
340 885 32 19 att
386 883 8 20 i
409 884 108 20 närmaste
535 883 88 21 framtid
642 883 139 28 omöjliggöra
796 890 26 14 en
838 884 32 20 så-

50 911 41 21 dan
107 911 123 27 öfvergång.
260 911 164 21 Presteståndet
439 911 38 21 har
492 912 7 20 i
515 912 38 20 sitt
569 918 48 14 svar
633 912 28 27 på
676 911 39 21 den
732 912 77 27 nådiga
822 918 48 21 pro-

49 940 120 27 positionen
185 940 34 20 vid
234 941 85 19 senaste
335 940 100 27 landtdag
450 940 7 20 i
473 940 70 20 denna
557 940 62 28 fråga
632 940 103 21 förklarat
750 940 120 28 aflöningen

49 969 77 26 utgöra
141 975 26 13 en
183 968 95 28 kyrkans
294 968 114 28 egendom;
431 968 87 28 sålänge
536 968 71 22 denna
625 968 55 28 åsigt
698 968 24 21 af
737 968 82 22 landets
839 968 30 21 lu-

49 996 90 20 therska
162 996 162 28 presterskapet
338 996 80 28 hyllas,
434 1003 64 14 anser
514 997 39 27 jag
568 996 80 28 vådligt
664 999 31 18 att
710 997 114 28 godkänna
839 998 31 19 ett

50 1024 121 28 lagförslag,
195 1031 45 14 som
262 1024 47 21 icke
331 1025 57 20 klart
410 1025 87 21 utreder
519 1025 145 28 oriktigheten
678 1025 24 21 af
715 1025 69 21 denna
807 1025 62 28 åsigt.

49 1052 33 21 På
97 1052 62 21 dessa
173 1053 93 27 grunder
283 1053 37 21 ber
332 1053 38 28 jag
388 1055 42 25 att,
444 1053 50 21 med
513 1053 162 21 återhemtande
693 1053 98 21 föröfrigt
805 1053 25 20 af
843 1053 26 21 de

50 1081 97 27 motiver,
161 1081 38 28 jag
214 1081 64 21 redan
294 1082 6 20 i
316 1081 41 22 den
376 1082 117 21 utskottets
516 1081 136 22 betänkande
675 1081 113 29 vidfogade
802 1088 68 15 reser-

49 1109 101 20 vationen
165 1109 84 27 uttalat,
263 1109 23 22 få
300 1110 54 27 yrka
369 1111 27 26 på
411 1112 31 19 att
456 1110 41 21 den
508 1117 29 14 nu
547 1110 147 28 föreliggande
705 1111 77 27 nådiga
792 1117 77 21 propo-

49 1137 92 21 sitionen
156 1137 66 21 måtte
238 1137 22 21 af
273 1138 149 27 ridderskapet
437 1139 40 20 och
492 1139 63 20 adeln
571 1138 72 21 afslås.

117 1165 58 21 Herr
191 1172 48 15 von
256 1166 148 22 Bonsdorff:
428 1167 98 28 Ungefär
541 1174 82 13 samma
638 1167 66 22 tanke
719 1167 39 21 har
770 1167 38 28 jag
823 1174 45 14 som

49 1193 41 21 den
106 1193 130 28 föregående
251 1195 88 21 talaren.
369 1195 39 21 Ett
423 1196 60 21 bevis
498 1196 65 27 uppå,
579 1197 33 19 att
627 1195 37 21 det
679 1197 23 20 är
717 1203 59 14 mera
786 1195 84 29 kinkigt

48 1224 32 19 att
96 1223 48 20 röra
159 1223 36 20 vid
211 1223 58 21 detta
284 1225 72 25 ämne,
378 1231 35 14 ser
428 1231 49 14 man
498 1224 67 21 redan
581 1224 69 27 deraf,
669 1226 32 19 att
716 1225 24 20 af
752 1224 117 21 utskottets

48 1251 80 20 femton
149 1251 123 28 ledamöter,
290 1252 25 20 12
330 1255 121 18 reserverat
473 1253 39 27 sig.
543 1252 162 28 Församlingen
728 1253 81 20 aflönar
824 1253 46 21 sina

48 1281 91 25 prester,
155 1279 82 22 kronan
252 1280 38 21 har
305 1280 49 21 med
370 1280 41 21 den
427 1281 66 20 saken
509 1281 112 28 ingenting
637 1283 31 18 att
684 1283 59 26 göra,
759 1281 47 21 icke
824 1281 44 21 hel-

48 1307 31 21 ler
101 1308 122 21 ständerna.
253 1308 44 21 Det
319 1310 24 19 är
364 1309 34 21 väl
420 1309 100 21 anmärkt
547 1311 32 19 att
604 1316 27 14 en
656 1309 35 22 del
710 1309 158 21 tertialtionden

47 1335 41 21 kan
105 1342 62 14 anses
183 1337 69 20 såsom
269 1339 31 19 ett
316 1337 74 28 anslag
405 1338 24 20 af
441 1338 94 26 kronan;
559 1344 48 14 men
627 1338 35 20 det
678 1338 41 20 kan
733 1338 38 28 jag
786 1337 82 28 omöjli-

46 1370 42 20 gen
104 1364 101 21 erkänna.
236 1365 96 21 Tionden
348 1365 129 21 fastställdes
492 1366 35 20 för
543 1366 99 28 omkring
657 1366 42 21 600
714 1366 23 20 år
752 1366 65 21 sedan
835 1366 34 20 för

47 1394 31 18 att
95 1392 106 22 utbetalas
216 1394 22 20 åt
253 1393 82 28 kyrkan
352 1394 40 21 och
408 1394 58 21 delas
482 1394 77 21 mellan
577 1394 111 28 biskopen,
705 1394 26 21 de
741 1394 76 28 fattige
828 1394 40 20 och

46 1422 95 25 pastorn.
172 1422 32 20 På
219 1422 111 21 Westerås
346 1422 87 28 riksdag
448 1423 113 27 medgåfvo
577 1423 123 27 ständerna,
711 1424 31 20 att
752 1423 116 27 biskopens

46 1448 40 21 och
103 1448 25 21 de
144 1449 87 28 fattigas
247 1450 72 28 andel,
336 1457 46 14 som
398 1451 100 28 utgjorde
513 1452 28 26 2/,
557 1451 23 21 af
594 1451 98 27 tionden,
714 1451 69 21 skulle
797 1450 71 22 indra-

45 1483 39 21 gas
107 1477 31 20 till
161 1478 88 27 kronan,
271 1486 48 14 men
343 1481 87 25 pastorn
453 1480 106 20 bibehölls
581 1480 36 21 vid
640 1480 31 20 sin
691 1479 71 28 andel,
778 1479 20 21 d.
814 1485 19 15 v.
850 1485 16 14 8.
