1078 1678
821 79 38 20 191

68 135 110 27 Knorring
201 135 57 27 sjelf,
282 134 36 20 vid
336 135 86 20 senaste
440 133 103 28 landtdag
562 133 34 21 vid
613 133 156 28 behandlingen
785 134 23 21 af
822 134 69 21 denna

68 164 70 27 fråga,
162 165 71 18 ansett
249 163 59 20 detta
330 163 58 20 brott
408 162 112 27 lindrigast
539 161 24 21 af
579 161 42 21 alla
640 161 66 26 brott,
722 169 44 13 som
782 162 39 21 här
836 163 54 20 före-

69 192 95 25 komma,
189 191 38 21 och
248 190 106 28 betydligt
373 190 115 27 lindrigare
510 191 26 20 än
556 189 108 21 mordsak.
695 189 63 22 Hvad
774 191 67 26 angår
856 190 35 21 fri-

69 220 62 20 herre
147 226 40 14 von
207 219 69 21 Borns
297 218 107 28 yttrande,
426 220 31 19 att
477 218 152 27 våldsgerning
648 220 58 19 emot
724 218 99 27 kejsaren
839 225 51 14 vore

69 250 32 19 ett
115 248 97 27 politiskt
228 248 67 26 brott,
312 247 23 20 så
350 247 61 20 torde
427 247 60 20 detta
502 246 47 21 icke
565 246 70 21 tarfva
650 246 136 27 bemötande,
801 247 89 21 emedan

69 276 60 21 detta
150 277 23 20 är
195 278 31 18 ett
244 275 76 22 sådant
339 275 95 27 misstag,
455 277 32 18 att
506 275 106 20 friherren
629 274 36 21 vid
680 276 98 19 närmare
794 275 96 22 öfvervä-

69 304 70 27 gande
158 305 68 20 måste
245 311 51 14 anse
316 303 32 28 sig
366 303 119 21 föranlåten
505 305 32 18 att
552 303 77 27 frångå
644 305 32 18 ett
692 303 76 20 sådant
782 304 108 27 yttrande.

70 332 67 21 Detta
153 334 22 19 är
190 332 114 28 ingalunda
320 334 31 18 ett
367 332 96 26 politiskt
479 331 68 27 brott,
564 332 37 20 det
617 333 23 18 är
655 333 31 19 ett
702 331 58 21 brott
775 335 58 18 emot
848 335 42 18 sta-

70 362 47 19 tens
140 360 141 22 öfverhufvud
303 360 23 20 af
347 359 36 21 det
406 360 96 20 svåraste
523 359 52 27 slag,
594 359 37 21 det
650 359 52 21 allra
721 360 95 21 svåraste
832 360 58 21 brott

71 395 46 14 som
134 389 42 20 kan
195 390 78 25 finnas,
292 388 39 20 och
351 388 115 27 ingalunda
483 389 32 19 ett
531 387 106 21 såkalladt
651 390 48 17 rent
715 388 96 26 politiskt
826 388 64 21 brott.

71 416 73 28 Enligt
160 417 172 27 kriminallagens
348 416 62 26 läror,
430 416 39 20 bör
484 416 33 20 för
533 417 32 19 ett
580 417 48 19 rent
644 415 96 27 politiskt
755 415 58 22 brott
828 416 63 21 döds-

71 445 62 21 straff
147 445 19 28 ej
181 445 72 20 kunna
268 445 86 20 komma
368 444 7 20 i
390 443 71 28 fråga,
476 444 40 21 och
532 443 116 22 ständerna
663 443 54 22 böra
727 445 33 20 väl
770 445 72 21 kunna
856 446 35 20 be-

71 473 56 21 sluta
149 473 55 21 hvad
227 473 26 21 de
276 479 51 14 anse
346 472 85 27 riktigt,
449 473 40 20 och
509 473 19 27 ej
547 472 34 21 för
597 472 119 21 biändamål
732 472 74 29 frångå
821 473 70 21 denna

71 502 62 27 åsigt.
163 501 42 27 Jag
227 501 38 21 ber
286 503 32 18 att
340 501 22 20 få
382 500 88 21 förorda
491 501 120 20 utskottets
630 501 135 20 betänkande
782 502 28 26 på
828 502 63 21 dessa

71 529 56 28 skäl,
150 532 55 18 samt
227 530 48 20 dem
294 536 46 14 som
358 529 38 21 här
410 529 70 22 blifvit
496 529 98 27 anförda,
610 529 40 21 och
664 529 73 21 hvilka
752 529 46 22 icke
813 530 76 27 tyckas

72 558 63 21 hafva
150 558 68 21 blifvit
234 557 141 22 kullkastade.

141 586 56 21 Herr
213 593 46 14 von
276 586 76 21 Born:
376 585 75 22 Redan
469 585 36 22 vid
524 587 86 20 senaste
628 586 102 27 landtdag
745 586 147 21 utmönstrade

73 615 115 20 ständerna
211 617 58 18 snart
292 614 61 28 sagdt
376 614 102 28 enhälligt
496 614 40 21 och
555 614 44 21 helt
617 614 40 21 och
675 614 65 21 hållet
755 614 137 22 dödsstraffet

73 642 46 21 från
134 643 39 21 vår
187 643 155 27 brottmälslag.
372 642 131 21 Ständernas
519 643 145 27 medlemmar,
680 649 46 14 som
741 643 47 21 icke
803 645 37 19 äro
855 650 37 14 an-

73 673 37 19 nat
132 672 27 20 än
181 672 48 20 hela
250 671 83 21 landets
353 671 184 26 förtroendemän,
555 671 95 21 uttalade
670 671 74 21 dervid
758 671 82 21 folkets.
852 671 39 21 och

73 699 84 21 landets
172 700 55 27 åsigt
242 700 40 20 och
297 699 204 21 rättsmedvetande.

142 756 156 21 Diskussionen
322 756 82 21 afbröts
428 756 22 21 af
471 763 26 14 en
517 756 126 27 deputation
662 756 48 21 från
725 756 168 27 présteståndet,

73 784 68 20 under
156 784 116 22 anförande
288 784 24 21 af
324 784 49 21 herr
388 784 77 28 biskop
482 784 131 27 Schauman,
629 791 45 14 som
691 784 97 21 anförde:

142 829 10 9 »
156 812 41 21 Till
220 813 144 27 högvälborne
386 812 95 22 baronen
501 813 40 20 och
559 813 205 26 landtmarskalken,
780 814 56 19 samt
851 812 41 21 rid-

74 840 127 28 derskapets
220 842 39 20 och
278 841 73 21 adelns
369 841 98 27 samtlige
485 841 68 27 öfrige
569 841 137 21 medlemmar
722 841 61 21 utber
796 841 39 27 jag
849 841 44 27 mig

74 871 31 19 att
121 870 12 20 å
149 870 167 26 presteståndets
333 870 80 26 vägnar
428 870 21 20 få
463 870 104 20 framföra
582 870 38 20 vår
633 868 195 29 högaktningsfulla
838 869 55 22 hels-

74 898 57 26 ning,
154 898 39 20 och
213 898 103 27 derjemte
334 898 31 20 till
384 898 36 20 det
435 898 115 28 höglofliga
565 898 97 20 ståndets
678 898 102 27 upplysta
794 898 40 20 och
849 898 44 20 väl-

74 926 71 27 villiga
163 926 139 28 behjertande
320 926 102 20 framföra
440 933 26 14 en
485 926 167 28 angelägenhet,
668 932 45 14 som
728 926 68 28 ligger
810 928 83 25 preste-

75 954 84 20 ståndet
182 956 44 19 ömt
248 961 34 14 om
302 954 86 28 hjertat.
418 954 103 21 Finlands
541 955 87 21 ständer
646 954 64 20 hafva
725 961 37 19 nu,
778 954 33 21 för
825 954 69 21 första

74 982 83 27 gången
173 982 65 22 sedan
254 982 219 27 ståndsinrättningen
489 983 6 21 i
512 984 47 20 vårt
574 983 77 21 fordna
666 982 123 21 moderland
805 982 88 27 Sverige

74 1010 104 27 infördes,
195 1011 44 20 haft
254 1013 31 18 att
300 1012 59 26 yttra
374 1011 32 27 sig
422 1011 60 21 öfver
498 1013 32 18 ett
545 1011 82 27 förslag
641 1010 32 21 till
688 1017 30 21 ny
732 1010 111 28 kyrkolag.

143 1039 47 20 Den
206 1039 129 28 föregående
351 1039 133 28 kyrkolagen
500 1039 23 20 af
537 1046 55 14 anno
611 1040 53 20 1686
680 1039 38 20 har
733 1038 122 21 tillkommit
866 1039 28 27 på

75 1068 65 19 annat
155 1069 49 18 sätt.
230 1067 43 20 Det
289 1069 23 19 är
327 1067 103 28 naturligt
445 1069 32 19 att
492 1068 7 20 i
515 1074 26 14 en
557 1068 24 21 så
591 1067 67 28 vigtig
669 1067 60 28 fråga
740 1067 90 20 stånden
841 1067 53 20 kun-

75 1097 36 18 nat
127 1097 76 18 stanna
217 1095 7 20 i
240 1095 56 21 olika
312 1095 116 28 meningar.
458 1095 44 22 Det
518 1096 71 20 tillhör
605 1095 223 28 kyrkolagsutskottet
844 1095 50 21 att
883 1091 14 36 i

75 1123 116 21 allmänhet
206 1123 168 28 sammanjemka
390 1124 62 21 dessa
467 1124 118 27 meningar,
601 1131 48 14 men
666 1124 36 21 det
718 1125 23 20 är
756 1125 78 19 tvenne
849 1124 45 27 vig-

76 1151 44 28 tiga
134 1151 80 28 frågor,
229 1152 7 20 i
251 1152 72 21 hvilka
338 1153 162 26 presteständet
515 1153 49 20 med
583 1153 101 20 afseende
700 1153 12 20 &
725 1152 96 29 besluten
837 1153 57 20 stan-

75 1181 37 19 nat
128 1182 82 19 ensamt
226 1182 56 19 emot
298 1181 25 20 de
340 1183 32 18 tre
388 1181 68 27 öfriga
472 1181 97 21 stånden.
593 1181 92 20 Ständet
701 1181 81 27 hoppas
797 1180 55 21 dock
862 1182 32 19 att

75 1207 26 22 de
118 1208 67 28 öfriga
200 1209 90 20 stånden
304 1209 48 20 icke
367 1209 35 20 illa
417 1211 105 26 upptaga,
539 1216 35 13 om
589 1209 160 28 presteståndet
759 1209 64 20 likväl
834 1210 62 26 tager

75 1237 34 27 sig
130 1237 92 21 friheten
244 1239 32 18 att
294 1238 55 27 våga
367 1237 89 28 inbjuda
471 1238 27 21 de
515 1237 68 28 öfriga
599 1237 91 22 stånden
706 1239 31 19 att
752 1237 73 21 förena
841 1237 33 27 sig
888 1237 8 20 i

76 1265 26 20 de
117 1265 69 21 beslut
201 1265 158 28 presteståndet
374 1266 92 21 rörande
482 1267 63 20 dessa
555 1266 73 27 frågor
638 1266 70 21 fattat.
731 1265 165 21 Presteståndet

75 1293 39 21 har
136 1294 75 21 tvekat
228 1295 32 20 att
279 1296 50 25 taga
347 1295 31 20 ett
394 1294 76 21 sådant
485 1297 54 25 steg,
557 1295 89 20 emedan
662 1294 85 21 ståndet
762 1296 35 18 vet
813 1295 32 19 att
860 1293 36 21 det

76 1322 101 27 möjligen
192 1322 41 21 kan
249 1322 121 27 misstydas.
402 1323 49 20 Men
465 1323 38 27 jag
518 1324 42 20 kan
579 1323 99 20 försäkra
693 1322 148 27 ridderskapet
856 1321 40 21 och

76 1350 61 21 adeln
153 1352 32 19 att
200 1350 158 28 presteståndet
373 1350 48 21 icke
437 1351 58 27 gjort
510 1351 37 21 det
562 1352 23 20 af
595 1353 65 18 annat
674 1350 45 21 skäl
730 1352 26 19 än
768 1352 31 18 att
810 1350 86 20 ståndet

76 1380 71 19 ansett
162 1379 39 27 sig,
216 1379 67 20 ehuru
298 1379 42 20 alla
355 1379 90 21 stånden
462 1379 53 21 höra
525 1380 31 20 till
567 1379 93 28 kyrkan,
672 1379 83 21 likvisst
766 1379 70 20 såsom
847 1378 49 26 kyr-

76 1406 54 21 kans
146 1407 98 26 vårdare,
260 1407 72 20 hvilka
348 1407 82 21 således
447 1408 118 20 tillkomme
578 1410 31 18 att
620 1408 65 25 tillse,
698 1409 31 19 att
739 1407 55 21 hvad
805 1412 46 14 som
861 1406 36 20 rör

75 1434 95 28 kyrkans
186 1436 105 20 intressen
307 1436 66 20 måtte
389 1436 122 27 befrämjas.
535 1436 70 21 Dessa
620 1436 36 20 två
666 1436 72 27 frågor
749 1437 37 19 äro
796 1434 102 27 frågorna

76 1469 33 14 om
126 1464 167 27 kyrkomötenas
308 1464 130 27 befogenhet
454 1464 39 21 och
507 1464 154 28 kyrkotukten.
684 1462 164 23 Presteståndet
859 1462 38 21 har
