1078 1678
837 85 41 20 235

83 141 49 20 land
147 142 24 19 är
186 141 74 26 frågan
277 147 32 13 om
322 141 119 26 aflöningen
453 141 23 20 af
486 141 246 26 evangelisk-lutherska
743 141 162 26 församlingens

84 169 145 27 presterskap.
260 168 42 28 Jag
321 171 45 18 tror
384 169 57 25 icke,
460 169 71 20 såsom
550 169 90 20 friherre
661 169 71 27 Boije,
756 171 39 24 att,
817 175 34 14 om
870 168 36 21 det

85 197 40 20 blir
147 197 106 27 reglering
273 197 56 20 inom
348 197 188 27 församlingarne,
556 197 172 27 presterskapets
745 197 92 27 aflöning
853 197 52 20 skall

85 225 51 20 ökas
153 225 37 21 och
208 225 82 20 således
304 225 112 27 jemkning
431 225 167 21 åstadkommas.
629 225 48 21 Den
694 225 22 21 af
730 225 125 28 regeringen
871 225 7 20 i
894 225 11 27 8

86 254 25 20 17
127 254 23 20 af
163 254 77 27 nädiga
255 253 160 28 propositionen
427 254 122 27 föreslagna
561 254 199 27 regleringskomitö
772 255 22 20 är
805 261 25 14 en
843 254 62 21 säker

84 282 80 27 borgen
181 282 83 20 derföre
280 284 32 18 att
327 282 178 27 församlingarne
520 283 48 20 icke
584 282 85 21 komma
685 284 31 19 att
731 282 103 28 betungas
845 282 61 21 öfver

85 310 84 21 höfvan.
196 310 43 21 Det
255 317 50 14 vore
320 311 123 26 visserligen
463 310 119 21 önskvärdt
597 312 32 19 att
645 311 150 26 befolkningen
810 311 7 20 i
832 310 74 21 landet

86 338 67 20 skulle
169 339 64 27 stiga,
250 339 23 20 sä
284 341 41 23 att,
337 345 33 13 om
386 338 253 28 personligetsprincipen
653 339 78 20 införes
742 338 5 20 i
760 338 145 28 prestaflönin-

84 374 51 20 gen,
151 369 110 25 presterne
278 366 67 21 skulle
360 367 22 20 fd
396 374 59 13 mera
471 368 26 19 än
514 367 63 20 förut.
606 368 47 19 Men
669 367 149 27 beklagligtvis
834 366 71 21 kunde

86 402 48 13 man
157 396 122 26 namngifva
298 396 52 19 flera
372 395 156 27 församlingar,
547 396 38 19 der
603 395 151 27 folkmängden
773 396 46 20 icke
838 395 68 20 blifvit

85 425 67 18 större
169 424 26 26 pä
211 424 27 20 50
250 424 32 26 &r;
294 424 76 26 mänga
382 423 91 26 menliga
484 423 148 21 förhällanden
644 423 88 21 inverka
743 423 74 28 derpä,
829 425 76 26 mänga

85 452 62 27 flytta
162 451 130 26 utomlands,
308 451 38 21 der
361 452 26 20 de
403 452 82 27 hoppas
501 452 57 20 finna
574 452 71 20 bättre
661 452 179 28 arbetsförtjenst.
862 451 43 28 Jag

85 480 81 20 känner
181 480 30 19 till
228 480 38 21 och
284 480 47 21 med
347 480 150 27 församlingar
511 487 44 14 som
568 480 27 21 ha
606 480 86 27 krympt
703 480 56 27 ihop,
770 481 38 20 och
819 479 85 22 betrak-

85 510 32 18 tar
133 515 48 13 man
197 508 141 21 förhällandet
353 509 67 20 under
439 512 84 17 senaste
542 509 74 26 nödär,
633 509 23 20 sä
671 509 67 20 finner
754 515 46 14 man
817 509 87 20 försam-

85 536 74 27 lingar,
175 536 38 21 der
228 544 25 13 on
270 539 45 18 stor
330 537 77 27 mängd
419 537 23 20 af
450 537 49 20 dess
512 537 138 21 medlemmar
661 537 27 20 ha
698 537 119 27 emigrerat.
841 536 64 21 Hvad

85 565 68 20 skulle
164 565 160 27 presterskapet
336 565 72 26 vinna,
421 572 33 14 om
466 565 270 28 personlighetsprincipen
749 565 90 28 följdes?
864 565 41 21 Det

85 593 68 20 skulle
168 593 78 21 förlora
262 593 111 28 betydligt.

153 621 57 21 Herr
228 622 195 21 landtmarskalken
442 623 133 20 framställde
595 623 31 20 till
645 623 86 20 ståndet
749 621 92 28 följande
857 629 48 20 pro-

85 651 102 25 position:
814 649 3 4 ;

155 695 10 8 »
168 678 43 21 Vill
227 678 148 28 ridderskapet
391 680 39 20 och
447 680 62 20 adeln
525 682 79 24 antaga
619 679 27 21 de
661 679 31 21 uti
708 679 40 21 den
764 678 77 28 nådiga
857 685 47 21 pro-

86 706 117 27 positionen
220 708 39 20 och
274 708 117 20 utskottets
406 708 164 27 ifrågavarande
586 707 136 21 betänkande
736 706 111 22 förordade
859 706 45 21 huf-

86 734 166 28 vudgrunderna
267 736 32 20 för
314 736 106 27 reglering
435 736 23 21 af
472 736 173 28 presterskapets
662 736 106 27 aflöning?

155 780 11 8 »
168 763 82 21 Vinner
266 764 44 27 nej,
324 764 107 27 afstyrkes
451 764 58 21 bifall
525 765 31 20 till
573 764 40 21 den
631 764 77 28 nådiga
724 763 180 29 propositionen.'*

154 792 42 20 Vid
215 792 51 21 härå
281 792 6 20 i
303 792 71 28 vanlig
392 793 91 28 ordning
503 793 82 21 anstäld
606 793 98 27 votering
718 792 73 21 utföllo
807 793 97 19 rösterna

285 832 6 20 i
308 833 52 20 1:sta
376 832 27 20 kl.
420 833 47 21 med
498 834 13 20 0
525 834 22 26 ja
557 833 46 24 och
621 834 25 20 10
662 833 44 27 nej,

283 860 81 22 1924
380 877 12 9 9
437 878 12 8 a
498 862 45 24 ks
577 878 12 8 w
634 862 12 20 9
677 878 12 8 si

284 889 6 20 i
306 889 56 28 3:dje
380 906 12 8 »
437 906 12 9 »
484 890 26 21 10
531 906 12 9 9
577 906 12 9 »
621 890 25 21 15
677 906 12 9 35

85 928 38 20 och
140 928 26 20 dä
182 929 34 27 nej
232 928 88 21 sälunda
336 931 80 25 segrat,
433 929 54 21 hade
505 930 86 20 ständet
606 929 94 21 beslutat
716 930 30 20 att
762 928 96 28 afstyrka
874 928 30 21 bi-

85 956 35 20 fall
137 956 30 20 till
184 957 165 27 propositionen.

153 984 56 22 Herr
228 992 40 14 von
289 985 77 21 Born:
389 986 42 27 Jag
451 986 38 21 ber
508 988 32 19 att
555 986 22 21 få
593 986 105 27 nedlägga
715 986 41 20 min
773 985 130 21 reservation

84 1015 58 18 emot
157 1013 161 27 ridderskapets
334 1014 38 20 och
390 1014 71 21 adelns
477 1021 29 14 nu
523 1014 80 21 fattade
615 1015 80 24 beslut,
706 1014 147 27 hvarigenom,
868 1020 35 13 en-

84 1041 38 27 ligt
138 1041 42 20 min
199 1042 153 27 öfvertygelse,
368 1049 25 14 en
410 1043 108 20 önskvärd
537 1043 107 27 reglering
659 1043 39 20 och
714 1044 31 19 ett
761 1041 106 21 ordnande
882 1041 24 21 af

84 1069 172 28 presterskapets
272 1071 93 27 aflöning
381 1071 68 20 blifvit
466 1072 27 27 pä
509 1071 63 27 långa
587 1071 39 20 och
643 1070 145 28 obegränsade
798 1069 55 21 tider
863 1069 41 21 till-

84 1097 151 28 bakaskjuten.

153 1125 56 22 Herr
232 1127 132 20 Molander
386 1127 97 21 anmälde
505 1127 61 21 äfven
588 1128 31 20 sin
640 1127 131 21 reservation
790 1128 44 19 mot
849 1126 53 21 före-

84 1154 92 21 nämnda
191 1155 76 20 beslut.

153 1183 58 20 Härä
229 1183 130 21 framställde
378 1184 49 21 herr
449 1184 197 21 landtmarskalken
666 1184 124 28 ytterligare
809 1183 94 28 följande

85 1211 141 27 proposition:

153 1256 10 9 »
166 1240 43 20 Vill
232 1240 148 27 ridderskapet
404 1241 38 21 och
465 1241 62 21 adeln
548 1242 31 19 uti
602 1242 37 19 sitt
661 1241 145 27 underdäniga
824 1247 48 14 svar
890 1241 13 20 &

83 1267 162 28 ifrägavarande
262 1269 131 26 proposition
410 1270 75 20 endast
502 1270 97 27 afstyrka
615 1269 137 21 densamma?

153 1313 11 8 »
167 1297 81 20 Vinner
268 1298 44 27 nej,
331 1298 94 20 anhälles
441 1298 6 20 i
463 1298 37 21 det
515 1298 147 27 underdäniga
678 1300 72 19 svaret
766 1299 31 19 att
812 1304 27 21 ny
855 1304 47 20 pro-

83 1324 92 26 position
199 1325 65 21 mätte
284 1325 116 21 ständerna
418 1326 133 27 föreläggas,
570 1327 110 19 äfvensom
703 1326 100 27 grunder,
823 1326 80 26 hvarpä

84 1352 39 20 den
141 1360 42 19 nya
199 1354 158 26 propositionen
375 1354 37 26 bör
429 1354 92 28 byggas,
537 1354 23 21 af
575 1354 85 21 ståndet
675 1354 111 21 föresläs.'*

151 1380 41 22 Vid
208 1382 82 20 anstäld
307 1382 98 27 votering
420 1382 74 21 utföllo
511 1384 98 20 rösterna

289 1416 6 20 i
313 1416 53 20 1:sta
381 1416 28 20 kl.
426 1416 47 21 med
503 1417 13 19 8
529 1417 24 27 ja
568 1417 39 20 och
623 1418 12 19 3
652 1417 45 26 nej,

288 1444 7 20 i
311 1444 59 20 2:dra
388 1460 12 9 s
445 1460 12 11 »
505 1446 12 18 2
585 1461 11 9 a
625 1446 11 19 7
667 1461 11 8 s

287 1472 7 20 i
310 1472 55 28 8:dje
387 1488 11 9 »
443 1489 12 9 »
491 1473 56 25 12,
585 1489 11 10 »
622 1474 13 19 8
666 1489 12 8 »
