1078 1678
173 48 27 21 70

143 107 52 18 utan
213 103 63 21 äfven
291 104 7 20 i
315 103 146 27 verkligheten
480 103 95 20 inträffat
590 102 35 21 vid
641 103 85 20 senaste
742 102 111 27 landtdag,
869 101 63 21 hafva
948 101 20 21 vi

144 134 49 19 sett.
224 131 78 22 Denna
325 133 66 25 utväg
414 137 62 14 anser
491 131 39 27 jag
549 130 66 21 också
633 132 50 19 våra
702 130 87 27 mycket
807 132 31 19 att
857 130 112 27 föredraga

143 160 90 21 framför
249 161 37 20 det
301 160 38 20 här
354 159 132 28 föreslagna,
503 161 32 18 att
551 159 22 20 så
589 161 32 18 att
637 160 52 25 säga
705 158 139 21 öfvermanna
855 158 35 21 det
900 158 69 27 fjerde

144 189 96 26 ståndet,
257 192 23 23 ty
296 189 24 20 så
335 188 63 27 länge
414 187 199 27 representationen
629 189 56 18 ännu
702 187 62 20 sitter
782 187 27 27 på
820 187 46 27 fyra
877 186 91 25 kamrar,

144 217 42 20 kan
203 217 229 26 enkammarsystemet
448 215 46 21 icke
511 222 63 13 anses
590 222 51 13 vara
656 215 88 20 infördt.
771 215 32 20 De
820 216 23 19 af
855 215 49 20 herr
920 214 48 20 Silf-

144 251 91 14 versvan
252 245 77 20 väckta
344 243 107 28 förslagen
467 243 70 20 lemna
553 243 65 20 också
628 250 26 13 en
666 244 66 26 utväg
743 245 34 18 att
785 243 22 20 få
818 250 26 13 en
855 243 59 27 fråga
924 243 43 26 ige-

144 279 49 14 nom
198 267 14 36 i
232 273 52 20 sista
302 273 122 24 instansen,
441 271 38 21 och
495 278 62 14 anser
571 271 38 28 jag
627 271 62 20 dessa
704 271 80 27 förslag
800 278 51 14 vara
865 271 103 27 förtjenta

144 301 23 20 af
181 301 41 20 den
240 302 79 19 största
334 299 197 28 uppmärksamhet.
557 299 83 20 Genom
657 299 47 20 dem
721 299 72 20 kunde
809 306 49 13 man
873 299 96 26 tillväga-

144 329 76 26 bringa
232 330 32 19 ett
275 328 82 27 slutligt
373 328 98 25 resultat,
483 327 62 21 äfven
557 327 49 21 med
617 327 98 21 fästande
728 327 22 20 af
760 327 99 27 behörigt
869 327 100 20 afseende

145 358 12 19 å
172 356 109 28 åsigterna
300 356 38 21 hos
358 358 32 18 ett
405 356 72 26 stånd,
493 362 45 14 som
554 355 23 21 af
591 362 26 14 en
633 356 52 20 eller
701 362 70 14 annan
787 355 113 27 anledning
915 358 54 16 mot-

145 386 43 19 satt
204 385 32 26 sig
251 391 26 14 en
293 386 45 18 sak.
363 384 33 21 Då
411 384 66 20 saken
492 385 23 19 är
531 383 23 21 af
567 384 83 27 ganska
666 386 45 18 stor
727 384 45 26 vigt
783 384 40 20 och
834 383 73 27 frågan
918 384 52 18 utan

144 413 130 26 föregången
291 412 131 27 behandling
436 411 47 21 icke
499 411 60 21 torde
572 412 72 20 kunna
655 412 39 20 här
704 411 96 28 afgöras,
813 411 67 21 skulle
889 412 38 26 jag
937 410 33 20 för

145 441 43 20 min
207 440 34 20 del
261 441 59 20 rösta
335 440 34 21 för
384 442 32 19 att
431 440 69 20 denna
516 441 11 26 $
544 439 71 21 blefve
631 440 31 20 till
678 439 223 28 grundlagsutskottet
914 439 55 20 äter-

145 468 135 27 remitterad,
295 468 33 21 för
344 470 31 19 att
391 467 120 22 omarbetas
526 468 7 20 i
549 467 36 21 det
601 468 23 20 af
637 468 49 20 herr
703 468 130 20 Silfversvan
848 467 122 27 föreslagna

145 497 68 26 syfte,
231 496 60 21 hvari
311 497 63 20 äfven
392 497 38 27 jag
448 496 84 21 förenar
552 496 49 26 mig.
633 496 104 27 Slutligen
757 496 62 20 utber
835 497 38 26 jag
891 495 43 27 mig
949 495 21 20 fä

145 524 88 27 tillägga
248 526 42 25 att,
307 531 33 14 om
356 525 70 20 denna
441 525 12 26 $
469 526 98 25 antages,
584 524 41 21 den
641 531 65 20 synes
722 525 43 26 mig
784 524 71 21 kunna
875 523 95 21 tedföra

145 553 41 20 den
202 553 64 25 väda,
283 555 31 18 att
330 553 50 26 split
396 553 39 20 och
451 553 100 27 oenighet
561 553 6 20 i
578 552 91 21 Finland
680 553 40 20 blir
731 552 104 27 rådande,
847 552 38 21 och
897 552 27 20 dä
934 551 36 20 det

146 581 76 27 tyckes
241 587 53 14 vara
312 581 44 20 lika
375 581 76 27 vigtigt
470 582 31 19 att
521 581 105 20 bibehålla
645 581 115 26 enigheten
778 581 55 20 inom
851 580 35 21 det
902 579 68 21 finska

145 609 77 26 folket,
240 615 45 14 som
302 611 31 18 att
348 609 22 20 fä
385 616 25 13 en
428 616 33 13 om
477 609 64 20 ocksä
558 609 67 27 vigtig
641 609 57 27 äsigt
713 611 31 18 att
760 609 27 27 gä
797 609 84 27 igenom
893 609 26 26 pä
930 607 39 20 den

147 638 40 26 väg
203 637 38 20 här
256 637 134 28 föreslagits,
406 637 67 20 finner
485 637 38 27 jag
539 637 44 20 deri
600 639 31 18 ett
646 637 126 27 ytterligare
788 637 45 20 skäl
849 637 32 20 för
892 638 31 19 att
933 642 37 21 ge-

146 672 49 13 nom
206 665 116 27 förlikning
330 665 53 21 söka
392 665 22 21 fä
422 672 26 13 en
457 665 114 27 stridighet
579 665 71 27 bilagd
656 665 40 21 och
706 665 48 20 icke
760 672 77 20 genom
843 664 126 21 öfvermakt.

217 693 54 21 Herr
282 699 48 15 von
341 692 148 22 Bonsdorff:
504 693 38 21 Uti
553 693 158 27 grundlagarne
722 694 24 19 är
757 693 111 27 stadgadt,
881 694 31 19 att
924 692 46 27 fyra

147 720 62 21 ständ
225 721 140 27 ovilkorligen
382 722 59 20 skola
457 721 71 21 bifalla
543 722 32 20 till
590 728 25 14 en
632 728 29 20 ny
677 721 148 27 beskattning,
837 721 39 21 och
885 721 37 27 jag
933 720 35 20 vill

148 756 28 13 nu
192 749 60 27 fräga
268 749 26 21 de
311 750 65 20 ärade
392 750 128 26 föregäende
535 750 79 26 talare,
630 750 72 20 hvilka
713 750 95 20 förordat
819 749 118 27 antagande
949 748 23 20 af

146 777 116 21 utskottets
282 778 135 20 betänkande
432 778 6 20 i
455 777 68 21 denna
542 778 43 25 del,
605 785 34 13 om
657 778 26 20 de
702 784 52 14 anse
775 778 36 20 det
827 777 95 27 lämpligt
938 778 31 19 att

145 812 77 20 genom
238 812 26 14 en
281 806 188 27 ordningsstadga,
485 808 23 25 ty
523 806 232 27 landtdagsordningen
772 808 23 18 är
811 806 120 27 egentligen
942 812 26 13 en

147 833 191 28 ordningsstadga,
355 834 65 20 ändra
436 834 69 21 denna
521 834 82 21 kanske
619 835 39 20 den
678 834 53 20 allra
750 834 114 28 vigtigaste
880 833 68 28 punkt
963 834 6 19 i

146 862 163 27 grundlagarne.
340 862 48 21 Den
408 862 23 20 af
447 862 49 20 herr
515 862 130 21 Silfversvan
665 862 121 28 föreslagna
804 862 115 27 ändringen
938 862 32 20 uti

147 890 143 27 stiliseringen
311 890 95 21 biträder
424 890 61 21 äfven
503 891 37 27 jag
559 891 72 20 alltför
650 898 68 20 gerna
733 891 39 20 och
789 891 77 20 önskar
880 891 7 19 i
903 890 67 20 likhet

146 918 48 20 med
210 918 49 20 herr
274 918 133 27 Ehrnrooth,
420 918 23 22 C.
455 919 33 26 A.,
505 921 31 19 att
547 919 70 21 denna
629 919 68 27 punkt
705 919 68 27 jemte
784 918 26 21 de
821 918 149 28 efterföljande

147 947 67 20 måtte
229 947 169 21 återremitteras
414 948 31 20 till
461 947 117 27 utskottet,
594 948 33 20 för
644 949 31 19 att
691 947 146 27 omredigeras
853 947 65 27 enligt
929 946 41 21 den

148 975 82 26 princip
245 974 50 21 herr
311 975 130 21 Silfversvan
457 976 117 27 föreslagit.

215 1002 79 21 Grefve
314 1003 120 27 Armfelt,
456 1004 37 19 A.:
509 1004 42 27 Jag
567 1004 68 20 skulle
650 1004 127 27 obetingadt
793 1006 78 25 antaga
886 1002 83 21 utskot-

146 1032 42 19 tets
210 1031 145 27 betänkande,
372 1032 6 19 i
394 1031 101 21 händelse
510 1032 51 21 våra
583 1032 149 20 förhållanden
756 1038 50 14 vore
826 1031 86 22 alldeles
927 1031 43 20 lika

147 1059 48 20 med
213 1059 25 20 de
256 1059 37 20 här
312 1059 121 28 åberopade
450 1060 97 21 svenska.
580 1060 61 21 Hade
658 1060 116 21 ständerna
791 1062 42 19 rätt
850 1062 31 18 att
897 1061 74 18 votera

146 1087 118 27 budgeten,
282 1090 32 18 att
333 1088 118 21 bestämma
469 1089 88 26 utgifter
576 1089 40 20 och
634 1088 125 26 inkomster,
778 1088 68 21 skulle
863 1089 37 26 jag
918 1094 51 13 anse

146 1115 162 27 ifrågavarande
325 1117 11 26 $
352 1119 15 18 t.
384 1123 18 14 o.
418 1123 27 14 m.
462 1117 129 27 nödvändig.
618 1117 48 20 Men
683 1118 57 19 ännu
756 1117 63 20 hafva
835 1117 19 20 vi
869 1116 47 21 icke
933 1122 36 13 an-

147 1150 40 13 nan
203 1145 43 18 rätt
261 1145 27 19 än
302 1144 52 26 den,
366 1146 31 19 att
408 1145 106 27 medgifva
524 1145 143 28 bevillningen
679 1145 39 20 och
732 1145 98 21 beskatta
840 1143 130 27 hvarandra;

147 1174 22 24 ty
186 1173 30 18 att
234 1172 17 20 vi
270 1172 60 21 alltid
350 1173 85 20 komma
451 1175 32 18 att
499 1173 99 21 beskatta
615 1173 128 26 hvarandra,
761 1174 23 19 så
803 1173 61 27 länge
880 1173 26 20 de
922 1172 47 27 fyra

147 1199 111 21 kamrarne
275 1201 98 27 qvarstå,
390 1203 44 18 tror
450 1202 39 27 jag
504 1202 96 20 kommer
616 1203 31 19 att
663 1201 67 21 blifva
745 1201 69 26 fallet,
825 1201 99 20 hvarföre
933 1200 37 27 jag

147 1227 63 20 äfven
225 1228 47 21 icke
292 1229 42 20 kan
354 1236 60 19 anse,
431 1231 31 19 att
481 1229 41 21 den
541 1230 107 20 blifvande
664 1230 201 26 representationen
884 1229 86 27 mycket

147 1255 95 21 kommer
258 1259 31 18 att
305 1257 63 28 skilja
379 1257 32 28 sig
422 1258 45 20 från
478 1258 40 21 den
529 1258 131 21 nuvarande.
683 1258 68 20 Detta
762 1259 23 19 är
796 1258 100 25 orsaken,
909 1257 61 20 hvar-

146 1284 45 20 före
205 1285 38 26 jag
260 1285 78 20 önskar
355 1285 82 21 biträda
453 1286 36 21 det
504 1293 76 14 senare
596 1286 23 20 af
633 1287 25 20 de
674 1287 23 20 af
711 1287 50 19 herr
777 1286 129 20 Silfversvan
918 1293 52 19 upp-

147 1312 88 20 kastade
246 1312 106 29 förslagen
366 1314 39 20 och
416 1314 6 20 i
433 1315 66 20 likhet
510 1315 48 20 med
570 1315 49 20 herr
633 1315 133 25 Ehrnrooth,
778 1314 23 21 C.
813 1314 33 25 A.,
859 1315 68 20 röstar
938 1313 32 20 för

146 1341 121 19 återremiss
284 1341 30 20 till
330 1342 105 20 utskottet
451 1343 6 19 i
473 1342 100 21 afseende
589 1343 12 20 å
617 1342 157 27 omredigering
790 1342 6 20 i
813 1342 74 27 antydt
906 1342 63 27 syfte.

216 1368 99 22 Friherre
332 1370 103 20 Linder:
451 1370 42 28 Jag
508 1371 37 20 har
562 1371 44 20 helt
617 1371 38 20 och
668 1371 65 20 hållet
745 1370 68 21 blifvit
824 1370 146 20 förekommen

146 1396 23 20 af
179 1397 74 26 grefve
265 1398 103 26 Armfelt,
380 1399 33 25 A.,
423 1398 98 21 hvarföre
533 1399 39 27 jag
583 1399 65 21 också
659 1398 76 21 endast
746 1398 95 21 anhåller
851 1400 31 19 att
891 1398 30 21 till
930 1398 41 20 alla

146 1424 59 21 delar
219 1425 23 27 få
256 1425 75 21 förena
346 1426 43 27 mig
404 1426 49 21 med
468 1426 84 21 honom.
579 1427 49 21 Med
643 1426 116 29 anledning
774 1426 23 21 af
810 1427 37 21 det
863 1427 22 21 af
898 1426 72 21 åtskil-
