1078 1678
837 81 42 21 263

81 139 42 20 lida
139 139 70 26 någon
232 145 68 14 annan
316 138 73 26 skada,
405 137 43 21 ifall
465 136 82 22 kronan
564 137 46 20 från
626 137 33 21 sin
674 137 46 20 sida
736 137 107 28 upphäfde
855 138 51 21 kon-

82 167 87 25 traktet,
186 166 36 21 det
238 167 66 20 skulle
321 166 33 21 stå
370 166 48 21 dem
430 165 45 21 fritt
486 167 32 19 att
529 165 6 21 i
546 165 49 20 laga
614 165 92 28 ordning
716 165 52 21 söka
779 166 125 28 ersättning.

152 194 55 21 Herr
225 201 46 14 von
286 194 79 21 Born:
383 193 58 22 Herr
457 193 88 27 Linder,
582 210 10 8 E.,
609 193 38 21 har
657 194 108 27 förutsett,
776 196 31 19 att
819 194 26 21 de
857 195 48 20 med

81 223 216 21 fabriksbrännarene
313 223 108 27 ingångna
437 222 157 21 kontrakterna
605 222 69 21 skulle
684 221 48 22 med
744 223 58 20 detta
813 223 23 20 år
847 223 57 27 utgå.

81 252 43 21 Det
140 254 44 18 tror
197 252 38 27 jag
250 252 26 27 ej.
308 251 73 27 Enligt
404 251 156 27 författningen
583 251 40 20 och
643 251 27 20 de
686 250 103 21 särskilda
804 251 101 28 stadgan-

81 281 41 20 den
138 281 127 26 regeringen
281 280 121 21 sedermera
425 279 96 21 utfärdat
536 279 64 20 hafva
616 279 26 21 de
658 279 102 27 rättighet
776 281 31 19 att
823 280 81 21 bränna

82 309 66 20 under
163 309 48 20 hela
226 309 41 20 den
283 308 29 21 tid
328 307 154 28 författningen
497 315 37 13 var
550 307 74 21 afsedd
644 309 32 19 att
691 307 65 27 gälla,
772 307 18 21 d.
806 315 20 14 v.
843 315 16 14 s.
875 309 29 20 tio

81 338 30 20 år.
142 337 33 27 Ty
193 344 33 13 om
246 337 26 20 de
292 337 64 20 också
375 336 47 20 icke
446 337 103 27 uppgjort
574 336 102 20 kontrakt
694 335 34 21 för
743 336 73 27 längre
832 337 31 20 tid
878 338 26 19 än

81 367 32 19 ett
128 366 30 26 år,
174 366 72 20 kunna
261 365 25 21 de
303 365 79 27 årligen
399 364 76 28 förnya
491 364 120 21 detsamma
626 364 39 20 och
682 363 82 21 således
779 364 63 21 hafva
853 365 51 20 kon-

82 394 138 20 trahenterna
235 394 6 19 i
258 393 75 27 sjelfva
356 392 75 21 verket
454 392 105 28 rättighet
581 394 31 19 att
631 392 83 21 bränna
729 392 47 21 hela
791 392 40 21 den
847 393 57 20 tiden

82 422 31 21 till
129 422 62 21 ända.
222 421 72 21 Också
316 421 40 21 blir
372 421 36 21 det
424 421 91 27 troligen
538 421 70 26 fallet,
624 422 32 19 att
672 420 27 21 då
714 420 41 21 den
770 420 134 28 författning,

81 450 116 21 ständerna
212 457 28 14 nu
255 450 87 26 föreslå,
362 450 47 21 icke
427 449 42 20 kan
488 449 65 21 hinna
572 449 64 20 vinna
651 449 138 27 regeringens
805 449 99 20 sanktion

81 479 64 20 innan
162 479 40 20 den
220 479 8 20 1
246 478 58 25 Juni,
321 479 26 20 då
363 478 97 21 anmälan
472 485 35 13 om
517 477 132 21 fortfarande
666 477 105 28 bränning
782 477 22 21 af
813 477 91 22 fabriks-

82 507 133 21 brännarene
231 507 39 20 bör
285 507 45 26 ske,
346 507 63 20 dessa
424 506 31 21 till
471 507 70 20 större
553 506 62 21 delen
632 505 148 22 dessförinnan
796 506 61 21 skola
868 513 36 14 an-

82 536 55 21 mäla
153 536 32 27 sig
200 535 38 21 och
255 535 61 21 deras
332 537 42 19 rätt
391 535 67 21 måste
475 535 27 20 då
517 535 63 20 äfven
597 537 61 25 tagas
668 535 7 19 i
686 534 147 21 betraktande.
859 534 45 21 Här

82 565 37 20 har
135 564 40 21 ock
191 566 53 18 satts
260 564 6 20 i
281 564 60 27 fråga
357 571 33 13 om
406 563 217 21 fabriksbrännarene
639 563 87 20 komma
739 565 32 18 att
781 563 42 20 lida
834 563 70 26 någon

82 593 75 20 förlust
172 599 77 21 genom
272 592 130 27 antagandet
417 592 23 21 af
454 593 32 19 ett
501 593 66 19 annat
590 593 82 26 system
688 591 6 20 i
711 590 193 28 bränvinslagstift-

82 621 79 20 ningen
173 621 40 20 och
224 628 33 13 om
270 621 61 20 dessa
342 621 102 20 förluster
454 620 73 20 kunna
538 627 51 13 vara
601 620 68 21 andra
680 621 26 19 än
719 619 110 21 skilnaden
841 619 64 21 emel-

82 650 35 20 lan
134 649 40 21 den
191 649 74 20 hittills
280 649 112 21 faststälda
408 649 87 20 skatten
511 648 40 21 och
567 648 40 21 den
619 655 45 14 som
676 648 114 21 framdeles
809 648 96 21 kommer

82 680 31 18 att
135 678 137 20 bestämmas.
305 677 42 27 Jag
369 679 45 18 tror
436 679 31 18 att
491 677 110 20 dessutom
624 677 78 27 många
724 678 58 19 stora
803 676 101 20 förluster

82 706 85 20 komma
183 708 30 18 att
229 706 79 20 drabba
324 706 55 20 dem.
410 705 34 21 Då
459 705 124 21 fabrikerna
599 706 37 19 äro
652 704 98 28 tilltagna
765 705 6 20 i
787 704 40 21 den
843 704 61 20 skala

83 734 51 21 sista
149 734 126 28 författning
291 734 110 28 påbjuder,
417 734 64 20 hafva
497 734 66 20 också
579 733 32 27 de,
629 740 45 14 som
694 740 28 14 nu
740 733 53 27 bygt
803 732 101 26 fabriker,

82 763 111 21 förskaffat
216 763 32 27 sig
271 763 117 27 redskaper
402 762 7 20 i
425 764 69 19 större
515 762 70 26 skala,
601 763 26 19 än
644 762 32 20 för
692 762 26 20 de
732 761 101 25 fabriker,
849 767 54 18 som,

82 798 33 14 om
140 798 75 14 senare
238 791 137 21 alternativet
398 792 97 26 antages,
511 790 89 28 uppstå,
621 792 35 18 äro
676 790 112 27 behöfliga.
818 789 44 21 Det
881 790 23 19 är

82 820 85 27 mycket
183 820 72 20 säkert
270 821 32 19 att
318 821 58 19 stora
392 819 95 21 fabriker
503 818 115 22 framdeles
637 818 48 21 icke
703 825 59 14 mera
777 818 60 21 skola
852 817 52 21 bära

81 848 38 27 sig,
136 848 96 26 emedan,
248 854 41 20 om,
305 848 69 20 såsom
394 848 37 20 här
447 847 130 27 föreslagits,
593 847 96 20 fabriker
704 847 21 21 få
740 846 101 28 anläggas
856 845 49 21 med

82 876 217 28 minimitillverkning
314 876 23 21 af
350 876 64 27 4,500
430 876 88 24 kannor,
536 876 105 20 degfesta
661 875 94 21 fabriker
770 875 6 20 i
800 874 105 21 framtiden

81 905 65 21 blifva
167 905 50 21 små.
248 904 73 28 Derpä
343 905 86 20 komma
445 904 26 21 de
487 904 187 20 hittillfWarande
689 903 215 21 fabriksbrännarene

81 935 32 19 att
128 934 88 26 förlora,
236 933 39 21 och
294 934 54 20 huru
363 934 69 26 någon
451 932 139 28 godtgörelse
610 932 85 21 derföre
712 939 36 13 ens
764 931 53 21 skall
833 931 72 21 kunna

82 962 111 24 beräknas,
210 962 41 20 kan
265 962 37 27 jag
318 962 32 20 för
366 962 42 20 min
424 962 34 20 del
474 962 20 26 ej
510 961 76 21 förstå.
617 960 42 28 Jag
677 961 68 20 måste
763 960 33 20 för
811 959 44 21 min
870 959 34 21 del

80 990 54 27 yrka
150 990 27 27 på
197 992 31 18 att
248 990 124 21 nuvarande
386 990 149 27 fabriksegare
551 989 53 20 böra
619 989 6 20 i
642 990 23 19 så
680 990 67 19 måtto
767 990 87 25 tryggas
869 987 35 21 vid

81 1019 46 20 sina
142 1018 134 28 rättigheter,
292 1020 33 19 att
339 1018 164 21 konkurrensen
518 1017 48 22 icke
582 1017 41 21 blir
634 1017 72 21 alltför
716 1019 45 18 stor
777 1016 51 21 eller
839 1015 65 21 allde-

80 1047 31 20 les
126 1047 27 20 fri
169 1047 69 20 såsom
254 1047 38 20 här
308 1047 127 26 föreslagits.

148 1075 58 20 Herr
221 1075 105 26 Linder,
345 1075 36 20 E.:
404 1075 34 20 De
463 1074 144 27 förklaringar
631 1074 101 21 herrarne
755 1073 23 20 af
798 1072 106 21 Forselles

80 1103 39 20 och
136 1103 120 21 Schauman
272 1103 86 28 afgifvit
374 1110 33 14 om
424 1103 119 20 utskottets
559 1103 66 27 åsigt,
642 1101 109 28 angående
767 1101 137 28 möjligheten

80 1132 23 20 af
116 1131 100 21 förluster
234 1132 32 20 för
286 1132 26 21 de
332 1131 123 21 nuvarande
478 1131 228 26 fabriksbrännarene,
730 1136 62 15 anser
804 1129 39 28 jag
857 1129 48 21 icke

80 1167 51 14 vara
155 1160 46 21 fullt
224 1160 204 26 tillfredsställande,
453 1159 90 21 emedan
563 1159 36 21 det
620 1159 94 21 faktiska
732 1160 30 25 är,
784 1160 32 19 att
834 1158 70 27 någon

79 1189 120 27 tillförlitlig
222 1189 124 27 utredning,
370 1195 34 14 om
428 1189 67 26 några
513 1188 102 21 förluster
630 1188 86 20 komma
732 1189 30 19 att
778 1186 81 21 drabba
874 1186 30 20 fa-

80 1217 151 28 briksegarene
247 1217 51 21 eller
314 1217 28 27 ej,
357 1217 48 20 icke
421 1216 122 21 förefinnes.
575 1216 98 21 Nämnde
689 1215 64 22 ärade
764 1215 67 21 talare
841 1215 64 20 hafva

79 1247 58 23 trott,
154 1247 31 19 att
201 1245 173 28 fabriksegarene
390 1245 47 21 icke
454 1245 72 20 skulle
550 1245 87 20 komma
652 1246 32 19 att
699 1244 42 21 lida
758 1244 75 27 något,
856 1249 48 14 men

79 1274 35 20 det
130 1276 23 18 är
169 1274 20 27 ej
205 1281 42 20 nog
261 1274 33 20 för
310 1276 30 18 att
357 1273 111 28 rättsligen
491 1273 46 21 lösa
560 1273 83 28 frågan.
674 1274 8 19 I
698 1273 68 20 likhet
788 1271 48 21 med
854 1271 50 21 herr

79 1309 40 14 von
135 1302 58 21 Born
209 1309 62 14 anser
285 1303 46 27 jag,
351 1304 32 19 att
402 1301 26 22 de
447 1301 62 21 skola
524 1301 87 21 komma
627 1304 31 18 att
673 1301 43 21 lida
730 1301 108 25 förluster,
853 1306 50 14 men

78 1331 59 19 detta
153 1337 62 14 anser
228 1331 37 27 jag
283 1331 47 20 icke
349 1331 53 20 böra
416 1330 112 21 föranleda
539 1324 88 38 dertill,
644 1331 33 19 att
693 1329 27 21 de
735 1328 94 26 skyddas
845 1329 57 19 emot

78 1358 143 27 konkurrens,
238 1361 50 19 utan
304 1361 38 24 att,
354 1366 34 13 om
404 1358 26 21 de
446 1358 125 28 verkeligen
587 1358 75 28 styrka
677 1358 33 27 sig
725 1357 63 21 hafva
803 1356 46 20 lidit
864 1356 38 20 nå-

77 1394 41 20 gon
135 1389 62 25 orätt,
215 1387 47 21 dem
278 1388 34 20 må
327 1387 106 21 tilldömas
449 1387 187 27 ersättning,
593 1380 39 38 men
647 1388 31 19 att
690 1385 162 28 lagstiftningen
863 1384 38 26 gö-

77 1422 34 14 res
127 1416 65 20 sådan
210 1416 41 20 den
266 1416 39 20 bör
320 1422 58 19 vara,
394 1417 52 19 utan
462 1416 68 26 några
541 1414 73 22 vidare
626 1414 190 21 konsiderationer.
835 1411 66 21 Emot

77 1443 50 21 herr
142 1444 133 21 Ehrnrooths
291 1444 107 27 yttrande,
414 1445 31 19 att
461 1445 87 19 senaste
565 1442 227 28 bränvinsförordning
805 1440 48 21 icke
862 1446 36 21 ge-

76 1472 109 21 nomdrefs
208 1474 56 19 emot
287 1472 106 21 allmänna
416 1472 123 27 opinionen,
555 1472 36 20 vill
603 1472 39 27 jag
657 1471 49 21 icke
722 1470 52 22 orda
789 1469 65 27 något
869 1468 31 21 vi-
