1078 1678
807 82 40 21 105

53 140 6 19 i
75 138 114 27 anledning
214 138 76 20 hvaraf
311 138 48 20 herr
381 138 196 21 landtmarskalken
600 137 122 21 förklarade
745 138 39 20 den
805 138 69 21 förän-

53 166 66 21 drade
135 166 139 21 redaktionen
292 173 50 13 vara
357 166 23 20 af
394 167 83 20 ståndet
493 168 99 26 antagen.

123 195 24 26 88
165 195 95 20 90—101
277 194 125 27 godkändes
418 196 51 18 utan
484 195 129 20 diskussion.

122 223 100 21 Rörande
241 223 11 26 $
271 223 38 20 102
325 222 93 28 uppstod
433 223 94 26 följande
543 223 132 20 diskussion:

122 251 100 21 Friherre
238 251 103 20 Wrede:
368 250 72 21 Såsom
465 257 26 14 en
515 251 92 28 naturlig
629 251 52 27 följd
704 251 24 20 af
743 251 26 20 de
788 252 87 27 åsigter,

54 287 44 13 som
113 281 38 26 jag
166 282 68 25 yttrat
250 280 42 27 mig
309 279 53 27 hysa
380 284 33 15 om
430 279 83 27 kyrkan
532 279 69 21 såsom
619 287 25 13 en
661 279 26 20 fri
703 279 128 28 institution,
848 287 27 14 en

53 309 131 21 institution,
200 307 71 22 bildad
290 307 22 21 af
329 307 137 20 medlemmar
488 307 50 20 med
557 307 26 20 fri
606 308 153 27 öfvertygelse,
782 309 93 28 framgår

53 338 32 18 att
99 337 38 26 jag
152 337 138 20 tillerkänner
313 336 94 26 kyrkans
426 336 144 26 medlemmar,
587 336 47 20 icke
650 338 120 24 presterna,
786 338 42 19 rätt
844 338 30 20 till

54 364 219 21 exkommunikation.
304 364 34 20 Då
360 363 73 27 hvarje
457 366 64 18 annat
545 364 98 20 samfund
662 364 37 20 har
719 365 102 27 rättighet.
844 367 31 19 att

53 393 112 27 frånskilja
181 395 31 18 ett
228 394 32 19 för
276 392 48 21 dess
340 392 137 20 verksamhet
493 392 39 20 och
548 392 34 20 idé
598 392 100 20 störande
718 392 91 21 element
824 394 52 19 eller

54 422 40 25 sår,
112 421 23 20 så
151 421 75 27 tycker
240 421 48 26 jag,
304 422 32 19 att
351 420 43 27 mig
408 420 69 21 såsom
495 427 26 13 en
538 420 94 27 kyrkans
648 420 91 21 medlem
755 421 66 20 borde
833 421 41 21 för-

53 456 68 14 unnas
137 456 80 13 samma
232 449 89 20 förmån.
352 448 32 21 På
404 448 61 21 dessa
481 449 46 19 skäl
544 448 39 20 och
597 449 28 26 på
641 448 57 27 dem,
722 449 72 20 hvilka
817 449 57 21 dom-

55 480 87 25 prosten
167 477 59 28 Borg
249 477 39 20 och
312 477 76 20 doktor
413 477 58 27 Berg
490 477 45 20 från
553 483 68 14 annan
639 477 111 27 exegetisk
766 479 108 26 synpunkt

54 506 119 25 utvecklat,
192 505 86 21 förenar
294 505 38 28 jag
351 505 43 27 mig
410 512 32 13 om
459 505 62 20 deras
544 505 113 21 redaktion
674 506 51 20 eller
740 506 134 21 omformule-

54 535 47 26 ring
117 535 22 19 af
152 534 70 21 denna
238 535 19 26 $.
288 534 30 19 Af
331 533 135 21 förbiseende
483 533 44 21 blef
541 534 69 26 någon
628 534 140 27 anmärkning
783 535 34 20 vid
833 535 41 20 dis-

54 563 114 20 kussionen
185 569 33 14 om
235 563 25 26 88
277 563 26 20 65
319 562 38 21 och
374 563 26 20 66
416 563 73 19 härom
505 562 48 21 icke
569 562 72 27 gjord,
656 569 49 14 men
722 562 26 21 dä
761 563 38 27 jag
815 565 59 19 anta-

53 598 44 20 ger,
115 593 31 18 att
163 591 62 20 dessa
241 591 79 27 åsigter
336 591 46 20 icke
399 591 57 20 delas
473 591 22 20 af
509 590 150 27 ridderskapet
676 591 38 20 och
730 590 68 27 adeln,
814 591 60 21 torde

54 620 26 19 all
97 619 114 27 olägenhet
228 619 22 20 af
264 619 60 20 detta
338 619 135 20 förbiseende
488 619 91 20 förfalla.

122 647 58 21 Herr
196 655 46 13 von
259 647 119 20 Numers:
402 647 41 27 Jag
461 647 94 20 anhåller
572 646 119 27 vördsamt,
708 649 32 18 att
755 647 119 22 ridderska-

55 678 36 25 pet
107 676 39 20 och
162 676 60 20 adeln
240 676 48 20 ville
303 676 21 20 åt
340 676 40 20 den
397 675 23 21 af
433 675 130 20 doktorerne
580 674 58 28 Borg
654 675 38 21 och
707 675 71 28 Bergh
789 683 85 20 gemen-

54 707 55 17 samt
125 707 107 24 uppsatta,
250 704 22 20 af
286 704 89 20 friherre
391 704 87 24 Wrede,
495 703 205 27 landtdagsmannen
711 703 112 22 Joutsinen
835 704 39 21 och

55 733 42 27 mig
113 732 117 21 omfattade
247 732 131 21 reservation
390 734 48 18 mot
455 732 10 26 &
485 732 38 20 102
539 732 23 20 af
576 732 41 20 den
629 732 76 27 nådiga
716 733 159 27 propositionen

54 768 55 20 egna
132 760 40 21 den
196 768 123 20 noggranna
341 760 196 28 uppmärksamhet,
561 767 44 13 som
630 762 82 18 ämnets
728 761 44 27 vigt
790 761 33 21 för
839 761 36 21 det

55 789 98 27 kyrkliga
175 789 121 20 samfundet
316 789 92 20 kräfver.
439 789 52 20 De
479 785 14 35 i
508 790 161 19 reservationen
688 789 123 21 framhållna
827 790 47 20 skä-

54 818 33 20 len
103 817 34 21 för
153 818 40 20 den
210 818 92 26 princip,
327 824 45 13 som
394 817 44 21 deri
463 817 115 25 förfäktas,
597 818 37 19 äro
650 818 23 20 så
688 817 86 21 slående
790 818 39 20 och
845 818 30 20 öf-

55 846 138 27 vertygande,
210 848 31 18 att
258 846 36 20 det
309 846 6 20 i
332 846 90 26 sanning
438 852 50 14 vore
505 845 100 21 förmätet
622 846 22 20 af
656 846 52 27 mig,
720 848 31 18 att
765 846 38 20 här
821 853 53 20 upp-

55 874 60 20 träda
138 874 29 20 till
192 874 48 20 dess
264 874 125 27 ytterligare
412 874 145 20 försvarande.
588 874 42 27 Jag
649 874 65 27 vågar
732 874 75 20 endast
822 882 53 20 upp-

54 902 129 27 lysningsvis
203 904 86 24 nämna,
306 904 31 19 att
352 902 47 20 icke
416 902 89 20 allenast
522 902 26 20 de
565 904 119 25 prestmän,
703 903 49 19 med
767 903 108 27 undantag

54 931 23 20 af
91 931 76 27 biskop
192 931 130 26 Schauman,
346 931 70 20 hvilka
439 930 100 28 antingen
564 931 69 20 såsom
653 931 116 20 ledamöter
784 931 6 20 i
806 931 26 21 de
849 932 26 27 på

54 959 57 20 olika
126 959 55 21 tider
196 960 32 19 för
244 960 190 26 kyrkolagsfrågan
452 958 100 21 nedsatta
568 959 106 21 komitéer
690 960 51 20 eller
756 959 62 27 eljest
830 960 44 26 lagt

55 988 55 19 hand
133 987 35 21 vid
193 987 133 26 densamma,
349 990 50 18 utan
416 988 39 20 ock
472 987 47 21 hela
536 988 159 26 presteståndet
711 987 34 21 vid
760 994 28 14 nu
804 988 70 26 påstå-

54 1015 54 20 ende
131 1015 112 28 landtdag,
260 1016 24 20 så
299 1017 38 19 när
352 1023 46 12 som
418 1015 96 21 bemälde
539 1015 83 28 biskop,
646 1017 71 19 ansett
739 1015 135 21 uteslutande

53 1044 46 20 från
116 1044 126 20 nattvarden
259 1044 6 20 i
282 1044 56 20 vissa
353 1044 35 20 fall
405 1051 50 13 vara
471 1046 31 18 ett
518 1044 23 20 så
558 1044 130 27 väsendtligt
702 1044 90 21 element
807 1044 6 20 i
825 1043 48 28 kyr-

54 1072 111 25 kotukten,
183 1074 31 18 att
230 1073 70 20 denna
316 1072 130 21 derförutom
463 1073 23 19 är
502 1072 23 20 af
539 1072 53 20 intet
609 1073 72 20 värde.
712 1072 33 21 De
761 1071 60 21 torde
837 1073 36 20 fin-

54 1107 44 18 nas,
114 1100 73 20 hvilka
210 1101 76 20 endast
301 1101 23 20 af
338 1101 86 20 fruktan
440 1101 32 19 för
488 1100 143 21 trakasserier
654 1101 52 20 eller
723 1107 23 14 en
754 1100 120 27 opåkallad

53 1128 139 27 inblandning
207 1128 31 20 uti
257 1129 106 20 enskildes
387 1128 228 21 lefnadsförhällanden
639 1129 47 20 från
702 1129 172 28 presterskapets

53 1157 46 20 sida
115 1158 66 26 vägra
197 1159 31 18 att
244 1157 70 20 såsom
331 1157 200 27 kyrkotuktsmedel
547 1157 72 20 bifalla
634 1157 31 20 till
679 1157 135 21 uteslutande
828 1157 46 21 från

53 1185 135 26 nattvarden,
204 1192 48 13 men
269 1185 97 21 häremot
381 1185 49 20 ville
443 1186 37 27 jag
496 1187 53 25 göra
565 1185 40 20 den
621 1185 205 28 invändningen,
791 1181 30 36 att
835 1185 39 21 till-

53 1214 136 27 lämpningen
206 1213 22 20 af
242 1213 59 21 detta
316 1214 69 20 medel
400 1214 48 20 icke
464 1214 68 20 skulle
551 1214 117 20 tillkomma
685 1216 111 25 presterna
811 1214 6 19 i
833 1214 41 20 för-

53 1242 125 26 samlingen,
195 1244 49 18 utan
261 1242 151 27 församlingen
430 1242 58 27 sjelf,
509 1242 163 27 representerad
688 1242 6 20 i
711 1242 163 20 medlemmarne

53 1271 23 19 af
90 1270 48 20 dess
154 1270 118 27 kyrkoråd,
296 1271 62 20 hvars
383 1270 69 21 beslut
476 1271 109 20 dessutom
600 1267 68 24 skulle
684 1270 139 21 underställas
839 1277 35 14 ve-

53 1298 134 21 derbörande
211 1298 141 27 domkapitels
377 1299 103 27 pröfning.
512 1300 38 19 Att
566 1301 31 18 ett
613 1299 169 27 kyrkosamfund
805 1299 69 20 såsom

53 1327 76 20 sädant
144 1327 54 20 ifrån
214 1327 31 19 sin
261 1327 132 27 gemenskap
410 1327 103 20 utesluter
529 1327 41 20 den
586 1327 71 20 ibland
670 1327 48 20 dess
730 1327 144 24 medlemmar,

53 1362 45 13 som
115 1355 56 20 visar
187 1355 119 27 uppenbart
322 1355 70 21 förakt
408 1355 33 20 för
457 1354 133 21 samfundets
602 1355 150 26 institutioner,
767 1362 62 13 anser
837 1355 38 27 jag

53 1383 67 20 likaså
137 1382 136 28 berättigadt,
290 1390 44 13 som
347 1385 31 19 att
390 1384 84 20 hvilken
489 1390 69 13 annan
571 1384 139 26 korporation
722 1390 45 14 som
778 1383 55 20 helst
844 1383 30 19 af-

54 1412 55 19 visar
125 1411 40 21 den
182 1411 89 25 medlen,
288 1418 45 14 som
350 1412 46 20 icke
413 1412 107 27 iakttager
536 1412 25 20 de
578 1412 75 26 vilkor,
670 1412 110 27 hvaruppå
796 1411 77 26 korpo-

53 1440 96 20 rationen
165 1440 92 26 grundat
274 1440 30 20 sin
322 1440 102 20 existens.
454 1440 42 27 Jag
517 1440 96 20 anhåller
635 1440 62 20 alltså
720 1442 31 18 att
770 1440 103 26 ifrägava-

53 1468 64 20 rande
134 1468 11 26 &
162 1470 55 18 samt
228 1468 11 26 $
251 1469 27 19 65
294 1468 65 20 måtte
371 1468 21 20 få
403 1468 39 20 den
452 1468 6 20 i
467 1469 160 19 reservationen
639 1468 123 27 föreslagna
773 1467 101 28 lydelsen.
