1078 1678
189 86 42 21 370

163 144 37 21 det
215 143 65 21 äskar
295 143 39 21 och
349 143 33 20 för
396 141 120 22 kostnaden
533 140 75 22 dervid
621 147 109 15 ansvarar.
757 140 173 28 Häradshöfding
948 146 39 21 ege

162 173 6 20 i
185 175 23 22 ty
224 172 35 21 fall
275 172 28 27 på
318 171 98 21 anmälan
431 171 76 27 genast
522 169 77 21 sådant
615 171 88 19 utsätta.
738 169 61 21 Dock
816 176 51 13 vare
883 169 40 20 den
942 175 45 14 som

162 198 76 30 tappar
261 201 20 26 ej
305 199 85 28 skyldig
411 205 30 14 att
462 198 31 21 till
517 198 143 27 vederparten
679 197 64 28 gälda
762 199 69 19 större
851 197 90 21 kostnad
961 199 25 18 än

162 229 76 21 målets
258 227 128 28 behandling
404 227 35 21 vid
458 227 87 27 lagtima
564 227 46 27 ting
626 226 114 21 erfordrat.
771 226 40 21 Om
829 225 100 22 särskildt
944 225 43 27 lag-

163 257 108 26 mansting
287 263 51 13 vare
353 256 35 27 lag
404 257 101 19 samma".

231 285 43 26 Jag
290 284 68 21 skulle
374 283 83 22 således
474 283 112 21 hemställa
601 290 34 13 om
651 283 91 28 ändring
757 283 7 20 i
780 283 77 27 antydt
871 282 63 28 syfte.

233 313 48 22 Den
297 313 23 20 af
333 313 90 20 friherre
439 312 26 21 de
481 312 19 21 la
516 311 103 28 Chapelle
638 311 124 27 föreslagna
779 311 117 27 ändringen
912 312 75 25 antogs

163 342 24 21 af
200 341 92 27 ståndet.

232 369 74 28 Öfriga
321 370 7 19 i
343 368 98 28 gällande
460 368 35 27 lag
513 368 123 27 föreslagna
656 367 116 28 ändringar
790 367 124 28 godkändes
929 367 6 20 i
951 373 36 14 en-

163 398 66 28 lighet
247 398 49 20 med
316 397 151 27 lagutskottets
487 396 142 26 betänkande,
650 398 59 18 utom
726 396 38 20 här
780 396 68 21 nedan
864 395 122 26 anmärkta,

160 427 90 20 'hvarom
267 425 121 21 diskussion
403 424 102 29 uppstod:

441 487 36 20 Uti
493 486 219 27 Rättegängsbalken:

520 537 59 28 Kap.
595 537 34 20 11.

554 582 12 27 8
582 583 20 20 4.

232 623 100 21 Friherre
348 622 29 20 de
393 622 23 20 la
431 621 135 28 Chapelle:
582 621 47 21 Här
644 622 147 21 förekommer
806 629 25 14 en
847 622 139 27 bestämning,

164 659 45 13 som
233 651 66 27 knapt
318 651 41 20 kan
379 657 39 20 ega
437 650 32 20 sin
492 650 134 26 tillämpning
650 651 38 20 hos
706 657 41 14 oss.
780 650 42 21 Det
838 651 60 20 heter
913 651 73 20 nemli-

165 686 40 21 gen
225 679 21 25 ,i
263 678 69 28 tredje
356 678 51 21 eller
428 678 69 28 fjerde
519 678 67 26 länet,
608 678 52 21 eller
677 678 75 28 längre
772 679 47 20 bort
837 679 33 20 nio
886 679 100 20 veckor."

164 708 74 20 Ehuru
261 707 69 21 denna
354 706 148 21 bestämmelse
527 706 83 28 ,,tredje
634 707 51 21 eller
708 707 69 27 fjerde
796 707 70 21 länet"
885 714 51 20 eger
955 707 31 20 sin

163 736 52 20 fulla
229 736 135 26 tillämpning
379 735 7 20 i
402 734 94 28 Sverige,
513 735 23 20 så
552 737 45 19 tror
609 735 38 27 jag
658 738 43 24 att,
714 736 53 19 huru
779 735 20 20 vi
809 737 26 19 än
847 735 75 26 räkna,
936 735 18 21 vi
967 735 19 27 ej

164 765 60 20 skola
239 764 21 20 få
276 764 53 20 flera
344 765 26 19 än
385 763 47 27 fyra
447 763 33 21 län
497 762 6 21 i
519 762 100 28 Finland,
640 764 40 20 och
693 764 39 27 jag
750 763 67 21 skulle
833 764 83 20 derföre
932 764 54 20 före-

165 793 31 21 slå
212 794 31 19 att
258 792 66 21 orden
341 792 20 25 ,i
377 791 69 28 tredje
462 791 51 21 eller
527 791 83 28 fjerde''
627 792 69 20 skulle
712 792 88 27 utbytas
816 794 56 19 emot
884 792 19 25 ,,i
916 792 70 27 tredje

164 822 79 20 länet''.

232 848 100 21 Friherre
343 855 48 14 von
404 848 78 20 Born:
498 847 95 22 Emedan
606 848 165 21 bestämmelsen
783 855 34 13 om
828 848 6 21 i
846 848 52 21 huru
910 849 77 27 mänga

164 878 33 20 län
214 877 71 21 landet
302 876 53 21 skall
370 883 52 14 vara
437 876 93 21 indeladt
548 876 48 21 icke
612 876 131 22 tillkommer
758 876 114 21 ständerna
888 878 50 19 utan
954 884 32 13 re-

163 906 102 48 geringen
289 907 93 24 ensamt,
406 904 41 21 kan
471 904 35 25 det
527 905 126 23 förutsättas
678 907 31 19 att
728 905 72 21 landet
818 905 39 21 blir
870 905 117 21 indeladt
976 900 15 35 i

179 934 73 21 ubbelt
275 934 23 20 sä
321 934 78 26 mänga
422 933 33 20 län
479 940 44 13 som
542 940 37 20 nu,
599 934 40 20 och
658 934 28 20 dä
702 940 64 21 synes
782 934 43 26 mig
841 934 64 20 orden
922 934 65 25 ,eller

164 962 67 28 fjerde
248 962 71 21 Jänet'*
336 968 51 14 vara
402 961 129 28 fullkomligt
547 962 27 27 pä
590 962 32 20 sin
638 962 67 27 plats,
721 962 100 20 hvarföre
829 962 38 27 jag
877 969 63 13 anser
950 962 37 20 det

164 990 72 21 kunna
252 990 93 28 gvarstä.
734 1005 2 2 N

231 1018 100 21 Friherre
348 1018 29 21 de
393 1018 23 20 la
431 1017 136 28 Chapelle:
585 1017 42 29 Jag
643 1020 45 19 tror
703 1020 33 19 att
751 1025 26 14 en
792 1018 36 27 lag
843 1018 65 21 borde
924 1018 63 21 träffa

164 1047 126 27 isynnerhet
305 1046 27 21 de
346 1045 133 22 närvarande
495 1045 167 22 förhällandena.
690 1046 65 21 Hvad
771 1053 45 14 som
832 1047 85 20 komma
933 1047 52 20 skall

163 1077 23 18 är
201 1075 65 28 nägot
285 1081 45 14 som
346 1075 62 27 lagen
427 1074 33 21 väl
480 1074 40 21 kan
537 1075 100 27 omfatta,
654 1082 48 13 men
718 1075 48 21 icke
781 1075 44 20 bör.
856 1075 43 20 Det
914 1077 23 18 är
953 1075 33 20 väl

163 1106 48 17 sant
232 1105 32 18 att
284 1110 26 13 en
330 1102 128 21 kommande
473 1103 157 28 länereglering
645 1103 73 21 kunde
734 1105 53 26 göra
802 1103 127 28 stadgandet
945 1103 40 21 till-

162 1131 106 28 lämpligt,
293 1138 47 14 men
363 1131 27 20 dä
411 1131 68 26 fjerde
498 1131 58 21 länet
575 1139 28 13 nu
623 1131 68 22 skulle
708 1132 86 20 inträffa
809 1134 59 18 utom
884 1131 102 22 Finlands

161 1161 73 26 gräns,
258 1160 68 20 måste
348 1160 39 27 jag
404 1159 91 20 vidhålla
513 1160 48 20 mitt
580 1160 97 27 yrkande
693 1162 32 19 att
741 1160 65 21 orden
823 1160 65 25 ,eller
903 1160 81 28 fjerdc'*

162 1188 52 20 böra
236 1187 59 28 utgä.
326 1188 33 21 De
379 1189 37 19 äro
435 1187 110 21 dessutom
563 1188 87 21 alldeles
666 1189 132 27 obehöfliga,
814 1188 89 21 emedan
919 1188 65 21 orden

163 1217 87 27 ylängre
266 1217 61 20 bort'*
344 1216 66 21 redan
426 1215 86 22 utstaka
527 1216 125 21 detsamma.

229 1244 57 21 Herr
301 1251 48 14 von
366 1243 135 28 Knorring
516 1245 106 20 instämde
638 1245 48 21 med
703 1245 89 21 friherre
809 1245 25 21 de
846 1245 19 21 la
876 1245 108 27 Chapelle.

230 1272 32 21 På
277 1273 50 20 herr
342 1272 208 21 landtmarskalkens
566 1273 74 21 derom
653 1273 77 28 gjorda
748 1273 156 28 framställning
916 1273 69 21 beslöt

161 1301 85 21 ståndet
262 1303 32 19 att
309 1301 67 21 orden
392 1301 66 26 ,eller
473 1300 81 28 fjerde''
571 1301 69 22 skulle
655 1309 25 14 ur
696 1303 12 26 8
725 1302 58 27 utgå.

517 1358 58 28 Kap.
591 1359 35 20 21.

546 1404 12 26 8
574 1404 19 20 4.

226 1442 101 22 Friherre
338 1443 30 21 de
380 1442 24 21 la
418 1442 134 29 Chapelle:
569 1443 10 21 I
591 1443 70 21 denna
672 1444 12 26 $
696 1443 88 27 stadgas
796 1444 109 27 angående
919 1445 64 21 rätte-

157 1471 191 27 gångskostnader,
372 1471 40 21 och
427 1471 7 21 i
449 1472 52 20 sista
524 1474 119 19 momentet
662 1472 139 21 bestämmes:
823 1489 4 8 ,
830 1472 90 25 Varder
937 1472 45 21 hof-
