1078 1678
815 58 41 21 413

63 123 64 20 synes
150 115 43 28 mig
216 115 104 20 innebära
343 115 118 20 detsamma
480 121 45 14 som
545 121 25 14 en
589 114 107 27 reglering
714 114 51 21 eller
781 114 102 28 klyfning.

63 144 42 27 Jag
120 143 69 21 skulle
205 143 84 21 derföre
305 143 137 27 understödja
459 143 36 20 det
511 143 80 28 förslag
607 149 45 14 som
668 143 90 20 friherre
774 149 40 14 von
825 143 58 21 Born

63 173 83 26 afgifvit
162 172 31 20 till
209 171 149 22 omredaktion
374 171 24 21 af
412 171 59 21 detta
486 174 101 18 moment.

131 200 58 21 Herr
204 200 26 21 af
243 200 142 27 Forselles,
402 199 35 21 O.:
461 199 43 21 För
523 199 42 21 min
581 199 35 21 del
631 199 42 21 kan
687 200 38 27 jag
740 200 20 27 ej
777 202 64 19 annat
857 201 25 19 än

63 229 139 27 understödja
217 229 51 20 herr
282 228 92 21 Linders
390 229 65 26 åsigt,
471 228 39 21 och
521 228 98 21 förordar
630 230 32 18 att
676 228 116 21 utskottets
803 228 81 28 förslag

63 258 66 20 måtte
145 257 125 21 bibehållas.

131 285 58 21 Herr
205 285 138 21 Snellman:
366 285 43 27 Jag
431 285 38 20 ber
487 285 54 20 blott
564 286 32 19 att
615 285 22 20 få
658 285 91 27 upplysa
772 287 30 19 att
825 285 57 22 dom-

63 321 102 19 sagornas
184 313 98 27 klyfning
299 313 48 21 icke
364 313 73 21 kostar
453 313 132 21 statsverket
600 315 65 19 annat
680 314 26 19 än
723 320 26 13 en
765 313 117 28 obetydlig-

63 343 46 25 het,
128 342 40 20 och
186 344 32 18 att
238 341 82 21 således
340 342 64 27 något
420 341 101 21 särskildt
537 342 75 27 anslag
627 341 33 21 för
676 341 58 21 detta
749 341 97 21 ändamål
862 342 20 28 ej

63 372 24 18 är
102 370 109 28 behöfligt.

131 398 58 21 Herr
203 398 122 28 Pipping:
348 398 49 20 Just
415 398 31 20 till
463 398 54 27 följd
535 398 22 20 af
571 398 56 20 hvad
643 398 48 20 herr
707 398 106 21 Snellman
830 405 52 21 upp-

63 427 42 26 lyst
128 426 68 21 skulle
216 427 38 28 jag
272 433 51 14 anse
342 428 32 19 att
391 426 283 28 lagmanstingsgästningen
690 426 64 21 borde
770 427 112 28 besparas,

63 455 40 20 och
119 455 20 27 ej
155 455 68 28 någon
246 455 34 20 del
304 455 62 20 deraf
386 454 108 21 användas
513 455 31 20 till
564 454 154 28 domsagornas
738 455 102 28 klyfning,
856 455 27 21 då

64 483 101 21 behofvet
181 484 19 27 ej
216 483 96 28 påkallar
328 483 42 21 det.
872 510 3 1 -

131 511 58 21 Herr
203 512 159 25 Ehrnrooth,
378 511 24 21 O.
418 512 37 20 A.:
479 511 75 22 Sävidt
567 511 38 28 jag
620 511 82 21 förstod
717 511 88 22 friherre
817 512 31 21 de
863 512 19 21 la

64 540 112 28 Chapelles
192 541 23 20 af
228 540 84 21 ståndet
328 541 93 27 antagna
439 540 86 27 förslag,
544 539 97 28 åsyftade
658 539 35 22 det
709 542 31 19 att
754 547 77 21 genom
847 540 35 21 be-

64 569 86 28 sparing
172 569 23 20 af
215 569 209 27 lagmanskapparne
442 569 126 27 möjliggöra
586 569 33 20 för
639 569 103 27 styrelsen
759 570 31 19 att
805 575 77 22 genom

64 597 153 21 domsagornas
232 597 98 28 klyfning
346 597 110 27 päskynda
471 597 150 27 rättegängen.

132 604 59 43 Härä
214 625 135 22 framstäldes
372 625 31 21 till
425 625 160 28 ridderskapets
609 625 38 21 och
671 625 73 21 adelns
766 625 116 28 afgörande

63 654 84 27 frågan:

132 682 145 26 »Godkänner
295 682 148 28 ridderskapet
462 682 39 20 och
517 682 63 20 adeln
596 682 152 28 lagutskottets
764 689 49 21 nyss
830 689 52 21 upp-

64 710 53 21 lästa
133 711 80 27 förslag
228 710 30 21 till
274 710 132 28 underdånig
422 710 112 21 anhållan?

132 755 11 9 »
146 739 82 21 Vinner
250 739 46 27 nej,
320 739 90 21 erhåller
428 741 117 19 momentet
563 738 41 22 den
623 739 23 21 af
662 738 88 22 friherre
767 745 40 14 von
823 738 58 22 Born

63 767 120 27 föreslagna
198 767 103 28 lydelse".
618 772 5 5 :

131 796 58 20 Enär
211 796 35 27 nej
267 796 35 20 vid
320 798 72 18 svaret
414 796 75 20 befans
511 795 165 28 öfvervägande,
700 796 68 20 skulle
791 796 90 20 friherre

63 831 40 13 von
120 824 70 21 Borns
205 824 81 27 förslag
300 824 31 21 till
348 824 111 21 redaktion
479 826 96 26 antagas.

131 852 100 21 Rörande
247 853 118 20 utskottets
380 852 69 28 tredje
465 852 127 21 hemställan
609 852 88 21 anförde

131 880 100 21 Friherre
247 888 45 14 von
312 881 66 20 Born
397 881 103 27 följande:
525 880 165 28 Propositionen
713 881 74 27 tyckes
811 881 71 27 åsyfta

62 908 45 27 det,
125 912 30 18 att
171 909 82 21 landets
269 909 86 21 ständer
370 910 66 20 redan
452 909 65 21 borde
533 916 52 14 vara
602 909 104 21 betänkta
722 910 26 27 på
763 910 69 26 någon
849 911 32 19 ut-

62 939 40 25 väg
125 940 32 18 att
175 938 49 27 höja
242 938 248 20 hofrättsledamöternas
509 938 39 20 och
567 938 183 28 tjenstemännens
767 938 93 27 aflöning
875 938 5 20 i

61 966 52 26 följd
136 966 23 20 af
176 966 40 20 den
234 966 123 28 minskning
372 966 6 20 i
394 966 61 20 deras
471 966 126 26 inkomster,
614 973 46 14 som
675 973 76 21 genom
768 966 113 21 revisions-

61 994 124 27 skillingens
201 994 142 21 nedsättande
359 994 39 21 och
414 994 109 21 aktlösens
539 994 133 21 afskaffande
688 995 96 20 kommer
798 996 32 19 att
841 1001 40 20 ega

61 1029 53 13 rum.
145 1021 158 28 Ridderskapet
319 1023 40 20 och
374 1023 62 20 adeln
453 1023 37 20 har
506 1023 20 27 ej
543 1023 56 20 velat
615 1023 85 20 besluta
718 1023 29 20 till
764 1023 68 27 någon
849 1023 32 20 sä-

61 1050 41 21 dan
119 1051 82 26 åtgärd.
231 1051 42 27 Jag
291 1058 63 13 anser
368 1051 6 20 i
390 1051 75 20 sådant
484 1051 36 20 fall
537 1053 31 18 att
583 1051 37 20 det
635 1051 71 21 beslut
722 1051 58 21 hvari
797 1051 85 20 ståndet

61 1081 86 18 stannat
163 1080 23 19 är
201 1079 207 28 tillfyllestgörande,
428 1079 39 21 och
485 1081 32 18 att
536 1079 36 20 det
588 1080 19 27 ej
624 1081 23 18 är
663 1079 73 28 nödigt
752 1082 32 18 att
798 1079 84 28 påpeka

61 1107 35 20 det
111 1107 128 28 regeringen
259 1109 23 19 är
297 1108 6 20 i
320 1107 80 22 tillfälle
419 1110 31 18 att
466 1108 23 20 af
503 1109 81 19 statens
600 1108 69 20 medel
686 1108 78 21 bereda
779 1107 102 21 hofrätts-

60 1135 145 21 ledamöterna
229 1143 25 13 en
278 1136 130 27 ersättning;
431 1136 128 27 regeringen
582 1136 62 21 torde
663 1136 61 27 dock,
743 1138 51 19 utan
812 1135 69 22 denna

60 1163 123 28 påpekning
199 1164 57 21 finna
274 1166 32 19 att
324 1164 69 21 denna
409 1166 65 25 utväg
490 1165 43 20 står
549 1164 42 21 den
607 1166 77 26 öppen.
715 1165 43 20 Det
772 1164 109 21 förefaller

59 1192 44 27 mig
119 1192 68 21 såsom
204 1193 68 20 skulle
291 1194 68 26 någon
379 1193 26 20 be
421 1193 40 20 den
477 1193 67 20 andra
560 1193 71 20 betala
646 1193 40 21 och
702 1193 80 21 erhålla
797 1194 83 19 svaret:

60 1220 86 25 »betala
162 1221 73 26 sjelf!

127 1248 58 21 Herr
200 1249 207 21 landtmarskalkens
423 1249 136 27 hemställan,
576 1249 106 21 huruvida
693 1250 84 22 ståndet
788 1249 48 21 ville
850 1249 31 21 bi-

58 1277 61 20 träda
138 1277 89 21 friherre
246 1285 40 13 von
307 1277 69 21 Borns
394 1278 87 27 förslag,
498 1278 131 21 besvarades
644 1278 23 21 af
680 1279 86 20 ståndet
779 1278 101 28 jakande.

127 1306 117 27 Angående
262 1306 66 21 andra
344 1308 117 19 momentet
476 1307 23 20 af
512 1307 118 20 utskottets
647 1307 125 21 hemställan
788 1307 27 28 på
831 1313 49 21 -pag.

57 1334 24 19 31
101 1335 86 26 yttrade

127 1362 57 20 Herr
199 1362 145 21 Molander:
359 1362 43 28 Jag
418 1363 31 20 för
465 1364 42 19 min
524 1363 34 21 del
574 1363 38 21 ber
628 1366 30 18 att
672 1364 21 20 få
704 1364 107 27 tillstyrka
822 1362 58 22 bifall

57 1390 30 20 till
107 1392 117 19 utskottets
242 1391 80 27 förslag
340 1391 91 21 rörande
451 1392 169 20 slottsrätternas
638 1392 133 27 indragning,
791 1390 87 22 emedan

57 1418 26 20 de
99 1419 90 20 ärender
205 1426 44 14 som
267 1419 74 21 hittills
361 1420 33 20 vid
410 1420 107 20 desamma
529 1420 126 20 behandlats
666 1420 86 28 mycket
764 1420 33 21 väl
807 1420 73 20 kunna
