1078 1678
189 73 43 21 418

163 129 83 29 gående
262 130 171 27 guvernörernes
449 129 104 21 domsrätt
569 129 30 20 uti
615 128 179 22 kronorusthålls-
810 129 40 20 och
866 129 120 21 hemmans-

163 158 92 22 tvister?

234 203 12 9 »,
248 186 84 22 Vinner
346 187 42 27 nej,
404 185 107 22 förkastas
526 186 206 27 framställningen".

232 215 110 21 Häröfver
358 214 96 21 anstälda
469 215 161 27 omröstningen
646 214 71 27 aflopp

379 243 7 20 i
404 243 53 20 1:sta
471 242 28 21 kl.
516 242 47 21 med
580 245 11 19 1
607 243 23 27 ja
646 243 38 20 och
700 243 13 20 4
729 243 43 27 nej,

380 271 6 21 i
402 271 59 21 2:dra
479 287 12 9 »
535 287 12 9 »
579 273 48 23 4»
657 287 12 9 »
699 271 51 25 O»

380 300 8 20 i
403 300 55 27 3:djo
488 316 3 9 n
536 315 12 10 »
581 300 46 25 6»
658 315 12 10 »
695 282 19 54 5
739 315 11 10 n

234 328 35 20 Då
284 327 88 21 sålunda
385 329 23 26 ja
424 330 70 25 segrat
509 328 6 20 i
532 328 67 20 andra
615 327 39 21 och
670 327 70 28 tredje
753 327 119 27 klasserna,
882 327 104 20 förklara-

165 357 38 20 des
218 356 121 21 utskottets
355 356 154 27 framställning
523 356 108 27 godkänd.

234 384 102 21 Friherre
351 384 29 21 de
396 385 22 20 la
433 384 132 27 Chapelle:
590 384 70 20 Sedan
678 384 150 26 ridderskapet
845 384 39 20 och
902 383 61 21 adeln
980 384 7 20 i

166 413 42 28 dag
223 412 91 28 vidtagit
330 414 78 19 tvenne
423 412 80 27 vigtiga
518 412 149 27 förändringar
682 412 7 20 i
704 419 28 13 nu
745 411 98 28 gällande
854 411 133 28 lagstiftning

166 441 54 25 eller
233 441 7 20 i
257 441 26 20 de
299 441 86 26 förslag,
402 447 43 14 som
461 442 37 19 äro
513 440 125 21 framstälda
654 440 82 27 derom,
752 440 107 27 nemligen
874 447 34 13 om
924 440 62 20 verk-

166 469 109 28 ställighet
290 469 24 20 af
326 469 121 20 underrätts
463 469 48 20 dom
527 469 41 20 och
583 469 122 26 fullgörelse
721 469 23 20 af
756 468 156 27 samstämmigt
928 468 58 21 dom-

165 498 53 25 slut,
242 497 68 21 skulle
331 497 38 28 jag
384 497 108 20 vördsamt
515 497 122 26 hemställa,
653 504 33 13 om
706 497 36 20 det
761 496 46 21 icke
827 503 50 14 vore
893 497 46 20 skäl
956 498 31 19 att

165 526 127 21 underrätta
316 525 26 21 de
364 525 67 28 öfriga
454 525 90 21 stånden
563 525 83 27 derom,
663 527 55 19 samt
733 525 72 27 bifoga
820 531 27 14 en
861 524 127 28 inbjudning

166 554 33 21 till
214 554 63 21 dessa
293 555 31 19 att
339 553 112 21 instämma
467 554 5 20 i
488 553 160 28 ridderskapets
664 553 40 21 och
720 553 72 21 adelns
807 553 77 20 beslut.
1011 555 3 2 i

235 581 58 22 Herr
309 582 157 26 Grotenfelt,
483 582 33 20 A.:
540 582 64 20 Hvad
627 581 41 21 den
691 582 57 20 förra
771 581 62 21 delen
855 581 23 20 af
897 581 91 20 friherre

167 611 26 20 de
209 611 21 20 la
246 610 112 27 Chapelles
381 610 78 27 förslag
482 610 109 27 beträffar,
610 612 31 18 att
660 610 92 27 delgifva
772 610 26 20 de
814 610 68 27 öfriga
897 609 89 21 ständen

167 639 161 26 ridderskapets
352 639 39 20 och
410 639 71 20 adelns
501 639 80 26 beslut,
599 638 109 21 förmodar
725 639 37 26 jag
778 640 31 18 att
825 637 140 21 medständen
981 637 6 20 i

167 667 58 21 såväl
241 667 63 20 dessa
320 673 44 13 som
381 667 66 20 andra
461 667 72 26 frågor
549 667 60 20 skola
624 673 77 21 genom
715 666 195 27 protokollsutdrag
920 666 22 20 få
952 665 35 21 del

167 696 23 20 af
204 695 60 20 detta
279 694 73 21 ständs
369 695 79 26 beslut;
464 701 26 14 en
505 695 127 27 inbjudning
645 695 96 20 deremot
752 694 68 20 skulle
829 694 38 27 jag
877 694 47 20 icke
936 700 50 14 anse

166 723 100 28 päkallad
290 723 22 20 af
332 722 26 21 de
377 723 69 20 beslut
464 723 149 27 ridderskapet
633 723 39 20 och
691 722 61 21 adeln
768 722 6 20 i
791 722 41 28 dag
847 722 71 26 fattat,
935 724 51 18 utan

167 752 69 20 skulle
258 752 39 26 jag
319 758 51 14 anse
389 753 30 19 att
438 752 89 20 friherre
545 751 26 21 de
587 752 20 20 la
623 750 113 28 Chapelles
751 750 80 28 förslag
846 751 6 20 i
868 750 69 21 denna
952 750 34 20 del

167 780 67 21 mätte
249 779 90 21 förfalla.

236 808 58 20 Herr
309 814 48 14 von
373 807 78 21 Born:
467 808 28 20 Så
511 808 86 27 mycket
613 815 45 13 mer
673 808 39 20 ber
719 808 39 26 jag
768 807 22 20 få
801 807 139 27 understödja
950 806 36 21 fri-

167 837 62 20 herre
245 836 26 21 de
286 836 21 20 la
323 836 111 27 Chapelles
449 836 162 28 framställning,
624 843 44 14 som
680 836 38 27 jag
731 835 65 21 sedan
807 836 7 20 i
824 836 44 26 gär,
880 835 26 21 dä
917 835 70 21 denna

166 864 62 28 fråga
250 864 98 27 väcktes,
371 864 65 21 redan
459 864 48 21 hört
525 865 52 20 flera
595 865 23 20 af
631 864 150 21 medständens
796 864 118 20 ledamöter
928 865 59 26 yttra

167 895 32 19 att
215 892 26 21 de
256 892 46 21 haft
322 900 80 13 samma
419 892 64 28 åsigt,
499 900 48 13 men
564 894 69 20 såsom
649 892 83 21 mindre
748 892 113 20 initierade
875 892 7 20 i
898 892 26 20 de
939 893 48 19 rent

164 921 107 27 juridiska
285 921 169 26 förhållandena,
470 921 47 21 icke
534 923 71 19 ansett
621 921 31 27 sig
668 921 52 20 böra
736 920 85 20 komma
835 920 54 20 fram
900 920 49 20 med
960 927 27 13 en

167 949 66 21 sådan
252 949 71 27 fråga,
338 949 72 20 förrän
428 949 40 21 den
486 949 69 21 blifvit
573 950 83 27 afgjord
672 950 6 19 i
694 949 36 21 det
745 948 72 27 stånd,
833 948 37 21 der
886 955 101 20 personer

167 978 49 20 med
239 984 59 14 mera
321 978 120 20 erfarenhet
457 978 6 20 i
479 977 78 21 sådana
580 978 72 27 frågor
670 978 56 20 sitta.
757 976 92 28 Mången
865 976 39 20 har
919 978 68 26 yttrat

168 1006 32 20 sin
216 1006 65 27 afsigt
296 1007 32 18 att
345 1006 83 19 biträda
443 1012 26 14 en
485 1006 66 20 sådan
567 1006 161 26 framställning.
754 1005 42 27 Jag
810 1005 76 26 tycker
902 1006 31 19 att
941 1005 46 26 just

168 1033 39 21 den
232 1033 196 28 omständigheten,
451 1033 39 21 och
513 1036 32 18 att
562 1034 74 27 frågan
656 1035 24 19 är
696 1033 22 21 af
731 1033 23 20 så
770 1033 89 27 mycken
877 1033 54 26 vigt,
948 1032 39 21 och

167 1061 179 28 sammanhänger
369 1062 23 20 så
411 1063 51 19 nära
480 1062 48 20 med
547 1063 205 26 lagmansrätternas
767 1061 133 28 indragning,
917 1061 23 20 så
955 1063 32 18 att

167 1097 34 13 om
225 1090 70 21 denna
318 1090 81 27 princip
422 1091 19 26 ej
460 1090 23 21 af
499 1091 86 20 ståndet
603 1091 135 27 godkännes,
754 1090 40 20 blir
809 1090 141 27 olägenheten
966 1089 22 20 af

166 1118 103 27 förslaget
290 1118 49 21 vida
358 1119 68 20 större
445 1119 26 20 än
491 1119 101 20 fördelen.
623 1119 50 20 Just
691 1119 27 27 på
734 1118 63 21 dessa
812 1118 46 20 skäl
873 1124 63 14 anser
948 1118 38 27 jag

167 1153 27 14 en
209 1146 127 28 inbjudning
352 1147 31 20 till
398 1146 139 21 medstånden
553 1147 52 20 böra
621 1154 39 20 ega
676 1154 53 13 rum.

235 1175 58 20 Herr
308 1175 195 27 Montgomerie:
520 1175 43 28 Jag
579 1175 67 21 skulle
662 1175 6 20 i
684 1175 66 21 likhet
765 1175 50 20 med
830 1174 49 21 herr
895 1174 91 21 Groten-

166 1203 39 21 felt
221 1203 98 27 afstyrka
333 1203 132 28 inbjudning.
492 1203 43 28 Jag
550 1203 120 28 medgifver
685 1204 53 20 visst
753 1205 33 18 att
801 1203 107 27 ätskilliga
924 1203 23 20 af
960 1203 26 19 de

165 1231 149 28 förändringar
336 1231 150 28 ridderskapet
505 1232 39 20 och
565 1232 62 20 adeln
643 1233 57 26 gjort
716 1233 36 18 äro
768 1231 90 28 vigtiga,
874 1237 48 14 men
938 1230 49 21 med

165 1259 67 21 andra
248 1261 23 19 är
286 1260 66 27 enligt
368 1260 42 20 min
426 1260 64 20 tanke
506 1260 20 27 ej
542 1260 87 27 mycket
645 1261 90 26 vunnet,
751 1267 33 13 om
801 1259 26 21 de
843 1259 65 20 ocksä
918 1258 68 21 skulle

164 1288 152 27 understödjas
333 1288 23 21 af
364 1288 150 27 medständen;
525 1288 100 21 hvarföre
635 1289 38 27 jag
683 1295 62 14 anser
756 1288 127 27 fullkomligt
894 1287 92 21 tillräek-

164 1316 39 27 ligt
218 1318 32 19 att
266 1316 140 21 medständen
422 1317 6 20 i
443 1316 72 28 vanlig
530 1317 91 27 ordning
638 1317 143 20 underrättas.

232 1344 101 21 Friherre
349 1352 47 13 von
412 1344 77 21 Born:
513 1344 43 28 Jag
571 1352 63 13 anser
649 1346 31 19 att
700 1344 26 21 då
744 1344 85 21 ståndet
844 1344 96 20 beslutat
955 1343 30 20 till

164 1372 62 21 dessa
248 1372 156 28 förändringar,
420 1374 67 19 mäste
506 1373 86 21 ständet
611 1380 50 14 anse
677 1373 47 21 dem
740 1374 71 20 säsom
826 1372 160 26 förbättringar,

163 1400 40 21 och
218 1402 33 19 att
266 1401 86 20 ständet
368 1401 83 21 derföre
467 1401 38 21 bör
519 1401 127 21 underrätta
661 1402 26 20 de
703 1401 67 27 öfriga
786 1400 89 22 ständen
889 1400 40 21 och
940 1400 47 20 der-

160 1429 69 27 jemte
246 1429 72 27 bifoga
333 1429 148 28 inbjudning.

230 1456 59 22 Herr
304 1457 139 22 Järnefelt:
466 1458 72 21 Afven
559 1458 38 28 jag
615 1458 69 21 skulle
702 1464 52 14 anse
772 1459 31 19 att
819 1457 69 21 denna
904 1456 38 21 sed
958 1456 28 21 el-
