1078 1678
833 74 40 21 233

83 134 67 20 under
169 134 85 19 senaste
269 132 110 27 landtdag,
396 133 31 19 att
442 132 27 20 H.
487 131 26 21 K.
531 132 101 27 Majestät
648 132 67 20 måtte
730 138 77 21 genom
823 138 26 14 en
865 131 37 21 ko-

83 161 88 21 mitö-
151 155 21 36 af
185 161 134 26 sakkunniga
339 167 102 20 personer
460 160 43 21 låta
518 160 99 21 utarbeta
636 160 81 27 förslag
732 160 31 20 till
779 167 25 13 en
820 159 82 21 förord-

83 190 50 27 ning
149 197 34 13 om
199 189 173 28 presterskapets
388 189 103 26 aflöning,
507 195 45 14 som
569 189 68 20 skulle
654 189 116 20 ständerna
782 188 120 27 föreläggas

83 218 35 21 vid
137 218 68 21 denna
224 217 108 27 landtdag.
362 217 81 21 Sådant
461 217 38 20 har
520 224 29 13 nu
568 217 69 27 skett;
656 224 26 13 en
699 216 79 21 komitö
794 217 38 21 har
848 217 54 20 varit

83 248 140 19 sammansatt
241 246 39 20 och
300 245 83 28 afgifvit
402 246 36 20 sitt
457 245 119 27 utlåtande;
596 245 136 28 pluraliteten
752 245 38 20 har
808 245 54 21 varit
880 245 24 20 af

83 275 40 20 den
143 275 93 27 äsigten,
256 276 31 19 att
306 274 122 27 aflöningen
451 274 68 20 skulle
542 275 51 26 utgä
616 274 54 21 efter
694 273 140 28 persontalet,
854 280 48 14 men

82 303 136 21 minoriteten
234 303 38 20 har
288 302 109 21 bibehällit
413 302 26 21 de
454 303 58 20 förut
527 302 99 27 gällande
642 302 128 28 grunderna.
792 303 35 20 Dä
841 304 61 19 ären-

83 332 37 20 det
138 338 28 14 nu
185 331 69 21 blifvit
269 331 107 27 förelagdt
394 331 116 20 ständerna
530 330 39 21 och
585 331 127 20 behandlats
727 331 6 19 i
748 331 115 25 utskottet,
880 332 22 19 sä

83 360 64 21 hafva
165 360 106 27 ätskilliga
291 358 117 22 ledamöter
427 359 45 20 deri
493 358 99 21 omfattat
615 359 147 27 pluralitetens
783 359 6 20 i
807 358 95 22 komitön

83 389 65 27 äsigt,
164 391 31 18 att
211 388 119 27 aflöningen
346 387 30 20 till
393 388 161 26 presterskapet
569 387 66 20 borde
646 388 39 19 ske
696 387 55 20 efter
761 387 141 27 persontalet,

83 417 51 20 eller
150 417 40 20 ock
206 418 31 19 att
252 416 28 21 all
296 415 160 28 presterskapet
473 423 27 13 nu
516 415 124 21 tillfallande
656 416 94 27 aflöning
766 416 33 20 mä
813 415 90 21 medelst

84 445 230 28 persedelomsättning
329 444 55 20 efter
399 444 148 21 fastställande
563 444 69 27 grund
647 444 31 20 till
694 444 82 21 kronan
791 444 111 27 indragas,

84 476 55 18 samt
154 473 74 27 hvarje
245 475 57 25 prest
318 473 32 20 för
366 473 114 20 framtiden
497 473 103 20 likställas
619 473 49 20 med
682 475 81 18 statens
774 473 127 27 tjenstemän

84 502 39 21 och
139 502 22 20 af
175 503 69 19 staten
261 502 86 19 aflönas.
371 501 66 20 Detta
452 503 86 19 senaste
554 501 80 28 förslag
648 507 52 14 vore
717 501 137 27 ovilkorligen
866 501 37 20 det

83 530 139 26 radikalaste,
240 537 48 13 men
306 530 37 27 jag
362 532 44 18 tror
425 531 31 19 att
475 529 36 21 det
529 529 68 21 skulle
617 529 26 21 ha
659 530 23 20 sä
698 529 85 28 mycket
798 531 57 19 emot
870 529 32 27 sig

84 560 32 19 att
134 559 37 20 det
189 559 48 20 icke
256 558 71 21 kunde
347 558 67 20 räkna
430 559 26 26 pä
471 558 66 27 något
555 557 68 28 bifall,
640 557 98 21 hvarförc
751 558 38 27 jag
804 558 47 20 icke
867 557 34 21 vill

84 587 113 28 uppehälla
219 587 43 27 mig
284 586 80 21 dervid.
398 586 139 21 Beträffande
563 586 133 27 aflöningens
719 586 105 27 utgäende
847 585 55 21 efter

84 615 141 28 persontalet,
244 615 62 20 hafva
326 615 65 20 redan
411 614 22 21 af
450 615 77 27 mänga
544 614 131 28 föregäende
695 615 67 20 talare
776 614 126 21 framhällits

84 644 40 21 alla
140 644 26 21 de
182 643 132 28 svårigheter
328 650 45 14 som
385 643 72 20 dervid
469 643 69 20 skulle
549 645 64 18 möta.
639 643 75 27 Arliga
725 643 177 27 klassificeringar

84 672 23 20 af
120 671 266 21 samhällsmedlemmarne
402 672 66 20 borde
482 671 27 21 dä
520 671 47 26 ske,
580 671 81 21 hvilket
672 671 70 21 blefve
752 671 81 27 ganska
844 672 58 20 svärt

84 701 27 26 pä
127 700 40 21 den
183 700 140 27 ständpunkt,
332 700 38 20 vär
381 700 122 20 nuvarande
515 700 253 27 kommunalförvaltning
778 700 50 20 stär.
848 699 54 21 Der-

81 730 67 26 jemte
163 728 67 21 borde
246 728 162 28 presterskapet
423 730 124 25 garanteras
564 735 26 13 en
607 728 42 21 viss
666 735 90 19 summa,
770 728 33 20 för
816 728 85 20 hvilken

83 757 153 27 församlingen
252 764 50 13 vore
318 756 122 21 solidariskt
456 757 106 27 ansvarig.
588 756 49 21 Men
654 757 27 21 dä
696 756 36 21 det
746 757 71 20 kunde
833 756 69 21 hända

84 788 31 18 att
131 786 22 20 af
167 785 26 21 de
209 785 77 26 medel,
303 792 45 13 som
365 785 65 21 borde
446 787 121 24 uttaxcras,
583 785 48 21 icke
646 785 38 21 allt
700 785 68 21 skulle
783 785 84 27 inflyta,
878 785 24 20 sä

85 814 74 26 borde,
175 814 33 20 för
224 816 30 18 att
270 816 112 24 presterne
397 813 46 21 icke
460 813 68 21 skulle
545 814 42 20 lida
603 814 52 20 brist
671 813 38 21 och
726 814 71 20 kunna
811 814 90 19 ersättas

84 842 33 20 för
139 842 36 20 det
193 848 44 14 som
257 842 47 20 icke
323 842 92 27 inflyter,
435 842 68 20 finnas
522 842 66 20 andra
607 842 75 21 fonder
701 842 51 20 eller
770 842 74 20 kassor
862 842 40 20 och

84 870 80 21 sådana
186 870 75 20 kassor
283 870 67 21 finnas
371 870 46 21 icke
436 870 6 20 i
461 870 247 28 landsförsamlingarne.
738 870 10 20 I
768 870 71 21 städer
860 870 40 20 kan

85 899 124 27 visserligen
228 899 119 27 aflöningen
363 899 52 27 utgå
430 898 55 21 efter
501 906 26 13 en
543 906 70 13 annan
629 899 78 27 grund,
724 899 54 21 efter
794 898 107 28 taxering;

85 934 47 13 men
155 927 38 21 der
211 928 36 19 äro
266 928 61 20 äfven
350 926 160 22 förhållandena
533 927 139 21 annorlunda.
703 927 48 21 Med
770 927 99 21 afseende
889 928 13 20 &

85 955 62 21 dessa
162 956 188 27 omständigheter,
366 956 32 25 så,
415 956 66 20 ehuru
491 956 38 26 jag
539 956 36 20 vill
586 956 107 27 medgifva
704 958 31 18 att
745 956 92 27 aflöning
848 955 54 21 efter

85 984 107 26 persontal
209 984 40 20 kan
265 991 51 13 vara
332 984 30 20 till
378 984 110 26 principen
504 984 75 27 riktig,
595 984 89 20 emedan
701 986 109 25 presterne
823 986 36 18 äro
870 984 31 20 till

83 1012 33 20 för
136 1019 139 20 personerna,
294 1012 42 20 kan
355 1013 37 26 jag
411 1012 55 21 ändå
484 1012 48 21 icke
548 1012 107 27 tillstyrka
671 1012 58 21 bifall
744 1012 31 21 till
790 1012 112 27 förslaget,

83 1040 33 21 för
134 1040 26 20 de
181 1041 75 26 många
278 1041 140 27 svårigheter,
436 1047 46 13 som
504 1040 48 21 dess
571 1041 166 26 genomförande
753 1041 67 20 skulle
836 1042 64 19 möta.

84 1068 126 21 Detsamma
228 1069 38 20 har
284 1068 22 21 af
323 1069 125 27 regeringen
473 1068 47 21 icke
539 1069 67 20 heller
626 1069 68 20 blifvit
712 1069 119 27 godkändt,
850 1071 51 19 utan

84 1097 37 20 har
137 1097 105 26 styrelsen
258 1097 82 27 antagit
356 1097 66 20 andra
437 1097 137 20 alternativet
589 1097 22 20 af
624 1097 25 21 de
662 1097 141 21 komiterades
814 1097 86 28 förslag.

83 1125 42 27 Jag
140 1126 69 19 röstar
233 1125 82 20 således
334 1126 32 20 för
387 1125 42 20 min
450 1125 33 21 del
505 1127 32 18 att
556 1132 48 13 man
624 1126 66 21 borde
708 1126 63 27 lägga
787 1125 28 21 till
832 1126 68 27 grund

83 1153 137 28 regeringens
239 1153 89 28 förslag,
347 1154 81 20 hvilket
448 1153 61 21 äfven
532 1153 68 21 blifvit
619 1155 23 20 af
658 1154 117 21 utskottets
794 1154 108 27 pluralitet

83 1182 120 21 omfattadt.
234 1181 72 28 Några
326 1182 67 21 talare
412 1182 37 21 och
468 1181 65 22 bland
551 1182 48 21 dem
619 1183 48 20 herr
686 1189 40 14 von
744 1182 117 21 Bonsdorff
874 1183 27 20 ha

83 1212 70 19 ansett
176 1212 32 19 att
227 1210 35 21 det
280 1217 50 14 vore
354 1211 47 20 bäst
424 1212 31 19 att
473 1210 48 21 icke
541 1210 82 21 befatta
639 1211 32 27 sig
684 1211 48 20 med
748 1211 68 20 denna
832 1211 68 27 fråga,

82 1241 52 18 utan
149 1239 43 20 låta
207 1239 161 27 presterskapet
380 1239 50 27 sjelf
438 1239 84 26 reglera
532 1239 142 21 förhållandet
685 1240 48 20 med
744 1239 156 28 församlingen.

83 1267 73 20 Ehuru
171 1267 77 20 sådant
259 1267 64 20 redan
335 1267 114 28 försiggått
460 1268 27 26 på
498 1267 77 27 många
585 1268 85 27 ställen,
681 1268 66 20 sakna
758 1269 55 19 ännu
825 1268 77 27 många

82 1296 91 20 socknar
189 1295 71 28 dylika
274 1295 130 28 föreningar,
420 1297 14 18 t.
451 1302 33 14 ex.
505 1295 2 20 i
524 1295 140 22 Österbotten
681 1296 39 20 och
736 1297 27 26 på
794 1295 58 28 Åland,
864 1296 38 21 der

82 1323 86 21 tionden
185 1325 55 19 ännu
256 1324 62 26 utgår
332 1324 7 19 i
356 1323 66 26 skaft,
438 1323 81 21 hvilket
535 1323 64 21 likväl
617 1326 22 18 är
654 1326 30 18 ett
695 1325 86 26 mycket
792 1324 110 27 olämpligt

82 1352 154 27 aflöningssätt.
262 1351 42 21 Det
321 1352 122 20 nuvarande
459 1352 114 27 olämpliga
589 1352 176 28 uppbördssättet
778 1352 23 21 af
809 1354 92 26 prester-

82 1380 87 26 skapets
185 1380 93 27 aflöning
293 1382 23 18 är
332 1380 62 20 äfven
410 1380 87 21 allmänt
512 1380 67 20 kändt
591 1381 38 20 och
641 1381 149 27 öfverklagadt
801 1380 38 20 och
851 1387 50 13 vore

82 1408 82 20 således
181 1415 25 13 en
223 1408 106 27 reglering
344 1408 127 20 härutinnan
488 1408 63 28 högst
567 1409 113 21 önskvärd.
704 1409 58 21 Herr
778 1416 40 13 von
833 1408 68 20 Bons-

82 1436 54 20 dorff
155 1436 38 22 har
211 1437 50 26 sjelf
277 1436 115 21 framhållit
415 1436 101 21 behofvet
535 1437 23 20 af
575 1439 31 19 att
625 1440 79 24 antaga
724 1437 39 21 den
778 1436 123 27 föreslagna

81 1464 203 28 expeditionstaxan
304 1465 33 20 för
352 1466 32 19 att
400 1464 68 28 slippa
484 1464 26 21 de
524 1472 28 14 nu
569 1466 136 20 existerande
720 1466 86 27 mycket
821 1464 80 28 olämp-
