1078 1678
209 73 41 21 126

555 141 12 28 s
583 142 48 21 452.

248 186 83 21 Härvid
347 186 85 28 yttrade
448 187 32 27 sig
494 186 94 27 följande
603 187 77 20 talare:

248 214 58 21 Herr
321 215 105 25 Linder,
442 215 35 20 E.:
500 215 34 20 Då
556 215 71 20 denna
642 215 21 27 $,
680 215 66 27 enligt
769 215 42 21 min
831 216 65 27 åsigt,
914 215 54 21 lider
983 216 23 21 af

179 250 27 14 en
230 243 119 28 väsendtlig
372 243 129 27 otydlighet,
519 243 96 20 anhäller
631 244 39 27 jag
687 245 32 19 att
738 243 22 21 fä
778 243 83 21 biträda
876 244 36 20 det
928 244 75 21 redak-

180 271 144 27 tionsförslag,
341 278 45 14 som
403 271 98 28 borgare-
518 271 39 21 och
574 271 168 21 bondeständets
758 272 131 27 deputerade
902 273 7 20 i
919 273 84 20 utskot-

179 302 33 19 tet
234 299 110 49 tillstyrkt.
374 299 42 28 Jag
439 307 62 13 anser
519 302 32 18 att
569 306 27 14 en
615 300 163 27 genomläsning
796 300 23 21 af
834 301 27 20 de
876 301 69 27 begge
961 301 41 20 för-

180 328 73 27 slagen
276 327 54 21 skall
354 335 51 13 vara
427 335 47 20 nog,
493 328 33 20 för
545 330 32 18 att
595 328 59 27 gifva
669 328 109 21 företräde
794 329 21 20 åt
831 329 35 20 det
882 335 76 14 senare
974 329 29 20 al-

181 356 123 21 ternativet.

249 384 57 21 Herr
329 391 47 14 von
397 384 77 21 Born:
497 384 47 21 Den
564 384 130 28 otydlighet,
715 391 45 14 som
781 386 57 19 emot
854 385 30 26 &:s
900 384 102 28 lydelse
992 380 14 36 i

181 412 211 28 kyrkolagförslaget
417 412 69 21 blifvit
509 413 109 26 anmärkt,
643 413 69 28 skulle
737 412 179 28 hufvudsakligen
941 413 61 20 bestå

181 441 55 26 deri,
255 443 32 18 att
302 440 36 21 det
356 441 48 20 icke
425 447 50 14 vore
490 441 119 26 bestämdt,
625 441 62 20 hvem
704 448 46 13 som
766 441 67 20 skulle
849 441 153 21 sammankalla

181 471 76 24 mötet,
274 475 47 14 men
338 469 27 20 då
380 469 35 20 vid
430 469 189 28 genomläsningen
636 469 22 20 af
672 469 26 21 de
714 469 52 21 sista
777 469 65 21 orden
853 469 6 21 i
871 470 12 27 8
894 469 106 28 tydligen,

181 497 67 28 enligt
264 497 43 21 min
323 498 65 27 åsigt,
404 497 98 28 framgår,
521 499 32 19 att
569 497 36 21 det
621 499 24 19 är
660 497 128 28 regeringen
804 505 45 13 som
865 498 53 21 skall
934 498 68 21 tillåta

181 527 78 20 mötets
278 525 211 26 sammanträdande,
510 526 42 20 kan
569 526 39 27 jag
627 526 73 21 härvid
719 526 47 21 icke
782 526 57 21 finna
855 527 68 26 någon
940 527 60 26 otyd-

180 555 76 27 lighet,
276 556 51 19 utan
349 561 63 14 anser
428 554 37 28 jag
483 555 11 26 8
511 554 72 21 kunna
602 556 90 26 antagas
712 554 139 27 oförändrad,
871 555 5 20 i
894 554 107 21 öfverens-

183 583 122 20 stämmelse
320 583 49 20 med
385 583 67 20 första
467 583 144 20 alternativet.

250 611 57 20 Herr
327 611 104 26 Linder,
449 610 35 21 E.:
507 611 11 20 I
533 611 42 20 den
591 611 78 27 nådiga
687 611 162 27 propositionen
865 611 43 20 står
926 611 74 20 visser-

182 640 66 25 ligen,
268 641 32 19 att
318 639 137 28 kyrkomötet
471 639 53 21 skall
540 639 159 21 sammanträda
717 641 77 23 ,hvart
812 639 72 20 tionde
905 640 29 25 år,
951 640 51 20 eller

181 667 80 27 oftare,
280 674 34 14 om
334 669 24 19 så
373 667 23 21 af
410 667 99 21 behofvet
524 667 119 27 päkallas**,
659 670 55 18 samt
728 669 31 19 att
776 667 155 27 erkebiskopen
948 668 52 20 skall

182 696 38 20 hos
241 696 127 27 regeringen
388 696 82 20 anmäla
489 695 72 21 derom
581 696 50 25 ,,det
646 696 31 26 år,
696 696 27 20 då
738 697 67 19 mötet
821 696 181 20 sammankomma

182 724 74 25 skall",
279 730 48 14 men
352 724 36 20 det
410 724 44 20 står
473 724 47 20 icke
539 724 83 20 hvilket
641 724 59 20 detta
720 724 24 20 är
764 726 30 24 är,
810 724 51 20 eller
877 724 62 20 hvem
956 731 44 13 som

182 752 53 21 skall
252 752 100 26 bedöma,
369 754 38 19 när
425 752 100 21 behofvet
541 752 97 27 påkallar
653 752 139 28 kyrkomötes
809 752 106 26 hållande,
932 753 23 20 så
970 754 31 19 att

180 781 37 27 jag
233 780 139 28 ovilkorligen
388 781 67 20 måste
471 787 52 14 anse
539 781 12 25 8
568 788 50 13 vara
634 780 88 28 otydlig.

250 808 58 21 Herr
323 808 195 28 Björkenheim,
529 808 34 21 R.:
580 808 10 20 I
601 809 68 20 likhet
680 808 49 21 med
740 808 49 21 herr
799 808 86 27 Linder,
897 808 32 26 E.,
940 816 61 13 anser

180 838 38 26 jag
233 837 41 21 den
290 837 23 20 af
327 837 99 28 borgare-
442 837 39 21 och
500 837 169 21 bondeståndets
685 837 133 27 deputerade
833 837 121 27 föreslagna
969 844 31 13 re-

181 865 117 21 daktionen
314 872 51 14 vara
380 866 24 20 så
414 866 85 26 mycket
510 866 71 20 bättre
592 866 39 20 och
643 866 116 27 tydligare,
770 867 32 19 att
813 865 62 21 äfven
884 866 38 26 jag
933 866 68 20 måste

181 893 87 21 förorda
282 894 124 27 antagande
422 894 21 20 af
457 894 129 20 densamma.

250 921 58 21 Herr
328 922 140 20 Molander:
491 922 42 28 Jag
553 922 69 20 skulle
639 922 53 20 blott
707 921 122 26 hemställa,
845 922 105 20 huruvida
966 922 36 20 det

182 950 46 21 icke
244 950 33 20 för
292 950 144 28 tydlighetens
448 950 53 21 skull
513 950 66 20 borde
590 950 61 20 heta:
663 950 97 25 ,,anmäle
772 950 141 27 domkapitlet
924 950 5 20 i
941 950 60 20 erke-

182 978 90 27 stiftet'*,
288 978 6 20 i
309 978 69 21 likhet
393 978 48 21 med
458 978 54 21 hvad
528 978 5 20 i
549 978 68 20 första
633 981 117 18 momentet
760 978 6 20 i
778 985 75 13 senare
864 978 137 21 alternativet

182 1007 24 20 af
219 1006 71 21 denna
305 1007 11 26 8
332 1008 24 19 är
370 1007 143 20 föreskrifvet.
539 1006 44 21 Det
599 1006 71 21 kunde
686 1006 107 27 nemligen
808 1006 79 25 hända,
898 1008 32 19 att
941 1006 59 21 erke-

182 1035 157 27 biskopsstolen
356 1042 51 13 vore
423 1035 62 27 ledig.

251 1063 57 21 Herr
323 1070 49 14 von
388 1063 77 21 Born:
482 1063 40 21 Om
538 1063 37 20 det
591 1069 75 14 senare
682 1063 139 20 alternativet
836 1065 98 24 antages,
948 1063 52 20 skall

182 1091 127 21 hemställan
329 1098 34 14 om
380 1091 137 28 kyrkomötes
536 1090 197 21 sammankallande
749 1091 59 20 alltid
825 1091 37 20 ske
879 1091 22 20 af
914 1091 87 20 domka-

183 1119 61 28 pitel,
262 1120 40 20 och
322 1121 126 26 regeringen
467 1119 41 21 kan
528 1120 57 26 icke,
605 1126 34 14 om
660 1119 41 20 den
721 1126 63 13 anser
799 1119 45 20 skäl
860 1119 71 21 dertill
946 1120 54 20 före-

183 1148 93 27 komma,
297 1150 51 25 taga
365 1148 114 21 initiativet
498 1148 39 21 och
560 1148 101 20 förordna
682 1155 34 12 om
736 1147 138 28 kyrkomötes
898 1147 102 21 hållande.

183 1175 42 28 Jag
241 1183 35 14 ser
291 1177 46 20 icke
353 1177 65 27 något
433 1176 46 21 skäl
494 1176 31 21 till
541 1178 32 19 att
584 1177 23 20 så
618 1175 64 21 binda
693 1176 137 27 regeringens
841 1175 87 27 händer,
940 1176 60 20 hvar-

182 1204 46 21 före
245 1205 39 27 jag
302 1204 131 21 fortfarande
452 1205 69 20 röstar
539 1205 33 20 för
590 1204 156 27 godkännande
767 1204 23 21 af
803 1204 36 21 det
855 1204 67 20 första
938 1204 62 21 alter-

184 1233 90 26 nativet,
291 1233 51 20 eller
358 1233 40 21 den
414 1233 77 27 nådiga
505 1233 169 27 propositionen.

240 1272 2 2 :
252 1261 56 21 Herr
327 1261 195 21 landtmarskalken
537 1261 141 26 framställde,
694 1261 28 20 dä
736 1261 64 27 ingen
818 1261 72 20 vidare
905 1259 95 22 önskade

182 1290 6 20 i
204 1289 67 21 saken
287 1291 58 26 yttra
360 1290 42 27 sig,
417 1289 93 28 följande
527 1289 142 28 proposition:

251 1317 145 26 »Godkänner
411 1317 148 27 ridderskapet
575 1317 39 21 och
630 1317 62 21 adeln
708 1317 37 21 det
760 1317 78 26 första,
855 1317 47 20 med
914 1317 39 20 den
965 1317 36 20 nå-

183 1346 48 28 diga
250 1346 161 27 propositionen
433 1345 234 21 öfverensstämmande
687 1345 138 21 alternativet
843 1345 31 20 till
893 1345 11 26 $
924 1345 40 20 452
980 1344 24 21 af

182 1374 163 28 ifrägavarande
361 1374 118 28 kyrkolag?

252 1419 10 9 ,»
265 1402 82 21 Vinner
363 1403 42 27 nej,
421 1404 88 26 antages
525 1402 37 20 det
579 1408 75 14 senare
670 1402 23 20 af
706 1402 101 26 borgare-
823 1402 39 20 och
874 1401 126 21 bondestän-

184 1431 48 21 dets
248 1431 132 27 deputerade
395 1431 6 19 i
414 1430 107 21 utskottet
537 1430 116 20 omfattade
669 1430 114 21 alternativ
799 1430 30 20 till
845 1430 33 26 8.
