<?xml version="1.0" encoding="UTF-8"?>
<alto xmlns="http://www.loc.gov/standards/alto/ns-v3#" xmlns:xlink="http://www.w3.org/1999/xlink" xmlns:xsi="http://www.w3.org/2001/XMLSchema-instance" xsi:schemaLocation="http://www.loc.gov/standards/alto/ns-v3# http://www.loc.gov/alto/v3/alto-3-0.xsd">
	<Description>
		<MeasurementUnit>pixel</MeasurementUnit>
		<sourceImageInformation>
			<fileName>/tmp/tess_txfx7m93_input.PNG</fileName>
		</sourceImageInformation>
		<OCRProcessing ID="OCR_0">
			<ocrProcessingStep>
				<processingSoftware>
					<softwareName>tesseract 5.3.4</softwareName>
				</processingSoftware>
			</ocrProcessingStep>
		</OCRProcessing>
	</Description>
	<Layout>
		<Page WIDTH="1078" HEIGHT="1678" PHYSICAL_IMG_NR="0" ID="page_0">
			<PrintSpace HPOS="0" VPOS="0" WIDTH="1078" HEIGHT="1678">
				<ComposedBlock ID="cblock_0" HPOS="799" VPOS="80" WIDTH="39" HEIGHT="20">
					<TextBlock ID="block_0" HPOS="799" VPOS="80" WIDTH="39" HEIGHT="20">
						<TextLine ID="line_0" HPOS="799" VPOS="80" WIDTH="39" HEIGHT="20">
							<String ID="string_0" HPOS="799" VPOS="80" WIDTH="39" HEIGHT="20" WC="0.96" CONTENT="251"/>
						</TextLine>
					</TextBlock>
				</ComposedBlock>
				<ComposedBlock ID="cblock_1" HPOS="46" VPOS="135" WIDTH="831" HEIGHT="1160">
					<TextBlock ID="block_1" HPOS="46" VPOS="135" WIDTH="822" HEIGHT="57">
						<TextLine ID="line_1" HPOS="46" VPOS="135" WIDTH="822" HEIGHT="28">
							<String ID="string_1" HPOS="46" VPOS="137" WIDTH="107" HEIGHT="21" WC="0.96" CONTENT="utskottet"/><SP WIDTH="14" VPOS="137" HPOS="153"/>
							<String ID="string_2" HPOS="167" VPOS="136" WIDTH="123" HEIGHT="27" WC="0.93" CONTENT="föreslagna"/><SP WIDTH="15" VPOS="136" HPOS="290"/>
							<String ID="string_3" HPOS="305" VPOS="136" WIDTH="169" HEIGHT="21" WC="0.92" CONTENT="alternativerna"/><SP WIDTH="16" VPOS="136" HPOS="474"/>
							<String ID="string_4" HPOS="490" VPOS="135" WIDTH="67" HEIGHT="21" WC="0.96" CONTENT="borde"/><SP WIDTH="16" VPOS="135" HPOS="557"/>
							<String ID="string_5" HPOS="573" VPOS="136" WIDTH="30" HEIGHT="20" WC="0.96" CONTENT="till"/><SP WIDTH="15" VPOS="136" HPOS="603"/>
							<String ID="string_6" HPOS="618" VPOS="135" WIDTH="132" HEIGHT="28" WC="0.96" CONTENT="granskning"/><SP WIDTH="10" VPOS="135" HPOS="750"/>
							<String ID="string_7" HPOS="760" VPOS="135" WIDTH="108" HEIGHT="28" WC="0.96" CONTENT="företagas"/>
						</TextLine>
						<TextLine ID="line_2" HPOS="46" VPOS="163" WIDTH="288" HEIGHT="29">
							<String ID="string_8" HPOS="46" VPOS="165" WIDTH="40" HEIGHT="21" WC="0.96" CONTENT="och"/><SP WIDTH="16" VPOS="165" HPOS="86"/>
							<String ID="string_9" HPOS="102" VPOS="165" WIDTH="85" HEIGHT="27" WC="0.96" CONTENT="yttrade"/><SP WIDTH="17" VPOS="165" HPOS="187"/>
							<String ID="string_10" HPOS="204" VPOS="164" WIDTH="32" HEIGHT="27" WC="0.93" CONTENT="sig"/><SP WIDTH="16" VPOS="164" HPOS="236"/>
							<String ID="string_11" HPOS="252" VPOS="163" WIDTH="82" HEIGHT="22" WC="0.90" CONTENT="dervid:"/>
						</TextLine>
					</TextBlock>
					<TextBlock ID="block_2" HPOS="46" VPOS="192" WIDTH="831" HEIGHT="1103">
						<TextLine ID="line_3" HPOS="115" VPOS="192" WIDTH="754" HEIGHT="27">
							<String ID="string_12" HPOS="115" VPOS="193" WIDTH="57" HEIGHT="20" WC="0.95" CONTENT="Herr"/><SP WIDTH="17" VPOS="193" HPOS="172"/>
							<String ID="string_13" HPOS="189" VPOS="193" WIDTH="137" HEIGHT="20" WC="0.95" CONTENT="Snellman:"/><SP WIDTH="18" VPOS="193" HPOS="326"/>
							<String ID="string_14" HPOS="344" VPOS="193" WIDTH="42" HEIGHT="20" WC="0.96" CONTENT="Det"/><SP WIDTH="16" VPOS="193" HPOS="386"/>
							<String ID="string_15" HPOS="402" VPOS="193" WIDTH="23" HEIGHT="19" WC="0.96" CONTENT="är"/><SP WIDTH="15" VPOS="193" HPOS="425"/>
							<String ID="string_16" HPOS="440" VPOS="192" WIDTH="115" HEIGHT="27" WC="0.96" CONTENT="högeligen"/><SP WIDTH="16" VPOS="192" HPOS="555"/>
							<String ID="string_17" HPOS="571" VPOS="194" WIDTH="32" HEIGHT="19" WC="0.96" CONTENT="att"/><SP WIDTH="16" VPOS="194" HPOS="603"/>
							<String ID="string_18" HPOS="619" VPOS="192" WIDTH="91" HEIGHT="27" WC="0.96" CONTENT="beklaga"/><SP WIDTH="11" VPOS="192" HPOS="710"/>
							<String ID="string_19" HPOS="721" VPOS="194" WIDTH="31" HEIGHT="19" WC="0.96" CONTENT="att"/><SP WIDTH="11" VPOS="194" HPOS="752"/>
							<String ID="string_20" HPOS="763" VPOS="192" WIDTH="106" HEIGHT="21" WC="0.96" CONTENT="utskottet"/>
						</TextLine>
						<TextLine ID="line_4" HPOS="47" VPOS="220" WIDTH="821" HEIGHT="28">
							<String ID="string_21" HPOS="47" VPOS="222" WIDTH="5" HEIGHT="20" WC="0.96" CONTENT="i"/><SP WIDTH="16" VPOS="222" HPOS="52"/>
							<String ID="string_22" HPOS="68" VPOS="229" WIDTH="27" HEIGHT="13" WC="0.96" CONTENT="en"/><SP WIDTH="15" VPOS="229" HPOS="95"/>
							<String ID="string_23" HPOS="110" VPOS="221" WIDTH="71" HEIGHT="27" WC="0.96" CONTENT="fråga,"/><SP WIDTH="16" VPOS="221" HPOS="181"/>
							<String ID="string_24" HPOS="197" VPOS="221" WIDTH="66" HEIGHT="20" WC="0.96" CONTENT="sådan"/><SP WIDTH="16" VPOS="221" HPOS="263"/>
							<String ID="string_25" HPOS="279" VPOS="227" WIDTH="46" HEIGHT="14" WC="0.96" CONTENT="som"/><SP WIDTH="17" VPOS="227" HPOS="325"/>
							<String ID="string_26" HPOS="342" VPOS="221" WIDTH="79" HEIGHT="25" WC="0.96" CONTENT="denna,"/><SP WIDTH="16" VPOS="221" HPOS="421"/>
							<String ID="string_27" HPOS="437" VPOS="221" WIDTH="48" HEIGHT="20" WC="0.96" CONTENT="icke"/><SP WIDTH="17" VPOS="221" HPOS="485"/>
							<String ID="string_28" HPOS="502" VPOS="220" WIDTH="81" HEIGHT="21" WC="0.96" CONTENT="kunnat"/><SP WIDTH="11" VPOS="220" HPOS="583"/>
							<String ID="string_29" HPOS="594" VPOS="221" WIDTH="75" HEIGHT="20" WC="0.96" CONTENT="förena"/><SP WIDTH="11" VPOS="221" HPOS="669"/>
							<String ID="string_30" HPOS="680" VPOS="220" WIDTH="33" HEIGHT="27" WC="0.96" CONTENT="sig"/><SP WIDTH="11" VPOS="220" HPOS="713"/>
							<String ID="string_31" HPOS="724" VPOS="227" WIDTH="33" HEIGHT="14" WC="0.96" CONTENT="om"/><SP WIDTH="12" VPOS="227" HPOS="757"/>
							<String ID="string_32" HPOS="769" VPOS="227" WIDTH="26" HEIGHT="14" WC="0.93" CONTENT="en"/><SP WIDTH="11" VPOS="227" HPOS="795"/>
							<String ID="string_33" HPOS="806" VPOS="221" WIDTH="62" HEIGHT="27" WC="0.89" CONTENT="åsigt,"/>
						</TextLine>
						<TextLine ID="line_5" HPOS="46" VPOS="248" WIDTH="820" HEIGHT="29">
							<String ID="string_34" HPOS="46" VPOS="251" WIDTH="7" HEIGHT="20" WC="0.96" CONTENT="i"/><SP WIDTH="16" VPOS="251" HPOS="53"/>
							<String ID="string_35" HPOS="69" VPOS="257" WIDTH="26" HEIGHT="14" WC="0.96" CONTENT="en"/><SP WIDTH="16" VPOS="257" HPOS="95"/>
							<String ID="string_36" HPOS="111" VPOS="249" WIDTH="59" HEIGHT="28" WC="0.96" CONTENT="fråga"/><SP WIDTH="17" VPOS="249" HPOS="170"/>
							<String ID="string_37" HPOS="187" VPOS="249" WIDTH="44" HEIGHT="26" WC="0.95" CONTENT="der,"/><SP WIDTH="17" VPOS="249" HPOS="231"/>
							<String ID="string_38" HPOS="248" VPOS="250" WIDTH="69" HEIGHT="19" WC="0.96" CONTENT="såsom"/><SP WIDTH="17" VPOS="250" HPOS="317"/>
							<String ID="string_39" HPOS="334" VPOS="256" WIDTH="47" HEIGHT="13" WC="0.96" CONTENT="man"/><SP WIDTH="17" VPOS="256" HPOS="381"/>
							<String ID="string_40" HPOS="398" VPOS="251" WIDTH="45" HEIGHT="24" WC="0.93" CONTENT="vet,"/><SP WIDTH="16" VPOS="251" HPOS="443"/>
							<String ID="string_41" HPOS="459" VPOS="249" WIDTH="106" HEIGHT="20" WC="0.93" CONTENT="tankarne"/><SP WIDTH="16" VPOS="249" HPOS="565"/>
							<String ID="string_42" HPOS="581" VPOS="249" WIDTH="58" HEIGHT="20" WC="0.96" CONTENT="inom"/><SP WIDTH="15" VPOS="249" HPOS="639"/>
							<String ID="string_43" HPOS="654" VPOS="248" WIDTH="72" HEIGHT="21" WC="0.96" CONTENT="landet"/><SP WIDTH="12" VPOS="248" HPOS="726"/>
							<String ID="string_44" HPOS="738" VPOS="249" WIDTH="48" HEIGHT="26" WC="0.96" CONTENT="och,"/><SP WIDTH="12" VPOS="249" HPOS="786"/>
							<String ID="string_45" HPOS="798" VPOS="249" WIDTH="68" HEIGHT="21" WC="0.96" CONTENT="såsom"/>
						</TextLine>
						<TextLine ID="line_6" HPOS="47" VPOS="277" WIDTH="830" HEIGHT="26">
							<String ID="string_46" HPOS="47" VPOS="285" WIDTH="50" HEIGHT="14" WC="0.96" CONTENT="man"/><SP WIDTH="23" VPOS="285" HPOS="97"/>
							<String ID="string_47" HPOS="120" VPOS="277" WIDTH="42" HEIGHT="21" WC="0.96" CONTENT="kan"/><SP WIDTH="24" VPOS="277" HPOS="162"/>
							<String ID="string_48" HPOS="186" VPOS="277" WIDTH="96" HEIGHT="21" WC="0.96" CONTENT="förmoda"/><SP WIDTH="18" VPOS="277" HPOS="282"/>
							<String ID="string_49" HPOS="300" VPOS="278" WIDTH="39" HEIGHT="20" WC="0.96" CONTENT="och"/><SP WIDTH="19" VPOS="278" HPOS="339"/>
							<String ID="string_50" HPOS="358" VPOS="277" WIDTH="66" HEIGHT="21" WC="0.95" CONTENT="redan"/><SP WIDTH="20" VPOS="277" HPOS="424"/>
							<String ID="string_51" HPOS="444" VPOS="277" WIDTH="63" HEIGHT="21" WC="0.96" CONTENT="äfven"/><SP WIDTH="17" VPOS="277" HPOS="507"/>
							<String ID="string_52" HPOS="524" VPOS="277" WIDTH="55" HEIGHT="21" WC="0.96" CONTENT="visat"/><SP WIDTH="16" VPOS="277" HPOS="579"/>
							<String ID="string_53" HPOS="595" VPOS="277" WIDTH="42" HEIGHT="26" WC="0.96" CONTENT="sig,"/><SP WIDTH="16" VPOS="277" HPOS="637"/>
							<String ID="string_54" HPOS="653" VPOS="277" WIDTH="57" HEIGHT="20" WC="0.96" CONTENT="inom"/><SP WIDTH="16" VPOS="277" HPOS="710"/>
							<String ID="string_55" HPOS="726" VPOS="277" WIDTH="89" HEIGHT="22" WC="0.96" CONTENT="stånden"/><SP WIDTH="16" VPOS="277" HPOS="815"/>
							<String ID="string_56" HPOS="831" VPOS="279" WIDTH="46" HEIGHT="20" WC="0.92" CONTENT="äro&#39;"/>
						</TextLine>
						<TextLine ID="line_7" HPOS="47" VPOS="305" WIDTH="821" HEIGHT="28">
							<String ID="string_57" HPOS="47" VPOS="308" WIDTH="24" HEIGHT="19" WC="0.95" CONTENT="så"/><SP WIDTH="16" VPOS="308" HPOS="71"/>
							<String ID="string_58" HPOS="87" VPOS="306" WIDTH="62" HEIGHT="21" WC="0.93" CONTENT="olika."/><SP WIDTH="31" VPOS="306" HPOS="149"/>
							<String ID="string_59" HPOS="180" VPOS="306" WIDTH="40" HEIGHT="20" WC="0.93" CONTENT="Att"/><SP WIDTH="21" VPOS="306" HPOS="220"/>
							<String ID="string_60" HPOS="241" VPOS="306" WIDTH="97" HEIGHT="27" WC="0.89" CONTENT="företaga"/><SP WIDTH="19" VPOS="306" HPOS="338"/>
							<String ID="string_61" HPOS="357" VPOS="306" WIDTH="53" HEIGHT="20" WC="0.96" CONTENT="först"/><SP WIDTH="16" VPOS="306" HPOS="410"/>
							<String ID="string_62" HPOS="426" VPOS="305" WIDTH="35" HEIGHT="21" WC="0.96" CONTENT="det"/><SP WIDTH="17" VPOS="305" HPOS="461"/>
							<String ID="string_63" HPOS="478" VPOS="313" WIDTH="40" HEIGHT="13" WC="0.96" CONTENT="ena"/><SP WIDTH="16" VPOS="313" HPOS="518"/>
							<String ID="string_64" HPOS="534" VPOS="306" WIDTH="39" HEIGHT="20" WC="0.96" CONTENT="och"/><SP WIDTH="17" VPOS="306" HPOS="573"/>
							<String ID="string_65" HPOS="590" VPOS="312" WIDTH="66" HEIGHT="14" WC="0.96" CONTENT="sedan"/><SP WIDTH="16" VPOS="312" HPOS="656"/>
							<String ID="string_66" HPOS="672" VPOS="305" WIDTH="36" HEIGHT="20" WC="0.96" CONTENT="det"/><SP WIDTH="16" VPOS="305" HPOS="708"/>
							<String ID="string_67" HPOS="724" VPOS="305" WIDTH="66" HEIGHT="22" WC="0.96" CONTENT="andra"/><SP WIDTH="15" VPOS="305" HPOS="790"/>
							<String ID="string_68" HPOS="805" VPOS="306" WIDTH="24" HEIGHT="21" WC="0.96" CONTENT="af"/><SP WIDTH="14" VPOS="306" HPOS="829"/>
							<String ID="string_69" HPOS="843" VPOS="306" WIDTH="25" HEIGHT="21" WC="0.96" CONTENT="de"/>
						</TextLine>
						<TextLine ID="line_8" HPOS="47" VPOS="333" WIDTH="821" HEIGHT="28">
							<String ID="string_70" HPOS="47" VPOS="335" WIDTH="6" HEIGHT="20" WC="0.96" CONTENT="i"/><SP WIDTH="16" VPOS="335" HPOS="53"/>
							<String ID="string_71" HPOS="69" VPOS="335" WIDTH="118" HEIGHT="20" WC="0.96" CONTENT="utskottets"/><SP WIDTH="17" VPOS="335" HPOS="187"/>
							<String ID="string_72" HPOS="204" VPOS="334" WIDTH="135" HEIGHT="21" WC="0.96" CONTENT="betänkande"/><SP WIDTH="23" VPOS="334" HPOS="339"/>
							<String ID="string_73" HPOS="362" VPOS="334" WIDTH="123" HEIGHT="27" WC="0.92" CONTENT="föreslagna"/><SP WIDTH="18" VPOS="334" HPOS="485"/>
							<String ID="string_74" HPOS="503" VPOS="334" WIDTH="168" HEIGHT="20" WC="0.92" CONTENT="alternativerna"/><SP WIDTH="19" VPOS="334" HPOS="671"/>
							<String ID="string_75" HPOS="690" VPOS="333" WIDTH="31" HEIGHT="21" WC="0.96" CONTENT="till"/><SP WIDTH="16" VPOS="333" HPOS="721"/>
							<String ID="string_76" HPOS="737" VPOS="333" WIDTH="131" HEIGHT="28" WC="0.96" CONTENT="diskussion,"/>
						</TextLine>
						<TextLine ID="line_9" HPOS="48" VPOS="362" WIDTH="820" HEIGHT="27">
							<String ID="string_77" HPOS="48" VPOS="364" WIDTH="56" HEIGHT="20" WC="0.94" CONTENT="lärer"/><SP WIDTH="22" VPOS="364" HPOS="104"/>
							<String ID="string_78" HPOS="126" VPOS="362" WIDTH="47" HEIGHT="22" WC="0.96" CONTENT="icke"/><SP WIDTH="22" VPOS="362" HPOS="173"/>
							<String ID="string_79" HPOS="195" VPOS="362" WIDTH="72" HEIGHT="21" WC="0.96" CONTENT="kunna"/><SP WIDTH="22" VPOS="362" HPOS="267"/>
							<String ID="string_80" HPOS="289" VPOS="362" WIDTH="86" HEIGHT="20" WC="0.96" CONTENT="komma"/><SP WIDTH="15" VPOS="362" HPOS="375"/>
							<String ID="string_81" HPOS="390" VPOS="362" WIDTH="6" HEIGHT="20" WC="0.96" CONTENT="i"/><SP WIDTH="16" VPOS="362" HPOS="396"/>
							<String ID="string_82" HPOS="412" VPOS="362" WIDTH="70" HEIGHT="27" WC="0.93" CONTENT="fråga,"/><SP WIDTH="21" VPOS="362" HPOS="482"/>
							<String ID="string_83" HPOS="503" VPOS="362" WIDTH="100" HEIGHT="20" WC="0.92" CONTENT="hvarföre"/><SP WIDTH="20" VPOS="362" HPOS="603"/>
							<String ID="string_84" HPOS="623" VPOS="362" WIDTH="37" HEIGHT="27" WC="0.93" CONTENT="jag"/><SP WIDTH="17" VPOS="362" HPOS="660"/>
							<String ID="string_85" HPOS="677" VPOS="362" WIDTH="108" HEIGHT="20" WC="0.92" CONTENT="vördsamt"/><SP WIDTH="15" VPOS="362" HPOS="785"/>
							<String ID="string_86" HPOS="800" VPOS="362" WIDTH="68" HEIGHT="22" WC="0.96" CONTENT="skulle"/>
						</TextLine>
						<TextLine ID="line_10" HPOS="49" VPOS="390" WIDTH="820" HEIGHT="28">
							<String ID="string_87" HPOS="49" VPOS="391" WIDTH="121" HEIGHT="24" WC="0.92" CONTENT="hemställa,"/><SP WIDTH="17" VPOS="391" HPOS="170"/>
							<String ID="string_88" HPOS="187" VPOS="398" WIDTH="33" HEIGHT="13" WC="0.96" CONTENT="om"/><SP WIDTH="16" VPOS="398" HPOS="220"/>
							<String ID="string_89" HPOS="236" VPOS="391" WIDTH="47" HEIGHT="20" WC="0.96" CONTENT="icke"/><SP WIDTH="16" VPOS="391" HPOS="283"/>
							<String ID="string_90" HPOS="299" VPOS="390" WIDTH="149" HEIGHT="27" WC="0.96" CONTENT="ridderskapet"/><SP WIDTH="16" VPOS="390" HPOS="448"/>
							<String ID="string_91" HPOS="464" VPOS="390" WIDTH="39" HEIGHT="21" WC="0.96" CONTENT="och"/><SP WIDTH="21" VPOS="390" HPOS="503"/>
							<String ID="string_92" HPOS="524" VPOS="390" WIDTH="64" HEIGHT="20" WC="0.96" CONTENT="adeln"/><SP WIDTH="16" VPOS="390" HPOS="588"/>
							<String ID="string_93" HPOS="604" VPOS="390" WIDTH="54" HEIGHT="20" WC="0.96" CONTENT="först"/><SP WIDTH="16" VPOS="390" HPOS="658"/>
							<String ID="string_94" HPOS="674" VPOS="390" WIDTH="48" HEIGHT="20" WC="0.96" CONTENT="ville"/><SP WIDTH="17" VPOS="390" HPOS="722"/>
							<String ID="string_95" HPOS="739" VPOS="390" WIDTH="82" HEIGHT="21" WC="0.96" CONTENT="besluta"/><SP WIDTH="16" VPOS="390" HPOS="821"/>
							<String ID="string_96" HPOS="837" VPOS="391" WIDTH="32" HEIGHT="27" WC="0.96" CONTENT="sig"/>
						</TextLine>
						<TextLine ID="line_11" HPOS="48" VPOS="418" WIDTH="820" HEIGHT="28">
							<String ID="string_97" HPOS="48" VPOS="420" WIDTH="40" HEIGHT="26" WC="0.93" CONTENT="för,"/><SP WIDTH="16" VPOS="420" HPOS="88"/>
							<String ID="string_98" HPOS="104" VPOS="419" WIDTH="134" HEIGHT="21" WC="0.92" CONTENT="hvilketdera"/><SP WIDTH="18" VPOS="419" HPOS="238"/>
							<String ID="string_99" HPOS="256" VPOS="419" WIDTH="137" HEIGHT="21" WC="0.96" CONTENT="alternativet"/><SP WIDTH="19" VPOS="419" HPOS="393"/>
							<String ID="string_100" HPOS="412" VPOS="418" WIDTH="53" HEIGHT="21" WC="0.96" CONTENT="skall"/><SP WIDTH="16" VPOS="418" HPOS="465"/>
							<String ID="string_101" HPOS="481" VPOS="419" WIDTH="74" HEIGHT="27" WC="0.96" CONTENT="läggas"/><SP WIDTH="17" VPOS="419" HPOS="555"/>
							<String ID="string_102" HPOS="572" VPOS="418" WIDTH="31" HEIGHT="21" WC="0.96" CONTENT="till"/><SP WIDTH="16" VPOS="418" HPOS="603"/>
							<String ID="string_103" HPOS="619" VPOS="418" WIDTH="69" HEIGHT="27" WC="0.96" CONTENT="grund"/><SP WIDTH="15" VPOS="418" HPOS="688"/>
							<String ID="string_104" HPOS="703" VPOS="418" WIDTH="33" HEIGHT="21" WC="0.93" CONTENT="för"/><SP WIDTH="16" VPOS="418" HPOS="736"/>
							<String ID="string_105" HPOS="752" VPOS="418" WIDTH="116" HEIGHT="22" WC="0.92" CONTENT="diskussio-"/>
						</TextLine>
						<TextLine ID="line_12" HPOS="49" VPOS="447" WIDTH="819" HEIGHT="28">
							<String ID="string_106" HPOS="49" VPOS="455" WIDTH="47" HEIGHT="13" WC="0.93" CONTENT="nen."/><SP WIDTH="31" VPOS="455" HPOS="96"/>
							<String ID="string_107" HPOS="127" VPOS="447" WIDTH="74" HEIGHT="28" WC="0.86" CONTENT="Enligt"/><SP WIDTH="15" VPOS="447" HPOS="201"/>
							<String ID="string_108" HPOS="216" VPOS="447" WIDTH="43" HEIGHT="20" WC="0.93" CONTENT="min"/><SP WIDTH="16" VPOS="447" HPOS="259"/>
							<String ID="string_109" HPOS="275" VPOS="447" WIDTH="55" HEIGHT="27" WC="0.93" CONTENT="åsigt"/><SP WIDTH="16" VPOS="447" HPOS="330"/>
							<String ID="string_110" HPOS="346" VPOS="448" WIDTH="24" HEIGHT="19" WC="0.96" CONTENT="är"/><SP WIDTH="15" VPOS="448" HPOS="370"/>
							<String ID="string_111" HPOS="385" VPOS="447" WIDTH="37" HEIGHT="20" WC="0.96" CONTENT="det"/><SP WIDTH="15" VPOS="447" HPOS="422"/>
							<String ID="string_112" HPOS="437" VPOS="453" WIDTH="77" HEIGHT="14" WC="0.96" CONTENT="senare"/><SP WIDTH="16" VPOS="453" HPOS="514"/>
							<String ID="string_113" HPOS="530" VPOS="447" WIDTH="138" HEIGHT="20" WC="0.96" CONTENT="alternativet"/><SP WIDTH="15" VPOS="447" HPOS="668"/>
							<String ID="string_114" HPOS="683" VPOS="447" WIDTH="7" HEIGHT="20" WC="0.96" CONTENT="i"/><SP WIDTH="15" VPOS="447" HPOS="690"/>
							<String ID="string_115" HPOS="705" VPOS="447" WIDTH="116" HEIGHT="21" WC="0.93" CONTENT="utskottets"/><SP WIDTH="12" VPOS="447" HPOS="821"/>
							<String ID="string_116" HPOS="833" VPOS="447" WIDTH="35" HEIGHT="21" WC="0.92" CONTENT="be-"/>
						</TextLine>
						<TextLine ID="line_13" HPOS="49" VPOS="475" WIDTH="820" HEIGHT="28">
							<String ID="string_117" HPOS="49" VPOS="475" WIDTH="108" HEIGHT="22" WC="0.96" CONTENT="tänkande"/><SP WIDTH="16" VPOS="475" HPOS="157"/>
							<String ID="string_118" HPOS="173" VPOS="476" WIDTH="6" HEIGHT="20" WC="0.96" CONTENT="i"/><SP WIDTH="16" VPOS="476" HPOS="179"/>
							<String ID="string_119" HPOS="195" VPOS="475" WIDTH="41" HEIGHT="21" WC="0.93" CONTENT="alla"/><SP WIDTH="22" VPOS="475" HPOS="236"/>
							<String ID="string_120" HPOS="258" VPOS="475" WIDTH="114" HEIGHT="21" WC="0.92" CONTENT="afseenden"/><SP WIDTH="25" VPOS="475" HPOS="372"/>
							<String ID="string_121" HPOS="397" VPOS="477" WIDTH="32" HEIGHT="18" WC="0.93" CONTENT="att"/><SP WIDTH="22" VPOS="477" HPOS="429"/>
							<String ID="string_122" HPOS="451" VPOS="475" WIDTH="120" HEIGHT="27" WC="0.92" CONTENT="föredraga."/><SP WIDTH="31" VPOS="475" HPOS="571"/>
							<String ID="string_123" HPOS="602" VPOS="475" WIDTH="48" HEIGHT="20" WC="0.96" CONTENT="Den"/><SP WIDTH="25" VPOS="475" HPOS="650"/>
							<String ID="string_124" HPOS="675" VPOS="475" WIDTH="90" HEIGHT="27" WC="0.93" CONTENT="princip,"/><SP WIDTH="23" VPOS="475" HPOS="765"/>
							<String ID="string_125" HPOS="788" VPOS="475" WIDTH="81" HEIGHT="28" WC="0.85" CONTENT="hvarpä"/>
						</TextLine>
						<TextLine ID="line_14" HPOS="50" VPOS="503" WIDTH="818" HEIGHT="28">
							<String ID="string_126" HPOS="50" VPOS="504" WIDTH="60" HEIGHT="20" WC="0.95" CONTENT="detta"/><SP WIDTH="18" VPOS="504" HPOS="110"/>
							<String ID="string_127" HPOS="128" VPOS="504" WIDTH="80" HEIGHT="27" WC="0.93" CONTENT="förslag"/><SP WIDTH="19" VPOS="504" HPOS="208"/>
							<String ID="string_128" HPOS="227" VPOS="503" WIDTH="141" HEIGHT="21" WC="0.87" CONTENT="öfverhufvud"/><SP WIDTH="16" VPOS="503" HPOS="368"/>
							<String ID="string_129" HPOS="384" VPOS="505" WIDTH="23" HEIGHT="19" WC="0.93" CONTENT="är"/><SP WIDTH="15" VPOS="505" HPOS="407"/>
							<String ID="string_130" HPOS="422" VPOS="503" WIDTH="78" HEIGHT="28" WC="0.92" CONTENT="bygdt,"/><SP WIDTH="16" VPOS="503" HPOS="500"/>
							<String ID="string_131" HPOS="516" VPOS="503" WIDTH="39" HEIGHT="21" WC="0.96" CONTENT="har"/><SP WIDTH="15" VPOS="503" HPOS="555"/>
							<String ID="string_132" HPOS="570" VPOS="503" WIDTH="24" HEIGHT="21" WC="0.96" CONTENT="sä"/><SP WIDTH="15" VPOS="503" HPOS="594"/>
							<String ID="string_133" HPOS="609" VPOS="505" WIDTH="55" HEIGHT="19" WC="0.93" CONTENT="stort"/><SP WIDTH="14" VPOS="505" HPOS="664"/>
							<String ID="string_134" HPOS="678" VPOS="503" WIDTH="106" HEIGHT="21" WC="0.92" CONTENT="företräde"/><SP WIDTH="20" VPOS="503" HPOS="784"/>
							<String ID="string_135" HPOS="804" VPOS="504" WIDTH="64" HEIGHT="21" WC="0.93" CONTENT="fram-"/>
						</TextLine>
						<TextLine ID="line_15" HPOS="49" VPOS="532" WIDTH="819" HEIGHT="27">
							<String ID="string_136" HPOS="49" VPOS="532" WIDTH="33" HEIGHT="21" WC="0.96" CONTENT="för"/><SP WIDTH="16" VPOS="532" HPOS="82"/>
							<String ID="string_137" HPOS="98" VPOS="532" WIDTH="51" HEIGHT="26" WC="0.96" CONTENT="den,"/><SP WIDTH="16" VPOS="532" HPOS="149"/>
							<String ID="string_138" HPOS="165" VPOS="539" WIDTH="44" HEIGHT="14" WC="0.96" CONTENT="som"/><SP WIDTH="16" VPOS="539" HPOS="209"/>
							<String ID="string_139" HPOS="225" VPOS="532" WIDTH="67" HEIGHT="27" WC="0.96" CONTENT="ligger"/><SP WIDTH="16" VPOS="532" HPOS="292"/>
							<String ID="string_140" HPOS="308" VPOS="532" WIDTH="30" HEIGHT="20" WC="0.96" CONTENT="till"/><SP WIDTH="16" VPOS="532" HPOS="338"/>
							<String ID="string_141" HPOS="354" VPOS="532" WIDTH="69" HEIGHT="27" WC="0.96" CONTENT="grund"/><SP WIDTH="14" VPOS="532" HPOS="423"/>
							<String ID="string_142" HPOS="437" VPOS="532" WIDTH="34" HEIGHT="20" WC="0.96" CONTENT="för"/><SP WIDTH="14" VPOS="532" HPOS="471"/>
							<String ID="string_143" HPOS="485" VPOS="532" WIDTH="124" HEIGHT="21" WC="0.96" CONTENT="nuvarande"/><SP WIDTH="16" VPOS="532" HPOS="609"/>
							<String ID="string_144" HPOS="625" VPOS="532" WIDTH="143" HEIGHT="27" WC="0.93" CONTENT="lagstiftning,"/><SP WIDTH="15" VPOS="532" HPOS="768"/>
							<String ID="string_145" HPOS="783" VPOS="532" WIDTH="85" HEIGHT="21" WC="0.91" CONTENT="hvilken"/>
						</TextLine>
						<TextLine ID="line_16" HPOS="50" VPOS="560" WIDTH="819" HEIGHT="27">
							<String ID="string_146" HPOS="50" VPOS="560" WIDTH="65" HEIGHT="21" WC="0.92" CONTENT="ocksä"/><SP WIDTH="15" VPOS="560" HPOS="115"/>
							<String ID="string_147" HPOS="130" VPOS="561" WIDTH="23" HEIGHT="20" WC="0.93" CONTENT="är"/><SP WIDTH="16" VPOS="561" HPOS="153"/>
							<String ID="string_148" HPOS="169" VPOS="560" WIDTH="119" HEIGHT="21" WC="0.92" CONTENT="bibehällen"/><SP WIDTH="16" VPOS="560" HPOS="288"/>
							<String ID="string_149" HPOS="304" VPOS="561" WIDTH="31" HEIGHT="20" WC="0.93" CONTENT="uti"/><SP WIDTH="15" VPOS="561" HPOS="335"/>
							<String ID="string_150" HPOS="350" VPOS="561" WIDTH="68" HEIGHT="20" WC="0.93" CONTENT="första"/><SP WIDTH="10" VPOS="561" HPOS="418"/>
							<String ID="string_151" HPOS="428" VPOS="560" WIDTH="149" HEIGHT="27" WC="0.93" CONTENT="alternativet,"/><SP WIDTH="12" VPOS="560" HPOS="577"/>
							<String ID="string_152" HPOS="589" VPOS="562" WIDTH="32" HEIGHT="19" WC="0.96" CONTENT="att"/><SP WIDTH="11" VPOS="562" HPOS="621"/>
							<String ID="string_153" HPOS="632" VPOS="567" WIDTH="48" HEIGHT="14" WC="0.93" CONTENT="man"/><SP WIDTH="10" VPOS="567" HPOS="680"/>
							<String ID="string_154" HPOS="690" VPOS="560" WIDTH="47" HEIGHT="21" WC="0.92" CONTENT="icke"/><SP WIDTH="13" VPOS="560" HPOS="737"/>
							<String ID="string_155" HPOS="750" VPOS="560" WIDTH="37" HEIGHT="21" WC="0.96" CONTENT="bör"/><SP WIDTH="10" VPOS="560" HPOS="787"/>
							<String ID="string_156" HPOS="797" VPOS="561" WIDTH="72" HEIGHT="20" WC="0.96" CONTENT="kunna"/>
						</TextLine>
						<TextLine ID="line_17" HPOS="51" VPOS="588" WIDTH="816" HEIGHT="28">
							<String ID="string_157" HPOS="51" VPOS="589" WIDTH="64" HEIGHT="20" WC="0.91" CONTENT="tveka"/><SP WIDTH="15" VPOS="589" HPOS="115"/>
							<String ID="string_158" HPOS="130" VPOS="589" WIDTH="6" HEIGHT="20" WC="0.96" CONTENT="i"/><SP WIDTH="17" VPOS="589" HPOS="136"/>
							<String ID="string_159" HPOS="153" VPOS="589" WIDTH="63" HEIGHT="20" WC="0.95" CONTENT="valet."/><SP WIDTH="31" VPOS="589" HPOS="216"/>
							<String ID="string_160" HPOS="247" VPOS="588" WIDTH="49" HEIGHT="21" WC="0.96" CONTENT="Man"/><SP WIDTH="16" VPOS="588" HPOS="296"/>
							<String ID="string_161" HPOS="312" VPOS="589" WIDTH="38" HEIGHT="20" WC="0.93" CONTENT="bör"/><SP WIDTH="16" VPOS="589" HPOS="350"/>
							<String ID="string_162" HPOS="366" VPOS="589" WIDTH="116" HEIGHT="27" WC="0.92" CONTENT="nemligen,"/><SP WIDTH="17" VPOS="589" HPOS="482"/>
							<String ID="string_163" HPOS="499" VPOS="589" WIDTH="66" HEIGHT="27" WC="0.96" CONTENT="enligt"/><SP WIDTH="16" VPOS="589" HPOS="565"/>
							<String ID="string_164" HPOS="581" VPOS="589" WIDTH="43" HEIGHT="20" WC="0.96" CONTENT="min"/><SP WIDTH="17" VPOS="589" HPOS="624"/>
							<String ID="string_165" HPOS="641" VPOS="589" WIDTH="96" HEIGHT="27" WC="0.93" CONTENT="mening,"/><SP WIDTH="18" VPOS="589" HPOS="737"/>
							<String ID="string_166" HPOS="755" VPOS="589" WIDTH="112" HEIGHT="27" WC="0.92" CONTENT="högeligen"/>
						</TextLine>
						<TextLine ID="line_18" HPOS="52" VPOS="617" WIDTH="816" HEIGHT="27">
							<String ID="string_167" HPOS="52" VPOS="617" WIDTH="93" HEIGHT="20" WC="0.92" CONTENT="betänka"/><SP WIDTH="15" VPOS="617" HPOS="145"/>
							<String ID="string_168" HPOS="160" VPOS="617" WIDTH="36" HEIGHT="20" WC="0.96" CONTENT="det"/><SP WIDTH="15" VPOS="617" HPOS="196"/>
							<String ID="string_169" HPOS="211" VPOS="619" WIDTH="33" HEIGHT="18" WC="0.96" CONTENT="att"/><SP WIDTH="15" VPOS="619" HPOS="244"/>
							<String ID="string_170" HPOS="259" VPOS="617" WIDTH="69" HEIGHT="20" WC="0.96" CONTENT="denna"/><SP WIDTH="18" VPOS="617" HPOS="328"/>
							<String ID="string_171" HPOS="346" VPOS="617" WIDTH="134" HEIGHT="27" WC="0.96" CONTENT="lagstiftning"/><SP WIDTH="19" VPOS="617" HPOS="480"/>
							<String ID="string_172" HPOS="499" VPOS="617" WIDTH="38" HEIGHT="21" WC="0.96" CONTENT="har"/><SP WIDTH="16" VPOS="617" HPOS="537"/>
							<String ID="string_173" HPOS="553" VPOS="617" WIDTH="30" HEIGHT="20" WC="0.93" CONTENT="till"/><SP WIDTH="16" VPOS="617" HPOS="583"/>
							<String ID="string_174" HPOS="599" VPOS="617" WIDTH="90" HEIGHT="20" WC="0.91" CONTENT="föremäl"/><SP WIDTH="16" VPOS="617" HPOS="689"/>
							<String ID="string_175" HPOS="705" VPOS="617" WIDTH="47" HEIGHT="20" WC="0.90" CONTENT="icke"/><SP WIDTH="16" VPOS="617" HPOS="752"/>
							<String ID="string_176" HPOS="768" VPOS="617" WIDTH="54" HEIGHT="21" WC="0.92" CONTENT="blott"/><SP WIDTH="15" VPOS="617" HPOS="822"/>
							<String ID="string_177" HPOS="837" VPOS="619" WIDTH="31" HEIGHT="19" WC="0.97" CONTENT="att"/>
						</TextLine>
						<TextLine ID="line_19" HPOS="51" VPOS="645" WIDTH="817" HEIGHT="28">
							<String ID="string_178" HPOS="51" VPOS="645" WIDTH="102" HEIGHT="21" WC="0.89" CONTENT="förskaffa"/><SP WIDTH="16" VPOS="645" HPOS="153"/>
							<String ID="string_179" HPOS="169" VPOS="647" WIDTH="69" HEIGHT="19" WC="0.96" CONTENT="staten"/><SP WIDTH="16" VPOS="647" HPOS="238"/>
							<String ID="string_180" HPOS="254" VPOS="652" WIDTH="26" HEIGHT="14" WC="0.93" CONTENT="en"/><SP WIDTH="16" VPOS="652" HPOS="280"/>
							<String ID="string_181" HPOS="296" VPOS="645" WIDTH="92" HEIGHT="21" WC="0.96" CONTENT="inkomst"/><SP WIDTH="17" VPOS="645" HPOS="388"/>
							<String ID="string_182" HPOS="405" VPOS="645" WIDTH="51" HEIGHT="21" WC="0.96" CONTENT="eller"/><SP WIDTH="13" VPOS="645" HPOS="456"/>
							<String ID="string_183" HPOS="469" VPOS="647" WIDTH="32" HEIGHT="19" WC="0.93" CONTENT="att"/><SP WIDTH="17" VPOS="647" HPOS="501"/>
							<String ID="string_184" HPOS="518" VPOS="645" WIDTH="80" HEIGHT="21" WC="0.96" CONTENT="bereda"/><SP WIDTH="16" VPOS="645" HPOS="598"/>
							<String ID="string_185" HPOS="614" VPOS="645" WIDTH="113" HEIGHT="28" WC="0.96" CONTENT="tillgångar"/><SP WIDTH="15" VPOS="645" HPOS="727"/>
							<String ID="string_186" HPOS="742" VPOS="645" WIDTH="32" HEIGHT="21" WC="0.96" CONTENT="för"/><SP WIDTH="10" VPOS="645" HPOS="774"/>
							<String ID="string_187" HPOS="784" VPOS="645" WIDTH="37" HEIGHT="21" WC="0.93" CONTENT="det"/><SP WIDTH="10" VPOS="645" HPOS="821"/>
							<String ID="string_188" HPOS="831" VPOS="647" WIDTH="37" HEIGHT="19" WC="0.93" CONTENT="än-"/>
						</TextLine>
						<TextLine ID="line_20" HPOS="51" VPOS="673" WIDTH="817" HEIGHT="28">
							<String ID="string_189" HPOS="51" VPOS="674" WIDTH="69" HEIGHT="20" WC="0.83" CONTENT="damäl"/><SP WIDTH="17" VPOS="674" HPOS="120"/>
							<String ID="string_190" HPOS="137" VPOS="674" WIDTH="114" HEIGHT="20" WC="0.96" CONTENT="ständerna"/><SP WIDTH="15" VPOS="674" HPOS="251"/>
							<String ID="string_191" HPOS="266" VPOS="674" WIDTH="48" HEIGHT="20" WC="0.97" CONTENT="med"/><SP WIDTH="16" VPOS="674" HPOS="314"/>
							<String ID="string_192" HPOS="330" VPOS="673" WIDTH="60" HEIGHT="21" WC="0.93" CONTENT="Hans"/><SP WIDTH="16" VPOS="673" HPOS="390"/>
							<String ID="string_193" HPOS="406" VPOS="674" WIDTH="113" HEIGHT="27" WC="0.96" CONTENT="Majestäts"/><SP WIDTH="16" VPOS="674" HPOS="519"/>
							<String ID="string_194" HPOS="535" VPOS="674" WIDTH="58" HEIGHT="20" WC="0.96" CONTENT="bifall"/><SP WIDTH="16" VPOS="674" HPOS="593"/>
							<String ID="string_195" HPOS="609" VPOS="680" WIDTH="51" HEIGHT="14" WC="0.96" CONTENT="anse"/><SP WIDTH="17" VPOS="680" HPOS="660"/>
							<String ID="string_196" HPOS="677" VPOS="673" WIDTH="51" HEIGHT="21" WC="0.96" CONTENT="böra"/><SP WIDTH="19" VPOS="673" HPOS="728"/>
							<String ID="string_197" HPOS="747" VPOS="673" WIDTH="72" HEIGHT="21" WC="0.96" CONTENT="landet"/><SP WIDTH="18" VPOS="673" HPOS="819"/>
							<String ID="string_198" HPOS="837" VPOS="674" WIDTH="31" HEIGHT="20" WC="0.96" CONTENT="till"/>
						</TextLine>
						<TextLine ID="line_21" HPOS="51" VPOS="702" WIDTH="817" HEIGHT="27">
							<String ID="string_199" HPOS="51" VPOS="702" WIDTH="62" HEIGHT="20" WC="0.92" CONTENT="bästa"/><SP WIDTH="15" VPOS="702" HPOS="113"/>
							<String ID="string_200" HPOS="128" VPOS="702" WIDTH="83" HEIGHT="26" WC="0.92" CONTENT="vinnas,"/><SP WIDTH="14" VPOS="702" HPOS="211"/>
							<String ID="string_201" HPOS="225" VPOS="702" WIDTH="37" HEIGHT="27" WC="0.95" CONTENT="jag"/><SP WIDTH="16" VPOS="702" HPOS="262"/>
							<String ID="string_202" HPOS="278" VPOS="703" WIDTH="68" HEIGHT="26" WC="0.96" CONTENT="säger,"/><SP WIDTH="11" VPOS="703" HPOS="346"/>
							<String ID="string_203" HPOS="357" VPOS="709" WIDTH="47" HEIGHT="13" WC="0.96" CONTENT="man"/><SP WIDTH="17" VPOS="709" HPOS="404"/>
							<String ID="string_204" HPOS="421" VPOS="702" WIDTH="38" HEIGHT="20" WC="0.93" CONTENT="bör"/><SP WIDTH="15" VPOS="702" HPOS="459"/>
							<String ID="string_205" HPOS="474" VPOS="702" WIDTH="48" HEIGHT="20" WC="0.93" CONTENT="icke"/><SP WIDTH="17" VPOS="702" HPOS="522"/>
							<String ID="string_206" HPOS="539" VPOS="702" WIDTH="54" HEIGHT="20" WC="0.92" CONTENT="blott"/><SP WIDTH="15" VPOS="702" HPOS="593"/>
							<String ID="string_207" HPOS="608" VPOS="702" WIDTH="56" HEIGHT="20" WC="0.92" CONTENT="fästa"/><SP WIDTH="16" VPOS="702" HPOS="664"/>
							<String ID="string_208" HPOS="680" VPOS="702" WIDTH="99" HEIGHT="20" WC="0.92" CONTENT="afseende"/><SP WIDTH="16" VPOS="702" HPOS="779"/>
							<String ID="string_209" HPOS="795" VPOS="702" WIDTH="73" HEIGHT="27" WC="0.91" CONTENT="derpä,"/>
						</TextLine>
						<TextLine ID="line_22" HPOS="51" VPOS="730" WIDTH="817" HEIGHT="28">
							<String ID="string_210" HPOS="51" VPOS="733" WIDTH="50" HEIGHT="18" WC="0.93" CONTENT="utan"/><SP WIDTH="17" VPOS="733" HPOS="101"/>
							<String ID="string_211" HPOS="118" VPOS="730" WIDTH="39" HEIGHT="21" WC="0.89" CONTENT="ock"/><SP WIDTH="16" VPOS="730" HPOS="157"/>
							<String ID="string_212" HPOS="173" VPOS="730" WIDTH="85" HEIGHT="21" WC="0.93" CONTENT="komma"/><SP WIDTH="15" VPOS="730" HPOS="258"/>
							<String ID="string_213" HPOS="273" VPOS="730" WIDTH="59" HEIGHT="28" WC="0.91" CONTENT="ihäg,"/><SP WIDTH="16" VPOS="730" HPOS="332"/>
							<String ID="string_214" HPOS="348" VPOS="732" WIDTH="32" HEIGHT="19" WC="0.93" CONTENT="att"/><SP WIDTH="16" VPOS="732" HPOS="380"/>
							<String ID="string_215" HPOS="396" VPOS="730" WIDTH="116" HEIGHT="21" WC="0.92" CONTENT="ständerna"/><SP WIDTH="15" VPOS="730" HPOS="512"/>
							<String ID="string_216" HPOS="527" VPOS="730" WIDTH="35" HEIGHT="20" WC="0.93" CONTENT="vid"/><SP WIDTH="16" VPOS="730" HPOS="562"/>
							<String ID="string_217" HPOS="578" VPOS="732" WIDTH="86" HEIGHT="19" WC="0.92" CONTENT="senaste"/><SP WIDTH="16" VPOS="732" HPOS="664"/>
							<String ID="string_218" HPOS="680" VPOS="730" WIDTH="101" HEIGHT="27" WC="0.92" CONTENT="landtdag"/><SP WIDTH="16" VPOS="730" HPOS="781"/>
							<String ID="string_219" HPOS="797" VPOS="730" WIDTH="71" HEIGHT="21" WC="0.92" CONTENT="enhäl-"/>
						</TextLine>
						<TextLine ID="line_23" HPOS="51" VPOS="758" WIDTH="816" HEIGHT="28">
							<String ID="string_220" HPOS="51" VPOS="758" WIDTH="39" HEIGHT="28" WC="0.93" CONTENT="ligt"/><SP WIDTH="15" VPOS="758" HPOS="90"/>
							<String ID="string_221" HPOS="105" VPOS="765" WIDTH="43" HEIGHT="21" WC="0.93" CONTENT="nog"/><SP WIDTH="16" VPOS="765" HPOS="148"/>
							<String ID="string_222" HPOS="164" VPOS="766" WIDTH="51" HEIGHT="13" WC="0.92" CONTENT="voro"/><SP WIDTH="16" VPOS="766" HPOS="215"/>
							<String ID="string_223" HPOS="231" VPOS="758" WIDTH="23" HEIGHT="21" WC="0.96" CONTENT="af"/><SP WIDTH="20" VPOS="758" HPOS="254"/>
							<String ID="string_224" HPOS="274" VPOS="759" WIDTH="40" HEIGHT="20" WC="0.93" CONTENT="den"/><SP WIDTH="24" VPOS="759" HPOS="314"/>
							<String ID="string_225" HPOS="338" VPOS="759" WIDTH="64" HEIGHT="27" WC="0.90" CONTENT="äsigt,"/><SP WIDTH="22" VPOS="759" HPOS="402"/>
							<String ID="string_226" HPOS="424" VPOS="761" WIDTH="32" HEIGHT="18" WC="0.93" CONTENT="att"/><SP WIDTH="19" VPOS="761" HPOS="456"/>
							<String ID="string_227" HPOS="475" VPOS="759" WIDTH="62" HEIGHT="20" WC="0.92" CONTENT="äfven"/><SP WIDTH="24" VPOS="759" HPOS="537"/>
							<String ID="string_228" HPOS="561" VPOS="758" WIDTH="166" HEIGHT="21" WC="0.90" CONTENT="konsumtionen"/><SP WIDTH="16" VPOS="758" HPOS="727"/>
							<String ID="string_229" HPOS="743" VPOS="758" WIDTH="23" HEIGHT="21" WC="0.93" CONTENT="af"/><SP WIDTH="14" VPOS="758" HPOS="766"/>
							<String ID="string_230" HPOS="780" VPOS="758" WIDTH="87" HEIGHT="21" WC="0.92" CONTENT="bränvin"/>
						</TextLine>
						<TextLine ID="line_24" HPOS="51" VPOS="786" WIDTH="817" HEIGHT="28">
							<String ID="string_231" HPOS="51" VPOS="787" WIDTH="39" HEIGHT="20" WC="0.89" CONTENT="bör"/><SP WIDTH="23" VPOS="787" HPOS="90"/>
							<String ID="string_232" HPOS="113" VPOS="787" WIDTH="135" HEIGHT="21" WC="0.88" CONTENT="inskränkas."/><SP WIDTH="30" VPOS="787" HPOS="248"/>
							<String ID="string_233" HPOS="278" VPOS="786" WIDTH="74" HEIGHT="21" WC="0.91" CONTENT="Häller"/><SP WIDTH="23" VPOS="786" HPOS="352"/>
							<String ID="string_234" HPOS="375" VPOS="794" WIDTH="48" HEIGHT="13" WC="0.96" CONTENT="man"/><SP WIDTH="24" VPOS="794" HPOS="423"/>
							<String ID="string_235" HPOS="447" VPOS="787" WIDTH="32" HEIGHT="27" WC="0.93" CONTENT="sig"/><SP WIDTH="16" VPOS="787" HPOS="479"/>
							<String ID="string_236" HPOS="495" VPOS="789" WIDTH="83" HEIGHT="25" WC="0.93" CONTENT="strängt"/><SP WIDTH="16" VPOS="789" HPOS="578"/>
							<String ID="string_237" HPOS="594" VPOS="787" WIDTH="30" HEIGHT="20" WC="0.96" CONTENT="till"/><SP WIDTH="17" VPOS="787" HPOS="624"/>
							<String ID="string_238" HPOS="641" VPOS="786" WIDTH="41" HEIGHT="21" WC="0.96" CONTENT="den"/><SP WIDTH="15" VPOS="786" HPOS="682"/>
							<String ID="string_239" HPOS="697" VPOS="787" WIDTH="87" HEIGHT="27" WC="0.96" CONTENT="princip,"/><SP WIDTH="17" VPOS="787" HPOS="784"/>
							<String ID="string_240" HPOS="801" VPOS="793" WIDTH="46" HEIGHT="14" WC="0.96" CONTENT="som"/><SP WIDTH="15" VPOS="793" HPOS="847"/>
							<String ID="string_241" HPOS="862" VPOS="787" WIDTH="6" HEIGHT="20" WC="0.96" CONTENT="i"/>
						</TextLine>
						<TextLine ID="line_25" HPOS="51" VPOS="815" WIDTH="817" HEIGHT="28">
							<String ID="string_242" HPOS="51" VPOS="822" WIDTH="76" HEIGHT="14" WC="0.93" CONTENT="senare"/><SP WIDTH="15" VPOS="822" HPOS="127"/>
							<String ID="string_243" HPOS="142" VPOS="815" WIDTH="136" HEIGHT="21" WC="0.93" CONTENT="alternativet"/><SP WIDTH="16" VPOS="815" HPOS="278"/>
							<String ID="string_244" HPOS="294" VPOS="816" WIDTH="23" HEIGHT="20" WC="0.96" CONTENT="är"/><SP WIDTH="15" VPOS="816" HPOS="317"/>
							<String ID="string_245" HPOS="332" VPOS="815" WIDTH="61" HEIGHT="27" WC="0.96" CONTENT="följd,"/><SP WIDTH="17" VPOS="815" HPOS="393"/>
							<String ID="string_246" HPOS="410" VPOS="818" WIDTH="31" HEIGHT="18" WC="0.93" CONTENT="att"/><SP WIDTH="11" VPOS="818" HPOS="441"/>
							<String ID="string_247" HPOS="452" VPOS="816" WIDTH="107" HEIGHT="26" WC="0.92" CONTENT="nemligen"/><SP WIDTH="11" VPOS="816" HPOS="559"/>
							<String ID="string_248" HPOS="570" VPOS="816" WIDTH="53" HEIGHT="26" WC="0.93" CONTENT="göra"/><SP WIDTH="11" VPOS="816" HPOS="623"/>
							<String ID="string_249" HPOS="634" VPOS="815" WIDTH="234" HEIGHT="28" WC="0.91" CONTENT="bränvinsbränningen"/>
						</TextLine>
						<TextLine ID="line_26" HPOS="51" VPOS="843" WIDTH="818" HEIGHT="28">
							<String ID="string_250" HPOS="51" VPOS="844" WIDTH="31" HEIGHT="20" WC="0.96" CONTENT="till"/><SP WIDTH="16" VPOS="844" HPOS="82"/>
							<String ID="string_251" HPOS="98" VPOS="850" WIDTH="25" HEIGHT="14" WC="0.93" CONTENT="en"/><SP WIDTH="16" VPOS="850" HPOS="123"/>
							<String ID="string_252" HPOS="139" VPOS="843" WIDTH="167" HEIGHT="28" WC="0.93" CONTENT="fabriksnäring,"/><SP WIDTH="16" VPOS="843" HPOS="306"/>
							<String ID="string_253" HPOS="322" VPOS="844" WIDTH="43" HEIGHT="20" WC="0.93" CONTENT="lika"/><SP WIDTH="15" VPOS="844" HPOS="365"/>
							<String ID="string_254" HPOS="380" VPOS="843" WIDTH="26" HEIGHT="21" WC="0.93" CONTENT="fri"/><SP WIDTH="16" VPOS="843" HPOS="406"/>
							<String ID="string_255" HPOS="422" VPOS="851" WIDTH="45" HEIGHT="13" WC="0.93" CONTENT="som"/><SP WIDTH="17" VPOS="851" HPOS="467"/>
							<String ID="string_256" HPOS="484" VPOS="844" WIDTH="69" HEIGHT="27" WC="0.92" CONTENT="öfriga"/><SP WIDTH="15" VPOS="844" HPOS="553"/>
							<String ID="string_257" HPOS="568" VPOS="844" WIDTH="204" HEIGHT="26" WC="0.92" CONTENT="fabriksindustrier,"/><SP WIDTH="17" VPOS="844" HPOS="772"/>
							<String ID="string_258" HPOS="789" VPOS="844" WIDTH="80" HEIGHT="20" WC="0.92" CONTENT="lemnar"/>
						</TextLine>
						<TextLine ID="line_27" HPOS="51" VPOS="872" WIDTH="816" HEIGHT="27">
							<String ID="string_259" HPOS="51" VPOS="879" WIDTH="48" HEIGHT="13" WC="0.96" CONTENT="man"/><SP WIDTH="16" VPOS="879" HPOS="99"/>
							<String ID="string_260" HPOS="115" VPOS="872" WIDTH="44" HEIGHT="20" WC="0.96" CONTENT="helt"/><SP WIDTH="15" VPOS="872" HPOS="159"/>
							<String ID="string_261" HPOS="174" VPOS="872" WIDTH="39" HEIGHT="20" WC="0.93" CONTENT="och"/><SP WIDTH="16" VPOS="872" HPOS="213"/>
							<String ID="string_262" HPOS="229" VPOS="872" WIDTH="65" HEIGHT="20" WC="0.96" CONTENT="hållet"/><SP WIDTH="16" VPOS="872" HPOS="294"/>
							<String ID="string_263" HPOS="310" VPOS="872" WIDTH="40" HEIGHT="20" WC="0.96" CONTENT="den"/><SP WIDTH="16" VPOS="872" HPOS="350"/>
							<String ID="string_264" HPOS="366" VPOS="878" WIDTH="75" HEIGHT="14" WC="0.96" CONTENT="senare"/><SP WIDTH="17" VPOS="878" HPOS="441"/>
							<String ID="string_265" HPOS="458" VPOS="872" WIDTH="110" HEIGHT="27" WC="0.96" CONTENT="principen"/><SP WIDTH="17" VPOS="872" HPOS="568"/>
							<String ID="string_266" HPOS="585" VPOS="879" WIDTH="24" HEIGHT="13" WC="0.93" CONTENT="ur"/><SP WIDTH="16" VPOS="879" HPOS="609"/>
							<String ID="string_267" HPOS="625" VPOS="872" WIDTH="62" HEIGHT="27" WC="0.91" CONTENT="sigte."/><SP WIDTH="30" VPOS="872" HPOS="687"/>
							<String ID="string_268" HPOS="717" VPOS="872" WIDTH="41" HEIGHT="27" WC="0.96" CONTENT="Jag"/><SP WIDTH="17" VPOS="872" HPOS="758"/>
							<String ID="string_269" HPOS="775" VPOS="872" WIDTH="35" HEIGHT="20" WC="0.85" CONTENT="vill"/><SP WIDTH="10" VPOS="872" HPOS="810"/>
							<String ID="string_270" HPOS="820" VPOS="872" WIDTH="47" HEIGHT="21" WC="0.85" CONTENT="icke"/>
						</TextLine>
						<TextLine ID="line_28" HPOS="51" VPOS="900" WIDTH="816" HEIGHT="28">
							<String ID="string_271" HPOS="51" VPOS="900" WIDTH="60" HEIGHT="26" WC="0.92" CONTENT="pästä"/><SP WIDTH="15" VPOS="900" HPOS="111"/>
							<String ID="string_272" HPOS="126" VPOS="902" WIDTH="31" HEIGHT="18" WC="0.96" CONTENT="att"/><SP WIDTH="16" VPOS="902" HPOS="157"/>
							<String ID="string_273" HPOS="173" VPOS="900" WIDTH="59" HEIGHT="20" WC="0.96" CONTENT="detta"/><SP WIDTH="16" VPOS="900" HPOS="232"/>
							<String ID="string_274" HPOS="248" VPOS="900" WIDTH="6" HEIGHT="20" WC="0.96" CONTENT="i"/><SP WIDTH="16" VPOS="900" HPOS="254"/>
							<String ID="string_275" HPOS="270" VPOS="900" WIDTH="36" HEIGHT="20" WC="0.93" CONTENT="det"/><SP WIDTH="21" VPOS="900" HPOS="306"/>
							<String ID="string_276" HPOS="327" VPOS="900" WIDTH="148" HEIGHT="28" WC="0.90" CONTENT="föreliggande"/><SP WIDTH="16" VPOS="900" HPOS="475"/>
							<String ID="string_277" HPOS="491" VPOS="900" WIDTH="104" HEIGHT="28" WC="0.93" CONTENT="förslaget"/><SP WIDTH="16" VPOS="900" HPOS="595"/>
							<String ID="string_278" HPOS="611" VPOS="900" WIDTH="32" HEIGHT="20" WC="0.96" CONTENT="till"/><SP WIDTH="15" VPOS="900" HPOS="643"/>
							<String ID="string_279" HPOS="658" VPOS="907" WIDTH="26" HEIGHT="13" WC="0.96" CONTENT="en"/><SP WIDTH="16" VPOS="907" HPOS="684"/>
							<String ID="string_280" HPOS="700" VPOS="900" WIDTH="34" HEIGHT="21" WC="0.96" CONTENT="del"/><SP WIDTH="16" VPOS="900" HPOS="734"/>
							<String ID="string_281" HPOS="750" VPOS="900" WIDTH="38" HEIGHT="21" WC="0.96" CONTENT="har"/><SP WIDTH="15" VPOS="900" HPOS="788"/>
							<String ID="string_282" HPOS="803" VPOS="900" WIDTH="64" HEIGHT="21" WC="0.96" CONTENT="skett."/>
						</TextLine>
						<TextLine ID="line_29" HPOS="50" VPOS="928" WIDTH="818" HEIGHT="28">
							<String ID="string_283" HPOS="50" VPOS="928" WIDTH="43" HEIGHT="28" WC="0.92" CONTENT="Jag"/><SP WIDTH="22" VPOS="928" HPOS="93"/>
							<String ID="string_284" HPOS="115" VPOS="930" WIDTH="45" HEIGHT="18" WC="0.91" CONTENT="tror"/><SP WIDTH="15" VPOS="930" HPOS="160"/>
							<String ID="string_285" HPOS="175" VPOS="930" WIDTH="31" HEIGHT="18" WC="0.95" CONTENT="att"/><SP WIDTH="15" VPOS="930" HPOS="206"/>
							<String ID="string_286" HPOS="221" VPOS="928" WIDTH="39" HEIGHT="20" WC="0.96" CONTENT="der"/><SP WIDTH="22" VPOS="928" HPOS="260"/>
							<String ID="string_287" HPOS="282" VPOS="928" WIDTH="66" HEIGHT="21" WC="0.93" CONTENT="finnas"/><SP WIDTH="22" VPOS="928" HPOS="348"/>
							<String ID="string_288" HPOS="370" VPOS="928" WIDTH="107" HEIGHT="28" WC="0.89" CONTENT="ätekilliga"/><SP WIDTH="19" VPOS="928" HPOS="477"/>
							<String ID="string_289" HPOS="496" VPOS="928" WIDTH="167" HEIGHT="28" WC="0.92" CONTENT="bestämningar,"/><SP WIDTH="19" VPOS="928" HPOS="663"/>
							<String ID="string_290" HPOS="682" VPOS="928" WIDTH="123" HEIGHT="28" WC="0.92" CONTENT="isynnerhet"/><SP WIDTH="15" VPOS="928" HPOS="805"/>
							<String ID="string_291" HPOS="820" VPOS="929" WIDTH="48" HEIGHT="26" WC="0.91" CONTENT="tvä,"/>
						</TextLine>
						<TextLine ID="line_30" HPOS="51" VPOS="956" WIDTH="816" HEIGHT="28">
							<String ID="string_292" HPOS="51" VPOS="963" WIDTH="45" HEIGHT="14" WC="0.96" CONTENT="som"/><SP WIDTH="16" VPOS="963" HPOS="96"/>
							<String ID="string_293" HPOS="112" VPOS="956" WIDTH="70" HEIGHT="21" WC="0.93" CONTENT="kunde"/><SP WIDTH="15" VPOS="956" HPOS="182"/>
							<String ID="string_294" HPOS="197" VPOS="956" WIDTH="43" HEIGHT="21" WC="0.93" CONTENT="täla"/><SP WIDTH="16" VPOS="956" HPOS="240"/>
							<String ID="string_295" HPOS="256" VPOS="963" WIDTH="25" HEIGHT="14" WC="0.96" CONTENT="en"/><SP WIDTH="17" VPOS="963" HPOS="281"/>
							<String ID="string_296" HPOS="298" VPOS="956" WIDTH="103" HEIGHT="27" WC="0.96" CONTENT="revision,"/><SP WIDTH="16" VPOS="956" HPOS="401"/>
							<String ID="string_297" HPOS="417" VPOS="964" WIDTH="48" HEIGHT="14" WC="0.93" CONTENT="men"/><SP WIDTH="16" VPOS="964" HPOS="465"/>
							<String ID="string_298" HPOS="481" VPOS="957" WIDTH="143" HEIGHT="21" WC="0.92" CONTENT="öfverhufvud"/><SP WIDTH="15" VPOS="957" HPOS="624"/>
							<String ID="string_299" HPOS="639" VPOS="957" WIDTH="45" HEIGHT="26" WC="0.93" CONTENT="har,"/><SP WIDTH="16" VPOS="957" HPOS="684"/>
							<String ID="string_300" HPOS="700" VPOS="958" WIDTH="68" HEIGHT="20" WC="0.93" CONTENT="säsom"/><SP WIDTH="14" VPOS="958" HPOS="768"/>
							<String ID="string_301" HPOS="782" VPOS="957" WIDTH="38" HEIGHT="27" WC="0.92" CONTENT="jag"/><SP WIDTH="15" VPOS="957" HPOS="820"/>
							<String ID="string_302" HPOS="835" VPOS="964" WIDTH="32" HEIGHT="14" WC="0.92" CONTENT="re-"/>
						</TextLine>
						<TextLine ID="line_31" HPOS="50" VPOS="984" WIDTH="816" HEIGHT="28">
							<String ID="string_303" HPOS="50" VPOS="984" WIDTH="41" HEIGHT="22" WC="0.93" CONTENT="dan"/><SP WIDTH="16" VPOS="984" HPOS="91"/>
							<String ID="string_304" HPOS="107" VPOS="984" WIDTH="45" HEIGHT="21" WC="0.92" CONTENT="haft"/><SP WIDTH="15" VPOS="984" HPOS="152"/>
							<String ID="string_305" HPOS="167" VPOS="986" WIDTH="51" HEIGHT="19" WC="0.91" CONTENT="äran"/><SP WIDTH="16" VPOS="986" HPOS="218"/>
							<String ID="string_306" HPOS="234" VPOS="986" WIDTH="86" HEIGHT="23" WC="0.92" CONTENT="nämna,"/><SP WIDTH="16" VPOS="986" HPOS="320"/>
							<String ID="string_307" HPOS="336" VPOS="984" WIDTH="59" HEIGHT="22" WC="0.93" CONTENT="detta"/><SP WIDTH="15" VPOS="984" HPOS="395"/>
							<String ID="string_308" HPOS="410" VPOS="985" WIDTH="103" HEIGHT="27" WC="0.93" CONTENT="förslaget"/><SP WIDTH="15" VPOS="985" HPOS="513"/>
							<String ID="string_309" HPOS="528" VPOS="985" WIDTH="33" HEIGHT="21" WC="0.96" CONTENT="för"/><SP WIDTH="16" VPOS="985" HPOS="561"/>
							<String ID="string_310" HPOS="577" VPOS="985" WIDTH="32" HEIGHT="27" WC="0.97" CONTENT="sig"/><SP WIDTH="15" VPOS="985" HPOS="609"/>
							<String ID="string_311" HPOS="624" VPOS="987" WIDTH="32" HEIGHT="19" WC="0.96" CONTENT="att"/><SP WIDTH="16" VPOS="987" HPOS="656"/>
							<String ID="string_312" HPOS="672" VPOS="986" WIDTH="23" HEIGHT="20" WC="0.96" CONTENT="sä"/><SP WIDTH="18" VPOS="986" HPOS="695"/>
							<String ID="string_313" HPOS="713" VPOS="985" WIDTH="85" HEIGHT="27" WC="0.92" CONTENT="mycket"/><SP WIDTH="17" VPOS="985" HPOS="798"/>
							<String ID="string_314" HPOS="815" VPOS="985" WIDTH="51" HEIGHT="27" WC="0.90" CONTENT="möj-"/>
						</TextLine>
						<TextLine ID="line_32" HPOS="52" VPOS="1013" WIDTH="814" HEIGHT="28">
							<String ID="string_315" HPOS="52" VPOS="1013" WIDTH="36" HEIGHT="27" WC="0.93" CONTENT="ligt"/><SP WIDTH="15" VPOS="1013" HPOS="88"/>
							<String ID="string_316" HPOS="103" VPOS="1014" WIDTH="24" HEIGHT="19" WC="0.96" CONTENT="är"/><SP WIDTH="16" VPOS="1014" HPOS="127"/>
							<String ID="string_317" HPOS="143" VPOS="1013" WIDTH="39" HEIGHT="20" WC="0.96" CONTENT="och"/><SP WIDTH="16" VPOS="1013" HPOS="182"/>
							<String ID="string_318" HPOS="198" VPOS="1013" WIDTH="65" HEIGHT="27" WC="0.96" CONTENT="enligt"/><SP WIDTH="23" VPOS="1013" HPOS="263"/>
							<String ID="string_319" HPOS="286" VPOS="1013" WIDTH="42" HEIGHT="20" WC="0.96" CONTENT="min"/><SP WIDTH="20" VPOS="1013" HPOS="328"/>
							<String ID="string_320" HPOS="348" VPOS="1013" WIDTH="65" HEIGHT="20" WC="0.93" CONTENT="tanke"/><SP WIDTH="20" VPOS="1013" HPOS="413"/>
							<String ID="string_321" HPOS="433" VPOS="1013" WIDTH="95" HEIGHT="28" WC="0.90" CONTENT="skäligen"/><SP WIDTH="17" VPOS="1013" HPOS="528"/>
							<String ID="string_322" HPOS="545" VPOS="1015" WIDTH="75" HEIGHT="18" WC="0.92" CONTENT="närma"/><SP WIDTH="15" VPOS="1015" HPOS="620"/>
							<String ID="string_323" HPOS="635" VPOS="1013" WIDTH="231" HEIGHT="27" WC="0.92" CONTENT="bränvinsbränningen"/>
						</TextLine>
						<TextLine ID="line_33" HPOS="50" VPOS="1041" WIDTH="817" HEIGHT="28">
							<String ID="string_324" HPOS="50" VPOS="1041" WIDTH="30" HEIGHT="20" WC="0.92" CONTENT="till"/><SP WIDTH="17" VPOS="1041" HPOS="80"/>
							<String ID="string_325" HPOS="97" VPOS="1041" WIDTH="69" HEIGHT="27" WC="0.92" CONTENT="öfriga"/><SP WIDTH="15" VPOS="1041" HPOS="166"/>
							<String ID="string_326" HPOS="181" VPOS="1041" WIDTH="203" HEIGHT="21" WC="0.90" CONTENT="fabriksindustrier."/><SP WIDTH="32" VPOS="1041" HPOS="384"/>
							<String ID="string_327" HPOS="416" VPOS="1041" WIDTH="83" HEIGHT="26" WC="0.93" CONTENT="Genom"/><SP WIDTH="16" VPOS="1041" HPOS="499"/>
							<String ID="string_328" HPOS="515" VPOS="1042" WIDTH="131" HEIGHT="27" WC="0.92" CONTENT="antagandet"/><SP WIDTH="16" VPOS="1042" HPOS="646"/>
							<String ID="string_329" HPOS="662" VPOS="1041" WIDTH="22" HEIGHT="21" WC="0.96" CONTENT="af"/><SP WIDTH="19" VPOS="1041" HPOS="684"/>
							<String ID="string_330" HPOS="703" VPOS="1041" WIDTH="59" HEIGHT="21" WC="0.93" CONTENT="detta"/><SP WIDTH="14" VPOS="1041" HPOS="762"/>
							<String ID="string_331" HPOS="776" VPOS="1041" WIDTH="91" HEIGHT="21" WC="0.93" CONTENT="alterna-"/>
						</TextLine>
						<TextLine ID="line_34" HPOS="51" VPOS="1069" WIDTH="816" HEIGHT="28">
							<String ID="string_332" HPOS="51" VPOS="1069" WIDTH="36" HEIGHT="25" WC="0.92" CONTENT="tiv,"/><SP WIDTH="17" VPOS="1069" HPOS="87"/>
							<String ID="string_333" HPOS="104" VPOS="1069" WIDTH="68" HEIGHT="20" WC="0.96" CONTENT="skulle"/><SP WIDTH="16" VPOS="1069" HPOS="172"/>
							<String ID="string_334" HPOS="188" VPOS="1077" WIDTH="47" HEIGHT="13" WC="0.96" CONTENT="man"/><SP WIDTH="16" VPOS="1077" HPOS="235"/>
							<String ID="string_335" HPOS="251" VPOS="1069" WIDTH="93" HEIGHT="21" WC="0.93" CONTENT="undvika"/><SP WIDTH="17" VPOS="1069" HPOS="344"/>
							<String ID="string_336" HPOS="361" VPOS="1070" WIDTH="360" HEIGHT="27" WC="0.91" CONTENT="bränvinsbränningsrättighetens"/><SP WIDTH="15" VPOS="1070" HPOS="721"/>
							<String ID="string_337" HPOS="736" VPOS="1069" WIDTH="131" HEIGHT="28" WC="0.92" CONTENT="utbjudande"/>
						</TextLine>
						<TextLine ID="line_35" HPOS="51" VPOS="1097" WIDTH="817" HEIGHT="29">
							<String ID="string_338" HPOS="51" VPOS="1098" WIDTH="27" HEIGHT="27" WC="0.93" CONTENT="pä"/><SP WIDTH="15" VPOS="1098" HPOS="78"/>
							<String ID="string_339" HPOS="93" VPOS="1097" WIDTH="87" HEIGHT="21" WC="0.92" CONTENT="auktion"/><SP WIDTH="23" VPOS="1097" HPOS="180"/>
							<String ID="string_340" HPOS="203" VPOS="1098" WIDTH="39" HEIGHT="21" WC="0.96" CONTENT="och"/><SP WIDTH="16" VPOS="1098" HPOS="242"/>
							<String ID="string_341" HPOS="258" VPOS="1097" WIDTH="26" HEIGHT="21" WC="0.93" CONTENT="de"/><SP WIDTH="16" VPOS="1097" HPOS="284"/>
							<String ID="string_342" HPOS="300" VPOS="1098" WIDTH="87" HEIGHT="21" WC="0.92" CONTENT="dermed"/><SP WIDTH="19" VPOS="1098" HPOS="387"/>
							<String ID="string_343" HPOS="406" VPOS="1098" WIDTH="142" HEIGHT="28" WC="0.93" CONTENT="förknippade"/><SP WIDTH="20" VPOS="1098" HPOS="548"/>
							<String ID="string_344" HPOS="568" VPOS="1098" WIDTH="107" HEIGHT="26" WC="0.92" CONTENT="vilkoren,"/><SP WIDTH="17" VPOS="1098" HPOS="675"/>
							<String ID="string_345" HPOS="692" VPOS="1099" WIDTH="72" HEIGHT="20" WC="0.92" CONTENT="hvilka"/><SP WIDTH="15" VPOS="1099" HPOS="764"/>
							<String ID="string_346" HPOS="779" VPOS="1105" WIDTH="28" HEIGHT="14" WC="0.96" CONTENT="nu"/><SP WIDTH="15" VPOS="1105" HPOS="807"/>
							<String ID="string_347" HPOS="822" VPOS="1098" WIDTH="6" HEIGHT="20" WC="0.96" CONTENT="i"/><SP WIDTH="16" VPOS="1098" HPOS="828"/>
							<String ID="string_348" HPOS="844" VPOS="1098" WIDTH="24" HEIGHT="21" WC="0.96" CONTENT="sä"/>
						</TextLine>
						<TextLine ID="line_36" HPOS="51" VPOS="1125" WIDTH="815" HEIGHT="29">
							<String ID="string_349" HPOS="51" VPOS="1126" WIDTH="42" HEIGHT="27" WC="0.96" CONTENT="hög"/><SP WIDTH="15" VPOS="1126" HPOS="93"/>
							<String ID="string_350" HPOS="108" VPOS="1125" WIDTH="53" HEIGHT="28" WC="0.96" CONTENT="grad"/><SP WIDTH="16" VPOS="1125" HPOS="161"/>
							<String ID="string_351" HPOS="177" VPOS="1126" WIDTH="61" HEIGHT="27" WC="0.93" CONTENT="lägga"/><SP WIDTH="16" VPOS="1126" HPOS="238"/>
							<String ID="string_352" HPOS="254" VPOS="1126" WIDTH="75" HEIGHT="21" WC="0.96" CONTENT="hinder"/><SP WIDTH="19" VPOS="1126" HPOS="329"/>
							<String ID="string_353" HPOS="348" VPOS="1126" WIDTH="6" HEIGHT="21" WC="0.95" CONTENT="i"/><SP WIDTH="18" VPOS="1126" HPOS="354"/>
							<String ID="string_354" HPOS="372" VPOS="1128" WIDTH="67" HEIGHT="26" WC="0.96" CONTENT="vägen"/><SP WIDTH="19" VPOS="1128" HPOS="439"/>
							<String ID="string_355" HPOS="458" VPOS="1126" WIDTH="33" HEIGHT="21" WC="0.92" CONTENT="för"/><SP WIDTH="24" VPOS="1126" HPOS="491"/>
							<String ID="string_356" HPOS="515" VPOS="1126" WIDTH="268" HEIGHT="27" WC="0.86" CONTENT="bränvinsfabrikationen,"/><SP WIDTH="23" VPOS="1126" HPOS="783"/>
							<String ID="string_357" HPOS="806" VPOS="1127" WIDTH="60" HEIGHT="20" WC="0.92" CONTENT="hvar-"/>
						</TextLine>
						<TextLine ID="line_37" HPOS="51" VPOS="1154" WIDTH="817" HEIGHT="29">
							<String ID="string_358" HPOS="51" VPOS="1156" WIDTH="57" HEIGHT="19" WC="0.92" CONTENT="emot"/><SP WIDTH="23" VPOS="1156" HPOS="108"/>
							<String ID="string_359" HPOS="131" VPOS="1154" WIDTH="163" HEIGHT="28" WC="0.91" CONTENT="tillverkningen"/><SP WIDTH="20" VPOS="1154" HPOS="294"/>
							<String ID="string_360" HPOS="314" VPOS="1155" WIDTH="84" HEIGHT="20" WC="0.92" CONTENT="komme"/><SP WIDTH="19" VPOS="1155" HPOS="398"/>
							<String ID="string_361" HPOS="417" VPOS="1157" WIDTH="32" HEIGHT="18" WC="0.93" CONTENT="att"/><SP WIDTH="16" VPOS="1157" HPOS="449"/>
							<String ID="string_362" HPOS="465" VPOS="1155" WIDTH="38" HEIGHT="20" WC="0.92" CONTENT="ske"/><SP WIDTH="16" VPOS="1155" HPOS="503"/>
							<String ID="string_363" HPOS="519" VPOS="1155" WIDTH="27" HEIGHT="27" WC="0.96" CONTENT="pä"/><SP WIDTH="15" VPOS="1155" HPOS="546"/>
							<String ID="string_364" HPOS="561" VPOS="1155" WIDTH="70" HEIGHT="27" WC="0.96" CONTENT="grund"/><SP WIDTH="15" VPOS="1155" HPOS="631"/>
							<String ID="string_365" HPOS="646" VPOS="1155" WIDTH="24" HEIGHT="20" WC="0.93" CONTENT="af"/><SP WIDTH="14" VPOS="1155" HPOS="670"/>
							<String ID="string_366" HPOS="684" VPOS="1155" WIDTH="84" HEIGHT="28" WC="0.92" CONTENT="vanliga"/><SP WIDTH="15" VPOS="1155" HPOS="768"/>
							<String ID="string_367" HPOS="783" VPOS="1155" WIDTH="85" HEIGHT="27" WC="0.92" CONTENT="privile-"/>
						</TextLine>
						<TextLine ID="line_38" HPOS="48" VPOS="1183" WIDTH="819" HEIGHT="27">
							<String ID="string_368" HPOS="48" VPOS="1183" WIDTH="53" HEIGHT="26" WC="0.92" CONTENT="gier."/><SP WIDTH="31" VPOS="1183" HPOS="101"/>
							<String ID="string_369" HPOS="132" VPOS="1183" WIDTH="67" HEIGHT="20" WC="0.96" CONTENT="Detta"/><SP WIDTH="15" VPOS="1183" HPOS="199"/>
							<String ID="string_370" HPOS="214" VPOS="1183" WIDTH="80" HEIGHT="27" WC="0.96" CONTENT="förslag"/><SP WIDTH="15" VPOS="1183" HPOS="294"/>
							<String ID="string_371" HPOS="309" VPOS="1183" WIDTH="59" HEIGHT="21" WC="0.93" CONTENT="leder"/><SP WIDTH="16" VPOS="1183" HPOS="368"/>
							<String ID="string_372" HPOS="384" VPOS="1183" WIDTH="65" HEIGHT="21" WC="0.92" CONTENT="ocksä"/><SP WIDTH="16" VPOS="1183" HPOS="449"/>
							<String ID="string_373" HPOS="465" VPOS="1183" WIDTH="82" HEIGHT="21" WC="0.92" CONTENT="kanske"/><SP WIDTH="16" VPOS="1183" HPOS="547"/>
							<String ID="string_374" HPOS="563" VPOS="1190" WIDTH="59" HEIGHT="13" WC="0.96" CONTENT="mera"/><SP WIDTH="15" VPOS="1190" HPOS="622"/>
							<String ID="string_375" HPOS="637" VPOS="1185" WIDTH="26" HEIGHT="19" WC="0.96" CONTENT="än"/><SP WIDTH="17" VPOS="1185" HPOS="663"/>
							<String ID="string_376" HPOS="680" VPOS="1183" WIDTH="35" HEIGHT="21" WC="0.93" CONTENT="det"/><SP WIDTH="15" VPOS="1183" HPOS="715"/>
							<String ID="string_377" HPOS="730" VPOS="1183" WIDTH="57" HEIGHT="21" WC="0.92" CONTENT="förra"/><SP WIDTH="18" VPOS="1183" HPOS="787"/>
							<String ID="string_378" HPOS="805" VPOS="1183" WIDTH="62" HEIGHT="21" WC="0.93" CONTENT="alter-"/>
						</TextLine>
						<TextLine ID="line_39" HPOS="48" VPOS="1211" WIDTH="819" HEIGHT="26">
							<String ID="string_379" HPOS="48" VPOS="1211" WIDTH="82" HEIGHT="20" WC="0.92" CONTENT="nativet"/><SP WIDTH="16" VPOS="1211" HPOS="130"/>
							<String ID="string_380" HPOS="146" VPOS="1211" WIDTH="30" HEIGHT="20" WC="0.93" CONTENT="till"/><SP WIDTH="17" VPOS="1211" HPOS="176"/>
							<String ID="string_381" HPOS="193" VPOS="1211" WIDTH="105" HEIGHT="21" WC="0.91" CONTENT="vinnande"/><SP WIDTH="16" VPOS="1211" HPOS="298"/>
							<String ID="string_382" HPOS="314" VPOS="1211" WIDTH="23" HEIGHT="20" WC="0.96" CONTENT="af"/><SP WIDTH="14" VPOS="1211" HPOS="337"/>
							<String ID="string_383" HPOS="351" VPOS="1211" WIDTH="37" HEIGHT="21" WC="0.96" CONTENT="det"/><SP WIDTH="14" VPOS="1211" HPOS="388"/>
							<String ID="string_384" HPOS="402" VPOS="1211" WIDTH="33" HEIGHT="21" WC="0.96" CONTENT="för"/><SP WIDTH="16" VPOS="1211" HPOS="435"/>
							<String ID="string_385" HPOS="451" VPOS="1211" WIDTH="41" HEIGHT="21" WC="0.93" CONTENT="alla"/><SP WIDTH="12" VPOS="1211" HPOS="492"/>
							<String ID="string_386" HPOS="504" VPOS="1211" WIDTH="122" HEIGHT="21" WC="0.91" CONTENT="önskvärda"/><SP WIDTH="16" VPOS="1211" HPOS="626"/>
							<String ID="string_387" HPOS="642" VPOS="1212" WIDTH="120" HEIGHT="20" WC="0.92" CONTENT="ändamälet"/><SP WIDTH="15" VPOS="1212" HPOS="762"/>
							<String ID="string_388" HPOS="777" VPOS="1213" WIDTH="40" HEIGHT="24" WC="0.96" CONTENT="att,"/><SP WIDTH="16" VPOS="1213" HPOS="817"/>
							<String ID="string_389" HPOS="833" VPOS="1219" WIDTH="34" HEIGHT="13" WC="0.96" CONTENT="om"/>
						</TextLine>
						<TextLine ID="line_40" HPOS="48" VPOS="1239" WIDTH="818" HEIGHT="28">
							<String ID="string_390" HPOS="48" VPOS="1239" WIDTH="47" HEIGHT="20" WC="0.96" CONTENT="icke"/><SP WIDTH="17" VPOS="1239" HPOS="95"/>
							<String ID="string_391" HPOS="112" VPOS="1239" WIDTH="43" HEIGHT="21" WC="0.97" CONTENT="helt"/><SP WIDTH="16" VPOS="1239" HPOS="155"/>
							<String ID="string_392" HPOS="171" VPOS="1239" WIDTH="40" HEIGHT="21" WC="0.93" CONTENT="och"/><SP WIDTH="15" VPOS="1239" HPOS="211"/>
							<String ID="string_393" HPOS="226" VPOS="1239" WIDTH="66" HEIGHT="21" WC="0.96" CONTENT="hållet"/><SP WIDTH="15" VPOS="1239" HPOS="292"/>
							<String ID="string_394" HPOS="307" VPOS="1241" WIDTH="72" HEIGHT="19" WC="0.93" CONTENT="utrota"/><SP WIDTH="15" VPOS="1241" HPOS="379"/>
							<String ID="string_395" HPOS="394" VPOS="1240" WIDTH="171" HEIGHT="27" WC="0.92" CONTENT="lönbränningen"/><SP WIDTH="16" VPOS="1240" HPOS="565"/>
							<String ID="string_396" HPOS="581" VPOS="1240" WIDTH="40" HEIGHT="21" WC="0.93" CONTENT="och"/><SP WIDTH="16" VPOS="1240" HPOS="621"/>
							<String ID="string_397" HPOS="637" VPOS="1239" WIDTH="123" HEIGHT="22" WC="0.92" CONTENT="bränvinets"/><SP WIDTH="15" VPOS="1239" HPOS="760"/>
							<String ID="string_398" HPOS="775" VPOS="1240" WIDTH="91" HEIGHT="27" WC="0.92" CONTENT="insmug-"/>
						</TextLine>
						<TextLine ID="line_41" HPOS="48" VPOS="1267" WIDTH="819" HEIGHT="28">
							<String ID="string_399" HPOS="48" VPOS="1267" WIDTH="53" HEIGHT="28" WC="0.96" CONTENT="ling,"/><SP WIDTH="16" VPOS="1267" HPOS="101"/>
							<String ID="string_400" HPOS="117" VPOS="1267" WIDTH="65" HEIGHT="21" WC="0.96" CONTENT="likväl"/><SP WIDTH="16" VPOS="1267" HPOS="182"/>
							<String ID="string_401" HPOS="198" VPOS="1268" WIDTH="23" HEIGHT="20" WC="0.96" CONTENT="så"/><SP WIDTH="15" VPOS="1268" HPOS="221"/>
							<String ID="string_402" HPOS="236" VPOS="1268" WIDTH="86" HEIGHT="27" WC="0.96" CONTENT="mycket"/><SP WIDTH="16" VPOS="1268" HPOS="322"/>
							<String ID="string_403" HPOS="338" VPOS="1275" WIDTH="44" HEIGHT="13" WC="0.96" CONTENT="som"/><SP WIDTH="17" VPOS="1275" HPOS="382"/>
							<String ID="string_404" HPOS="399" VPOS="1268" WIDTH="83" HEIGHT="27" WC="0.96" CONTENT="möjligt"/><SP WIDTH="11" VPOS="1268" HPOS="482"/>
							<String ID="string_405" HPOS="493" VPOS="1267" WIDTH="85" HEIGHT="21" WC="0.96" CONTENT="minska"/><SP WIDTH="11" VPOS="1267" HPOS="578"/>
							<String ID="string_406" HPOS="589" VPOS="1268" WIDTH="63" HEIGHT="21" WC="0.93" CONTENT="dessa"/><SP WIDTH="14" VPOS="1268" HPOS="652"/>
							<String ID="string_407" HPOS="666" VPOS="1268" WIDTH="84" HEIGHT="27" WC="0.91" CONTENT="olofliga"/><SP WIDTH="12" VPOS="1268" HPOS="750"/>
							<String ID="string_408" HPOS="762" VPOS="1268" WIDTH="105" HEIGHT="27" WC="0.96" CONTENT="näringar."/>
						</TextLine>
					</TextBlock>
				</ComposedBlock>
				<ComposedBlock ID="cblock_2" HPOS="47" VPOS="1324" WIDTH="821" HEIGHT="169">
					<TextBlock ID="block_3" HPOS="47" VPOS="1324" WIDTH="821" HEIGHT="169">
						<TextLine ID="line_42" HPOS="117" VPOS="1324" WIDTH="751" HEIGHT="28">
							<String ID="string_409" HPOS="117" VPOS="1324" WIDTH="92" HEIGHT="20" WC="0.90" CONTENT="Talaren"/><SP WIDTH="23" VPOS="1324" HPOS="209"/>
							<String ID="string_410" HPOS="232" VPOS="1325" WIDTH="83" HEIGHT="20" WC="0.90" CONTENT="afbröts"/><SP WIDTH="17" VPOS="1325" HPOS="315"/>
							<String ID="string_411" HPOS="332" VPOS="1325" WIDTH="73" HEIGHT="20" WC="0.92" CONTENT="härvid"/><SP WIDTH="17" VPOS="1325" HPOS="405"/>
							<String ID="string_412" HPOS="422" VPOS="1325" WIDTH="23" HEIGHT="19" WC="0.96" CONTENT="af"/><SP WIDTH="16" VPOS="1325" HPOS="445"/>
							<String ID="string_413" HPOS="461" VPOS="1331" WIDTH="25" HEIGHT="13" WC="0.93" CONTENT="en"/><SP WIDTH="20" VPOS="1331" HPOS="486"/>
							<String ID="string_414" HPOS="506" VPOS="1325" WIDTH="47" HEIGHT="19" WC="0.92" CONTENT="frän"/><SP WIDTH="17" VPOS="1325" HPOS="553"/>
							<String ID="string_415" HPOS="570" VPOS="1325" WIDTH="106" HEIGHT="27" WC="0.90" CONTENT="vällofliga"/><SP WIDTH="15" VPOS="1325" HPOS="676"/>
							<String ID="string_416" HPOS="691" VPOS="1325" WIDTH="177" HEIGHT="27" WC="0.92" CONTENT="borgareständet"/>
						</TextLine>
						<TextLine ID="line_43" HPOS="47" VPOS="1352" WIDTH="819" HEIGHT="28">
							<String ID="string_417" HPOS="47" VPOS="1352" WIDTH="67" HEIGHT="20" WC="0.93" CONTENT="under"/><SP WIDTH="14" VPOS="1352" HPOS="114"/>
							<String ID="string_418" HPOS="128" VPOS="1352" WIDTH="116" HEIGHT="21" WC="0.92" CONTENT="anförande"/><SP WIDTH="16" VPOS="1352" HPOS="244"/>
							<String ID="string_419" HPOS="260" VPOS="1352" WIDTH="23" HEIGHT="21" WC="0.93" CONTENT="af"/><SP WIDTH="13" VPOS="1352" HPOS="283"/>
							<String ID="string_420" HPOS="296" VPOS="1353" WIDTH="48" HEIGHT="20" WC="0.92" CONTENT="herr"/><SP WIDTH="16" VPOS="1353" HPOS="344"/>
							<String ID="string_421" HPOS="360" VPOS="1352" WIDTH="162" HEIGHT="28" WC="0.92" CONTENT="borgmästaren"/><SP WIDTH="17" VPOS="1352" HPOS="522"/>
							<String ID="string_422" HPOS="539" VPOS="1352" WIDTH="23" HEIGHT="20" WC="0.90" CONTENT="C."/><SP WIDTH="14" VPOS="1352" HPOS="562"/>
							<String ID="string_423" HPOS="576" VPOS="1352" WIDTH="27" HEIGHT="21" WC="0.96" CONTENT="M."/><SP WIDTH="12" VPOS="1352" HPOS="603"/>
							<String ID="string_424" HPOS="615" VPOS="1353" WIDTH="64" HEIGHT="20" WC="0.93" CONTENT="Holm"/><SP WIDTH="13" VPOS="1353" HPOS="679"/>
							<String ID="string_425" HPOS="692" VPOS="1353" WIDTH="126" HEIGHT="21" WC="0.93" CONTENT="ankommen"/><SP WIDTH="13" VPOS="1353" HPOS="818"/>
							<String ID="string_426" HPOS="831" VPOS="1352" WIDTH="35" HEIGHT="21" WC="0.92" CONTENT="de-"/>
						</TextLine>
						<TextLine ID="line_44" HPOS="47" VPOS="1380" WIDTH="820" HEIGHT="28">
							<String ID="string_427" HPOS="47" VPOS="1380" WIDTH="110" HEIGHT="27" WC="0.84" CONTENT="putation"/><SP WIDTH="-3" VPOS="1380" HPOS="157"/>
							<String ID="string_428" HPOS="154" VPOS="1376" WIDTH="9" HEIGHT="36" WC="0.84" CONTENT=","/><SP WIDTH="10" VPOS="1376" HPOS="163"/>
							<String ID="string_429" HPOS="173" VPOS="1380" WIDTH="85" HEIGHT="21" WC="0.93" CONTENT="hvilken"/><SP WIDTH="16" VPOS="1380" HPOS="258"/>
							<String ID="string_430" HPOS="274" VPOS="1380" WIDTH="110" HEIGHT="21" WC="0.91" CONTENT="medelade"/><SP WIDTH="17" VPOS="1380" HPOS="384"/>
							<String ID="string_431" HPOS="401" VPOS="1383" WIDTH="31" HEIGHT="18" WC="0.93" CONTENT="att"/><SP WIDTH="16" VPOS="1383" HPOS="432"/>
							<String ID="string_432" HPOS="448" VPOS="1380" WIDTH="99" HEIGHT="21" WC="0.92" CONTENT="bemälda"/><SP WIDTH="15" VPOS="1380" HPOS="547"/>
							<String ID="string_433" HPOS="562" VPOS="1381" WIDTH="63" HEIGHT="20" WC="0.93" CONTENT="stånd"/><SP WIDTH="16" VPOS="1381" HPOS="625"/>
							<String ID="string_434" HPOS="641" VPOS="1381" WIDTH="95" HEIGHT="20" WC="0.92" CONTENT="sistlidne"/><SP WIDTH="12" VPOS="1381" HPOS="736"/>
							<String ID="string_435" HPOS="748" VPOS="1381" WIDTH="73" HEIGHT="27" WC="0.93" CONTENT="lördag"/><SP WIDTH="10" VPOS="1381" HPOS="821"/>
							<String ID="string_436" HPOS="831" VPOS="1387" WIDTH="36" HEIGHT="13" WC="0.92" CONTENT="an-"/>
						</TextLine>
						<TextLine ID="line_45" HPOS="47" VPOS="1408" WIDTH="821" HEIGHT="28">
							<String ID="string_437" HPOS="47" VPOS="1408" WIDTH="54" HEIGHT="27" WC="0.93" CONTENT="tagit"/><SP WIDTH="23" VPOS="1408" HPOS="101"/>
							<String ID="string_438" HPOS="124" VPOS="1408" WIDTH="159" HEIGHT="28" WC="0.92" CONTENT="ridderskapets"/><SP WIDTH="16" VPOS="1408" HPOS="283"/>
							<String ID="string_439" HPOS="299" VPOS="1410" WIDTH="39" HEIGHT="20" WC="0.93" CONTENT="och"/><SP WIDTH="16" VPOS="1410" HPOS="338"/>
							<String ID="string_440" HPOS="354" VPOS="1409" WIDTH="74" HEIGHT="21" WC="0.92" CONTENT="adelns"/><SP WIDTH="23" VPOS="1409" HPOS="428"/>
							<String ID="string_441" HPOS="451" VPOS="1409" WIDTH="128" HEIGHT="27" WC="0.92" CONTENT="inbjudning"/><SP WIDTH="18" VPOS="1409" HPOS="579"/>
							<String ID="string_442" HPOS="597" VPOS="1411" WIDTH="32" HEIGHT="19" WC="0.93" CONTENT="att"/><SP WIDTH="15" VPOS="1411" HPOS="629"/>
							<String ID="string_443" HPOS="644" VPOS="1409" WIDTH="76" HEIGHT="21" WC="0.92" CONTENT="förena"/><SP WIDTH="15" VPOS="1409" HPOS="720"/>
							<String ID="string_444" HPOS="735" VPOS="1410" WIDTH="32" HEIGHT="26" WC="0.96" CONTENT="sig"/><SP WIDTH="15" VPOS="1410" HPOS="767"/>
							<String ID="string_445" HPOS="782" VPOS="1410" WIDTH="6" HEIGHT="20" WC="0.96" CONTENT="i"/><SP WIDTH="16" VPOS="1410" HPOS="788"/>
							<String ID="string_446" HPOS="804" VPOS="1416" WIDTH="25" HEIGHT="13" WC="0.96" CONTENT="en"/><SP WIDTH="16" VPOS="1416" HPOS="829"/>
							<String ID="string_447" HPOS="845" VPOS="1408" WIDTH="23" HEIGHT="20" WC="0.97" CONTENT="af"/>
						</TextLine>
						<TextLine ID="line_46" HPOS="47" VPOS="1436" WIDTH="819" HEIGHT="28">
							<String ID="string_448" HPOS="47" VPOS="1436" WIDTH="49" HEIGHT="20" WC="0.93" CONTENT="herr"/><SP WIDTH="15" VPOS="1436" HPOS="96"/>
							<String ID="string_449" HPOS="111" VPOS="1436" WIDTH="55" HEIGHT="21" WC="0.93" CONTENT="Rein"/><SP WIDTH="16" VPOS="1436" HPOS="166"/>
							<String ID="string_450" HPOS="182" VPOS="1437" WIDTH="65" HEIGHT="21" WC="0.89" CONTENT="väekt"/><SP WIDTH="15" VPOS="1437" HPOS="247"/>
							<String ID="string_451" HPOS="262" VPOS="1437" WIDTH="89" HEIGHT="27" WC="0.92" CONTENT="petition"/><SP WIDTH="17" VPOS="1437" HPOS="351"/>
							<String ID="string_452" HPOS="368" VPOS="1437" WIDTH="111" HEIGHT="27" WC="0.92" CONTENT="angäende"/><SP WIDTH="16" VPOS="1437" HPOS="479"/>
							<String ID="string_453" HPOS="495" VPOS="1437" WIDTH="138" HEIGHT="27" WC="0.91" CONTENT="skyddandet"/><SP WIDTH="12" VPOS="1437" HPOS="633"/>
							<String ID="string_454" HPOS="645" VPOS="1438" WIDTH="24" HEIGHT="20" WC="0.93" CONTENT="af"/><SP WIDTH="14" VPOS="1438" HPOS="669"/>
							<String ID="string_455" HPOS="683" VPOS="1438" WIDTH="46" HEIGHT="20" WC="0.93" CONTENT="värt"/><SP WIDTH="11" VPOS="1438" HPOS="729"/>
							<String ID="string_456" HPOS="740" VPOS="1437" WIDTH="59" HEIGHT="21" WC="0.92" CONTENT="lands"/><SP WIDTH="11" VPOS="1437" HPOS="799"/>
							<String ID="string_457" HPOS="810" VPOS="1436" WIDTH="56" HEIGHT="21" WC="0.92" CONTENT="forn-"/>
						</TextLine>
						<TextLine ID="line_47" HPOS="47" VPOS="1464" WIDTH="819" HEIGHT="29">
							<String ID="string_458" HPOS="47" VPOS="1464" WIDTH="94" HEIGHT="26" WC="0.93" CONTENT="minnen,"/><SP WIDTH="17" VPOS="1464" HPOS="141"/>
							<String ID="string_459" HPOS="158" VPOS="1465" WIDTH="109" HEIGHT="21" WC="0.92" CONTENT="äfvensom"/><SP WIDTH="16" VPOS="1465" HPOS="267"/>
							<String ID="string_460" HPOS="283" VPOS="1467" WIDTH="32" HEIGHT="19" WC="0.93" CONTENT="att"/><SP WIDTH="15" VPOS="1467" HPOS="315"/>
							<String ID="string_461" HPOS="330" VPOS="1465" WIDTH="86" HEIGHT="21" WC="0.93" CONTENT="ständet"/><SP WIDTH="15" VPOS="1465" HPOS="416"/>
							<String ID="string_462" HPOS="431" VPOS="1466" WIDTH="111" HEIGHT="26" WC="0.92" CONTENT="angäende"/><SP WIDTH="16" VPOS="1466" HPOS="542"/>
							<String ID="string_463" HPOS="558" VPOS="1465" WIDTH="142" HEIGHT="22" WC="0.92" CONTENT="tillsättandet"/><SP WIDTH="14" VPOS="1465" HPOS="700"/>
							<String ID="string_464" HPOS="714" VPOS="1465" WIDTH="23" HEIGHT="21" WC="0.97" CONTENT="af"/><SP WIDTH="18" VPOS="1465" HPOS="737"/>
							<String ID="string_465" HPOS="755" VPOS="1467" WIDTH="31" HEIGHT="19" WC="0.92" CONTENT="ett"/><SP WIDTH="12" VPOS="1467" HPOS="786"/>
							<String ID="string_466" HPOS="798" VPOS="1465" WIDTH="68" HEIGHT="28" WC="0.92" CONTENT="juste-"/>
						</TextLine>
					</TextBlock>
				</ComposedBlock>
				<GraphicalElement ID="cblock_3" HPOS="1068" VPOS="194" WIDTH="4" HEIGHT="326"></GraphicalElement >
			</PrintSpace>
		</Page>
	</Layout>
</alto>
