1078 1678
186 69 42 22 308

157 133 54 14 nens
227 125 76 28 början
323 125 39 20 bör
378 125 52 27 göra
445 123 98 22 anmälan
559 124 38 21 hos
614 123 164 28 länestyrelsen,
795 124 28 27 på
838 123 36 22 det
889 123 93 22 kontrol-

158 155 60 20 lören
234 154 35 20 må
284 153 73 20 kunna
372 153 117 20 tillskickas
503 152 84 21 honom.
617 152 42 27 Jag
672 159 63 14 anser
751 154 32 19 att
794 152 112 27 meningen
919 152 65 21 borde

159 183 22 20 få
195 181 94 28 följande
304 181 92 27 lydelse:
420 187 63 18 ,,vare
499 181 76 26 pligtig
591 183 31 18 att
638 181 27 20 30
682 181 66 26 dagar
763 180 46 21 före
827 181 73 27 hvarje
922 181 62 20 brän-

159 210 149 27 ningstermin,
324 209 27 21 då
367 209 41 20 han
424 209 31 20 sin
472 209 102 27 rättighet
590 209 74 20 utöfva
680 209 46 25 vill,
746 209 73 20 derom
837 209 36 20 hos
891 209 94 27 länesty-

160 239 70 20 relsen
247 237 104 21 anmäla."
382 237 72 27 Enligt
476 237 5 26 $
497 237 12 20 4
526 239 117 18 momentet
658 237 12 20 2
687 237 83 20 indelas
787 237 174 27 bränningstiden
978 237 6 20 i

160 268 37 19 två
211 266 109 24 terminer,
336 265 40 20 den
393 272 40 13 ena
447 265 45 20 från
510 265 25 20 15
552 265 98 20 Oktober
665 265 32 20 till
713 265 58 20 årets
791 265 51 26 slut,
862 266 40 19 den
918 265 67 20 andra

160 295 47 20 från
230 295 58 19 årets
312 293 74 28 början
405 293 31 20 till
456 293 25 20 15
500 293 43 27 Maj
563 293 39 21 och
621 293 100 20 anmälan
741 293 64 20 borde
822 293 38 20 ske
875 294 28 20 30
919 293 66 27 dagar

161 323 46 20 före
224 321 106 21 hvardera
345 322 23 20 af
381 321 62 21 dessa
457 322 108 20 terminer.

230 349 57 21 Herr
304 350 141 20 Snellman:
469 349 45 21 Här
537 349 76 27 tyckes
638 349 52 20 råda
714 351 31 18 ett
764 349 89 27 misstag
868 350 6 19 i
889 350 95 26 uppfatt-

162 379 88 26 ningen,
274 378 68 25 ehuru
360 378 38 27 jag
418 384 61 14 anser
495 379 31 19 att
542 378 49 20 herr
606 377 23 21 af
643 377 107 21 Forselles
766 377 65 21 redan
848 378 86 27 upplyst
950 384 34 14 om

163 407 118 20 utskottets
301 406 93 27 mening.
424 405 44 20 När
489 407 31 18 ett
539 405 133 27 privilegium
692 406 28 26 på
735 405 136 28 tillverkning
888 405 22 20 af
923 405 61 20 brän-

166 435 35 20 vin
217 434 108 26 utfärdas,
341 436 51 18 utan
413 435 30 18 att
463 433 43 20 deri
525 433 129 21 bestämmes
678 434 65 26 något
759 433 226 28 tillverkningsbelopp

163 463 53 20 eller
232 463 70 26 någon
319 469 69 13 annan
404 461 186 28 tidsbegränsning
605 463 26 19 än
648 461 29 21 tio
694 462 24 20 år
733 461 51 21 eller
799 469 88 13 numera
903 463 43 19 åtta
962 463 23 18 år

163 491 19 20 d
200 498 18 13 v.
235 497 15 13 s.
268 490 30 20 till
315 490 40 20 den
372 489 108 28 tidpunkt,
496 497 45 13 som
558 490 115 20 ständerna
689 490 93 20 beslutat
798 490 48 20 med
861 490 100 21 afseende
973 490 12 20 å

163 518 165 27 författningens
344 518 105 27 giltighet,
465 518 22 20 så
502 518 67 27 gäller
586 519 37 19 här
639 519 83 26 frågan:
744 518 53 20 huru
812 519 62 26 länge
890 518 94 21 tillverk-

163 547 77 27 ningen
257 546 33 21 får
304 547 96 25 fortfara,
416 546 39 21 och
471 547 52 19 huru
539 546 86 27 mycket
641 546 136 20 fabrikanten
791 547 32 20 må
840 547 21 20 få
876 546 108 21 tillverka?

163 575 50 20 Han
231 575 33 20 får
282 575 56 20 inom
358 575 33 26 sju
410 574 100 21 månader
531 575 90 26 bränna,
641 576 37 19 när
697 575 41 20 och
754 575 27 26 på
797 575 84 20 hvilken
897 574 29 21 tid
944 575 39 20 han

163 604 99 26 behagar,
279 603 40 20 han
338 603 32 20 får
390 602 81 21 således
489 603 84 20 anmäla
589 603 32 26 sig
637 603 30 20 till
686 603 137 27 tillverkning
839 603 33 20 för
886 603 98 26 Januari,

163 631 98 21 Oktober
277 631 40 20 och
332 631 61 27 April
415 631 100 20 månader
538 631 55 20 efter
616 631 69 26 behag
704 631 39 20 och
759 630 26 21 då
800 631 111 27 uppgifva,
930 631 54 20 huru

163 659 87 27 mycket
272 659 42 20 han
333 659 35 19 vill
387 659 80 20 bränna
489 665 34 13 om
546 659 79 27 dagen;
648 659 100 20 hvarföre
767 659 35 20 det
818 661 23 18 är
856 659 128 27 fullkomligt

161 687 81 27 nödigt,
259 687 27 20 då
301 686 39 20 här
355 688 71 26 säges,
443 689 30 17 att
489 686 64 20 sådan
571 687 97 20 anmälan
686 687 53 20 skall
756 687 37 20 ske
808 688 27 19 30
851 687 65 27 dagar
927 687 57 20 förut

163 716 38 20 hos
217 715 154 27 länestyrelsen
395 715 73 27 hvarje
491 715 56 27 gång
570 715 40 20 han
632 715 34 19 vill
683 714 65 21 sådan
766 715 218 27 bränningsrättighet

162 743 80 21 utöfva.
272 743 49 20 Han
344 743 93 20 anmäler
453 743 82 26 dervid,
555 745 31 18 att
603 743 40 20 han
660 743 80 20 önskar
756 743 97 27 begagna
868 744 32 26 sig
916 745 23 18 af
952 744 31 19 sin

161 771 231 27 bränningsrättighet,
416 773 31 18 att
470 771 41 20 han
535 772 78 19 önskar
636 771 82 20 bränna
743 772 75 25 10,000
839 772 50 20 eller
908 772 76 25 20,000

161 801 88 20 kannor.
280 800 42 26 Jag
345 802 46 18 tror
411 799 93 26 således,
520 801 32 19 att
568 799 26 21 de
610 799 76 21 härvid
701 800 75 26 gjorda
792 800 192 27 anmärkningarne

162 829 50 20 bero
230 828 26 27 på
272 831 32 17 ett
322 828 90 26 misstag
428 828 6 19 i
450 827 172 27 uppfattningen.
653 827 125 21 Utskottets
801 828 79 27 förslag
898 830 24 18 är
937 828 47 20 full-

161 857 89 27 komligt
267 856 81 27 riktigt,
366 856 75 20 endast
456 858 31 18 att
503 856 66 27 något
585 863 77 13 ansvar
677 856 47 20 icke
740 858 24 18 är
780 856 99 27 stadgadt
894 857 33 19 för
943 856 41 20 den

163 885 116 25 fabrikant,
297 891 44 13 som
358 884 124 26 underlåter
495 886 30 18 att
543 885 96 26 begagna
655 884 32 27 sig
703 884 23 20 af
740 884 32 20 sin
788 886 49 18 rätt.

231 912 58 21 Herr
305 912 140 21 Molander:
468 912 69 20 Afven
561 913 38 26 jag
622 919 62 13 anser
704 914 31 18 att
754 912 38 20 här
808 912 65 21 borde
897 913 87 27 stadgas

162 948 77 14 ansvar
254 941 34 20 för
304 941 39 20 den
360 940 113 26 fabrikant,
490 947 51 17 som,
559 940 89 21 oaktadt
660 940 31 21 sin
704 941 106 24 anmälan,
822 941 122 20 underläter
953 943 31 18 att

162 970 60 27 börja
238 969 170 27 tillverkningen,
425 969 18 20 d.
460 976 19 13 v.
495 976 16 13 s.
528 976 26 13 en
565 969 237 27 penningeersättning,
817 969 85 20 hvartill
918 970 65 20 sådan

162 998 109 20 fabrikant
294 997 65 20 borde
382 997 173 27 skyldigkännas.
586 996 10 21 I
613 997 35 20 det
668 998 67 19 första
758 997 145 20 alternativets
923 998 25 19 15
972 998 11 25 8

161 1025 88 28 stadgas
265 1026 6 19 i
288 1025 59 20 detta
371 1025 109 20 afseende:
506 1025 85 25 ,Skulle
614 1025 81 27 någon,
720 1021 52 36 som-
772 1025 211 21 bränvinstillverk-

162 1055 106 26 ningsrätt
284 1054 13 19 &
312 1053 168 27 ofvanstadgade
496 1053 94 27 grunder
605 1053 122 26 förunnats,
747 1053 116 21 äsidosätta
879 1056 31 18 att
926 1054 56 20 inom

161 1083 13 20 2
190 1081 103 21 mänader
309 1082 55 19 efter
380 1081 35 20 det
431 1081 56 21 tiden
504 1081 33 20 för
553 1081 142 28 rättighetens
711 1081 116 21 utöfvande
838 1082 86 26 inträdt,
935 1082 48 20 med

162 1109 216 27 bränvinsberedning
394 1109 6 20 i
417 1109 123 21 bränneriet
556 1110 96 27 vidtaga,
669 1110 54 20 skall
740 1117 25 13 en
782 1110 98 27 sjettedel
896 1110 23 21 af
930 1110 52 20 hans

160 1139 33 20 för
208 1139 46 20 året
269 1137 81 21 utfästa
372 1137 61 27 afgift
455 1137 152 28 ofördröjligen
623 1145 77 20 genom
717 1138 165 27 länestyrelsens
898 1138 84 27 försorg

161 1166 112 25 indrifvas,
295 1168 50 18 utan
362 1168 31 18 att
410 1165 61 21 dessa
489 1166 68 20 medel
573 1166 22 20 fä
610 1166 106 20 beräknas
732 1166 32 20 för
780 1166 93 21 derefter
888 1167 94 20 skeende

160 1194 159 27 tillverkning."
351 1193 73 21 Skulle
439 1194 46 20 icke
502 1194 37 20 här
556 1195 71 19 kunna
646 1195 87 26 stadgas
749 1196 32 19 att
796 1195 134 20 fabrikanten
946 1201 35 21 ge-

161 1230 48 13 nom
226 1223 65 20 sådan
307 1222 147 21 försummelse
471 1222 66 21 skulle
552 1222 103 21 förverka
671 1229 26 14 en
714 1222 32 21 del
762 1223 24 20 af
799 1223 40 20 den
856 1223 64 26 skatt,
936 1230 45 13 som

162 1251 40 20 han
219 1251 49 20 bort
284 1251 92 26 erlägga,
394 1257 34 13 om
444 1250 121 21 bränneriet
581 1251 56 20 varit
651 1251 6 20 i
673 1251 63 27 gång.

229 1279 58 20 Herr
303 1278 158 26 Ehrnrooth,
478 1278 23 21 O.
517 1277 38 22 A.:
571 1279 50 20 Med
637 1279 35 20 det
688 1279 85 27 förslag,
790 1279 80 20 hvilket
878 1280 38 27 jag
929 1280 53 26 tagit

161 1307 43 28 mig
224 1307 92 20 friheten
339 1307 126 26 framställa,
489 1307 37 20 har
542 1307 38 27 jag
598 1307 47 20 icke
661 1307 80 27 äsyftat
764 1308 69 27 nägon
857 1308 125 20 ansvarsbe-

160 1335 122 21 stämmelse
298 1335 32 20 för
346 1335 144 26 fabrikanten;
513 1335 104 27 näringen
637 1337 23 18 är
678 1335 36 26 fri,
733 1335 41 20 han
793 1336 34 19 mä
842 1336 77 20 handla
935 1336 46 20 bäst

161 1364 40 20 han
217 1363 101 27 behagar,
336 1370 48 13 men
400 1363 42 20 min
459 1363 85 27 mening
560 1364 23 19 är
598 1365 32 18 att
648 1363 142 25 förekomma,
809 1365 31 19 att
856 1364 41 20 han
914 1364 68 20 skulle

159 1392 80 26 &draga
256 1392 81 20 kronan
353 1391 76 20 förlust
444 1398 77 20 genom
540 1391 40 20 slik
598 1391 158 27 försummelse,
780 1392 98 20 hvarföre
891 1392 39 27 jag
946 1399 35 13 an-

159 1426 34 14 ser
209 1422 32 18 att
257 1420 37 20 allt
310 1420 36 20 det
362 1426 78 14 ansvar
455 1426 45 14 som
516 1419 33 20 för
569 1419 66 20 sädan
656 1420 160 20 uraktlätenhet
836 1420 41 20 kan
901 1420 81 20 drabba

157 1448 77 20 honom
251 1448 39 20 bör
305 1448 128 20 inskränkas
448 1447 93 27 derhän,
557 1449 33 19 att
604 1448 42 20 han
662 1447 118 21 vidkännes
796 1448 41 20 alla
853 1448 26 20 de
895 1448 86 21 kostna-
