1078 1678
839 66 38 21 231

75 119 88 27 -skapet
183 119 39 20 och
241 119 62 20 adeln
322 119 93 20 fattades
434 121 31 18 ett
485 119 76 20 sådant
583 120 77 26 beslut;
683 120 155 21 bondeståndet
859 122 51 26 god-

87 147 70 20 kände
173 147 69 20 denna
258 147 65 27 åsigt;
335 147 160 27 presteståndet
506 147 121 28 uppträdde
639 148 88 21 alldeles
737 148 6 21 i
755 151 88 18 motsatt
853 150 56 27 syfte

87 175 38 20 och
142 174 26 21 då
184 175 35 20 det
235 175 49 20 kom
301 175 30 20 till
348 175 218 28 sammanjemkning,
582 176 64 27 gingo
662 176 41 21 alla
719 177 89 20 stånden
819 177 20 20 in
854 178 56 27 uppå

86 205 32 18 att
134 203 75 20 endast
225 203 84 21 anhålla
325 210 33 14 om
376 203 153 21 nedsättandet
544 204 23 20 af
581 211 25 13 en
623 205 91 26 komité,
726 205 33 20 för
769 207 30 18 att
811 205 97 22 utarbeta

87 233 30 19 ett
136 231 115 28 lagförslag
266 231 6 20 i
288 233 78 19 ämnet.
397 233 40 19 Att
456 239 28 13 nu
504 231 80 28 begära
600 239 25 14 en
642 239 28 21 ny
686 233 143 27 propositions
845 234 62 21 fram-

86 259 105 28 läggande
209 260 31 20 till
260 261 62 19 nästa
337 260 112 27 landtdag,
465 267 52 14 vore
533 260 84 21 således
634 261 38 20 alls
688 261 48 20 icke
752 262 63 27 något
831 269 76 20 uppre-

86 288 69 27 pande
177 288 22 20 af
220 288 56 21 hvad
295 295 49 14 man
364 289 58 26 gjort
443 289 65 20 förut.
540 289 80 20 Vidare
642 289 60 20 anför
722 289 48 21 herr
789 297 39 14 von
849 291 58 21 Born

85 318 57 19 emot
165 316 145 28 föreliggande
332 317 80 27 förslag
435 319 31 18 att
485 323 26 14 en
531 317 131 27 tjensteman
684 317 40 21 bör
743 318 63 27 något
826 319 24 21 så
869 320 39 20 när

86 344 71 21 kunna
179 344 94 21 beräkna
291 344 31 21 sin
341 345 94 21 inkomst
453 345 28 27 på
500 344 99 22 förhand.
630 345 51 21 Icke
701 346 114 21 fluctuerar
835 354 71 20 perso-

84 380 77 14 nernas
178 373 56 21 antal
250 373 56 21 inom
323 380 26 14 en
364 373 125 27 församling
506 374 23 20 så
544 374 88 27 mycket
648 376 32 18 att
691 376 121 25 presternes
824 375 82 27 husliga

85 401 100 27 ställning
204 401 134 28 synnerligen
360 401 68 21 skulle
444 402 80 20 rubbas
541 402 134 27 derigenom,
692 402 46 21 från
754 402 36 21 det
804 409 41 14 ena
860 404 46 20 året

85 429 30 20 till
131 429 36 21 det
183 429 71 21 andra.
279 429 99 21 Friherre
395 429 25 21 de
435 429 20 21 la
471 429 104 28 Chapelle
590 431 40 26 gör
645 430 63 21 äfven
724 437 26 14 en
766 431 139 28 anmärkning

85 460 44 18 mot
144 457 162 28 ifrågavarande
326 458 88 27 förslag,
426 458 107 27 nemligen
545 460 31 19 att
587 459 41 20 alla
639 459 113 26 personela
763 459 80 22 skatter
854 467 50 14 vore

84 486 95 27 obilliga,
196 486 88 21 emedan
300 486 26 21 de
342 487 49 20 falla
407 487 27 27 på
449 487 153 20 menniskorna
617 489 51 18 utan
685 487 101 21 afseende
801 488 27 27 på
842 487 61 22 deras

83 514 235 27 förmögenhetsvilkor.
348 514 43 21 Det
414 516 23 19 är
457 515 34 20 väl
513 515 49 20 icke
581 515 24 20 så
624 515 66 20 heller
711 523 48 13 man
783 516 38 20 har
839 516 63 21 fattat

82 543 86 27 frågans
184 543 93 27 lösning,
293 545 31 19 att
340 543 41 20 alla
392 550 102 20 personer
505 543 69 21 skulle
585 543 90 28 bidraga
689 543 31 21 till
731 544 171 27 presterskapets

83 571 93 28 aflöning
194 571 48 21 med
260 571 43 21 lika
323 573 44 19 stor
384 579 82 13 summa
482 571 55 21 efter
558 571 147 27 hufvudtalet,
722 572 39 21 och
780 579 45 14 som
841 573 60 20 bevis

83 600 66 27 derpå
163 600 42 21 kan
218 601 38 26 jag
267 601 86 25 nämna,
365 601 31 19 att
407 600 150 27 ridderskapet
569 600 39 21 och
619 600 63 21 adeln
694 600 34 21 vid
739 602 83 19 senaste
833 601 67 20 landt-

83 628 41 27 dag
142 628 69 21 beslöt
231 630 31 19 att
282 629 120 26 aflöningen
425 628 68 21 skulle
512 629 52 27 utgå
580 629 55 20 efter
651 629 105 26 taxering.
787 628 114 28 Meningen

83 663 43 19 var,
141 657 70 20 såvidt
223 657 38 27 jag
277 657 80 20 kunnat
373 657 63 26 fatta,
456 657 76 20 endast
548 657 51 25 den,
615 659 32 18 att
663 657 172 27 presterskapets
851 657 50 20 aflö-

81 684 50 28 ning
147 685 20 20 in
183 692 82 13 summa
280 684 47 21 icke
342 685 67 21 skulle
420 685 51 20 bero
482 684 23 21 af
515 684 134 21 hufvudtalet
659 685 7 20 i
677 684 162 28 församlingen,
850 689 50 17 utan

81 712 75 22 endast
175 713 23 21 af
210 713 99 27 taxering
324 712 304 28 församlingsmedlemmarne
648 713 96 21 emellan.
775 712 40 21 Om
831 713 69 21 denna

81 741 42 21 min
146 741 55 27 åsigt
224 742 23 20 är
265 742 74 27 riktig,
358 742 24 20 så
400 741 95 21 förfaller
514 742 41 20 den
575 741 141 27 anmärkning
732 748 34 14 om
782 741 117 28 obillighet,

81 776 45 14 som
141 770 90 20 friherre
246 769 26 21 de
288 770 20 20 la
324 770 102 27 Chapelle
441 770 64 27 gjort.

148 798 100 20 Friherre
266 798 84 27 Boije:
373 798 43 27 Jag
435 798 35 20 vill
489 798 77 20 endast
585 799 77 19 nämna
686 804 26 14 en
732 797 166 27 omständighet,

80 826 85 20 hvilken
179 826 37 28 jag
231 826 105 27 förbisåg,
352 826 26 21 då
392 827 38 27 jag
445 828 74 25 senast
534 826 55 20 hade
600 827 51 19 äran
662 827 58 26 yttra
730 826 52 26 mig,
793 826 106 27 nemligen

79 856 32 19 att
126 854 32 21 för
175 862 25 13 en
216 855 34 20 hel
265 854 78 28 mängd
359 855 90 20 socknar
464 854 7 21 i
487 854 141 21 Österbotten
647 854 39 20 och
702 854 28 27 på
744 846 70 28 Åland
830 854 68 21 skulle

79 883 40 20 den
139 890 42 20 nya
196 883 162 27 förordningen,
376 890 46 13 som
438 882 140 28 ovilkorligen
595 882 87 28 ålägger
698 882 153 20 kommunerna
866 884 32 19 att

79 911 48 27 ingå
138 911 122 27 föreningar
271 912 38 20 och
322 912 153 20 konventioner
485 911 34 20 för
528 910 130 27 aflöningars
667 910 118 27 fixerande,
794 910 104 22 måhända

79 946 50 14 vara
145 940 109 27 gagnelig,
270 946 48 14 men
332 940 38 27 jag
385 942 45 18 tror
445 941 30 18 att
489 938 121 21 ändamålet
621 938 47 21 icke
680 939 54 20 skall
744 938 71 21 kunna
825 938 71 22 åstad-

79 968 95 20 kommas
193 974 75 22 genom
288 968 44 20 helt
351 968 62 20 enkla
428 967 135 21 föreskrifter
579 974 34 14 om
629 966 178 28 tiondesättning,
822 966 7 21 i
844 967 52 20 hän-

78 996 58 20 delse
159 996 161 27 presterskapet
343 996 109 20 derstädes
473 995 35 20 vill
528 996 55 20 afstå
601 995 47 20 från
664 996 41 19 den
722 995 47 20 dem
785 995 27 26 på
827 994 69 27 grund

78 1023 23 21 af
117 1023 70 28 kongl.
209 1024 151 27 förordningen
382 1023 22 21 af
420 1023 53 21 1743
492 1023 113 20 tillkomna
627 1023 127 28 rättigheter
772 1024 30 19 att
821 1024 75 26 uttaga

78 1052 97 21 tertialen
194 1053 7 19 i
217 1052 67 26 skatt,
300 1053 70 20 såsom
386 1051 36 21 det
436 1051 67 21 heter.
535 1051 112 28 Derjemte
663 1051 95 21 önskade
770 1051 38 27 jag
822 1051 22 20 få
860 1050 34 21 be-

76 1081 58 20 möta
152 1081 104 20 särskilda
274 1081 22 20 af
312 1080 50 20 herr
381 1087 42 13 von
441 1079 59 21 Born
519 1080 38 20 här
577 1079 95 21 uttalade
692 1079 85 28 åsigter,
792 1085 48 14 men
856 1079 38 20 har

76 1108 30 21 till
125 1115 26 14 en
171 1108 34 21 del
223 1109 69 20 blifvit
310 1108 145 21 förekommen
475 1108 22 20 af
514 1108 50 21 herr
582 1107 164 28 Björkenheim,
761 1107 133 21 beträffande

75 1137 75 28 frågan
168 1137 54 20 huru
241 1136 92 27 aflöning
350 1136 68 21 skulle
436 1135 94 22 fördelas
549 1137 55 20 efter
623 1137 132 26 persontalet
774 1135 38 22 och
828 1135 65 22 sedan

75 1171 75 22 genom
171 1165 99 26 taxering
288 1167 86 25 uttagas
389 1165 56 20 inom
461 1164 160 28 församlingen.
652 1164 58 21 Herr
724 1171 42 14 von
780 1163 59 21 Born
855 1163 38 21 har

74 1193 63 28 yrkat
153 1194 27 27 på
195 1193 130 28 antagandet
340 1193 24 20 af
378 1192 39 21 den
433 1193 78 27 nådiga
526 1193 163 28 propositionen
705 1192 49 21 med
769 1192 26 21 de
808 1192 84 21 ändrin-

73 1228 45 21 gar,
134 1228 44 14 som
194 1221 49 21 herr
258 1228 40 14 von
315 1221 59 20 Born
388 1221 123 21 förbehållit
527 1221 32 27 sig
575 1223 32 19 att
622 1221 89 27 föreslå,
726 1221 26 20 då
763 1220 75 28 sjelfva
849 1220 43 27 lag-

73 1250 102 27 förslaget
193 1249 67 21 skulle
279 1249 129 27 diskuteras,
429 1250 26 27 på
471 1249 41 21 den
528 1249 70 28 grund
614 1251 31 19 att
660 1249 50 21 herr
725 1256 41 14 von
781 1249 58 20 Born
855 1255 37 14 an-

73 1285 40 19 ser,
132 1279 32 19 att
182 1278 176 27 församlingarne
381 1278 52 21 böra
451 1278 86 27 tvingas
557 1279 32 20 att
607 1278 51 27 ingå
676 1277 123 28 föreningar
815 1283 33 14 om
864 1283 26 14 en

73 1306 33 21 hel
126 1307 77 26 mängd
226 1306 98 21 tiondens
347 1306 39 21 och
405 1306 67 21 ahdra
488 1307 55 27 jura
565 1307 67 20 stoles
651 1306 135 27 förvandling
804 1305 30 20 till
853 1305 36 21 be-

72 1335 82 19 stämda
173 1334 91 27 afgifter.
294 1334 44 21 För
356 1335 43 19 min
420 1334 33 21 del
466 1335 43 19 kan
522 1335 39 27 jag
575 1335 48 20 icke
639 1335 56 19 finna
710 1335 70 26 någon
795 1333 96 27 billighet

71 1362 45 21 deri
135 1362 39 21 och
193 1364 44 19 tror
256 1362 62 21 äfven
337 1364 31 19 att
386 1369 26 14 en
432 1362 65 21 sådan
513 1362 78 28 partiel
604 1362 114 28 jomkning
732 1362 47 21 icke
794 1361 97 21 kommer

71 1392 32 19 att
118 1390 64 21 vinna
197 1390 56 22 bifall
269 1391 57 21 inom
340 1390 183 28 församlingarne.
547 1391 43 27 Jag
605 1392 24 19 är
645 1390 105 28 nemligen
764 1389 46 21 fullt
821 1388 69 21 öfver-

71 1418 66 28 tygad
156 1420 32 19 att
205 1425 77 21 genom
302 1426 26 14 en
346 1419 107 28 reglering
473 1419 23 21 af
512 1419 64 21 dessa
593 1419 73 27 frågor
680 1418 97 22 kommer
792 1418 97 26 prestens

70 1446 94 22 inkomst
178 1447 48 21 icke
242 1448 32 20 att
288 1447 105 27 minskas,
408 1454 49 14 men
469 1447 146 22 kostnaderna
624 1447 33 21 för
668 1446 151 28 församlingen
830 1444 58 22 alltid
