1078 1678
207 72 41 21 240

179 129 36 20 det
230 129 24 20 af
266 129 104 28 biskopen
395 129 119 20 Schauman
538 129 126 28 ytterligare
687 129 89 21 anförda
799 131 45 20 skäl
868 133 58 18 emot
944 131 57 20 stän-

178 158 78 20 dernas
279 157 72 21 vidare
374 157 121 27 befattning
517 158 48 19 med
589 158 244 28 kyrkolagstiftningen,
849 161 31 19 att
896 160 104 27 nemligen

179 186 40 21 den
235 193 42 20 nya
293 186 231 27 landtdagsordningen
547 185 107 28 föresloge
671 186 37 21 det
723 187 63 20 äfven
805 187 67 21 andra
893 189 25 19 än
938 195 62 13 evan-

178 215 190 26 gelisk-lutherska
384 214 168 21 trosbekännare
571 214 115 21 framdeles
709 215 57 28 finge
782 217 42 19 rätt
843 218 30 19 att
888 216 6 20 i
911 216 89 27 lagstift-

178 243 78 27 ningen
272 242 91 28 deltaga,
380 242 85 26 saknar,
482 243 66 27 enligt
565 243 41 20 min
630 243 145 28 uppfattning,
792 244 6 20 i
814 244 70 21 denna
898 245 60 27 fråga
973 245 27 20 all

179 271 117 28 betydelse,
322 273 51 19 enär
391 271 31 20 uti
441 277 80 14 samma
544 271 217 28 landtdagsordnings
777 273 27 20 50
820 273 11 26 &
847 273 60 27 ingår
925 273 75 20 sådant

178 299 164 28 lagstadgande:
374 298 40 29 ,,Ej
437 299 34 20 må
493 306 70 14 annan
579 301 27 19 än
623 299 39 21 den
679 307 46 14 som
748 300 72 21 tillhör
836 301 164 27 evangelisk-lu-

177 328 89 20 therska
284 327 191 21 trosbekännelsen
494 327 85 28 deltaga
594 328 7 20 i
616 328 134 28 granskning
768 329 23 19 af
807 329 83 27 förslag
904 336 46 13 som
965 329 35 20 vid

177 356 103 27 landtdag
302 356 129 20 framställes
453 356 90 20 rörande
566 356 106 27 kyrkolag
694 356 34 21 för
751 356 110 22 lutherska
882 357 117 21 församlin-

177 391 67 20 garne
259 384 6 20 i
281 384 73 21 landet
369 384 51 21 eller
436 384 61 20 deras
513 384 100 27 kyrkliga
634 384 150 21 förhållanden
799 386 6 19 i
821 385 85 27 öfrigt."
936 385 63 20 Först

178 419 33 14 om
228 412 39 21 och
284 413 38 19 när
337 411 41 22 den
394 412 99 27 tidpunkt
509 412 40 21 kan
566 412 97 25 inträffa,
683 415 31 18 att
730 413 83 20 landets
830 413 168 28 representation

178 441 106 27 undergår
307 440 40 21 den
371 441 175 27 omgestaltning,
569 443 31 18 att
623 441 161 27 presteståndet
804 441 47 21 icke
866 442 72 20 vidare
954 441 44 21 deri

178 471 62 26 utgör
256 471 31 18 ett
303 469 102 20 särskildt
416 470 101 26 element,
529 469 40 20 kan
585 469 103 28 förslaget
705 476 34 14 om
755 470 243 27 kyrkolagstiftningens

178 497 126 28 afskiljande
320 497 46 21 från
382 497 125 21 ständernas
524 497 129 28 behandling
668 498 99 28 möjligen
781 498 93 25 förtjena
885 499 113 27 uppmärk-

177 526 93 26 samhet,
286 526 67 21 ehuru
366 526 39 27 jag
419 525 33 21 för
467 527 42 20 min
527 526 33 20 del
576 529 51 23 tror,
647 528 32 19 att
698 527 76 20 sådant
790 527 61 20 äfven
869 527 26 20 dä
910 527 88 20 innebär

179 555 65 21 vådor
258 554 34 21 för
307 554 255 21 samhällsinstitutionen.
593 554 11 21 I
623 555 99 28 Sverige,
739 555 38 20 der
799 555 198 28 representationen

177 584 86 27 nyligen
279 583 69 20 blifvit
370 583 6 20 i
400 582 75 21 sådant
497 583 56 27 syfte
576 583 107 20 ombildad
708 583 39 21 och
770 583 61 21 äfven
856 583 141 28 kyrkomöten

177 614 36 19 äro
229 611 90 24 införda,
335 611 39 20 har
389 611 232 28 kyrkolagstiftningen
638 612 19 27 ej
674 611 68 21 heller
757 612 44 20 helt
816 612 39 21 och
871 612 64 21 hållet
951 612 45 20 blif-

178 641 29 20 vit
224 640 294 27 nationalrepresentationen
534 639 161 28 undandragen.

245 668 43 27 Jag
311 670 35 18 vet
370 668 33 20 väl
426 670 31 18 att
481 668 62 20 bland
566 669 163 26 presterskapet
745 669 68 20 finnas
826 668 36 26 de,
879 675 44 13 som
940 669 57 19 velat

177 703 52 14 anse
252 696 95 28 kyrkans
363 698 43 18 rätt
422 698 30 18 att
468 696 59 20 stifta
543 696 106 28 kyrkolag
664 704 52 13 vara
732 696 85 21 alldeles
833 696 120 27 nödvändig
965 696 32 21 för

177 725 79 21 hennes
276 725 40 20 fria
334 724 39 21 och
396 724 66 21 friska
484 724 159 28 lifsutveckling
660 725 39 20 och
716 725 83 20 således
814 732 50 13 vara
879 724 33 21 för
928 725 68 20 henne

177 760 26 14 en
218 753 68 27 vigtig
302 753 104 27 lifsfräga,
422 752 114 22 befarande
553 755 31 19 att
595 753 42 21 hon
653 753 6 21 i
676 756 65 18 annat
755 753 35 21 fall
802 753 69 21 blefve
882 753 76 21 endast
969 760 26 14 en

177 782 41 20 död
233 782 127 26 institution;
377 788 47 14 men
437 781 38 27 jag
490 783 45 19 tror
551 783 31 19 att
598 788 48 14 man
663 782 75 20 härvid
754 784 43 18 sett
815 782 79 26 spöken
906 781 52 21 midt
970 782 26 27 pä

176 810 55 28 ljusa
253 810 75 27 dagen.
360 810 45 20 Den
428 810 244 27 evangelisk-lutherska
697 810 83 28 kyrkan
799 810 6 20 i
825 810 46 20 vårt
889 810 49 20 land
958 810 38 20 har

177 838 29 20 till
223 838 36 20 sitt
275 845 55 21 egna
341 838 45 20 inre
397 838 162 27 grundväsende
568 838 65 21 redan
645 838 75 21 vunnit
732 838 39 21 den
784 838 79 20 fasthet
874 838 38 21 och
926 838 70 21 solidi-

177 868 37 24 tet,
226 868 31 19 att
273 866 80 21 hennes
370 866 158 21 lifsfunktioner
539 867 62 20 torde
613 874 51 13 vara
674 867 33 20 för
719 867 27 20 all
756 867 31 20 tid
798 866 47 21 fullt
855 866 141 28 betryggade,

177 896 62 20 äfven
255 902 34 13 om
305 902 25 14 en
348 894 140 28 dissenterlag
510 895 85 21 komme
615 897 32 19 att
662 895 104 21 utfärdas.
797 894 81 21 Hittills
895 896 37 19 har
947 895 49 27 kyr-

177 923 188 28 kolagstiftningen
389 923 80 21 tillhört
491 923 55 21 bäda
569 924 169 20 statsmakterna
763 926 143 24 gemensamt;
931 924 65 26 nägra

177 952 81 27 skäliga
278 952 38 20 och
332 952 110 27 grundade
465 952 139 27 olägenheter
627 952 32 20 för
681 952 85 27 kyrkan
789 951 63 21 hafva
875 952 61 20 deraf
949 952 47 20 icke

176 980 114 27 försports;
316 980 82 28 kyrkan
416 980 37 20 har
468 980 5 20 i
490 980 40 21 alla
546 980 35 21 fall
600 981 30 20 uti
651 980 46 27 allt,
714 980 55 20 hvad
793 980 68 20 henne
884 980 69 20 såsom
970 987 25 13 en

176 1008 85 27 religiös
285 1008 120 21 institution
424 1010 65 24 rörer,
506 1009 40 20 fätt
561 1009 47 20 fritt
624 1008 100 21 utveckla
740 1008 38 27 sig.
810 1008 30 20 Af
855 1008 54 21 hvad
925 1008 70 21 anled-

176 1037 50 27 ning
242 1037 68 20 skulle
326 1044 47 13 man
391 1037 31 20 väl
439 1037 71 20 kunna
526 1037 73 20 befara
615 1039 64 25 nägra
692 1037 138 27 olägenheter
841 1037 31 20 för
883 1036 111 21 framtiden

176 1065 63 20 deraf
252 1067 32 18 att
299 1065 216 27 lagstiftningsrätten
533 1065 128 21 oförändrad
676 1065 90 21 fortfar?

244 1093 63 20 Hvad
326 1094 47 20 äter
392 1095 65 26 angär
476 1093 157 27 kyrkotukten,
658 1094 64 20 hafva
744 1093 160 21 bestämmelser
918 1093 77 20 influtit

176 1122 64 20 redan
256 1121 6 20 i
278 1122 37 20 det
330 1122 81 27 förslag
432 1122 30 20 till
486 1122 105 28 kyrkolag
614 1129 44 14 som
679 1122 35 20 vid
730 1122 127 27 landtdagen
874 1122 50 20 ären
943 1122 51 20 1863

176 1150 39 21 och
231 1151 54 20 1864
301 1150 116 21 ständerna
438 1150 105 21 förelades
560 1151 5 20 i
582 1157 81 14 samma
681 1151 57 26 syfte
754 1157 45 14 som
815 1150 30 20 uti
861 1150 36 20 det
916 1150 34 19 vid
968 1157 27 12 nu

175 1178 110 27 pägäende
301 1178 102 27 landtdag
418 1179 30 20 till
464 1179 126 20 ständernas
606 1179 121 27 antagande
744 1178 158 21 öfverlemnade
917 1178 79 26 förslag

175 1207 31 20 till
222 1206 65 21 sädan
304 1207 40 26 lag.
376 1207 46 20 Den
439 1207 81 21 mindre
536 1207 178 28 bannlysningen,
731 1219 27 3 —
774 1206 220 26 excommunationen,

175 1235 52 20 eller
242 1235 129 28 rättigheten
387 1235 33 20 för
436 1235 131 28 kyrkorädet
583 1238 38 24 att,
639 1243 34 13 om
690 1236 68 27 nägon
776 1236 6 19 i
798 1235 150 26 församlingen
960 1241 34 13 an-

176 1264 60 27 säges
260 1263 102 21 förhärda
386 1264 32 27 sig
433 1263 5 21 i
455 1271 24 13 en
500 1264 112 27 uppenbar
635 1264 38 21 och
696 1264 63 21 allom
779 1263 89 28 veterlig
886 1263 53 27 synd
956 1263 38 20 och

175 1291 47 27 last,
238 1291 33 21 för
286 1291 86 21 hvilken
396 1292 39 20 han
457 1292 54 21 dock
529 1293 48 20 icke
598 1293 68 20 blifvit
685 1292 93 27 lagförd,
795 1292 38 21 och
850 1292 4 20 i
871 1291 65 21 andra
952 1292 42 19 sär-

175 1320 69 21 skilda
259 1320 35 20 fall
310 1321 26 25 få,
353 1322 58 19 utom
428 1327 67 14 annan
512 1321 88 27 påföljd,
617 1321 61 20 äfven
695 1321 94 20 förklara
804 1321 76 19 honom
892 1319 104 27 oskicklig

175 1350 31 18 att
223 1348 95 20 Herrans
342 1348 70 27 heliga
435 1349 99 20 nattvard
557 1349 64 27 begå,
644 1348 38 21 har
700 1349 21 27 ej
738 1349 5 19 i
759 1348 120 28 någondera
898 1348 22 20 af
933 1347 62 20 dessa

174 1376 80 28 förslag
269 1377 79 27 ingått,
372 1376 75 21 endast
470 1377 40 20 den
534 1377 67 20 under
617 1377 97 20 sistlidne
730 1378 23 19 år
768 1377 98 20 nedsatta
882 1376 112 20 revisions-

176 1405 87 25 komité,
288 1412 44 13 som
357 1405 54 20 hade
435 1406 32 26 sig
482 1405 121 28 uppdraget
622 1408 30 18 att
671 1406 94 27 granska
782 1405 25 20 de
823 1405 6 20 i
846 1404 113 26 anledning
974 1404 23 20 af

174 1434 147 20 förstnämnda
344 1434 80 26 förslag
439 1434 30 20 till
487 1434 105 27 kyrkolag
615 1434 80 26 afgifna
714 1433 172 27 anmärkningar,
902 1433 38 19 har
955 1433 39 20 till-

175 1462 69 27 styrkt
268 1462 39 20 den
332 1462 144 20 modifikation
491 1462 29 20 'af
537 1464 30 18 ett
587 1462 49 20 slikt
655 1462 67 26 bann,
742 1464 30 18 att
788 1469 25 13 en
831 1461 63 21 sådan
912 1461 82 20 felande
