1078 1678
846 61 40 20 119

92 115 39 20 och
142 114 150 28 tillkännagaf,
304 116 31 19 att
347 115 236 27 kyrkolagsutskottets
595 115 137 21 betänkande
742 115 67 21 skulle
820 116 31 20 till
862 116 50 21 fort-

92 145 42 18 satt
151 143 128 27 behandling
294 145 106 25 upptagas
416 143 35 20 vid
467 145 60 18 nästa
543 143 86 28 plenum
646 143 121 28 påföljande
782 144 47 27 dag.

161 170 59 21 Härå
236 171 103 21 åtskildes
355 171 96 20 ståndets
467 171 139 21 medlemmar
622 171 27 21 kl.
665 173 13 19 2
694 179 18 13 e.
728 179 26 13 m.

699 224 22 15 In
733 224 62 16 fidem:

613 268 72 21 Victor
701 269 25 20 de
742 268 21 20 la
779 267 103 30 Chapelle.

315 391 49 26 Den
383 391 27 26 10
429 391 71 34 April
517 392 34 25 kl,
569 391 27 25 11
615 391 16 26 £.
650 398 30 19 m.

158 454 121 20 Fortsattes
295 453 178 28 föredragningen
490 454 22 20 af:
526 454 234 27 kyrkolagsutskottets
774 454 136 21 betänkande

90 483 6 19 i
112 481 152 28 anledning'af
277 482 78 27 nädiga
370 482 161 27 propositionen
547 482 111 27 angäende
674 489 28 20 ny
718 482 104 28 kyrkolag
837 483 33 20 för
884 483 26 21 de

90 510 245 28 evangelisk-lutherska
350 510 176 27 församlingarne
541 511 6 20 i
563 511 83 26 landet,
670 510 100 21 hvarmed
785 511 67 21 under
862 512 47 26 gär-

90 539 79 27 dagens
185 539 85 27 plenum
286 539 86 20 hunnits
388 539 30 20 till
435 539 12 27 $
463 539 47 20 357.

173 568 10 26 8
200 567 112 20 359—386
328 569 88 25 antogos
431 569 52 18 utan
498 567 128 20 diskussion.

158 595 138 21 Beträffande
313 596 11 27 $
340 596 40 20 387
397 595 84 27 yttrade
493 595 39 28 sig:

157 623 58 21 Herr
230 630 48 14 von
294 624 77 20 Born:
395 623 84 28 Frägan
494 630 33 13 om
543 623 41 20 den
601 623 150 27 organisation,
767 623 140 28 domkapitlet

90 652 65 21 borde
178 652 80 21 erhälla
272 651 34 21 för
321 654 31 18 att
372 652 47 20 bäst
441 653 109 19 motsvara
572 651 37 20 sitt
631 651 103 27 ändamäl,
750 659 38 13 var
803 659 27 14 en
845 652 64 21 bland

89 680 55 27 dem,
161 687 45 13 som
222 680 133 28 vidlyftigast
371 680 39 20 och
426 681 75 26 nogast
524 679 146 21 behandlades
690 679 34 20 vid
740 682 84 18 senaste
840 680 68 21 landt-

89 708 47 28 dag.
167 708 104 28 Samtliga
287 708 89 20 ständen
392 708 103 20 stannade
511 707 28 21 dä
554 707 34 21 vid
605 707 41 21 den
662 707 152 28 öfvertygelse,
833 710 32 19 att
881 716 26 14 en

89 736 140 28 reformering
244 736 23 20 af
280 736 144 27 domkapitlen
444 742 50 14 vore
517 736 140 26 ovilkorligen
673 736 127 27 nödvändig,
816 736 40 21 och
871 744 36 14 an-

89 765 57 27 sägo,
163 765 28 27 pä
205 766 43 19 sätt
264 764 36 20 det
316 764 26 20 dä
358 764 121 27 uppgjorda
501 764 210 27 kyrkolagförslaget
733 764 62 20 äfven
815 767 93 25 upptog,

88 793 144 26 domkapitlen
249 793 51 20 böra
316 792 61 20 bestå
392 792 22 20 af
428 792 76 27 biskop
520 792 39 21 och
575 794 141 25 permanenta
727 792 124 27 ledamöter,
862 793 44 21 dels

87 821 155 27 kyrkoherdar,
263 820 45 20 dels
329 820 102 28 juridiskt
453 820 85 21 bildade
563 820 145 21 medlemmar.
738 820 66 21 Detta
827 821 81 28 förslag

87 850 45 20 står
147 849 66 21 också
227 849 7 19 i
249 848 119 28 fullkomlig
379 848 222 21 öfverensstämmelse
617 848 48 21 med
681 848 56 21 hvad
752 856 44 13 som
811 850 24 19 är
850 850 57 20 stad-

87 877 51 28 gadt
153 878 32 19 för
201 877 41 20 alla
257 876 66 21 andra
338 877 31 21 uti
383 877 46 20 vårt
443 877 50 20 land
513 877 110 27 befintliga
644 876 209 28 öfvermyndigheter
868 878 38 20 och

87 906 66 27 högre
168 905 154 27 församlingar.
354 905 28 21 Så
398 906 35 20 äro
449 907 14 19 t.
476 912 34 14 ex.
521 905 133 21 hofrätterna
666 905 156 27 organiserade,
834 905 27 21 de
871 906 35 21 be-

87 934 33 20 stå
135 933 23 21 af
171 940 26 14 en
213 940 73 20 preses
310 934 39 20 och
368 933 82 27 stadiga
467 934 124 21 ledamöter.
623 933 29 21 Sä
667 934 23 20 är
706 934 64 20 också
784 934 59 20 fallet
858 934 48 20 meä

87 962 50 20 våra
153 962 38 20 här
199 962 38 26 uti
253 962 158 20 hufvudstaden
428 962 109 27 befintliga
552 962 153 26 styrelseverk,
721 963 15 19 t.
752 968 33 14 ex.
796 962 110 21 tulldirek-

86 990 78 20 tionen.
194 989 70 21 Afven
288 990 26 20 de
337 990 154 27 myndigheter,
515 997 45 13 som
576 990 7 20 i
599 990 96 20 utlandet
711 991 36 19 äro
762 990 90 20 tillsatta
872 990 34 20 för

86 1017 108 22 ordnande
210 1018 23 20 af
246 1018 26 20 de
288 1017 98 28 kyrkliga
409 1018 217 27 angelägenheterna,
650 1019 37 19 äro
710 1017 149 28 organiserade
878 1019 28 26 på

86 1053 80 13 samma
182 1047 49 26 sätt;
248 1046 25 20 de
290 1046 60 21 bestå
365 1046 98 27 vanligen
479 1046 23 20 af
515 1053 27 14 en
559 1046 128 21 ordförande
703 1045 38 21 och
755 1046 83 27 stadiga
848 1046 57 21 leda-

85 1075 76 25 möter,
184 1074 184 27 konsistorialråd,
393 1075 70 20 såsom
479 1074 26 21 de
520 1074 39 21 der
575 1074 73 21 kallas.
679 1073 44 22 Det
745 1074 75 27 tyckes
839 1075 65 20 också

85 1109 52 14 vara
159 1102 131 27 nödvändigt
306 1104 32 19 att
356 1105 30 18 ett
405 1103 61 26 verk,
481 1103 127 26 isynnerhet
623 1104 32 19 ett
671 1102 100 27 kyrkligt,
788 1102 38 21 bör
841 1102 65 21 hafva

85 1137 26 14 en
127 1130 66 21 sådan
213 1130 154 27 organisation,
386 1131 33 20 för
437 1132 32 19 att
484 1131 47 20 icke
547 1131 68 20 sakna
630 1131 40 20 den
687 1130 73 21 dervid
775 1130 78 27 nödiga
868 1137 36 14 en-

85 1159 71 26 heten,
173 1159 28 26 på
216 1158 36 21 det
267 1161 31 18 att
314 1159 56 26 icke,
386 1166 33 13 om
436 1159 75 20 endast
527 1159 119 20 ledamöter
661 1159 33 20 för
709 1159 42 20 viss
767 1158 31 21 tid
807 1159 97 26 inkallas,

85 1187 191 27 rörelseprincipen
299 1187 34 20 må
355 1187 65 20 blifva
442 1187 71 21 alltför
536 1189 50 23 stor,
613 1187 40 20 och
676 1187 107 27 åsigterna
805 1186 36 21 det
864 1193 41 14 ena

85 1216 46 20 året
152 1215 72 21 afvika
245 1215 47 21 från
316 1215 25 21 de
364 1215 67 21 under
456 1215 36 21 det
512 1215 73 21 andra.
615 1215 73 27 Enligt
703 1215 42 20 min
761 1215 143 27 öfvertygelse

84 1243 68 20 finnas
167 1245 57 19 ännu
240 1244 76 27 många
332 1244 66 20 andra
409 1243 52 27 skäl,
477 1250 46 14 som
539 1243 43 21 tala
593 1245 57 26 emot
661 1243 107 28 förslaget,
782 1245 31 18 att
825 1243 79 27 kyrko-

84 1272 77 20 herdar
179 1271 45 21 från
241 1272 73 20 landet
332 1272 68 21 skulle
423 1271 88 22 inkallas
535 1272 31 20 till
589 1272 119 20 ledamöter
731 1272 29 20 uti
783 1271 119 27 domkapit-

84 1300 35 20 let.
150 1299 43 21 Det
209 1300 96 20 kommer
321 1302 31 19 att
368 1300 64 21 blifva
447 1300 86 27 mycket
557 1301 58 19 svårt
630 1300 33 20 för
679 1299 175 28 kyrkoherdarne
872 1301 32 19 att

84 1328 69 20 lemna
175 1328 82 26 landet,
278 1328 33 20 för
330 1330 32 18 att
377 1329 27 26 på
420 1330 32 18 tre
467 1329 35 19 års
517 1328 32 20 tid
564 1328 86 20 bosätta
666 1328 32 26 sig
713 1328 30 20 uti
759 1327 143 24 stiftsstaden,

84 1356 124 27 isyngerhet
224 1363 44 13 som
285 1356 27 21 de
327 1356 6 20 i
350 1356 25 20 de
392 1356 61 20 flesta
468 1356 36 20 fall
519 1356 87 20 komma
621 1357 31 19 att
668 1356 70 20 lemna
752 1356 46 20 sina
812 1355 92 27 familjer

84 1391 51 21 qvar
157 1385 28 26 på
207 1384 78 27 landet,
308 1386 8 18 ty
354 1386 31 19 att
409 1385 62 27 flytta
493 1384 49 20 med
566 1384 26 20 bo
611 1384 40 21 och
670 1384 70 27 bohag
755 1384 31 20 lär
804 1383 34 21 väl
855 1382 48 21 icke

84 1412 85 20 komma
184 1412 6 20 i
205 1412 67 28 fråga.
326 1419 26 14 an
368 1412 39 21 har
422 1414 42 19 sett
480 1414 40 22 att,
537 1412 26 21 då
578 1412 192 27 häradshöfdingar
786 1411 69 21 blifvit
872 1411 31 20 in-

83 1440 84 21 kallade
183 1440 69 21 såsom
269 1440 144 28 adjungerade
428 1440 5 20 i
449 1440 118 28 hofrätten,
583 1440 26 21 de
625 1440 59 21 alltid
700 1440 52 20 söka
765 1439 139 27 undandraga
