1078 1678
815 68 40 20 153

65 125 79 21 slutadt
161 125 47 27 krig
223 125 27 27 pä
264 125 46 20 half
323 125 46 20 sold
385 124 77 21 ställda
478 124 115 26 militären,
609 130 46 14 som
671 123 53 20 skall
740 130 52 13 vara
803 123 80 21 beredd

65 156 31 18 att
112 155 38 19 när
173 160 44 13 som
241 153 55 20 helst
318 153 46 20 åter
388 152 61 21 träda
464 154 23 18 ut
503 153 27 26 pä
545 152 160 27 stridsplatsen,
720 151 42 21 kan
778 151 105 28 svårligen

65 182 98 27 företaga
179 181 32 28 sig
226 181 116 28 någonting
357 181 32 20 till
405 181 37 20 sitt
457 180 34 20 lifs
508 180 113 27 bergning,
638 182 23 25 ty
676 179 54 21 hans
746 179 100 28 ställning
861 181 23 19 är

65 211 24 20 sä
105 210 84 26 osäker,
212 212 32 18 att
266 209 40 20 han
326 211 38 18 när
383 216 45 14 som
444 209 55 20 helst
514 209 42 20 kan
572 207 163 22 kommenderas
750 208 54 20 bort.
833 207 50 21 Han

65 239 42 20 kan
123 238 90 20 insättas
228 238 6 19 i
250 238 72 27 möjlig
337 238 91 25 vakans,
445 237 67 20 ehuru
528 237 36 20 det
579 238 24 19 är
618 236 118 27 sannolikt,
746 238 32 19 att
788 236 42 21 han
847 236 37 20 bra

65 267 63 27 länge
144 267 32 20 får
193 266 67 21 svälta
276 267 27 26 pä
318 265 189 28 indragningsstat.
538 265 51 20 Icke
605 271 38 21 ger
660 271 48 14 man
723 265 78 20 honom
816 271 67 22 gerna

65 296 70 26 någon
153 294 252 27 kommunalbefattning,
416 294 63 27 ingen
492 294 65 27 tjenst
573 293 26 27 pä
610 293 93 21 civilstat
714 293 41 20 kan
767 293 39 21 han
818 300 67 21 gerna

66 324 31 25 få,
114 324 23 20 sä
153 325 32 18 att
200 322 52 20 hans
269 323 99 27 ställning
384 323 40 19 blir
440 323 5 19 i
462 321 115 21 allmänhet
587 321 83 27 ganska
681 321 55 20 klen.
756 321 49 21 Men
816 321 68 21 skulle

66 351 41 21 han
123 350 108 28 verkligen
248 350 20 21 få
284 351 44 20 half
348 350 57 26 sold,
428 350 80 20 hälften
525 350 23 20 af
562 350 52 20 hans
630 348 113 28 uppburna
758 350 126 20 löneförmä-

67 386 44 20 ner,
133 380 27 20 dä
182 379 69 20 skulle
271 379 38 26 jag
332 378 55 21 ändä
402 378 112 27 ingenting
529 380 61 25 säga,
606 380 23 24 ty
645 378 156 20 statsintresset
816 378 68 20 mäste

65 407 39 21 här
127 407 62 21 äfven
207 407 100 27 skyddas.
338 407 42 26 Jag
395 406 129 21 förbehåller
539 407 44 26 mig
599 406 55 21 ändå
670 407 31 19 att
716 405 21 21 få
752 405 74 21 förena
841 405 43 49 mig

66 436 49 21 med
131 436 40 20 den
187 437 93 25 antagna
295 435 120 27 principen,
432 436 32 19 att
479 435 92 20 militära
586 435 129 26 tjenstemän
730 434 7 20 i
753 434 36 21 två
803 435 35 20 års
853 433 15 21 ti

66 464 60 21 skola
141 464 22 20 få
177 463 46 20 sina
238 463 163 27 löneförmåner,
417 463 76 20 liksom
504 463 62 20 civila
577 463 183 26 tjenstemännen,
771 464 55 19 samt
837 462 46 21 der-

66 492 55 20 efter
136 492 55 20 helst
207 491 45 21 half
265 491 46 21 sold
326 491 39 21 och
381 491 47 21 icke
444 493 31 18 ett
491 491 74 27 anslag
578 490 150 21 motsvarande
740 490 33 21 hel
784 490 99 27 pension,

66 520 87 21 hvilken
168 522 23 18 är
207 520 85 27 mycket
309 520 81 20 mindre
406 521 26 19 än
448 519 47 20 half
508 519 55 27 sold,
579 521 24 25 ty
620 526 26 13 en
662 519 92 27 kaptens
768 518 51 21 fulla
833 525 51 20 pen-

66 549 45 20 sion
128 549 62 26 utgör
207 549 47 25 500,
271 555 25 14 en
312 548 171 27 underlöjtnants
499 548 48 26 300,
563 554 27 14 en
605 547 82 20 fänriks
704 547 39 21 190
754 547 65 20 rubel.
840 546 43 21 Det

66 578 23 19 är
105 577 36 20 det
156 577 80 27 anslag,
252 583 45 14 som
314 577 40 20 han
370 575 72 22 kunde
457 576 22 21 få
494 576 36 20 två
545 576 24 20 år
583 575 56 21 efter
654 575 36 21 det
706 575 94 28 tjensten
816 575 68 20 blifvit

66 604 110 28 indragen.

135 633 56 21 Herr
207 633 152 26 Schauman,
375 633 20 20 J.
407 633 34 20 A.:
457 632 83 21 Genom
555 632 120 27 gårdagens
691 632 70 21 beslut
776 631 59 22 öfver
851 632 10 27 8
872 632 12 20 2

66 661 61 21 torde
143 662 70 20 denna
227 662 59 26 fråga
302 668 50 14 vara
368 661 90 27 afgjord.

135 690 79 20 Grefve
232 689 124 21 Aminoff:
380 689 42 27 Jag
440 688 151 28 understödjer
610 688 7 21 i
633 688 41 21 alla
690 688 58 21 delar
762 688 55 21 hvad
836 688 49 21 herr

67 724 40 14 von
119 718 146 20 Nandelstadh
280 720 74 25 yttrat.
386 717 43 21 Det
445 717 70 21 blefvé
527 717 86 27 mycket
624 717 128 27 betänkligt,
763 724 35 14 om
808 717 76 26 ifråga-

67 746 92 21 varande
171 748 95 18 moment
281 746 23 20 af
317 746 11 26 &
344 747 13 19 4
372 748 97 25 antoges.
499 745 12 21 I
526 745 101 21 händelse
643 745 48 27 krig
706 745 91 24 utbröte,
813 744 71 22 blefve

67 774 36 21 det
119 775 58 20 svårt
192 776 32 18 att
239 775 21 19 få
275 774 86 27 dugliga
376 774 122 26 officerare,
515 774 82 26 hvilka,
615 780 35 14 om
666 776 92 24 truppen
773 773 110 27 upplöstes

67 802 55 21 efter
136 802 80 28 kriget,
237 802 55 20 hade
310 804 32 18 att
360 802 98 21 förvänta
473 802 32 27 sig
521 802 24 20 så
561 803 45 19 små
624 802 108 20 förmåner
746 801 40 21 och
801 801 83 27 derige-

67 838 49 13 nom
134 838 51 13 vore
204 830 158 22 underkastade
382 832 31 19 att
431 831 86 20 komma
532 830 32 21 till
580 837 26 14 en
623 830 86 28 mycket
724 829 105 22 nödställd
848 829 37 21 be-

67 859 106 27 lägenhet.

135 887 56 21 Herr
202 887 120 27 Pipping,
333 887 91 21 Fridolf:
441 887 34 21 Då
485 894 77 21 genom
575 887 126 27 voteringen
712 887 6 21 i
729 887 38 27 går
777 886 60 22 öfver
847 887 12 27 8
870 888 13 20 2

68 916 108 26 principen
193 916 109 27 angående
318 916 26 20 de
360 916 92 20 militära
468 916 139 27 tjenstemän,
627 915 72 21 hvilka
718 915 88 21 omtalas
821 915 7 21 i
843 916 12 26 $
870 916 13 20 3

66 944 7 20 i
89 943 40 21 den
145 944 78 27 nådiga
238 944 160 27 propositionen
414 944 39 20 och
469 944 12 26 8
497 945 13 19 4
525 944 6 20 i
547 944 117 20 utskottets
681 943 144 27 betänkande,
840 944 44 20 mä-

67 974 33 18 ste
116 979 61 13 anses
194 972 64 20 redan
274 979 52 13 vara
340 974 103 25 antagen,
460 972 23 20 så
498 974 23 18 är
537 978 34 14 om
587 972 74 20 skälen
673 972 80 26 dertill,
764 972 66 27 enligt
840 972 44 20 min

67 1000 71 26 tanke,
155 1000 110 27 ingenting
280 1000 72 20 vidare
368 1002 32 18 att
416 1000 61 26 orda,
493 1000 68 21 ehuru
576 1000 125 27 visserligen
717 1002 31 18 ett
761 1000 39 21 och
811 1000 74 27 hvarje

67 1028 60 20 torde
143 1028 73 21 kunna
232 1028 111 21 anmärkas
359 1030 44 19 mot
415 1028 41 21 den
468 1028 75 21 mörka
554 1028 93 27 målning
661 1035 46 14 som
717 1028 49 21 herr
776 1034 41 15 von
827 1027 57 21 Nan-

68 1056 98 21 delstadh
181 1056 39 20 har
234 1056 121 27 uppdragit.
379 1056 50 21 Men
444 1056 68 21 skulle
528 1056 40 21 den
584 1056 66 21 andra
661 1057 12 26 8
684 1063 62 14 anses
761 1062 52 15 vara
825 1057 59 20 anta-

66 1091 41 20 gen
119 1084 62 21 äfven
193 1084 31 20 till
235 1084 149 27 redaktionen,
394 1085 24 20 sä
426 1084 68 21 skulle
505 1084 63 21 deraf
576 1085 61 27 följa,
648 1087 32 18 att
688 1084 55 27 3:dje
752 1083 39 22 och
799 1084 48 21 4:de
858 1084 26 27 $$

66 1113 6 19 i
85 1112 43 25 den
145 1112 78 27 nådiga
240 1113 160 26 propositionen
420 1113 62 20 äfven
498 1112 70 21 blifvit
583 1112 97 28 afgjorda
695 1114 51 19 utan
762 1111 124 29 fullständig

67 1140 130 27 diskussion,
209 1141 66 20 ehuru
289 1141 49 20 herr
346 1148 40 13 von
396 1140 148 30 Nandelstadh
557 1141 38 20 och
607 1141 53 21 flera
671 1141 65 20 andra
746 1140 139 21 medlemmar

66 1169 121 20 förbehållit
210 1169 32 27 sig
264 1169 61 20 ordet
343 1169 7 20 i
367 1169 140 21 förevarande
531 1170 68 19 ämne.
629 1169 43 28 Jag
694 1171 44 18 tror
753 1171 32 18 att
799 1169 85 20 ståndet

66 1197 47 20 icke
129 1197 34 20 vill
180 1198 55 19 sätta
252 1197 32 27 sig
300 1199 57 18 emot
372 1200 32 18 att
420 1197 40 21 den
477 1197 91 27 princip,
584 1197 85 20 hvilken
686 1197 93 27 antagits
798 1197 34 20 vid
848 1204 36 13 vo-

66 1225 96 27 teringen
186 1225 110 27 angående
313 1226 11 26 &
340 1226 22 25 2,
387 1233 27 13 nu
430 1225 80 21 införes
525 1225 7 20 i
548 1225 41 21 den
605 1225 23 21 af
641 1226 107 20 utskottet
762 1225 122 28 föreslagna

66 1254 12 26 $
94 1254 23 25 4,
131 1253 38 20 der
184 1253 36 20 det
235 1253 87 27 mycket
338 1255 38 19 lätt
391 1254 55 20 låter
461 1254 32 27 sig
507 1255 52 26 göra
575 1255 32 19 att
623 1254 55 20 efter
693 1254 65 20 orden
775 1270 11 9 ,,
788 1254 96 27 uppbära

66 1281 114 27 inkomst*',
196 1289 45 13 som
258 1281 67 21 finnas
341 1283 27 26 på
384 1282 69 27 tredje
466 1282 64 20 raden
547 1282 96 21 nedifrån
654 1282 7 20 i
674 1284 52 19 1:sta
736 1283 117 20 momentet
863 1282 23 20 af

65 1309 57 28 3:dje
138 1310 11 27 &
166 1311 6 19 i
188 1309 39 21 den
243 1310 77 27 nådiga
336 1311 171 26 propositionen,
531 1310 69 21 införa
623 1311 69 24 ,efter
710 1317 80 14 samma
805 1310 78 27 grund,

66 1344 45 14 som
128 1338 68 20 blifvit
211 1338 6 20 i
234 1338 11 26 &
261 1339 12 19 2
288 1338 34 20 för
337 1339 62 19 civila
422 1339 129 26 tjenstemän
571 1338 119 20 bestämd.
721 1338 40 21 Om
777 1338 107 27 åtskilliga

65 1366 67 20 andra
155 1366 158 26 bestämningar
328 1366 6 20 i
351 1367 11 26 8
379 1367 13 19 2
407 1366 39 21 har
462 1367 64 26 ingen
549 1366 121 21 diskussion
685 1366 112 27 förefallit,
813 1366 70 20 såsom

65 1396 14 18 t.
97 1400 34 14 ex.
147 1396 31 18 att
193 1394 164 27 ifrägavarande
372 1394 93 21 militära
480 1395 129 26 tjenstemän
625 1396 36 19 äro
677 1394 99 28 skyldiga
791 1396 31 18 att
837 1394 46 20 äter

65 1422 62 20 träda
141 1423 6 19 i
164 1422 64 28 tjenst
245 1422 35 20 vid
295 1422 127 21 inträffande
439 1422 70 21 behof.
539 1422 43 28 Jag
597 1422 69 21 skulle
680 1422 85 21 derföre
776 1421 107 27 tillstyrka

65 1452 31 18 att
111 1450 12 26 &
139 1451 23 26 4,
178 1451 70 20 såsom
264 1450 106 21 utskottet
385 1450 120 28 föreslagit,
521 1450 124 28 godkännes
660 1451 8 20 i
683 1450 74 28 öfrigt,
770 1456 49 16 men
834 1449 48 21 med
