1078 1678
199 70 40 20 232

173 128 32 19 att
223 126 59 21 ökas.
313 126 35 20 Må
366 125 36 21 det
421 125 25 21 då
468 132 49 13 vara
539 125 165 27 församlingens
724 125 102 26 rättighet
848 127 31 18 att
898 124 111 27 frivilligt
1001 120 12 36 -

173 155 50 26 ingå
243 154 73 27 derpå.
347 154 79 21 Vidare
445 154 37 19 har
501 153 49 20 herr
568 160 40 13 von
629 153 58 20 Born
707 153 108 26 anmärkt,
837 155 31 18 att
886 152 107 21 komitöns

173 183 90 26 förslag,
280 189 45 14 som
340 182 68 20 finnes
419 182 80 27 bilagdt
510 181 41 21 den
562 181 79 28 nådiga
651 181 171 28 propositionen,
833 181 47 20 icke
891 181 27 27 på
929 181 65 27 något

175 213 42 18 sätt
236 211 68 20 skulle
323 211 88 26 bidraga
429 212 30 18 att
476 211 73 26 jemna
565 210 121 27 aflöningen
703 209 26 20 de
746 209 56 21 olika
816 209 177 28 församlingarne

174 239 96 20 emellan.
302 239 43 20 För
363 239 42 20 min
424 238 33 21 del
476 239 40 19 kan
533 239 38 26 jag
590 238 47 21 icke
656 238 58 20 finna
733 240 31 18 att
780 237 36 21 det
831 238 23 20 af
867 238 126 27 regeringen

173 267 119 26 framlagda
302 267 137 27 lagförslaget
449 266 120 27 upphäfver
579 266 71 21 denna
660 266 116 27 ojemnhet.
797 265 136 22 Beträffande
945 267 49 20 herr

175 302 40 13 von
231 295 71 20 Borns
318 295 125 27 påstående,
459 297 30 18 att
505 295 36 20 det
561 301 51 14 vore
631 295 121 26 olämpligt,
769 301 34 14 om
822 301 25 14 en
866 296 60 26 prest
945 294 48 21 icke

175 323 70 20 kunde
261 323 105 27 beräkna,
382 323 53 20 huru
452 323 86 27 mycket
554 323 42 20 han
615 323 71 20 kunde
706 323 81 20 erhålla
802 323 6 19 i
824 323 92 27 aflöning
936 323 56 19 inom

175 351 162 27 församlingen,
353 352 31 20 till
399 351 51 27 följd
466 351 62 20 deraf
541 353 32 19 att
589 351 40 20 den
646 351 42 20 kan
704 351 40 20 till-
761 351 50 20 eller
822 351 81 27 aftaga,
915 351 23 19 så
948 353 46 18 tror

173 380 48 27 jag,
237 380 43 20 lika
295 380 49 20 med
360 380 48 20 herr
424 379 163 28 Björkenheim,
603 381 32 19 att
650 379 47 21 icke
708 380 24 20 så
743 379 122 27 synnerliga
876 378 116 21 förändrin-

175 415 38 20 gar
227 408 6 19 i
250 407 123 21 densamma
389 407 66 21 skulle
471 407 95 27 inträffa,
582 414 50 14 men
648 407 62 20 äfven
727 414 34 13 om
778 408 75 20 sådant
868 407 90 26 skedde,
970 408 24 19 så

175 438 24 18 är
214 436 33 20 väl
263 436 73 27 troligt
352 438 31 18 att
398 435 149 28 folkmängden
563 436 94 27 tilltager
673 435 40 21 och
724 437 122 26 presternes
857 435 93 27 aflöning
961 435 31 20 så-

175 464 59 20 ledes
246 464 52 20 ökas
309 464 38 20 och
359 464 47 20 icke
416 464 99 20 minskas.
539 464 48 21 Med
599 471 26 13 en
637 464 55 20 ökad
703 463 124 28 folkmängd
838 464 52 20 ökas
901 465 91 26 prester-

175 493 88 26 skapets
279 492 74 21 arbete
369 492 39 21 och
424 492 47 21 dess
490 493 119 27 ersättning
625 492 78 21 derför.
734 491 64 22 Hvad
814 492 48 21 herr
878 499 40 14 von
935 492 57 21 Born

175 520 99 28 föröfrigt
296 521 67 26 anför,
382 521 66 20 måste
464 521 39 27 jag
521 528 87 13 snarare
627 527 51 14 anse
697 521 43 20 tala
759 521 32 20 för
807 523 30 18 ett
853 521 139 26 afstyrkande

176 549 22 20 af
211 549 42 20 den
271 549 77 27 nådiga
363 549 168 27 propositionen,
550 553 23 24 ty
588 549 50 20 herr
654 556 40 13 von
711 549 58 20 Born
786 551 61 25 säger
863 551 31 18 att
910 549 19 20 vi
946 549 47 20 icke

177 577 26 26 på
220 577 62 26 länge
299 577 63 20 hafva
381 579 31 18 att
431 580 68 17 motse
518 584 25 13 en
560 585 28 20 ny
605 578 44 26 lag,
665 584 35 13 om
714 577 20 20 vi
751 577 52 20 afslå
819 577 36 21 det
871 577 121 21 nuvarande

175 605 108 27 förslaget.
314 605 42 28 Jag
374 605 41 20 kan
433 605 47 21 icke
499 605 57 21 finna
571 607 32 19 att
619 605 36 21 det
670 607 24 19 är
710 612 26 13 en
752 605 67 21 fördel
834 608 31 18 att
880 605 22 21 få
916 612 26 14 en
959 606 34 27 lag

177 640 43 13 som
237 635 23 18 är
276 635 69 19 sämre
360 635 26 18 än
402 633 40 21 den
458 641 47 13 man
521 633 44 24 har.

244 661 58 20 Herr
317 661 103 26 Linder,
436 661 33 21 E.:
485 662 42 26 Jag
543 662 53 20 skall
613 662 52 20 söka
677 663 86 19 bemöta
774 663 48 19 herr
832 669 40 14 von
885 662 107 20 Kremers

176 688 109 28 yttrande,
301 691 31 18 att
348 689 35 21 det
398 689 47 21 icke
462 696 50 14 vore
529 696 25 14 en
571 690 112 26 orättvisa,
700 697 34 13 om
751 690 40 21 den
806 691 46 19 frän
866 690 78 28 jorden
960 693 32 17 ut-

176 717 82 26 gäende
277 718 179 26 prestaflöningen
477 718 68 20 skulle
564 718 76 27 inflyta
658 718 32 20 till
707 720 77 19 staten.
815 718 40 21 Om
871 721 70 18 staten
957 726 35 13 an-

176 745 108 20 använder
299 745 69 20 denna
383 745 92 21 inkomst
484 746 33 20 för
529 748 32 18 att
572 747 71 20 aflöna
653 747 37 20 det
701 747 110 20 lutherska
823 747 169 27 presterskapet,

176 773 23 20 sä
215 773 69 21 blefve
301 773 35 20 det
352 780 26 13 en
394 774 100 20 orättvisa
509 774 31 21 till
557 775 40 20 den
614 774 32 21 del
665 775 68 21 andra
753 775 168 21 trosförvandter
938 775 54 20 hade

176 801 67 27 erlagt
266 801 129 21 densamma.
426 802 114 20 Använder
563 805 70 18 staten
653 803 39 21 den
714 804 33 20 för
766 804 65 20 andra
847 803 107 27 ändamål,
969 804 23 19 sä

176 829 20 20 få
211 829 177 27 församlingarne
405 830 26 26 pä
444 832 64 18 annat
520 832 42 19 sätt
574 832 51 20 söka
637 834 31 18 att
680 832 89 27 bidraga
780 832 30 20 till
822 832 170 28 presterskapets

176 858 93 26 aflöning
288 858 40 20 och
346 858 79 27 följden
445 858 39 20 blir
499 861 30 17 att
549 860 111 20 skatterna
678 860 94 20 förökas.
802 860 42 28 Jag
863 860 67 20 mäste
946 860 46 20 der-

176 886 44 20 före
243 886 92 20 vidhålla
358 886 40 20 den
417 886 65 28 äsigt,
500 889 31 18 att
550 888 174 27 presterskapets
745 889 93 27 aflöning
860 888 65 21 borde
941 890 51 26 utgå

176 914 54 20 efter
245 914 139 27 persontalet.

244 942 99 21 Friherre
362 942 29 20 de
410 942 22 21 la
451 942 130 28 Chapelle:
601 944 42 28 Jag
660 947 37 19 vet
712 946 48 20 icke
776 945 85 21 hvilken
877 945 117 21 auktoritet

173 970 38 27 jag
233 977 58 14 mera
310 970 54 21 skall
382 972 40 25 tro,
440 971 49 20 herr
509 978 41 14 von
570 972 116 21 Bonsdorff
702 974 52 20 eller
773 973 71 21 Botin.
874 973 64 21 Botin
955 974 39 20 har

176 999 30 19 uti
226 999 31 19 sin
277 998 133 27 beskrifning
426 1006 34 13 om
476 1000 91 20 svenska
586 1001 98 20 hemman
701 1002 110 27 redogjort
827 1002 32 20 för
874 1002 26 20 de
916 1002 77 20 förhäl-

176 1026 86 26 landen,
284 1033 45 14 som
354 1026 34 21 vid
411 1027 110 21 Westerås
543 1028 88 27 riksdag
654 1029 54 26 egde
727 1037 52 13 rnm.
810 1029 49 22 Han
879 1031 61 26 säger
961 1032 32 18 att

177 1054 79 21 Gustaf
272 1054 10 21 I
301 1055 91 20 behöfde
412 1055 26 20 all
457 1056 31 20 sin
507 1057 150 27 statsslughet,
676 1057 34 20 för
728 1060 31 18 att
775 1058 37 20 hos
827 1059 115 20 ständerna
958 1065 35 20 ge-

176 1083 96 20 nomföra
287 1083 103 27 förslaget
406 1090 32 14 om
455 1084 24 20 de
496 1084 85 28 andliga
597 1085 91 27 godsens
705 1085 119 21 reduktion.
850 1086 43 21 Det
909 1093 36 14 var
961 1087 31 20 sä-

176 1111 58 20 ledes
253 1111 113 27 konungen
386 1118 45 13 som
449 1113 127 26 genomdref
593 1113 143 21 reduktionen
753 1115 133 26 naturligtvis
902 1115 34 20 vid
952 1115 40 20 den

176 1139 116 26 pästäende
311 1139 120 28 riksdagen.
463 1141 63 20 Botin
545 1141 91 28 redogör
654 1142 63 20 äfven
736 1142 34 20 för
785 1142 54 21 hvad
855 1143 30 20 till
902 1145 91 24 prester-

176 1167 87 26 skapets
286 1167 94 28 aflöning
398 1168 35 20 vid
454 1169 66 26 sagda
542 1170 83 21 tillfälle
648 1170 92 27 anslogs.
771 1170 68 21 Innan
861 1171 69 20 denna
952 1171 42 20 för-

176 1195 87 26 fattare,
280 1203 45 13 som
340 1196 58 27 gjort
414 1197 31 26 sig
461 1197 55 20 känd
533 1205 45 13 som
595 1198 132 27 sannfärdig,
739 1198 40 21 blir
790 1199 124 27 vederlagd,
926 1200 68 20 måste

174 1223 37 27 jag
226 1225 33 18 tro
275 1225 27 26 pä
318 1224 84 21 honom.
427 1225 61 20 Hvad
505 1226 102 21 beträffar
623 1227 47 20 herr
687 1233 40 14 von
743 1227 124 20 Bonsdorffs
878 1228 116 26 pästäende

177 1253 30 18 att
222 1252 99 20 tertialen
337 1253 63 26 utgär
412 1253 60 26 efter
488 1253 67 28 skaft,
573 1255 23 20 sä
612 1255 68 20 mäste
701 1255 39 27 jag
760 1255 102 21 anmärka
882 1257 32 18 att
934 1255 58 21 detta

177 1281 22 18 är
216 1279 59 21 fallet
294 1280 76 21 endast
385 1281 5 20 i
408 1281 149 28 Österbotten,
578 1290 49 13 men
647 1285 31 18 att
697 1283 87 20 tionden
805 1283 97 21 öfverallt
918 1291 74 13 annor-

176 1307 71 21 städes
262 1308 7 20 i
285 1307 90 22 Finland
394 1311 86 26 utgöres
499 1311 55 20 efter
569 1311 68 20 skedd
646 1307 177 32 'skattläggning,
840 1311 105 28 nemligen
962 1313 31 19 sä-

176 1335 70 21 kallad
261 1336 177 28 tiondesättning,
454 1338 85 20 hvilken
556 1339 65 20 likväl
637 1339 47 21 icke
701 1340 59 19 alltid
779 1341 54 19 varit
849 1341 12 19 &
876 1340 117 20 säterierna

175 1363 87 27 utförlig
278 1364 39 20 och
332 1364 85 27 formel,
431 1367 50 19 utan
497 1366 44 21 ofta
557 1368 94 26 antagits
666 1368 55 20 efter
735 1368 79 20 mantal
825 1368 51 20 eller
886 1368 107 20 öfverens-

176 1392 122 28 kommelse.
328 1392 42 28 Jag
394 1394 66 20 måste
483 1398 78 24 antaga
584 1398 32 18 att
636 1403 25 13 en
682 1396 52 20 hvar
753 1396 86 28 medger
858 1396 36 20 det
912 1396 81 21 tionde-

175 1420 95 27 sättning
285 1420 65 21 också
366 1423 22 18 är
404 1428 25 14 en
445 1422 168 29 skattläggning.

242 1448 59 21 Herr
317 1448 138 22 Molander:
471 1450 32 22 Pä
519 1453 43 19 sätt
577 1452 85 20 ständet
679 1452 88 27 känner,
783 1453 83 20 anhöllo
878 1452 115 22 ständerna
