1078 1678
179 77 42 21 436

151 134 30 21 uti
199 133 44 21 öfre
260 132 126 21 Satakunda
400 132 117 21 medledels
532 132 68 21 härad
616 131 22 22 af
654 125 49 28 Åbo
720 132 34 21 län
770 132 99 22 behållna
884 133 92 20 rökarne

154 162 110 27 upptagits
280 161 32 21 till
328 162 55 20 5262
399 161 39 21 och
453 161 114 21 afkortade
583 161 31 20 till
631 161 77 21 endast
723 161 41 20 402
781 161 70 20 rökar.

221 191 11 20 I
248 189 115 22 allmänhet
382 196 63 21 synes
461 189 26 21 de
505 189 31 21 tid
551 189 54 21 efter
621 196 70 14 annan
707 189 103 21 utkomna
825 189 151 28 författningar

153 226 34 14 om
203 219 105 27 lagmans-
326 218 39 20 och
380 217 257 28 häradshöfdingeräntan
654 220 54 18 samt
724 217 186 29 tingsgästningen
926 219 51 26 föga

153 247 63 21 hafva
232 246 100 21 inverkat
347 246 28 27 pä
390 246 62 21 dessa
467 246 97 27 afgifters
579 246 130 27 utgörande;
725 247 15 19 t.
757 253 33 13 ex.
807 247 30 20 uti
853 246 123 27 Raseborgs

153 277 72 19 vestra
248 274 68 21 härad
332 274 130 27 (Raseborgs
478 275 111 27 domsaga)
605 277 107 25 upptagas
728 274 99 21 behållna
846 275 91 20 rökarne
953 275 24 20 år

155 304 60 25 1857,
232 303 20 20 d.
268 309 20 14 v.
304 310 16 13 s.
337 303 36 20 allt
392 303 45 20 före
458 303 53 21 1858
527 304 34 19 års
577 303 130 27 kungörelse
723 303 85 25 utkom,
827 303 32 20 till
874 304 62 26 2567,
954 304 22 19 år

155 332 54 20 1864
224 331 32 21 till
272 332 62 26 2581,
351 333 55 19 samt
421 331 66 27 enligt
503 332 54 20 1865
568 331 34 20 års
613 331 169 27 mantalslängd,
798 338 45 14 som
854 333 122 25 upprättats

155 360 67 27 enligt
245 359 26 21 de
294 366 77 21 genom
394 359 53 27 kejs.
463 360 84 20 brefvet
571 360 54 20 1865
645 359 40 21 den
703 360 9 20 1
730 359 51 21 Juni
797 360 113 20 faststälda
934 366 42 21 nya

153 388 103 21 formulär
272 388 32 20 till
320 388 54 20 2597
391 388 96 20 behållna
502 388 71 20 rökar.

222 415 59 22 Herr
296 423 48 13 von
360 415 171 22 Willebrand:
547 416 43 27 Jag
605 416 38 21 ber
658 418 42 24 att,
717 416 23 20 så
755 415 87 28 mycket
858 417 25 19 än
899 416 76 27 ifråga-

153 444 94 21 varande
262 444 78 27 nådiga
354 445 132 26 proposition
501 446 23 19 är
539 444 133 21 fremmande
684 444 32 21 för
727 445 43 20 min
781 444 139 27 förvaltning,
935 445 41 20 lik-

154 473 35 20 väl
203 473 21 20 få
239 473 57 20 fästa
312 473 96 20 ståndets
426 472 190 28 uppmärksamhet
632 473 77 26 derpå,
726 474 32 19 att
773 473 117 20 utskottets
901 473 74 20 betän-

153 501 81 26 kande,
251 507 34 14 om
302 501 36 20 det
353 503 99 25 antages,
469 501 95 21 kommer
580 503 32 18 att
627 501 71 20 inleda
717 501 85 20 ståndet
818 501 6 20 i
840 503 30 18 ett
886 504 44 17 mot
946 501 29 20 lo-

154 530 37 27 gik
207 529 109 21 stridande
338 529 76 20 beslut.
444 529 46 21 Här
513 529 38 21 har
571 536 26 14 en
617 529 52 21 ärad
690 529 68 21 talare
776 529 57 20 förut
854 529 54 21 både
924 530 6 20 i
946 530 29 20 tal

154 558 39 21 och
210 558 134 20 reservation
359 558 110 20 framvisat
485 558 52 20 huru
554 557 86 21 ståndet
656 557 36 21 vid
708 558 70 20 denna
794 557 101 28 landtdag
911 558 5 20 i
928 558 45 20 sina

155 587 69 20 beslut
239 588 94 25 motsagt
349 586 32 27 sig
396 586 6 20 i
418 586 55 20 förut
489 588 93 25 antagna
598 586 112 27 principer,
722 587 40 19 och
773 586 119 27 säkerligen
907 586 68 20 skulle

155 615 60 20 fallet
230 614 66 21 blifva
312 614 76 21 sådant
403 621 37 18 nu,
457 621 33 14 om
507 615 85 20 ståndet
608 616 78 26 antoge
702 615 117 20 utskottets
834 614 141 24 betänkande,

155 643 76 20 sådant
247 643 36 20 det
299 649 28 14 nu
343 644 29 19 är.
402 642 43 27 Jag
460 643 86 20 förenar
562 643 43 27 mig
619 643 8 20 i
643 643 41 20 allo
699 643 49 20 med
763 643 55 20 hvad
835 643 40 20 den
889 644 86 19 senaste

156 672 92 25 talaren,
265 671 49 19 herr
330 671 115 27 Stjernvall
460 673 77 25 yttrat,
553 671 126 27 isynnerhet
694 671 48 19 med
754 671 100 21 afscende
865 672 12 19 å
888 671 40 20 den
940 671 34 20 fri-

158 700 37 20 het
210 700 46 20 från
271 699 127 27 deltagande
414 700 6 19 i
435 699 196 27 tingsgästningens
648 699 128 27 utgörande,
793 706 45 14 som
853 699 69 21 skulle
933 699 41 20 för-

157 728 94 20 behållas
268 728 123 20 säterierna.
421 728 34 20 Då
470 728 196 27 tingsgäsiningen,
683 728 70 20 såsom
770 728 94 27 tydligen
878 727 98 21 bovisadt

155 758 30 24 är,
200 756 47 20 icke
264 757 24 19 är
303 762 26 14 en
345 756 28 26 på
386 755 75 27 jorden
477 756 99 20 hvilande
593 756 67 26 skatt,
676 758 52 18 utan
745 756 108 27 personel,
869 756 24 20 så
907 756 68 20 finnes

155 786 57 19 ännu
227 784 83 20 mindre
326 784 46 20 skäl
387 784 33 20 för
435 784 128 21 säteriernas
579 784 121 26 befriande,
716 785 26 19 än
759 786 31 19 att
805 784 73 27 adeln,
889 784 85 20 hvilken

155 813 57 20 förut
227 812 136 21 uteslutande
379 812 104 21 innehade
499 813 96 25 säterier,
617 812 69 21 skulle
702 820 40 19 ega
758 815 31 18 ett
805 812 69 21 forum
890 812 86 28 privile-

155 841 87 27 giatum.
274 840 34 21 Då
323 840 128 21 säteriernas
467 841 138 21 innehafvare
621 841 47 20 icke
684 840 92 21 behöfde
792 840 66 28 draga
874 842 45 19 sina
933 841 42 20 mål

155 869 67 21 under
246 869 160 20 häradsrättens
429 869 168 27 handläggning,
623 870 23 20 så
661 876 39 13 var
716 869 36 21 det
767 869 56 20 klart
839 871 31 19 att
886 869 26 21 de
928 869 47 21 icke

155 897 91 21 behöfde
262 897 70 21 dertill
349 897 94 27 bidraga.
473 897 46 27 Nu,
531 898 28 20 då
569 898 86 20 ståndet
670 897 94 27 frångått
780 898 36 20 sitt
831 898 69 20 forum
911 898 63 26 privi-

154 926 110 27 legiatum,
289 932 51 14 vore
355 926 37 20 det
408 926 91 27 ologiskt
515 928 30 18 att
560 926 58 26 icke,
642 926 75 20 liksom
734 926 42 20 alla
792 926 73 27 andra,
889 926 86 27 deltaga

154 955 6 19 i
177 954 123 21 aflönandet
315 954 23 20 af
352 954 100 20 domaren
468 954 39 20 och
523 954 189 28 domarckorpsen.
744 954 62 21 Huru
817 954 76 28 vigtigt
904 954 36 20 det
952 956 23 18 är

155 985 32 18 att
210 983 53 20 hvar
279 982 39 21 och
334 989 25 13 en
376 982 149 21 kontribuerar
543 983 32 20 till
595 982 187 21 domaremaktens
801 983 121 26 underhäll,
939 983 35 20 be-

154 1011 75 20 höfver
252 1011 34 19 väl
309 1010 47 21 icke
380 1011 105 26 påpekas,
509 1011 26 20 dä
558 1018 47 13 man
628 1011 69 20 måste
720 1011 96 20 erkänna
831 1011 35 20 det
882 1017 45 14 som
944 1012 30 19 ett

155 1039 80 26 axiom,
252 1040 32 19 att
297 1039 25 26 ju
337 1038 70 21 bättre
424 1039 83 20 aflönad
523 1046 26 13 en
565 1039 131 27 tjensteman
720 1041 28 22 är,
766 1046 45 13 som
827 1039 95 25 handhar
938 1039 36 20 do-

153 1067 149 24 marevärden,
327 1067 61 20 desto
412 1068 68 19 större
499 1067 92 21 chancer
614 1067 38 20 har
671 1074 47 14 man
735 1069 31 18 att
782 1067 82 27 platsen
885 1067 40 21 blir
940 1067 34 21 väl

153 1096 77 25 besatt.
262 1095 48 20 Den
327 1095 116 20 historiska
457 1096 83 27 gången
557 1095 23 21 af
594 1096 70 20 denna
680 1095 147 28 beskattning,
839 1096 57 20 visar
911 1096 63 20 äfven

152 1124 77 27 tydligt
245 1125 32 19 att
293 1130 27 13 nu
336 1123 119 21 säterierna
475 1124 68 21 skulle
565 1125 52 19 utan
637 1123 45 21 skäl
703 1123 77 21 befrias
796 1125 46 20 från
858 1124 116 27 tingsgäst-

152 1153 90 26 ningens
258 1152 130 27 utgörande,
405 1154 29 25 ty,
451 1153 68 20 såsom
537 1153 48 20 herr
602 1152 114 27 Stjernvall
736 1152 81 27 ganska
836 1153 86 20 slående
939 1153 33 20 be-

153 1181 62 24 visar,
230 1187 52 14 voro
300 1180 61 20 äfven
382 1180 175 21 frälsehemmans
575 1181 139 20 innehafvare
734 1181 95 20 befriade
845 1181 47 20 från
908 1181 66 27 tings-

151 1209 140 27 gästningen,
308 1209 23 20 så
346 1208 62 27 länge
424 1209 148 26 ridderskapet
588 1209 39 20 och
646 1209 60 20 adeln
721 1209 55 20 hade
787 1209 134 20 uteslutande
932 1209 42 28 pri-

154 1237 99 27 vilegium
269 1238 32 19 att
317 1237 79 20 besitta
411 1237 170 20 frälsehemman.
613 1237 71 20 Sedan
700 1237 62 20 dessa
773 1237 82 21 tillåtits
866 1240 32 18 att
909 1238 64 20 besit-

152 1268 32 18 tas
201 1265 22 20 af
237 1265 76 26 andra,
330 1265 45 20 blef
396 1265 62 21 äfven
475 1265 150 27 skyldigheten
644 1267 31 19 att
698 1265 84 28 deltaga
797 1266 6 20 i
821 1266 152 27 tingsgästnin-

149 1301 41 20 gen
206 1293 193 20 frälsehemmanen
416 1294 67 27 älagd.
514 1293 45 26 Nu,
578 1294 27 20 dä
621 1293 89 21 säterier
730 1293 20 21 få
766 1294 89 20 besittas
874 1294 22 20 af
910 1294 62 21 hvem

150 1329 45 14 som
211 1321 65 25 helst,
293 1321 67 21 finner
373 1322 39 26 jag
427 1322 63 27 ingen
506 1322 70 26 rimlig
592 1322 57 27 logik
664 1323 31 19 uti
711 1324 31 18 att
762 1322 68 21 befria
845 1323 128 20 säteriernas

149 1349 138 22 innehafvare
308 1349 47 21 från
379 1349 126 28 deltagande
521 1350 7 20 i
545 1356 25 14 en
587 1350 74 26 utgift,
685 1357 45 13 som
746 1350 44 20 helt
809 1350 40 20 och
869 1350 65 21 hållet
950 1352 23 19 är

149 1378 98 27 personel
265 1378 39 20 och
319 1378 48 20 icke
383 1378 66 21 lastar
459 1379 27 26 på
495 1378 83 27 jorden.
605 1378 134 20 Säteriernas
751 1378 139 21 innehafvare
901 1379 72 21 kunna

147 1406 68 27 aldrig
238 1406 86 20 komma
343 1406 67 20 under
430 1407 101 20 rubriken
547 1407 22 20 af
588 1407 26 20 de
630 1406 116 21 medellösa
762 1407 45 20 små
820 1407 152 27 jordbrukare,

147 1442 46 13 som
209 1434 67 26 enligt
291 1434 117 21 utskottets
425 1435 136 21 betänkande
577 1436 39 19 och
633 1435 48 21 med
698 1435 47 20 skäl
760 1442 50 14 vore
821 1436 92 26 fritagna
925 1436 45 20 från

147 1463 197 27 tingsgästningens
359 1464 125 26 utgörande.
