1078 1678
837 67 40 20 269

84 123 132 28 ertappande
239 123 129 28 tillskyndas
391 123 180 26 lönbrännarene,
595 123 40 20 och
659 123 37 20 det
711 123 67 20 finnes
794 122 34 21 väl
839 122 66 28 knapt

83 153 65 26 något
171 159 45 13 som
236 158 59 14 mera
311 151 43 21 kan
372 151 119 27 depravera
507 151 73 20 folket.
611 151 35 20 Då
658 151 39 27 jag
712 158 62 13 anser
790 151 58 20 detta
864 151 41 20 mål

84 187 50 13 vara
149 179 36 21 det
201 180 77 27 första,
298 181 55 19 samt
370 180 105 27 superiets
495 179 128 21 hämmande
639 179 38 21 och
694 179 211 21 statsinkomsternas

83 208 84 21 ökande
190 208 94 21 derefter
306 208 86 21 komma
408 208 6 20 i
430 208 65 21 andra
519 210 101 24 rummet,
640 208 24 20 så
679 208 67 20 måste
767 208 38 27 jag
820 207 85 21 förorda

83 237 36 20 det
135 243 76 14 senare
233 237 149 26 alternativet,
398 236 89 21 emedan
504 236 36 21 det
556 236 55 21 enda
627 243 45 14 som
688 237 41 19 kan
753 236 84 21 hämma
859 236 45 21 lön-

83 265 132 27 bränningen
232 266 23 19 är
271 267 32 18 att
318 267 52 25 göra
386 272 65 13 varan
467 265 24 20 så
503 265 86 26 mycket
601 265 106 27 billigare,
719 266 31 19 att
761 265 144 20 fabriksbrän-

83 300 79 14 narene
185 293 71 21 kunna
279 293 135 21 konkurrera
432 293 48 21 med
506 293 177 21 lönbrännarene.
715 293 75 20 Denna
811 293 93 21 konkur-

83 328 49 14 rens
148 322 40 20 blir
203 329 25 13 en
240 321 117 28 möjlighet,
370 329 44 18 om,
429 323 69 19 såsom
511 322 36 20 det
558 328 76 14 senare
645 321 136 21 alternativet
792 324 112 25 upptager,

84 350 86 20 skatten
194 350 129 20 bestämmes
342 350 31 20 till
392 350 55 20 blott
463 350 26 20 60
505 350 63 27 penni
589 350 39 20 och
644 350 152 27 författningen
811 350 93 27 grundas

84 378 27 27 på
133 378 48 21 dess
205 378 68 27 öfriga
295 378 64 21 friare
383 378 113 27 principer.
528 378 43 21 Det
590 380 23 18 är
629 378 121 27 egentligen
767 379 34 20 två
817 378 87 21 orsaker

84 407 31 20 till
139 407 35 20 det
189 406 213 27 öfverhandtagande
427 407 167 20 lönbränneriet.
625 407 49 20 Den
694 413 40 14 ena
749 407 23 20 är
787 406 36 21 det
838 407 66 27 högre

84 435 43 27 pris
150 435 156 20 lönbrännaren
331 435 91 20 erhåller
441 435 34 20 för
493 435 33 20 sin
545 435 95 27 spanmäl
656 441 77 21 genom
748 437 32 18 att
794 434 111 21 förvandla

84 463 40 20 den
140 463 30 20 till
187 463 99 27 bränvin;
302 470 34 13 om
353 463 185 21 bränvinsaccisen
555 463 72 21 ställes
644 463 44 28 låg,
700 463 24 20 sä
739 465 31 18 att
781 463 123 21 bränvinets

84 491 43 28 pris
144 492 38 19 blir
199 491 103 28 billigare,
318 492 24 20 sä
357 492 84 27 upphör
456 491 71 21 denna
543 492 62 20 vinst.
637 492 47 20 Den
701 491 67 21 andra
779 492 90 21 orsaken
880 493 24 20 är

84 520 41 20 den
141 521 31 19 att
188 520 35 21 det
238 520 34 20 för
284 520 159 27 jordbrukaren
459 522 22 18 är
497 520 23 21 af
534 520 44 28 vigt
594 522 32 19 att
642 520 80 21 erhälla
738 520 67 21 drank
821 521 22 20 ät
859 521 45 20 sina

85 548 94 27 kreatur,
195 555 47 14 men
258 548 62 21 äfven
336 549 60 20 detta
411 548 97 21 kommer
524 550 31 19 att
571 549 75 20 häfvas
662 555 76 21 genom
754 555 75 14 senare
841 549 63 20 alter-

84 577 89 26 nativet,
190 577 54 20 blott
259 584 49 13 man
324 577 73 20 ställer
412 577 23 20 sä
450 577 32 20 till
497 579 32 18 att
545 577 125 20 brännerier
685 577 72 20 kunna
772 577 89 21 inrättas
876 578 28 26 pä

84 605 81 27 landet,
189 606 24 20 sä
234 607 32 19 att
289 605 105 28 allmogen
418 605 33 20 för
470 605 69 28 billigt
557 606 44 27 pris
625 605 93 21 derifrän
740 606 42 20 kan
803 605 22 21 få
848 605 56 28 köpa

84 633 74 21 drank.
188 633 32 21 Pä
242 633 69 28 grund
334 635 23 20 af
378 634 56 20 hvad
454 634 38 27 jag
506 634 73 21 anfört
595 635 69 20 röstar
680 635 39 26 jag
734 634 32 21 för
782 636 30 19 att
827 641 76 14 senare

84 662 136 20 alternativet
235 663 74 26 lägges
325 662 31 20 till
372 660 75 29 grund'
457 663 33 19 för
506 662 41 20 den
564 662 107 21 blifvande
687 663 155 20 diskussionen.

153 690 58 20 Herr
226 697 48 14 von
290 690 78 21 Born:
384 691 30 20 Af
428 690 58 27 dem,
503 698 45 13 som
564 690 128 21 understödt
708 690 36 21 det
755 697 75 15 senare
841 691 63 20 alter-

85 719 90 26 nativet,
199 718 38 21 har
254 719 71 20 säsom
344 721 31 19 ett
394 719 45 20 skäl
455 719 33 20 för
504 719 49 21 dess
569 719 108 21 företräde
692 719 88 21 framför
795 719 36 21 det
847 719 57 21 förra

85 747 68 20 blifvit
169 747 93 26 anfördt,
279 749 32 19 att
330 747 85 21 skatten
435 748 26 26 pä
480 747 165 27 tillverkningen
660 748 38 20 der
721 749 23 19 är
766 748 65 27 lägre.
862 747 42 27 Jag

85 775 37 21 har
137 777 70 19 ansett
226 776 73 26 frägan
319 782 33 14 om
370 776 96 20 skattens
482 776 78 27 belopp
577 783 50 13 vara
643 783 25 13 en
688 776 215 28 detaljbestämmelse

85 804 39 20 och
147 804 48 20 icke
218 805 56 19 ännu
298 804 56 21 velat
377 806 58 25 yttra
457 804 44 28 mig
517 804 80 21 derom.
629 804 41 21 Om
685 804 67 21 första
767 804 136 21 alternativet

85 832 72 27 lägges
173 832 31 20 till
219 832 69 28 grund
303 832 33 20 för
356 832 148 21 diskussionen
521 832 40 21 och
577 832 40 21 den
634 833 38 21 der
686 833 112 21 bestämda
818 833 84 20 skatten

85 860 23 21 af
121 867 26 14 en
163 860 60 21 mark
239 867 63 14 anses
318 868 52 13 vara
385 861 32 20 för
433 861 52 27 hög,
501 863 24 18 är
541 861 35 21 det
591 862 111 26 ingenting
718 868 45 14 som
774 861 86 21 hindrar
871 863 32 19 att

85 889 54 20 efter
153 888 100 28 pröfning
268 889 98 21 nedsätta
383 890 39 20 den
439 890 24 20 sä
477 890 88 26 mycket
581 896 48 14 man
647 896 65 14 anser
727 890 86 27 skäligt,
833 890 24 20 sä
871 892 32 18 att

85 917 68 20 denna
169 917 168 27 omständighet,
354 918 65 27 enligt
435 918 42 20 min
493 918 152 27 öfvertygelse,
661 918 48 21 icke
725 918 38 20 bör
778 918 74 20 utöfva
866 918 37 20 nä-

84 952 41 20 gon
147 945 104 21 inverkan
272 946 33 20 vid
324 946 141 20 bedömandet
480 946 23 20 af
516 946 118 21 företrädet
650 946 88 21 emellan
755 946 25 21 de
796 947 36 20 tvä
846 946 56 21 före-

83 974 74 27 slagna
171 974 173 21 alternativerna.
375 974 62 20 Hvad
453 974 50 21 herr
519 974 23 20 af
555 974 107 22 Forselles
678 977 72 19 senast
761 974 91 22 nämnde
868 982 34 14 om

83 1002 137 27 möjligheten
235 1004 31 18 att
282 1003 64 27 stäfja
369 1002 169 28 lönbränningen
556 1009 77 20 genom
656 1005 35 22 att
711 1004 78 19 inrätta
812 1003 90 20 bränne-

83 1030 42 20 rier
141 1031 26 26 pä
183 1030 81 27 landet,
288 1031 202 20 öfverensstämmer
512 1031 49 20 med
581 1031 56 21 hvad
656 1031 39 28 jag
710 1031 66 21 redan
791 1031 45 20 haft
851 1033 51 19 äran

83 1060 58 25 yttra
156 1058 6 20 i
178 1059 77 26 saken,
272 1066 48 13 men
334 1059 39 27 jag
388 1061 45 18 tror
449 1061 31 18 att
500 1059 135 21 bränneriers
650 1059 122 22 inrättande
788 1059 27 28 pä
830 1059 72 22 landet

83 1093 86 14 snarare
185 1087 52 20 skall
255 1087 122 28 befrämjas,
387 1094 33 14 om
436 1087 59 21 förra
510 1088 138 21 alternativet
664 1091 98 24 antages,
778 1089 26 20 än
820 1094 34 14 om
865 1088 37 21 det

82 1121 82 14 senare.
195 1115 72 28 Enligt
290 1115 36 21 det
350 1123 74 13 senare
440 1116 137 21 alternativet
597 1117 69 20 skulle
689 1117 109 20 minimum
813 1115 34 22 för
861 1117 41 20 till-

82 1143 131 28 verkningen
230 1143 64 21 blifva
310 1144 63 26 5,000
389 1144 88 27 kannor,
493 1144 27 21 dä
539 1145 37 20 det
591 1145 58 20 förra
664 1147 106 25 upptager
784 1145 63 26 4,500
862 1145 40 20 och

79 1171 25 27 ju
120 1171 81 21 mindre
224 1172 109 21 minimum
358 1174 28 23 är,
403 1173 48 20 dess
467 1179 60 14 mera
542 1173 86 20 komma
643 1173 95 21 fabriker
753 1175 32 19 att
800 1173 102 28 anläggas

82 1200 27 26 pä
124 1200 83 26 landet,
223 1200 38 21 der
277 1207 47 14 man
341 1201 5 20 i
363 1201 116 20 allmänhet
496 1201 38 20 har
549 1201 83 21 mindre
643 1201 202 28 kapitaltillgängar.
868 1201 34 21 Då

82 1228 83 21 säledes
181 1228 60 28 fräga
256 1229 88 27 uppstär
360 1235 34 14 om
410 1229 54 20 huru
481 1229 168 28 lönbränningen
673 1230 54 21 skall
751 1230 151 27 förekommas,

82 1257 23 20 sä
120 1256 40 21 blir
175 1259 83 18 svaret:
277 1273 10 10 ,,
289 1264 76 20 genom
378 1259 31 19 att
419 1257 130 21 kommunen
560 1259 63 26 göres
639 1259 130 20 intresserad
780 1259 6 20 i
796 1260 31 19 att
839 1259 63 27 stäfja

81 1285 124 20 densamma
220 1285 40 21 och
277 1286 129 20 kommunen
422 1286 31 20 får
462 1286 93 21 intresse
570 1286 67 27 deraf,
654 1294 34 13 om
705 1287 39 20 den
760 1287 7 20 i
782 1287 30 20 sin
830 1287 72 20 helhet

81 1313 52 21 eller
155 1313 66 21 delvis
238 1314 41 20 kan
295 1314 79 20 inrätta
390 1314 146 27 brännerier'';
555 1315 39 20 och
613 1315 60 21 detta
692 1315 82 21 kanske
792 1322 34 14 om
842 1315 60 20 mini-

81 1348 56 13 mum
154 1341 33 20 för
202 1342 164 27 tillverkningen
384 1342 71 20 ställes
471 1343 24 19 sä
510 1342 45 28 lägt
570 1349 45 14 som
631 1344 90 26 möjligt.

149 1369 58 21 Herr
224 1370 142 20 Snellman:
382 1370 42 28 Jag
439 1370 54 21 hade
509 1372 51 19 äran
577 1372 77 20 nämna
670 1378 33 14 om
720 1371 41 21 den
777 1371 68 21 fördel
856 1378 44 13 som

81 1404 76 14 senare
181 1398 137 21 alternativet
341 1399 101 27 erbjuder
465 1399 124 27 derigenom
606 1402 32 18 att
657 1400 188 20 bränvinsskatten
860 1398 41 22 kan

81 1425 67 28 höjas.
179 1426 43 20 Det
238 1428 24 18 är
277 1427 34 19 väl
326 1430 48 17 sant
389 1429 31 19 att
435 1427 124 21 densamma
575 1428 7 20 i
598 1428 58 20 förra
671 1428 137 21 alternativet
827 1428 23 20 är
865 1427 35 21 be-

81 1454 68 20 stämd
169 1454 65 27 högre
256 1456 25 19 än
298 1455 6 19 i
320 1462 86 19 senare,
422 1455 37 20 der
475 1456 40 20 den
532 1457 23 19 är
571 1456 119 27 föreslagen
707 1456 30 21 till
754 1456 68 21 sextio
838 1456 64 27 penni
