1078 1678
825 73 39 21 189

138 129 63 22 Efter
224 129 56 21 hvad
301 129 37 28 jag
361 130 82 27 tycker,
465 129 58 20 lärer
541 129 36 20 det
592 129 51 27 föga
658 135 52 14 vara
725 130 32 19 att
771 129 74 20 befara
861 131 31 19 att

69 159 70 26 någon
155 157 55 21 finsk
225 165 48 13 man
288 157 124 26 framdeles,
428 164 46 13 mer
489 159 26 18 än
533 157 106 26 hitintills,
660 157 54 20 skall
730 157 99 21 beträdas
845 157 48 21 med

70 187 81 20 brottet
167 188 31 18 att
214 186 62 21 hafva
291 186 43 20 fört
350 185 63 28 afvog
429 185 61 21 sköld
509 187 58 18 emot
582 185 62 20 riket.
675 185 40 21 Att
731 185 116 21 dödsstraff
860 186 32 21 för

70 215 51 20 slikt
136 215 58 20 brott
209 214 104 27 någonsin
330 214 83 21 komme
430 216 31 18 att
477 213 6 20 i
501 213 89 21 Finland
608 213 125 21 verkställas
748 214 44 20 står
809 214 83 21 således

71 245 59 18 utom
147 243 173 20 sannolikhetens
335 244 98 25 gränser;
449 242 100 20 hvarföre
565 241 50 21 med
631 242 40 20 den
687 242 23 20 af
720 242 42 27 mig
772 242 120 28 föreslagna

70 271 118 28 ändringen
204 271 110 27 ingenting
329 271 7 20 i
352 270 100 21 afseende
469 271 12 20 å
497 270 139 21 dödsstraffet
650 270 133 27 äfventyras;
799 278 48 14 men
859 278 33 14 om

70 299 49 21 med
136 299 69 21 denna
220 299 90 28 ändring
325 299 74 27 nådigt
417 298 58 21 bifall
494 299 31 20 till
541 299 126 20 ständernas
683 299 70 20 beslut
768 299 85 28 vinnes,
868 300 24 21 så

70 329 63 26 göres
156 327 88 21 dermed
266 329 30 19 ett
314 327 97 27 omätligt
427 327 104 27 framsteg
545 327 7 19 i
568 327 112 21 kulturens
696 327 40 20 och
751 328 141 27 mensklighe-

71 358 48 18 tens
135 356 97 20 intresse.

139 384 101 21 Friherre
256 390 45 14 von
317 383 77 21 Born:
413 383 42 27 Jag
470 383 43 21 kan
529 383 20 27 ej
565 384 60 20 rösta
639 383 33 21 för
687 383 60 21 bifall
762 384 30 20 till
807 384 84 20 utskot-

71 414 42 19 tets
129 412 137 21 betänkande
281 411 90 21 rörande
387 411 164 27 ifrågavarande
567 411 69 27 punkt
652 411 31 21 till
699 411 40 21 alla
754 411 63 21 delar.
848 411 43 22 Vid

70 440 131 28 föregående
216 440 102 28 landtdag
333 439 132 22 framställde
481 440 128 27 regeringen
625 446 25 14 en
663 440 131 27 proposition
809 441 8 20 i
832 440 60 21 detta

71 470 71 25 ämne,
165 475 46 14 som
234 469 99 27 utgjorde
354 468 89 21 föremål
461 468 33 21 för
513 468 96 21 ståndets
625 468 135 28 behandling.
789 469 102 20 Likasom

71 504 28 14 nu
116 497 106 27 afstyrkte
240 497 106 20 utskottet
365 497 27 20 då
410 497 62 20 totalt
488 496 151 21 dödsstraffets
654 496 138 29 tillämpning.
822 497 70 28 Rege-

71 526 76 27 ringen
162 526 39 20 har
216 526 20 27 ej
252 525 94 28 godkänt
363 525 126 21 ständernas
505 525 80 26 beslut,
600 527 52 18 utan
668 525 31 20 till
713 532 28 13 nu
751 525 140 21 förevarande

72 554 101 27 landtdag
189 554 85 27 förnyat
290 554 30 20 sin
337 554 132 27 proposition
481 553 7 20 i
499 560 82 14 samma
592 553 56 28 syfte
661 560 45 14 som
718 553 34 21 vid
762 553 129 28 föregående

71 582 108 27 landtdag.
209 582 154 27 Lagutskottet
384 582 38 21 har
445 582 30 20 uti
497 581 36 21 det
556 581 146 28 betänkande,
722 588 44 14 som
785 588 28 14 nu
829 583 63 26 utgör

71 611 90 20 föremål
177 611 34 20 för
231 611 132 26 behandling,
382 611 48 20 icke
446 610 56 21 varit
518 610 143 28 konseqvent;
678 611 36 20 det
729 610 38 21 har
782 610 109 21 bibehållit

72 639 147 26 dödsstraffet,
233 639 39 20 och
283 639 57 26 icke,
352 639 69 20 såsom
432 638 36 21 vid
479 638 130 27 föregående
619 639 108 27 landtdag,
738 638 95 21 förordat
843 638 49 22 dess

72 667 67 21 totala
161 667 141 26 afskaffande,
325 667 37 21 det
380 667 38 20 har
437 666 110 21 bibehållit
566 667 59 20 detta
641 667 61 21 straff
716 667 34 20 för
765 667 36 20 det
816 673 40 14 ena
871 667 23 20 af

72 695 26 21 de
115 696 35 20 två
164 695 46 27 fall,
226 696 28 26 på
269 695 71 21 hvilka
355 695 127 27 regeringen
498 694 75 28 tyckes
585 695 63 21 hafva
659 695 66 21 fästat
736 695 90 28 mycken
837 695 55 27 vigt,

73 724 106 27 nemligen
198 724 34 20 vid
252 724 118 20 statsbrott.
401 723 114 21 Utskottet
534 723 39 20 har
587 724 108 27 nemligen
711 723 102 28 tillstyrkt
829 723 61 21 döds-

73 752 94 20 straffets
191 752 130 20 fortfarande
344 751 147 21 bibehållande
507 751 34 21 för
557 752 26 20 de
603 752 45 26 fall,
665 754 32 18 att
712 752 78 27 någon,
805 752 6 20 i
827 751 65 28 afsigt

72 782 31 19 att
119 780 62 26 döda,
196 780 94 20 föröfvar
305 782 70 26 någon
391 780 152 27 våldsgerning
559 782 57 18 emot
634 780 110 28 kejsaren,
755 780 136 27 kejsarinnan

72 809 52 20 eller
145 808 61 21 deras
225 808 63 27 barn,
307 816 47 13 men
371 809 96 20 deremot
483 808 94 28 afstyrkt
593 808 59 21 detta
667 808 63 21 straff
743 808 32 21 för
790 808 40 21 den
846 814 44 14 som

71 837 33 20 för
127 836 64 28 afvog
213 837 61 20 sköld
296 839 57 19 emot
375 837 62 21 riket.
467 836 53 21 Deri
540 837 68 27 ligger
627 837 63 27 ingen
709 836 143 27 konseqvens,
867 838 24 26 ty

72 865 105 21 hvardera
199 865 23 21 af
242 865 62 21 dessa
323 865 58 21 brott
399 867 36 19 äro
454 865 23 20 af
490 865 88 27 politisk
594 865 154 21 beskaffenhet.
801 864 91 21 Utskottet

72 893 40 21 har
134 893 82 21 således
232 894 20 26 ej
267 894 81 20 kunnat
370 894 52 27 utgå
441 893 46 21 från
509 893 41 21 den
569 894 123 26 grundsats,
709 896 32 18 att
756 892 136 22 dödsstraffet

72 928 51 14 vore
147 922 108 27 olämpligt
277 922 33 20 för
332 922 41 20 alla
396 921 101 28 politiska
520 922 65 20 brott.
615 921 67 21 Detta
701 922 45 20 skäl
766 924 23 18 är
809 921 82 21 således

73 950 110 20 ohållbart.
213 950 39 20 Ett
267 952 64 19 annat
346 950 57 27 skäl,
419 956 45 14 som
481 950 106 20 utskottet
603 950 70 20 anfört
684 950 104 26 deremot,
799 951 32 20 att
843 956 49 14 man

73 978 106 28 nemligen
201 978 42 21 kan
266 980 80 26 hoppas
369 980 31 19 att
415 978 7 20 i
437 978 92 20 Finland
549 978 65 28 något
634 978 76 21 sådant
730 979 58 20 brott
803 978 19 27 ej
838 978 54 20 skall

72 1006 95 26 inträffa,
185 1007 33 20 för
235 1006 81 21 hvilket
331 1007 106 20 utskottet
453 1006 111 21 bibehållit
578 1007 125 26 dödsstraff,
717 1008 23 19 är
755 1007 24 20 så
794 1006 97 26 haltlöst,

73 1036 32 19 att
121 1034 36 21 det
169 1035 46 27 just
231 1041 45 14 mer
291 1037 26 18 än
334 1037 64 18 annat
413 1035 82 20 utvisar
511 1036 32 19 att
558 1035 107 20 utskottet
681 1035 20 27 ej
717 1035 38 20 har
769 1035 66 26 något
845 1034 46 21 skäl

73 1063 31 20 till
120 1065 31 18 att
167 1064 52 26 göra
234 1063 83 20 skilnad
332 1063 89 20 emellan
433 1063 62 20 dessa
506 1063 65 20 brott.
597 1063 84 26 Skälet,
692 1065 32 19 att
734 1063 106 20 utskottet
850 1062 42 21 för-

73 1091 72 20 modat
161 1093 32 18 att
209 1093 30 18 ett
254 1093 92 19 attentat
360 1093 45 19 mot
420 1091 125 28 Majestätet
561 1091 19 28 ej
597 1091 53 21 skall
663 1091 85 21 inträffa
758 1091 7 20 i
775 1091 47 20 vårt
832 1090 60 27 land,

73 1119 55 21 låter
150 1119 134 28 sannerligen
307 1120 32 26 så,
358 1120 70 21 såsom
447 1126 33 14 om
497 1119 106 21 utskottet
619 1120 69 21 skulle
703 1119 96 22 förmoda
813 1121 32 19 att
861 1121 31 18 ett

73 1147 58 21 brott
153 1147 23 21 af
196 1147 40 21 den
260 1148 65 21 andra
344 1148 189 26 beskaffenheten,
553 1148 52 21 eller
623 1150 31 19 att
672 1149 70 27 någon
756 1148 57 21 förer
829 1147 63 28 afvog

73 1175 62 21 sköld
150 1178 44 18 mot
209 1176 66 27 riket,
291 1177 70 20 kunde
378 1176 37 21 här
430 1176 96 27 inträffa,
543 1176 81 21 hvilket
641 1177 57 20 brott
712 1177 37 27 jag
764 1176 55 21 dock
833 1176 8 20 i
853 1175 39 21 lik-

72 1204 37 20 het
131 1204 49 21 med
202 1211 25 14 en
251 1205 129 27 föregående
403 1205 66 20 talare
493 1211 63 14 anser
574 1205 39 20 hos
633 1212 33 13 oss
684 1212 50 13 vara
748 1205 48 20 fullt
810 1206 25 19 ut
849 1204 43 21 lika

72 1233 127 20 osannolikt.
229 1233 44 20 För
295 1233 64 27 öfrigt
382 1233 38 20 ber
436 1233 39 28 jag
493 1233 22 20 få
533 1233 112 27 anmärka,
665 1235 32 19 att
714 1233 126 28 påståendet
855 1232 37 21 det

72 1260 137 22 dödsstraffet
231 1262 53 20 stått
302 1262 75 20 endast
396 1262 28 26 på
442 1263 107 26 papperet
564 1261 7 21 i
586 1262 28 20 40
630 1263 22 19 år
667 1262 7 20 i
688 1261 101 27 Finland,
805 1261 39 21 och
860 1263 32 19 att

72 1289 20 20 vi
109 1289 82 21 således
211 1289 63 22 hafva
292 1290 40 21 den
350 1290 131 27 erfarenhet,
497 1292 32 19 att
545 1290 137 21 dödsstraffet
698 1290 20 27 ej
734 1289 102 22 behöfver
851 1289 41 22 till-

71 1317 92 31 lämpas,
186 1319 33 20 väl
235 1319 23 20 är
273 1319 7 20 i
296 1319 42 20 viss
357 1325 50 14 mon
422 1318 85 27 riktigt,
527 1325 48 14 men
593 1319 80 26 jemväl
688 1319 6 20 i
710 1319 42 20 viss
771 1325 49 14 mon
836 1319 56 20 orik-

71 1346 47 26 tigt.
149 1346 121 28 Kejserliga
293 1346 141 28 kungörelsen
458 1346 23 20 af
503 1346 40 20 den
567 1347 24 19 21
618 1347 60 27 April
703 1347 53 21 1826
775 1346 117 21 innehåller

71 1374 104 27 nemligen
193 1374 44 27 det,
254 1377 32 18 att
301 1374 61 21 Hans
378 1374 101 28 Majestät
495 1375 20 27 ej
531 1374 35 20 vill
581 1374 105 22 stadfästa
697 1376 68 26 någon
778 1374 114 27 dödsdom,

71 1401 73 21 derest
167 1402 80 29 brottet
263 1404 20 26 ej
299 1404 23 19 är
337 1403 23 21 af
374 1402 40 22 den
437 1403 86 20 svårare
547 1402 149 22 beskaffenhet
719 1406 32 18 att
768 1403 37 21 det
823 1404 69 19 störer

71 1430 135 28 Majestätets
222 1431 74 27 helgd,
315 1433 81 19 statens
414 1431 49 27 lugn
480 1431 39 21 och
536 1431 102 21 thronens
654 1432 110 26 säkerhet,
780 1432 112 20 hvaremot

70 1457 61 21 Hans
149 1459 109 27 Majestät,
275 1459 131 21 beträffande
422 1460 41 20 alla
479 1459 68 21 andra
561 1460 76 28 grofva
653 1460 67 29 brott,
739 1460 104 21 förklarar
859 1459 33 28 sig
