1078 1678
836 76 40 21 201

154 133 118 20 Bordlades
288 133 6 20 i
310 132 116 28 anledning
445 133 24 20 af
485 132 171 28 presteståndets
679 131 126 28 inbjudning
820 132 31 20 till
866 132 40 20 lör-

86 161 51 27 dags
153 161 91 27 plenum.

155 189 163 28 Lagutskottets
343 189 134 21 betänkande
496 189 6 20 i
518 189 114 27 anledning
654 189 24 20 af
698 189 120 27 återremiss
835 189 22 20 af
870 190 35 19 nå-

86 218 49 27 diga
149 218 163 27 propositioner,
329 217 110 28 angående
458 217 151 28 upphäfvande
625 217 22 20 af
660 217 26 27 $$
704 217 8 20 1
731 217 38 20 och
786 218 12 20 2
813 217 49 27 kap.
880 218 25 20 12

87 246 25 21 G.
128 246 25 21 B.
170 246 39 21 och
225 246 90 27 ändring
331 246 23 20 af
368 246 74 27 lagens
459 246 132 27 stadganden
612 252 34 14 om
662 245 117 28 afvittring,
794 245 111 28 föredrogs

85 274 40 21 och
142 274 112 21 bordlades
270 274 30 21 till
316 274 170 27 morgondagens
503 273 221 28 plenisammanträde.

154 331 57 21 Herr
226 331 197 21 landtmarskalken
440 331 105 26 anmälde,
561 333 32 18 att
608 331 48 20 herr
668 331 139 26 Silfversvan,
818 338 45 13 som
874 331 30 20 in-

86 360 79 20 lemnat
181 360 85 27 pollett,
280 359 99 27 fungerat
395 360 70 20 säsom
481 360 93 20 ledamot
585 359 6 20 i
603 359 96 21 enskilda
711 359 193 21 besvärsutskottet

87 388 39 20 och
141 388 113 27 suppleant
268 388 6 19 i
291 387 216 26 ekonomiutskottet,
526 388 66 19 hvarä
611 387 95 20 ständets
730 387 106 21 elektorer
852 394 53 20 upp-

86 416 100 21 manades
202 417 31 19 att
249 415 86 28 vidtaga
350 415 75 27 ätgärd
441 423 34 13 om
491 415 63 21 dessa
569 415 91 28 platsers
676 415 99 28 fyllande.

155 443 172 22 Sammanträdet
342 443 117 21 afslutades
475 444 28 21 kl.
517 445 13 20 2
544 451 18 13 e.
578 451 27 13 m.
758 443 2 3 |

696 490 22 16 In
730 490 60 16 fidem:

609 535 70 20 Victor
695 535 25 20 de
735 534 21 21 la
772 534 103 29 Chapelle.

313 667 49 25 Den
380 666 28 26 25
425 667 71 33 April
513 667 34 26 kl.
566 667 27 25 11
611 667 16 25 f
645 674 31 18 m.

153 728 116 21 Anmäldes
285 731 31 18 att
332 729 134 21 elektorerne
482 730 23 20 af
518 729 69 27 tredje
603 729 84 21 klassen
703 729 7 20 i
725 729 71 21 stället
811 728 32 21 för
854 728 49 20 herr

85 756 138 28 Silfversvan,
240 764 45 13 som
300 757 128 21 äterlemnat
443 758 86 26 pollett,
548 758 67 20 invalt
631 757 31 20 till
678 757 92 21 ledamot
786 758 6 19 i
807 756 95 21 ständets

85 785 96 21 enskilda
203 786 179 24 besvärsutskott,
406 786 110 20 äfvensom
540 786 31 20 till
594 786 113 27 suppleant
723 786 30 20 uti
770 785 133 21 ekonomiut-

85 813 81 21 skottet
181 813 40 21 N:o
239 814 39 20 144
294 820 40 14 von
351 814 104 26 Kremer,
472 814 23 20 C.

153 870 120 28 Föredrogs
292 871 48 20 frän
359 872 160 26 presteständet
537 872 118 20 inkommet
675 870 193 28 protokollsutdrag
883 870 23 20 af

84 899 40 20 den
141 900 25 20 15
182 899 87 27 dennes,
286 899 77 21 hvaraf
376 899 142 21 inhemtades:
535 901 32 19 att
583 900 60 20 detta
658 899 62 21 ständ
736 899 35 21 vid
786 898 65 28 sagde
862 898 42 27 dag

82 927 97 21 förehafd
195 928 129 26 behandling
338 928 23 20 af
375 928 234 28 grundlagsutskottets
621 928 136 20 betänkande
772 928 6 20 i
789 926 114 28 anledning

83 956 23 20 af
119 956 76 27 nådiga
211 956 159 28 propositionen
386 956 110 27 angående
513 956 26 21 de
555 957 128 26 rättigheter
700 956 40 20 och
751 955 151 28 skyldigheter,

83 990 45 14 som
143 984 117 21 tillkomma
278 985 92 20 embets-
389 984 39 20 och
444 985 136 26 tjenstemän,
604 984 82 21 hvilkas
710 984 145 27 befattningar
870 982 31 21 in-

83 1011 86 28 dragas,
184 1013 6 20 i
207 1013 39 20 allo
262 1012 95 28 godkänt
373 1012 92 21 nämnda
480 1013 147 26 betänkande,
643 1013 11 26 $
673 1013 8 20 1
700 1013 66 26 enligt
782 1017 75 15 senare
872 1011 30 20 al-

82 1041 125 26 ternativet;
230 1041 54 20 dock
308 1040 53 21 hade
384 1041 159 27 presteständet
559 1041 31 20 till
605 1041 146 27 nyssnämnda
767 1041 11 26 $
794 1040 61 27 fogat
870 1041 31 19 ett

82 1069 124 27 ytterligare
228 1069 116 27 sälydande
368 1071 93 18 moment
477 1071 30 25 c):
533 1069 48 25 ,,De
597 1069 5 20 i
619 1071 117 19 momentet
752 1068 23 28 a)
793 1069 109 26 upptagna

82 1097 155 21 löneförmäner
259 1098 117 20 tillkomma
390 1097 138 21 innehafvare
543 1098 23 20 af
579 1097 103 28 indragen
699 1098 65 27 tjenst
780 1096 75 21 endast
870 1097 31 20 in-

75 1125 39 20 "till
130 1125 49 21 dess
194 1126 40 20 han
251 1126 91 27 uppnått
365 1125 41 21 den
430 1126 59 21 ålder
507 1128 32 18 att
555 1126 48 26 han,
619 1125 7 20 i
641 1126 101 20 händelse
758 1125 40 20 han
813 1125 7 20 i
835 1125 67 27 tjenst

83 1154 120 27 gvarstode,
219 1161 51 14 vore
285 1155 31 20 till
332 1154 37 20 full
385 1154 89 27 pension
491 1154 128 27 berättigad,
636 1154 26 20 dä
676 1154 41 20 han
734 1153 48 21 med
792 1154 69 20 denna
872 1153 32 20 ät-

82 1182 61 27 nöjas
161 1183 57 20 bör.
249 1182 46 21 Och
312 1183 45 20 blef
370 1183 221 27 protokollsutdraget
606 1183 70 20 såsom
692 1183 48 20 icke
750 1181 152 22 föranledande

83 1210 30 20 till
136 1211 69 27 nägon
228 1211 76 27 ätgärd
326 1211 46 20 frän
395 1211 161 27 ridderskapets
582 1211 39 20 och
641 1210 75 21 adelns
733 1211 45 20 sida
796 1209 59 28 lagdt
872 1209 31 21 till

82 1238 160 29 handlingarna.

150 1295 121 28 Föredrogs
295 1298 154 19 sammansatta
471 1296 110 21 ekonomi-
604 1298 55 18 samt
682 1297 62 19 stats-
768 1295 39 21 och
830 1295 73 20 bevill-

81 1324 180 27 ningsutskottets
285 1324 136 21 betänkande
443 1324 111 28 angående
573 1324 78 27 nådiga
670 1324 158 27 propositionen
844 1323 7 20 i
866 1330 38 14 an-

82 1352 85 28 ledning
182 1352 23 20 af
218 1352 40 21 den
278 1353 32 20 för
330 1352 267 28 bränvinstillverkningen
620 1352 90 20 influtna
735 1352 96 20 skattens
847 1351 55 20 otill-

82 1380 119 28 räcklighet
223 1381 33 20 för
277 1381 148 21 bestridandet
440 1381 23 20 af
477 1380 25 22 de
521 1381 84 27 anslag,
625 1380 85 21 hvartill
728 1380 123 21 densamma
867 1380 36 26 pä-

81 1409 94 20 räknats.

150 1436 150 22 Betänkandet
316 1437 112 21 bordlades
444 1437 32 21 till
491 1437 41 21 den
549 1438 27 20 30
591 1437 89 21 dennes.
