<?xml version="1.0" encoding="UTF-8"?>
<alto xmlns="http://www.loc.gov/standards/alto/ns-v3#" xmlns:xlink="http://www.w3.org/1999/xlink" xmlns:xsi="http://www.w3.org/2001/XMLSchema-instance" xsi:schemaLocation="http://www.loc.gov/standards/alto/ns-v3# http://www.loc.gov/alto/v3/alto-3-0.xsd">
	<Description>
		<MeasurementUnit>pixel</MeasurementUnit>
		<sourceImageInformation>
			<fileName>/tmp/tess_zirx_l30_input.PNG</fileName>
		</sourceImageInformation>
		<OCRProcessing ID="OCR_0">
			<ocrProcessingStep>
				<processingSoftware>
					<softwareName>tesseract 5.3.4</softwareName>
				</processingSoftware>
			</ocrProcessingStep>
		</OCRProcessing>
	</Description>
	<Layout>
		<Page WIDTH="1078" HEIGHT="1678" PHYSICAL_IMG_NR="0" ID="page_0">
			<PrintSpace HPOS="0" VPOS="0" WIDTH="1078" HEIGHT="1678">
				<ComposedBlock ID="cblock_0" HPOS="837" VPOS="72" WIDTH="39" HEIGHT="21">
					<TextBlock ID="block_0" HPOS="837" VPOS="72" WIDTH="39" HEIGHT="21">
						<TextLine ID="line_0" HPOS="837" VPOS="72" WIDTH="39" HEIGHT="21">
							<String ID="string_0" HPOS="837" VPOS="72" WIDTH="39" HEIGHT="21" WC="0.96" CONTENT="177"/>
						</TextLine>
					</TextBlock>
				</ComposedBlock>
				<ComposedBlock ID="cblock_1" HPOS="80" VPOS="125" WIDTH="822" HEIGHT="256">
					<TextBlock ID="block_1" HPOS="80" VPOS="125" WIDTH="822" HEIGHT="58">
						<TextLine ID="line_1" HPOS="80" VPOS="125" WIDTH="822" HEIGHT="29">
							<String ID="string_1" HPOS="80" VPOS="126" WIDTH="71" HEIGHT="21" WC="0.96" CONTENT="kande"/><SP WIDTH="15" VPOS="126" HPOS="151"/>
							<String ID="string_2" HPOS="166" VPOS="125" WIDTH="7" HEIGHT="20" WC="0.96" CONTENT="i"/><SP WIDTH="16" VPOS="125" HPOS="173"/>
							<String ID="string_3" HPOS="189" VPOS="126" WIDTH="114" HEIGHT="27" WC="0.96" CONTENT="anledning"/><SP WIDTH="15" VPOS="126" HPOS="303"/>
							<String ID="string_4" HPOS="318" VPOS="126" WIDTH="24" HEIGHT="20" WC="0.96" CONTENT="af"/><SP WIDTH="12" VPOS="126" HPOS="342"/>
							<String ID="string_5" HPOS="354" VPOS="126" WIDTH="77" HEIGHT="27" WC="0.96" CONTENT="nådiga"/><SP WIDTH="20" VPOS="126" HPOS="431"/>
							<String ID="string_6" HPOS="451" VPOS="126" WIDTH="160" HEIGHT="27" WC="0.96" CONTENT="propositionen"/><SP WIDTH="19" VPOS="126" HPOS="611"/>
							<String ID="string_7" HPOS="630" VPOS="127" WIDTH="110" HEIGHT="27" WC="0.96" CONTENT="angående"/><SP WIDTH="16" VPOS="127" HPOS="740"/>
							<String ID="string_8" HPOS="756" VPOS="127" WIDTH="34" HEIGHT="27" WC="0.96" CONTENT="lag"/><SP WIDTH="15" VPOS="127" HPOS="790"/>
							<String ID="string_9" HPOS="805" VPOS="127" WIDTH="33" HEIGHT="21" WC="0.93" CONTENT="för"/><SP WIDTH="15" VPOS="127" HPOS="838"/>
							<String ID="string_10" HPOS="853" VPOS="128" WIDTH="49" HEIGHT="21" WC="0.90" CONTENT="åhö-"/>
						</TextLine>
						<TextLine ID="line_2" HPOS="80" VPOS="153" WIDTH="747" HEIGHT="30">
							<String ID="string_11" HPOS="80" VPOS="161" WIDTH="48" HEIGHT="14" WC="0.95" CONTENT="rare"/><SP WIDTH="16" VPOS="161" HPOS="128"/>
							<String ID="string_12" HPOS="144" VPOS="153" WIDTH="35" HEIGHT="21" WC="0.93" CONTENT="vid"/><SP WIDTH="16" VPOS="153" HPOS="179"/>
							<String ID="string_13" HPOS="195" VPOS="154" WIDTH="101" HEIGHT="21" WC="0.91" CONTENT="ståndens"/><SP WIDTH="16" VPOS="154" HPOS="296"/>
							<String ID="string_14" HPOS="312" VPOS="153" WIDTH="171" HEIGHT="22" WC="0.95" CONTENT="sammanträden"/><SP WIDTH="17" VPOS="153" HPOS="483"/>
							<String ID="string_15" HPOS="500" VPOS="154" WIDTH="68" HEIGHT="21" WC="0.96" CONTENT="under"/><SP WIDTH="15" VPOS="154" HPOS="568"/>
							<String ID="string_16" HPOS="583" VPOS="155" WIDTH="117" HEIGHT="26" WC="0.93" CONTENT="påstående"/><SP WIDTH="16" VPOS="155" HPOS="700"/>
							<String ID="string_17" HPOS="716" VPOS="155" WIDTH="111" HEIGHT="28" WC="0.91" CONTENT="landtdag;"/>
						</TextLine>
					</TextBlock>
					<TextBlock ID="block_2" HPOS="80" VPOS="182" WIDTH="822" HEIGHT="141">
						<TextLine ID="line_3" HPOS="150" VPOS="182" WIDTH="752" HEIGHT="28">
							<String ID="string_18" HPOS="150" VPOS="182" WIDTH="25" HEIGHT="27" WC="0.90" CONTENT="h)"/><SP WIDTH="16" VPOS="182" HPOS="175"/>
							<String ID="string_19" HPOS="191" VPOS="182" WIDTH="46" HEIGHT="21" WC="0.95" CONTENT="från"/><SP WIDTH="24" VPOS="182" HPOS="237"/>
							<String ID="string_20" HPOS="261" VPOS="183" WIDTH="144" HEIGHT="27" WC="0.95" CONTENT="nyssnämnda"/><SP WIDTH="24" VPOS="183" HPOS="405"/>
							<String ID="string_21" HPOS="429" VPOS="182" WIDTH="68" HEIGHT="21" WC="0.11" CONTENT="stånd."/><SP WIDTH="10" VPOS="182" HPOS="497"/>
							<String ID="string_22" HPOS="507" VPOS="182" WIDTH="33" HEIGHT="21" WC="0.96" CONTENT="för"/><SP WIDTH="15" VPOS="182" HPOS="540"/>
							<String ID="string_23" HPOS="555" VPOS="183" WIDTH="40" HEIGHT="20" WC="0.97" CONTENT="den"/><SP WIDTH="18" VPOS="183" HPOS="595"/>
							<String ID="string_24" HPOS="613" VPOS="183" WIDTH="26" HEIGHT="21" WC="0.96" CONTENT="13"/><SP WIDTH="15" VPOS="183" HPOS="639"/>
							<String ID="string_25" HPOS="654" VPOS="183" WIDTH="7" HEIGHT="20" WC="0.96" CONTENT="i"/><SP WIDTH="15" VPOS="183" HPOS="661"/>
							<String ID="string_26" HPOS="676" VPOS="183" WIDTH="70" HEIGHT="20" WC="0.96" CONTENT="denna"/><SP WIDTH="16" VPOS="183" HPOS="746"/>
							<String ID="string_27" HPOS="762" VPOS="184" WIDTH="76" HEIGHT="21" WC="0.96" CONTENT="månad"/><SP WIDTH="17" VPOS="184" HPOS="838"/>
							<String ID="string_28" HPOS="855" VPOS="185" WIDTH="47" HEIGHT="20" WC="0.96" CONTENT="med"/>
						</TextLine>
						<TextLine ID="line_4" HPOS="80" VPOS="210" WIDTH="822" HEIGHT="29">
							<String ID="string_29" HPOS="80" VPOS="210" WIDTH="158" HEIGHT="21" WC="0.95" CONTENT="underrättelse"/><SP WIDTH="24" VPOS="210" HPOS="238"/>
							<String ID="string_30" HPOS="262" VPOS="217" WIDTH="34" HEIGHT="14" WC="0.88" CONTENT="om"/><SP WIDTH="23" VPOS="217" HPOS="296"/>
							<String ID="string_31" HPOS="319" VPOS="211" WIDTH="96" HEIGHT="20" WC="0.88" CONTENT="ståndets"/><SP WIDTH="24" VPOS="211" HPOS="415"/>
							<String ID="string_32" HPOS="439" VPOS="210" WIDTH="80" HEIGHT="27" WC="0.96" CONTENT="beslut,"/><SP WIDTH="20" VPOS="210" HPOS="519"/>
							<String ID="string_33" HPOS="539" VPOS="211" WIDTH="111" HEIGHT="27" WC="0.93" CONTENT="angående"/><SP WIDTH="18" VPOS="211" HPOS="650"/>
							<String ID="string_34" HPOS="668" VPOS="211" WIDTH="234" HEIGHT="28" WC="0.92" CONTENT="grundlagsutskottets"/>
						</TextLine>
						<TextLine ID="line_5" HPOS="80" VPOS="239" WIDTH="822" HEIGHT="27">
							<String ID="string_35" HPOS="80" VPOS="239" WIDTH="138" HEIGHT="20" WC="0.96" CONTENT="betänkande"/><SP WIDTH="16" VPOS="239" HPOS="218"/>
							<String ID="string_36" HPOS="234" VPOS="239" WIDTH="6" HEIGHT="20" WC="0.96" CONTENT="i"/><SP WIDTH="16" VPOS="239" HPOS="240"/>
							<String ID="string_37" HPOS="256" VPOS="239" WIDTH="113" HEIGHT="27" WC="0.96" CONTENT="anledning"/><SP WIDTH="15" VPOS="239" HPOS="369"/>
							<String ID="string_38" HPOS="384" VPOS="239" WIDTH="23" HEIGHT="20" WC="0.96" CONTENT="af"/><SP WIDTH="13" VPOS="239" HPOS="407"/>
							<String ID="string_39" HPOS="420" VPOS="239" WIDTH="77" HEIGHT="27" WC="0.96" CONTENT="nådiga"/><SP WIDTH="16" VPOS="239" HPOS="497"/>
							<String ID="string_40" HPOS="513" VPOS="239" WIDTH="160" HEIGHT="27" WC="0.96" CONTENT="propositionen"/><SP WIDTH="20" VPOS="239" HPOS="673"/>
							<String ID="string_41" HPOS="693" VPOS="240" WIDTH="110" HEIGHT="26" WC="0.96" CONTENT="angående"/><SP WIDTH="16" VPOS="240" HPOS="803"/>
							<String ID="string_42" HPOS="819" VPOS="241" WIDTH="26" HEIGHT="20" WC="0.93" CONTENT="de"/><SP WIDTH="15" VPOS="241" HPOS="845"/>
							<String ID="string_43" HPOS="860" VPOS="243" WIDTH="42" HEIGHT="18" WC="0.92" CONTENT="rät-"/>
						</TextLine>
						<TextLine ID="line_6" HPOS="80" VPOS="267" WIDTH="822" HEIGHT="29">
							<String ID="string_44" HPOS="80" VPOS="267" WIDTH="94" HEIGHT="27" WC="0.93" CONTENT="tigheter"/><SP WIDTH="15" VPOS="267" HPOS="174"/>
							<String ID="string_45" HPOS="189" VPOS="267" WIDTH="39" HEIGHT="21" WC="0.96" CONTENT="och"/><SP WIDTH="16" VPOS="267" HPOS="228"/>
							<String ID="string_46" HPOS="244" VPOS="267" WIDTH="152" HEIGHT="27" WC="0.96" CONTENT="skyldigheter,"/><SP WIDTH="17" VPOS="267" HPOS="396"/>
							<String ID="string_47" HPOS="413" VPOS="274" WIDTH="44" HEIGHT="13" WC="0.96" CONTENT="som"/><SP WIDTH="17" VPOS="274" HPOS="457"/>
							<String ID="string_48" HPOS="474" VPOS="267" WIDTH="119" HEIGHT="21" WC="0.93" CONTENT="tillkomma"/><SP WIDTH="15" VPOS="267" HPOS="593"/>
							<String ID="string_49" HPOS="608" VPOS="267" WIDTH="92" HEIGHT="21" WC="0.92" CONTENT="embets-"/><SP WIDTH="12" VPOS="267" HPOS="700"/>
							<String ID="string_50" HPOS="712" VPOS="268" WIDTH="39" HEIGHT="21" WC="0.93" CONTENT="och"/><SP WIDTH="11" VPOS="268" HPOS="751"/>
							<String ID="string_51" HPOS="762" VPOS="268" WIDTH="140" HEIGHT="28" WC="0.55" CONTENT="tjenstemän"/><SP WIDTH="-10" VPOS="268" HPOS="902"/>
							<String ID="string_52" HPOS="892" VPOS="263" WIDTH="15" HEIGHT="37" WC="0.55" CONTENT=","/>
						</TextLine>
						<TextLine ID="line_7" HPOS="81" VPOS="295" WIDTH="366" HEIGHT="28">
							<String ID="string_53" HPOS="81" VPOS="295" WIDTH="84" HEIGHT="21" WC="0.96" CONTENT="hvilkas"/><SP WIDTH="17" VPOS="295" HPOS="165"/>
							<String ID="string_54" HPOS="182" VPOS="295" WIDTH="144" HEIGHT="28" WC="0.93" CONTENT="befattningar"/><SP WIDTH="14" VPOS="295" HPOS="326"/>
							<String ID="string_55" HPOS="340" VPOS="295" WIDTH="107" HEIGHT="28" WC="0.91" CONTENT="indragas."/>
						</TextLine>
					</TextBlock>
					<TextBlock ID="block_3" HPOS="81" VPOS="323" WIDTH="821" HEIGHT="58">
						<TextLine ID="line_8" HPOS="149" VPOS="323" WIDTH="753" HEIGHT="30">
							<String ID="string_56" HPOS="149" VPOS="323" WIDTH="35" HEIGHT="21" WC="0.96" CONTENT="Då"/><SP WIDTH="15" VPOS="323" HPOS="184"/>
							<String ID="string_57" HPOS="199" VPOS="323" WIDTH="91" HEIGHT="21" WC="0.93" CONTENT="berörda"/><SP WIDTH="14" VPOS="323" HPOS="290"/>
							<String ID="string_58" HPOS="304" VPOS="323" WIDTH="199" HEIGHT="28" WC="0.92" CONTENT="protokollsutdrag"/><SP WIDTH="10" VPOS="323" HPOS="503"/>
							<String ID="string_59" HPOS="513" VPOS="324" WIDTH="48" HEIGHT="20" WC="0.96" CONTENT="icke"/><SP WIDTH="11" VPOS="324" HPOS="561"/>
							<String ID="string_60" HPOS="572" VPOS="324" WIDTH="126" HEIGHT="20" WC="0.96" CONTENT="föranledde"/><SP WIDTH="10" VPOS="324" HPOS="698"/>
							<String ID="string_61" HPOS="708" VPOS="324" WIDTH="30" HEIGHT="20" WC="0.96" CONTENT="till"/><SP WIDTH="9" VPOS="324" HPOS="738"/>
							<String ID="string_62" HPOS="747" VPOS="325" WIDTH="67" HEIGHT="27" WC="0.96" CONTENT="någon"/><SP WIDTH="13" VPOS="325" HPOS="814"/>
							<String ID="string_63" HPOS="827" VPOS="326" WIDTH="75" HEIGHT="27" WC="0.96" CONTENT="åtgärd"/>
						</TextLine>
						<TextLine ID="line_9" HPOS="81" VPOS="351" WIDTH="820" HEIGHT="30">
							<String ID="string_64" HPOS="81" VPOS="352" WIDTH="47" HEIGHT="20" WC="0.93" CONTENT="från"/><SP WIDTH="13" VPOS="352" HPOS="128"/>
							<String ID="string_65" HPOS="141" VPOS="352" WIDTH="95" HEIGHT="20" WC="0.92" CONTENT="ståndets"/><SP WIDTH="15" VPOS="352" HPOS="236"/>
							<String ID="string_66" HPOS="251" VPOS="352" WIDTH="54" HEIGHT="24" WC="0.94" CONTENT="sida,"/><SP WIDTH="15" VPOS="352" HPOS="305"/>
							<String ID="string_67" HPOS="320" VPOS="351" WIDTH="68" HEIGHT="21" WC="0.96" CONTENT="skulle"/><SP WIDTH="14" VPOS="351" HPOS="388"/>
							<String ID="string_68" HPOS="402" VPOS="352" WIDTH="26" HEIGHT="20" WC="0.96" CONTENT="de"/><SP WIDTH="11" VPOS="352" HPOS="428"/>
							<String ID="string_69" HPOS="439" VPOS="358" WIDTH="82" HEIGHT="14" WC="0.95" CONTENT="samma"/><SP WIDTH="10" VPOS="358" HPOS="521"/>
							<String ID="string_70" HPOS="531" VPOS="352" WIDTH="74" HEIGHT="28" WC="0.95" CONTENT="läggas"/><SP WIDTH="11" VPOS="352" HPOS="605"/>
							<String ID="string_71" HPOS="616" VPOS="352" WIDTH="31" HEIGHT="20" WC="0.93" CONTENT="till"/><SP WIDTH="14" VPOS="352" HPOS="647"/>
							<String ID="string_72" HPOS="661" VPOS="352" WIDTH="96" HEIGHT="21" WC="0.91" CONTENT="ståndets"/><SP WIDTH="14" VPOS="352" HPOS="757"/>
							<String ID="string_73" HPOS="771" VPOS="352" WIDTH="130" HEIGHT="29" WC="0.96" CONTENT="handlingar."/>
						</TextLine>
					</TextBlock>
				</ComposedBlock>
				<ComposedBlock ID="cblock_2" HPOS="81" VPOS="407" WIDTH="821" HEIGHT="255">
					<TextBlock ID="block_4" HPOS="81" VPOS="407" WIDTH="821" HEIGHT="57">
						<TextLine ID="line_10" HPOS="150" VPOS="407" WIDTH="752" HEIGHT="30">
							<String ID="string_74" HPOS="150" VPOS="407" WIDTH="134" HEIGHT="28" WC="0.90" CONTENT="Föredrogos"/><SP WIDTH="22" VPOS="407" HPOS="284"/>
							<String ID="string_75" HPOS="306" VPOS="407" WIDTH="47" HEIGHT="21" WC="0.93" CONTENT="från"/><SP WIDTH="19" VPOS="407" HPOS="353"/>
							<String ID="string_76" HPOS="372" VPOS="407" WIDTH="253" HEIGHT="28" WC="0.89" CONTENT="expeditions-utskottet"/><SP WIDTH="22" VPOS="407" HPOS="625"/>
							<String ID="string_77" HPOS="647" VPOS="408" WIDTH="101" HEIGHT="21" WC="0.95" CONTENT="inkomna"/><SP WIDTH="22" VPOS="408" HPOS="748"/>
							<String ID="string_78" HPOS="770" VPOS="408" WIDTH="79" HEIGHT="29" WC="0.96" CONTENT="förslag"/><SP WIDTH="21" VPOS="408" HPOS="849"/>
							<String ID="string_79" HPOS="870" VPOS="410" WIDTH="32" HEIGHT="20" WC="0.96" CONTENT="till"/>
						</TextLine>
						<TextLine ID="line_11" HPOS="81" VPOS="435" WIDTH="718" HEIGHT="29">
							<String ID="string_80" HPOS="81" VPOS="437" WIDTH="127" HEIGHT="20" WC="0.96" CONTENT="ständernas"/><SP WIDTH="16" VPOS="437" HPOS="208"/>
							<String ID="string_81" HPOS="224" VPOS="443" WIDTH="48" HEIGHT="14" WC="0.96" CONTENT="svar"/><SP WIDTH="11" VPOS="443" HPOS="272"/>
							<String ID="string_82" HPOS="283" VPOS="436" WIDTH="27" HEIGHT="27" WC="0.93" CONTENT="på"/><SP WIDTH="14" VPOS="436" HPOS="310"/>
							<String ID="string_83" HPOS="324" VPOS="435" WIDTH="28" HEIGHT="21" WC="0.90" CONTENT="H."/><SP WIDTH="17" VPOS="435" HPOS="352"/>
							<String ID="string_84" HPOS="369" VPOS="436" WIDTH="26" HEIGHT="21" WC="0.91" CONTENT="K."/><SP WIDTH="15" VPOS="436" HPOS="395"/>
							<String ID="string_85" HPOS="410" VPOS="436" WIDTH="114" HEIGHT="27" WC="0.95" CONTENT="Majestäts"/><SP WIDTH="15" VPOS="436" HPOS="524"/>
							<String ID="string_86" HPOS="539" VPOS="436" WIDTH="79" HEIGHT="28" WC="0.95" CONTENT="nådiga"/><SP WIDTH="15" VPOS="436" HPOS="618"/>
							<String ID="string_87" HPOS="633" VPOS="437" WIDTH="166" HEIGHT="27" WC="0.96" CONTENT="propositioner:"/>
						</TextLine>
					</TextBlock>
					<TextBlock ID="block_5" HPOS="81" VPOS="464" WIDTH="820" HEIGHT="56">
						<TextLine ID="line_12" HPOS="150" VPOS="464" WIDTH="751" HEIGHT="29">
							<String ID="string_88" HPOS="150" VPOS="465" WIDTH="24" HEIGHT="26" WC="0.96" CONTENT="1)"/><SP WIDTH="17" VPOS="465" HPOS="174"/>
							<String ID="string_89" HPOS="191" VPOS="464" WIDTH="110" HEIGHT="28" WC="0.95" CONTENT="angående"/><SP WIDTH="19" VPOS="464" HPOS="301"/>
							<String ID="string_90" HPOS="320" VPOS="464" WIDTH="79" HEIGHT="21" WC="0.96" CONTENT="ändrad"/><SP WIDTH="18" VPOS="464" HPOS="399"/>
							<String ID="string_91" HPOS="417" VPOS="464" WIDTH="69" HEIGHT="28" WC="0.96" CONTENT="grund"/><SP WIDTH="16" VPOS="464" HPOS="486"/>
							<String ID="string_92" HPOS="502" VPOS="465" WIDTH="33" HEIGHT="20" WC="0.93" CONTENT="för"/><SP WIDTH="12" VPOS="465" HPOS="535"/>
							<String ID="string_93" HPOS="547" VPOS="465" WIDTH="187" HEIGHT="28" WC="0.91" CONTENT="jordlägenheters"/><SP WIDTH="19" VPOS="465" HPOS="734"/>
							<String ID="string_94" HPOS="753" VPOS="465" WIDTH="127" HEIGHT="28" WC="0.96" CONTENT="deltagande"/><SP WIDTH="15" VPOS="465" HPOS="880"/>
							<String ID="string_95" HPOS="895" VPOS="467" WIDTH="6" HEIGHT="20" WC="0.96" CONTENT="i"/>
						</TextLine>
						<TextLine ID="line_13" HPOS="81" VPOS="493" WIDTH="440" HEIGHT="27">
							<String ID="string_96" HPOS="81" VPOS="493" WIDTH="78" HEIGHT="27" WC="0.92" CONTENT="kyrko-"/><SP WIDTH="16" VPOS="493" HPOS="159"/>
							<String ID="string_97" HPOS="175" VPOS="493" WIDTH="39" HEIGHT="20" WC="0.93" CONTENT="och"/><SP WIDTH="16" VPOS="493" HPOS="214"/>
							<String ID="string_98" HPOS="230" VPOS="493" WIDTH="235" HEIGHT="27" WC="0.90" CONTENT="prestgårdsbyggnad;"/><SP WIDTH="17" VPOS="493" HPOS="465"/>
							<String ID="string_99" HPOS="482" VPOS="493" WIDTH="39" HEIGHT="20" WC="0.96" CONTENT="och"/>
						</TextLine>
					</TextBlock>
					<TextBlock ID="block_6" HPOS="81" VPOS="521" WIDTH="821" HEIGHT="84">
						<TextLine ID="line_14" HPOS="151" VPOS="521" WIDTH="751" HEIGHT="29">
							<String ID="string_100" HPOS="151" VPOS="521" WIDTH="24" HEIGHT="28" WC="0.96" CONTENT="2)"/><SP WIDTH="16" VPOS="521" HPOS="175"/>
							<String ID="string_101" HPOS="191" VPOS="521" WIDTH="111" HEIGHT="27" WC="0.96" CONTENT="angående"/><SP WIDTH="15" VPOS="521" HPOS="302"/>
							<String ID="string_102" HPOS="317" VPOS="521" WIDTH="69" HEIGHT="20" WC="0.93" CONTENT="finska"/><SP WIDTH="11" VPOS="521" HPOS="386"/>
							<String ID="string_103" HPOS="397" VPOS="521" WIDTH="165" HEIGHT="21" WC="0.91" CONTENT="militiefondens"/><SP WIDTH="15" VPOS="521" HPOS="562"/>
							<String ID="string_104" HPOS="577" VPOS="521" WIDTH="123" HEIGHT="21" WC="0.92" CONTENT="ersättande"/><SP WIDTH="11" VPOS="521" HPOS="700"/>
							<String ID="string_105" HPOS="711" VPOS="521" WIDTH="33" HEIGHT="21" WC="0.96" CONTENT="för"/><SP WIDTH="10" VPOS="521" HPOS="744"/>
							<String ID="string_106" HPOS="754" VPOS="522" WIDTH="148" HEIGHT="28" WC="0.96" CONTENT="minskningen"/>
						</TextLine>
						<TextLine ID="line_15" HPOS="81" VPOS="549" WIDTH="819" HEIGHT="30">
							<String ID="string_107" HPOS="81" VPOS="549" WIDTH="24" HEIGHT="21" WC="0.95" CONTENT="af"/><SP WIDTH="21" VPOS="549" HPOS="105"/>
							<String ID="string_108" HPOS="126" VPOS="549" WIDTH="49" HEIGHT="21" WC="0.96" CONTENT="dess"/><SP WIDTH="22" VPOS="549" HPOS="175"/>
							<String ID="string_109" HPOS="197" VPOS="549" WIDTH="117" HEIGHT="21" WC="0.96" CONTENT="inkomster"/><SP WIDTH="22" VPOS="549" HPOS="314"/>
							<String ID="string_110" HPOS="336" VPOS="556" WIDTH="76" HEIGHT="21" WC="0.96" CONTENT="genom"/><SP WIDTH="24" VPOS="556" HPOS="412"/>
							<String ID="string_111" HPOS="436" VPOS="549" WIDTH="140" HEIGHT="28" WC="0.96" CONTENT="upphörande"/><SP WIDTH="19" VPOS="549" HPOS="576"/>
							<String ID="string_112" HPOS="595" VPOS="550" WIDTH="23" HEIGHT="21" WC="0.93" CONTENT="af"/><SP WIDTH="17" VPOS="550" HPOS="618"/>
							<String ID="string_113" HPOS="635" VPOS="549" WIDTH="265" HEIGHT="30" WC="0.90" CONTENT="bränvinsförpaktningen"/>
						</TextLine>
						<TextLine ID="line_16" HPOS="81" VPOS="577" WIDTH="324" HEIGHT="28">
							<String ID="string_114" HPOS="81" VPOS="578" WIDTH="31" HEIGHT="21" WC="0.93" CONTENT="uti"/><SP WIDTH="14" VPOS="578" HPOS="112"/>
							<String ID="string_115" HPOS="126" VPOS="577" WIDTH="146" HEIGHT="28" WC="0.91" CONTENT="fästningarne"/><SP WIDTH="15" VPOS="577" HPOS="272"/>
							<String ID="string_116" HPOS="287" VPOS="578" WIDTH="6" HEIGHT="20" WC="0.96" CONTENT="i"/><SP WIDTH="15" VPOS="578" HPOS="293"/>
							<String ID="string_117" HPOS="308" VPOS="577" WIDTH="97" HEIGHT="21" WC="0.96" CONTENT="Finland."/>
						</TextLine>
					</TextBlock>
					<TextBlock ID="block_7" HPOS="81" VPOS="605" WIDTH="820" HEIGHT="57">
						<TextLine ID="line_17" HPOS="151" VPOS="605" WIDTH="750" HEIGHT="29">
							<String ID="string_118" HPOS="151" VPOS="605" WIDTH="46" HEIGHT="22" WC="0.96" CONTENT="Och"/><SP WIDTH="15" VPOS="605" HPOS="197"/>
							<String ID="string_119" HPOS="212" VPOS="606" WIDTH="71" HEIGHT="21" WC="0.91" CONTENT="blefvo"/><SP WIDTH="19" VPOS="606" HPOS="283"/>
							<String ID="string_120" HPOS="302" VPOS="606" WIDTH="90" HEIGHT="21" WC="0.96" CONTENT="berörda"/><SP WIDTH="18" VPOS="606" HPOS="392"/>
							<String ID="string_121" HPOS="410" VPOS="606" WIDTH="80" HEIGHT="27" WC="0.95" CONTENT="förslag"/><SP WIDTH="15" VPOS="606" HPOS="490"/>
							<String ID="string_122" HPOS="505" VPOS="606" WIDTH="24" HEIGHT="21" WC="0.95" CONTENT="af"/><SP WIDTH="12" VPOS="606" HPOS="529"/>
							<String ID="string_123" HPOS="541" VPOS="606" WIDTH="151" HEIGHT="28" WC="0.96" CONTENT="ridderskapet"/><SP WIDTH="15" VPOS="606" HPOS="692"/>
							<String ID="string_124" HPOS="707" VPOS="607" WIDTH="39" HEIGHT="20" WC="0.96" CONTENT="och"/><SP WIDTH="16" VPOS="607" HPOS="746"/>
							<String ID="string_125" HPOS="762" VPOS="607" WIDTH="61" HEIGHT="21" WC="0.96" CONTENT="adeln"/><SP WIDTH="16" VPOS="607" HPOS="823"/>
							<String ID="string_126" HPOS="839" VPOS="607" WIDTH="6" HEIGHT="21" WC="0.93" CONTENT="i"/><SP WIDTH="16" VPOS="607" HPOS="845"/>
							<String ID="string_127" HPOS="861" VPOS="608" WIDTH="40" HEIGHT="20" WC="0.91" CONTENT="allo"/>
						</TextLine>
						<TextLine ID="line_18" HPOS="81" VPOS="634" WIDTH="120" HEIGHT="28">
							<String ID="string_128" HPOS="81" VPOS="634" WIDTH="120" HEIGHT="28" WC="0.95" CONTENT="godkända."/>
						</TextLine>
					</TextBlock>
				</ComposedBlock>
				<GraphicalElement ID="cblock_3" HPOS="449" VPOS="663" WIDTH="69" HEIGHT="3"></GraphicalElement >
				<ComposedBlock ID="cblock_4" HPOS="81" VPOS="690" WIDTH="821" HEIGHT="509">
					<TextBlock ID="block_8" HPOS="81" VPOS="690" WIDTH="821" HEIGHT="134">
						<TextLine ID="line_19" HPOS="149" VPOS="690" WIDTH="753" HEIGHT="28">
							<String ID="string_129" HPOS="149" VPOS="690" WIDTH="81" HEIGHT="21" WC="0.96" CONTENT="Vidare"/><SP WIDTH="15" VPOS="690" HPOS="230"/>
							<String ID="string_130" HPOS="245" VPOS="690" WIDTH="111" HEIGHT="28" WC="0.93" CONTENT="föredrogs"/><SP WIDTH="15" VPOS="690" HPOS="356"/>
							<String ID="string_131" HPOS="371" VPOS="690" WIDTH="43" HEIGHT="28" WC="0.92" CONTENT="lag-"/><SP WIDTH="16" VPOS="690" HPOS="414"/>
							<String ID="string_132" HPOS="430" VPOS="690" WIDTH="39" HEIGHT="21" WC="0.93" CONTENT="och"/><SP WIDTH="16" VPOS="690" HPOS="469"/>
							<String ID="string_133" HPOS="485" VPOS="691" WIDTH="220" HEIGHT="20" WC="0.92" CONTENT="ekonomiutskottets"/><SP WIDTH="13" VPOS="691" HPOS="705"/>
							<String ID="string_134" HPOS="718" VPOS="691" WIDTH="100" HEIGHT="21" WC="0.93" CONTENT="inkomna"/><SP WIDTH="10" VPOS="691" HPOS="818"/>
							<String ID="string_135" HPOS="828" VPOS="692" WIDTH="74" HEIGHT="20" WC="0.92" CONTENT="betän-"/>
						</TextLine>
						<TextLine ID="line_20" HPOS="82" VPOS="718" WIDTH="819" HEIGHT="29">
							<String ID="string_136" HPOS="82" VPOS="719" WIDTH="77" HEIGHT="26" WC="0.95" CONTENT="kande,"/><SP WIDTH="16" VPOS="719" HPOS="159"/>
							<String ID="string_137" HPOS="175" VPOS="718" WIDTH="110" HEIGHT="28" WC="0.96" CONTENT="angående"/><SP WIDTH="12" VPOS="718" HPOS="285"/>
							<String ID="string_138" HPOS="297" VPOS="719" WIDTH="39" HEIGHT="20" WC="0.96" CONTENT="den"/><SP WIDTH="12" VPOS="719" HPOS="336"/>
							<String ID="string_139" HPOS="348" VPOS="718" WIDTH="78" HEIGHT="28" WC="0.96" CONTENT="nådiga"/><SP WIDTH="13" VPOS="718" HPOS="426"/>
							<String ID="string_140" HPOS="439" VPOS="719" WIDTH="163" HEIGHT="27" WC="0.96" CONTENT="propositionen"/><SP WIDTH="11" VPOS="719" HPOS="602"/>
							<String ID="string_141" HPOS="613" VPOS="726" WIDTH="36" HEIGHT="14" WC="0.94" CONTENT="om"/><SP WIDTH="10" VPOS="726" HPOS="649"/>
							<String ID="string_142" HPOS="659" VPOS="719" WIDTH="121" HEIGHT="27" WC="0.96" CONTENT="grunderna"/><SP WIDTH="10" VPOS="719" HPOS="780"/>
							<String ID="string_143" HPOS="790" VPOS="719" WIDTH="33" HEIGHT="21" WC="0.93" CONTENT="för"/><SP WIDTH="11" VPOS="719" HPOS="823"/>
							<String ID="string_144" HPOS="834" VPOS="720" WIDTH="67" HEIGHT="27" WC="0.92" CONTENT="regle-"/>
						</TextLine>
						<TextLine ID="line_21" HPOS="81" VPOS="747" WIDTH="821" HEIGHT="28">
							<String ID="string_145" HPOS="81" VPOS="747" WIDTH="48" HEIGHT="27" WC="0.96" CONTENT="ring"/><SP WIDTH="15" VPOS="747" HPOS="129"/>
							<String ID="string_146" HPOS="144" VPOS="747" WIDTH="23" HEIGHT="20" WC="0.93" CONTENT="af"/><SP WIDTH="13" VPOS="747" HPOS="167"/>
							<String ID="string_147" HPOS="180" VPOS="747" WIDTH="172" HEIGHT="27" WC="0.91" CONTENT="presterskapets"/><SP WIDTH="16" VPOS="747" HPOS="352"/>
							<String ID="string_148" HPOS="368" VPOS="747" WIDTH="93" HEIGHT="27" WC="0.91" CONTENT="aflöning"/><SP WIDTH="16" VPOS="747" HPOS="461"/>
							<String ID="string_149" HPOS="477" VPOS="747" WIDTH="6" HEIGHT="20" WC="0.96" CONTENT="i"/><SP WIDTH="16" VPOS="747" HPOS="483"/>
							<String ID="string_150" HPOS="499" VPOS="747" WIDTH="84" HEIGHT="21" WC="0.93" CONTENT="landets"/><SP WIDTH="19" VPOS="747" HPOS="583"/>
							<String ID="string_151" HPOS="602" VPOS="748" WIDTH="245" HEIGHT="27" WC="0.92" CONTENT="evangelisk-lutherska"/><SP WIDTH="13" VPOS="748" HPOS="847"/>
							<String ID="string_152" HPOS="860" VPOS="748" WIDTH="42" HEIGHT="20" WC="0.92" CONTENT="för-"/>
						</TextLine>
						<TextLine ID="line_22" HPOS="82" VPOS="775" WIDTH="819" HEIGHT="28">
							<String ID="string_153" HPOS="82" VPOS="776" WIDTH="125" HEIGHT="26" WC="0.96" CONTENT="samlingar;"/><SP WIDTH="19" VPOS="776" HPOS="207"/>
							<String ID="string_154" HPOS="226" VPOS="775" WIDTH="81" HEIGHT="21" WC="0.96" CONTENT="hvilket"/><SP WIDTH="20" VPOS="775" HPOS="307"/>
							<String ID="string_155" HPOS="327" VPOS="775" WIDTH="135" HEIGHT="21" WC="0.93" CONTENT="betänkande"/><SP WIDTH="19" VPOS="775" HPOS="462"/>
							<String ID="string_156" HPOS="481" VPOS="775" WIDTH="114" HEIGHT="21" WC="0.92" CONTENT="bordlades"/><SP WIDTH="16" VPOS="775" HPOS="595"/>
							<String ID="string_157" HPOS="611" VPOS="776" WIDTH="31" HEIGHT="20" WC="0.95" CONTENT="till"/><SP WIDTH="16" VPOS="776" HPOS="642"/>
							<String ID="string_158" HPOS="658" VPOS="776" WIDTH="85" HEIGHT="27" WC="0.95" CONTENT="plenum"/><SP WIDTH="16" VPOS="776" HPOS="743"/>
							<String ID="string_159" HPOS="759" VPOS="776" WIDTH="142" HEIGHT="27" WC="0.95" CONTENT="nästföljande"/>
						</TextLine>
						<TextLine ID="line_23" HPOS="81" VPOS="804" WIDTH="82" HEIGHT="20">
							<String ID="string_160" HPOS="81" VPOS="804" WIDTH="82" HEIGHT="20" WC="0.95" CONTENT="fredag."/>
						</TextLine>
					</TextBlock>
					<TextBlock ID="block_9" HPOS="82" VPOS="807" WIDTH="820" HEIGHT="222">
						<TextLine ID="line_24" HPOS="139" VPOS="807" WIDTH="763" HEIGHT="56">
							<String ID="string_161" HPOS="139" VPOS="807" WIDTH="23" HEIGHT="56" WC="0.31" CONTENT="Ni"/><SP WIDTH="15" VPOS="807" HPOS="162"/>
							<String ID="string_162" HPOS="177" VPOS="832" WIDTH="114" HEIGHT="28" WC="0.92" CONTENT="anledning"/><SP WIDTH="15" VPOS="832" HPOS="291"/>
							<String ID="string_163" HPOS="306" VPOS="832" WIDTH="23" HEIGHT="20" WC="0.97" CONTENT="af"/><SP WIDTH="13" VPOS="832" HPOS="329"/>
							<String ID="string_164" HPOS="342" VPOS="832" WIDTH="89" HEIGHT="20" WC="0.93" CONTENT="berörda"/><SP WIDTH="23" VPOS="832" HPOS="431"/>
							<String ID="string_165" HPOS="454" VPOS="831" WIDTH="137" HEIGHT="21" WC="0.92" CONTENT="betänkande"/><SP WIDTH="22" VPOS="831" HPOS="591"/>
							<String ID="string_166" HPOS="613" VPOS="832" WIDTH="49" HEIGHT="20" WC="0.93" CONTENT="ville"/><SP WIDTH="17" VPOS="832" HPOS="662"/>
							<String ID="string_167" HPOS="679" VPOS="832" WIDTH="48" HEIGHT="21" WC="0.92" CONTENT="herr"/><SP WIDTH="14" VPOS="832" HPOS="727"/>
							<String ID="string_168" HPOS="741" VPOS="832" WIDTH="161" HEIGHT="21" WC="0.93" CONTENT="landtmarskal-"/>
						</TextLine>
						<TextLine ID="line_25" HPOS="82" VPOS="860" WIDTH="820" HEIGHT="28">
							<String ID="string_169" HPOS="82" VPOS="860" WIDTH="41" HEIGHT="21" WC="0.93" CONTENT="ken"/><SP WIDTH="16" VPOS="860" HPOS="123"/>
							<String ID="string_170" HPOS="139" VPOS="860" WIDTH="56" HEIGHT="21" WC="0.90" CONTENT="fästa"/><SP WIDTH="23" VPOS="860" HPOS="195"/>
							<String ID="string_171" HPOS="218" VPOS="860" WIDTH="96" HEIGHT="21" WC="0.91" CONTENT="ständets"/><SP WIDTH="21" VPOS="860" HPOS="314"/>
							<String ID="string_172" HPOS="335" VPOS="860" WIDTH="191" HEIGHT="28" WC="0.96" CONTENT="uppmärksamhet"/><SP WIDTH="21" VPOS="860" HPOS="526"/>
							<String ID="string_173" HPOS="547" VPOS="860" WIDTH="36" HEIGHT="20" WC="0.96" CONTENT="vid"/><SP WIDTH="18" VPOS="860" HPOS="583"/>
							<String ID="string_174" HPOS="601" VPOS="860" WIDTH="26" HEIGHT="20" WC="0.96" CONTENT="de"/><SP WIDTH="24" VPOS="860" HPOS="627"/>
							<String ID="string_175" HPOS="651" VPOS="860" WIDTH="105" HEIGHT="28" WC="0.93" CONTENT="betydligt"/><SP WIDTH="23" VPOS="860" HPOS="756"/>
							<String ID="string_176" HPOS="779" VPOS="860" WIDTH="123" HEIGHT="28" WC="0.92" CONTENT="skiljaktiga"/>
						</TextLine>
						<TextLine ID="line_26" HPOS="82" VPOS="888" WIDTH="820" HEIGHT="28">
							<String ID="string_177" HPOS="82" VPOS="889" WIDTH="117" HEIGHT="27" WC="0.96" CONTENT="meningar,"/><SP WIDTH="23" VPOS="889" HPOS="199"/>
							<String ID="string_178" HPOS="222" VPOS="896" WIDTH="46" HEIGHT="13" WC="0.96" CONTENT="som"/><SP WIDTH="16" VPOS="896" HPOS="268"/>
							<String ID="string_179" HPOS="284" VPOS="889" WIDTH="6" HEIGHT="20" WC="0.93" CONTENT="i"/><SP WIDTH="16" VPOS="889" HPOS="290"/>
							<String ID="string_180" HPOS="306" VPOS="889" WIDTH="106" HEIGHT="20" WC="0.96" CONTENT="utskottet"/><SP WIDTH="16" VPOS="889" HPOS="412"/>
							<String ID="string_181" HPOS="428" VPOS="890" WIDTH="56" HEIGHT="25" WC="0.97" CONTENT="gjort"/><SP WIDTH="16" VPOS="890" HPOS="484"/>
							<String ID="string_182" HPOS="500" VPOS="888" WIDTH="33" HEIGHT="28" WC="0.97" CONTENT="sig"/><SP WIDTH="16" VPOS="888" HPOS="533"/>
							<String ID="string_183" HPOS="549" VPOS="888" WIDTH="97" HEIGHT="27" WC="0.96" CONTENT="gällande"/><SP WIDTH="16" VPOS="888" HPOS="646"/>
							<String ID="string_184" HPOS="662" VPOS="888" WIDTH="141" HEIGHT="21" WC="0.54" CONTENT="&quot;beträffande"/><SP WIDTH="22" VPOS="888" HPOS="803"/>
							<String ID="string_185" HPOS="825" VPOS="889" WIDTH="77" HEIGHT="27" WC="0.92" CONTENT="princi-"/>
						</TextLine>
						<TextLine ID="line_27" HPOS="82" VPOS="916" WIDTH="820" HEIGHT="28">
							<String ID="string_186" HPOS="82" VPOS="924" WIDTH="67" HEIGHT="20" WC="0.96" CONTENT="perna"/><SP WIDTH="15" VPOS="924" HPOS="149"/>
							<String ID="string_187" HPOS="164" VPOS="917" WIDTH="33" HEIGHT="21" WC="0.93" CONTENT="för"/><SP WIDTH="15" VPOS="917" HPOS="197"/>
							<String ID="string_188" HPOS="212" VPOS="917" WIDTH="162" HEIGHT="27" WC="0.92" CONTENT="ifrägavarande"/><SP WIDTH="15" VPOS="917" HPOS="374"/>
							<String ID="string_189" HPOS="389" VPOS="917" WIDTH="113" HEIGHT="27" WC="0.92" CONTENT="reglering,"/><SP WIDTH="17" VPOS="917" HPOS="502"/>
							<String ID="string_190" HPOS="519" VPOS="916" WIDTH="40" HEIGHT="21" WC="0.93" CONTENT="och"/><SP WIDTH="16" VPOS="916" HPOS="559"/>
							<String ID="string_191" HPOS="575" VPOS="916" WIDTH="135" HEIGHT="28" WC="0.91" CONTENT="uppmanade"/><SP WIDTH="16" VPOS="916" HPOS="710"/>
							<String ID="string_192" HPOS="726" VPOS="916" WIDTH="95" HEIGHT="21" WC="0.92" CONTENT="ständets"/><SP WIDTH="23" VPOS="916" HPOS="821"/>
							<String ID="string_193" HPOS="844" VPOS="917" WIDTH="58" HEIGHT="21" WC="0.92" CONTENT="med-"/>
						</TextLine>
						<TextLine ID="line_28" HPOS="82" VPOS="944" WIDTH="819" HEIGHT="28">
							<String ID="string_194" HPOS="82" VPOS="946" WIDTH="88" HEIGHT="20" WC="0.96" CONTENT="lemmar"/><SP WIDTH="22" VPOS="946" HPOS="170"/>
							<String ID="string_195" HPOS="192" VPOS="948" WIDTH="32" HEIGHT="18" WC="0.93" CONTENT="att"/><SP WIDTH="23" VPOS="948" HPOS="224"/>
							<String ID="string_196" HPOS="247" VPOS="945" WIDTH="178" HEIGHT="27" WC="0.95" CONTENT="hufvudsakligen"/><SP WIDTH="24" VPOS="945" HPOS="425"/>
							<String ID="string_197" HPOS="449" VPOS="944" WIDTH="80" HEIGHT="21" WC="0.95" CONTENT="bereda"/><SP WIDTH="20" VPOS="944" HPOS="529"/>
							<String ID="string_198" HPOS="549" VPOS="945" WIDTH="32" HEIGHT="27" WC="0.96" CONTENT="sig"/><SP WIDTH="15" VPOS="945" HPOS="581"/>
							<String ID="string_199" HPOS="596" VPOS="946" WIDTH="27" HEIGHT="26" WC="0.92" CONTENT="pä"/><SP WIDTH="16" VPOS="946" HPOS="623"/>
							<String ID="string_200" HPOS="639" VPOS="945" WIDTH="161" HEIGHT="27" WC="0.90" CONTENT="öfverläggning"/><SP WIDTH="23" VPOS="945" HPOS="800"/>
							<String ID="string_201" HPOS="823" VPOS="945" WIDTH="78" HEIGHT="21" WC="0.76" CONTENT="beträf-"/>
						</TextLine>
						<TextLine ID="line_29" HPOS="82" VPOS="972" WIDTH="820" HEIGHT="28">
							<String ID="string_202" HPOS="82" VPOS="974" WIDTH="63" HEIGHT="21" WC="0.92" CONTENT="fande"/><SP WIDTH="25" VPOS="974" HPOS="145"/>
							<String ID="string_203" HPOS="170" VPOS="974" WIDTH="91" HEIGHT="20" WC="0.93" CONTENT="berörda"/><SP WIDTH="22" VPOS="974" HPOS="261"/>
							<String ID="string_204" HPOS="283" VPOS="974" WIDTH="111" HEIGHT="26" WC="0.92" CONTENT="principer,"/><SP WIDTH="24" VPOS="974" HPOS="394"/>
							<String ID="string_205" HPOS="418" VPOS="972" WIDTH="89" HEIGHT="22" WC="0.92" CONTENT="emedan"/><SP WIDTH="17" VPOS="972" HPOS="507"/>
							<String ID="string_206" HPOS="524" VPOS="973" WIDTH="23" HEIGHT="20" WC="0.93" CONTENT="af"/><SP WIDTH="14" VPOS="973" HPOS="547"/>
							<String ID="string_207" HPOS="561" VPOS="972" WIDTH="119" HEIGHT="22" WC="0.91" CONTENT="desammas"/><SP WIDTH="16" VPOS="972" HPOS="680"/>
							<String ID="string_208" HPOS="696" VPOS="973" WIDTH="139" HEIGHT="21" WC="0.92" CONTENT="förkastande"/><SP WIDTH="16" VPOS="973" HPOS="835"/>
							<String ID="string_209" HPOS="851" VPOS="974" WIDTH="51" HEIGHT="20" WC="0.97" CONTENT="eller"/>
						</TextLine>
						<TextLine ID="line_30" HPOS="82" VPOS="1001" WIDTH="696" HEIGHT="28">
							<String ID="string_210" HPOS="82" VPOS="1002" WIDTH="156" HEIGHT="27" WC="0.91" CONTENT="godkännande"/><SP WIDTH="16" VPOS="1002" HPOS="238"/>
							<String ID="string_211" HPOS="254" VPOS="1002" WIDTH="157" HEIGHT="20" WC="0.92" CONTENT="betänkandets"/><SP WIDTH="16" VPOS="1002" HPOS="411"/>
							<String ID="string_212" HPOS="427" VPOS="1001" WIDTH="133" HEIGHT="27" WC="0.91" CONTENT="granskning"/><SP WIDTH="14" VPOS="1001" HPOS="560"/>
							<String ID="string_213" HPOS="574" VPOS="1002" WIDTH="7" HEIGHT="19" WC="0.93" CONTENT="i"/><SP WIDTH="16" VPOS="1002" HPOS="581"/>
							<String ID="string_214" HPOS="597" VPOS="1001" WIDTH="65" HEIGHT="28" WC="0.92" CONTENT="detalj"/><SP WIDTH="16" VPOS="1001" HPOS="662"/>
							<String ID="string_215" HPOS="678" VPOS="1001" WIDTH="100" HEIGHT="21" WC="0.92" CONTENT="berodde."/>
						</TextLine>
					</TextBlock>
					<TextBlock ID="block_10" HPOS="82" VPOS="1057" WIDTH="820" HEIGHT="142">
						<TextLine ID="line_31" HPOS="151" VPOS="1057" WIDTH="751" HEIGHT="28">
							<String ID="string_216" HPOS="151" VPOS="1057" WIDTH="121" HEIGHT="28" WC="0.96" CONTENT="Föredrogs"/><SP WIDTH="16" VPOS="1057" HPOS="272"/>
							<String ID="string_217" HPOS="288" VPOS="1060" WIDTH="31" HEIGHT="19" WC="0.93" CONTENT="ett"/><SP WIDTH="15" VPOS="1060" HPOS="319"/>
							<String ID="string_218" HPOS="334" VPOS="1058" WIDTH="48" HEIGHT="20" WC="0.96" CONTENT="från"/><SP WIDTH="16" VPOS="1058" HPOS="382"/>
							<String ID="string_219" HPOS="398" VPOS="1057" WIDTH="157" HEIGHT="21" WC="0.96" CONTENT="bondeståndet"/><SP WIDTH="18" VPOS="1057" HPOS="555"/>
							<String ID="string_220" HPOS="573" VPOS="1057" WIDTH="119" HEIGHT="21" WC="0.93" CONTENT="inkommet"/><SP WIDTH="15" VPOS="1057" HPOS="692"/>
							<String ID="string_221" HPOS="707" VPOS="1057" WIDTH="195" HEIGHT="28" WC="0.63" CONTENT="protokollsutdrag"/>
						</TextLine>
						<TextLine ID="line_32" HPOS="82" VPOS="1085" WIDTH="819" HEIGHT="28">
							<String ID="string_222" HPOS="82" VPOS="1087" WIDTH="6" HEIGHT="20" WC="0.96" CONTENT="i"/><SP WIDTH="16" VPOS="1087" HPOS="88"/>
							<String ID="string_223" HPOS="104" VPOS="1086" WIDTH="113" HEIGHT="27" WC="0.96" CONTENT="anledning"/><SP WIDTH="16" VPOS="1086" HPOS="217"/>
							<String ID="string_224" HPOS="233" VPOS="1087" WIDTH="23" HEIGHT="20" WC="0.93" CONTENT="af"/><SP WIDTH="13" VPOS="1087" HPOS="256"/>
							<String ID="string_225" HPOS="269" VPOS="1086" WIDTH="205" HEIGHT="27" WC="0.90" CONTENT="landtdagsmannen"/><SP WIDTH="16" VPOS="1086" HPOS="474"/>
							<String ID="string_226" HPOS="490" VPOS="1085" WIDTH="54" HEIGHT="21" WC="0.93" CONTENT="Karl"/><SP WIDTH="16" VPOS="1085" HPOS="544"/>
							<String ID="string_227" HPOS="560" VPOS="1085" WIDTH="83" HEIGHT="21" WC="0.91" CONTENT="Warris"/><SP WIDTH="23" VPOS="1085" HPOS="643"/>
							<String ID="string_228" HPOS="666" VPOS="1085" WIDTH="182" HEIGHT="28" WC="0.91" CONTENT="petitionsförslag"/><SP WIDTH="18" VPOS="1085" HPOS="848"/>
							<String ID="string_229" HPOS="866" VPOS="1093" WIDTH="35" HEIGHT="13" WC="0.92" CONTENT="an-"/>
						</TextLine>
						<TextLine ID="line_33" HPOS="82" VPOS="1113" WIDTH="820" HEIGHT="29">
							<String ID="string_230" HPOS="82" VPOS="1115" WIDTH="83" HEIGHT="27" WC="0.93" CONTENT="gående"/><SP WIDTH="15" VPOS="1115" HPOS="165"/>
							<String ID="string_231" HPOS="180" VPOS="1115" WIDTH="107" HEIGHT="26" WC="0.91" CONTENT="säteriers,"/><SP WIDTH="9" VPOS="1115" HPOS="287"/>
							<String ID="string_232" HPOS="296" VPOS="1116" WIDTH="55" HEIGHT="19" WC="0.93" CONTENT="samt"/><SP WIDTH="15" VPOS="1116" HPOS="351"/>
							<String ID="string_233" HPOS="366" VPOS="1115" WIDTH="32" HEIGHT="20" WC="0.91" CONTENT="rå-"/><SP WIDTH="16" VPOS="1115" HPOS="398"/>
							<String ID="string_234" HPOS="414" VPOS="1114" WIDTH="39" HEIGHT="21" WC="0.91" CONTENT="och"/><SP WIDTH="15" VPOS="1114" HPOS="453"/>
							<String ID="string_235" HPOS="468" VPOS="1113" WIDTH="160" HEIGHT="21" WC="0.90" CONTENT="rörshemmans"/><SP WIDTH="15" VPOS="1113" HPOS="628"/>
							<String ID="string_236" HPOS="643" VPOS="1113" WIDTH="142" HEIGHT="28" WC="0.92" CONTENT="förpligtande"/><SP WIDTH="13" VPOS="1113" HPOS="785"/>
							<String ID="string_237" HPOS="798" VPOS="1115" WIDTH="38" HEIGHT="25" WC="0.95" CONTENT="att,"/><SP WIDTH="11" VPOS="1115" HPOS="836"/>
							<String ID="string_238" HPOS="847" VPOS="1113" WIDTH="5" HEIGHT="21" WC="0.90" CONTENT="i"/><SP WIDTH="11" VPOS="1113" HPOS="852"/>
							<String ID="string_239" HPOS="863" VPOS="1113" WIDTH="39" HEIGHT="21" WC="0.90" CONTENT="lik-"/>
						</TextLine>
						<TextLine ID="line_34" HPOS="83" VPOS="1141" WIDTH="819" HEIGHT="29">
							<String ID="string_240" HPOS="83" VPOS="1144" WIDTH="38" HEIGHT="20" WC="0.96" CONTENT="het"/><SP WIDTH="15" VPOS="1144" HPOS="121"/>
							<String ID="string_241" HPOS="136" VPOS="1143" WIDTH="47" HEIGHT="20" WC="0.96" CONTENT="med"/><SP WIDTH="19" VPOS="1143" HPOS="183"/>
							<String ID="string_242" HPOS="202" VPOS="1143" WIDTH="66" HEIGHT="20" WC="0.96" CONTENT="andra"/><SP WIDTH="19" VPOS="1143" HPOS="268"/>
							<String ID="string_243" HPOS="287" VPOS="1142" WIDTH="132" HEIGHT="28" WC="0.96" CONTENT="lägenheter,"/><SP WIDTH="15" VPOS="1142" HPOS="419"/>
							<String ID="string_244" HPOS="434" VPOS="1143" WIDTH="79" HEIGHT="26" WC="0.96" CONTENT="utgöra"/><SP WIDTH="22" VPOS="1143" HPOS="513"/>
							<String ID="string_245" HPOS="535" VPOS="1142" WIDTH="137" HEIGHT="21" WC="0.93" CONTENT="kommunala"/><SP WIDTH="22" VPOS="1142" HPOS="672"/>
							<String ID="string_246" HPOS="694" VPOS="1148" WIDTH="74" HEIGHT="20" WC="0.91" CONTENT="onera;"/><SP WIDTH="23" VPOS="1148" HPOS="768"/>
							<String ID="string_247" HPOS="791" VPOS="1141" WIDTH="111" HEIGHT="21" WC="0.89" CONTENT="bordlades"/>
						</TextLine>
						<TextLine ID="line_35" HPOS="82" VPOS="1170" WIDTH="364" HEIGHT="29">
							<String ID="string_248" HPOS="82" VPOS="1172" WIDTH="31" HEIGHT="20" WC="0.96" CONTENT="till"/><SP WIDTH="16" VPOS="1172" HPOS="113"/>
							<String ID="string_249" HPOS="129" VPOS="1171" WIDTH="86" HEIGHT="28" WC="0.96" CONTENT="plenum"/><SP WIDTH="15" VPOS="1171" HPOS="215"/>
							<String ID="string_250" HPOS="230" VPOS="1171" WIDTH="120" HEIGHT="28" WC="0.96" CONTENT="påföljande"/><SP WIDTH="16" VPOS="1171" HPOS="350"/>
							<String ID="string_251" HPOS="366" VPOS="1170" WIDTH="80" HEIGHT="28" WC="0.96" CONTENT="lördag."/>
						</TextLine>
					</TextBlock>
				</ComposedBlock>
				<GraphicalElement ID="cblock_5" HPOS="487" VPOS="1042" WIDTH="74" HEIGHT="1"></GraphicalElement >
				<ComposedBlock ID="cblock_6" HPOS="80" VPOS="1226" WIDTH="824" HEIGHT="254">
					<TextBlock ID="block_11" HPOS="80" VPOS="1226" WIDTH="824" HEIGHT="254">
						<TextLine ID="line_36" HPOS="151" VPOS="1226" WIDTH="750" HEIGHT="27">
							<String ID="string_252" HPOS="151" VPOS="1228" WIDTH="57" HEIGHT="21" WC="0.93" CONTENT="Herr"/><SP WIDTH="14" VPOS="1228" HPOS="208"/>
							<String ID="string_253" HPOS="222" VPOS="1227" WIDTH="196" HEIGHT="22" WC="0.91" CONTENT="landtmarskalken"/><SP WIDTH="15" VPOS="1227" HPOS="418"/>
							<String ID="string_254" HPOS="433" VPOS="1227" WIDTH="106" HEIGHT="20" WC="0.91" CONTENT="förmälde"/><SP WIDTH="15" VPOS="1227" HPOS="539"/>
							<String ID="string_255" HPOS="554" VPOS="1229" WIDTH="41" HEIGHT="24" WC="0.96" CONTENT="att,"/><SP WIDTH="24" VPOS="1229" HPOS="595"/>
							<String ID="string_256" HPOS="619" VPOS="1227" WIDTH="66" HEIGHT="20" WC="0.95" CONTENT="sedan"/><SP WIDTH="19" VPOS="1227" HPOS="685"/>
							<String ID="string_257" HPOS="704" VPOS="1227" WIDTH="35" HEIGHT="20" WC="0.93" CONTENT="vid"/><SP WIDTH="19" VPOS="1227" HPOS="739"/>
							<String ID="string_258" HPOS="758" VPOS="1226" WIDTH="143" HEIGHT="21" WC="0.91" CONTENT="talmanskon-"/>
						</TextLine>
						<TextLine ID="line_37" HPOS="83" VPOS="1254" WIDTH="819" HEIGHT="29">
							<String ID="string_259" HPOS="83" VPOS="1257" WIDTH="105" HEIGHT="26" WC="0.90" CONTENT="ferensen,"/><SP WIDTH="17" VPOS="1257" HPOS="188"/>
							<String ID="string_260" HPOS="205" VPOS="1263" WIDTH="44" HEIGHT="14" WC="0.93" CONTENT="som"/><SP WIDTH="17" VPOS="1263" HPOS="249"/>
							<String ID="string_261" HPOS="266" VPOS="1256" WIDTH="154" HEIGHT="21" WC="0.92" CONTENT="sammanträdt"/><SP WIDTH="19" VPOS="1256" HPOS="420"/>
							<String ID="string_262" HPOS="439" VPOS="1255" WIDTH="70" HEIGHT="21" WC="0.96" CONTENT="denna"/><SP WIDTH="19" VPOS="1255" HPOS="509"/>
							<String ID="string_263" HPOS="528" VPOS="1255" WIDTH="41" HEIGHT="27" WC="0.96" CONTENT="dag"/><SP WIDTH="16" VPOS="1255" HPOS="569"/>
							<String ID="string_264" HPOS="585" VPOS="1255" WIDTH="6" HEIGHT="20" WC="0.97" CONTENT="i"/><SP WIDTH="15" VPOS="1255" HPOS="591"/>
							<String ID="string_265" HPOS="606" VPOS="1255" WIDTH="114" HEIGHT="27" WC="0.96" CONTENT="anledning"/><SP WIDTH="15" VPOS="1255" HPOS="720"/>
							<String ID="string_266" HPOS="735" VPOS="1255" WIDTH="23" HEIGHT="20" WC="0.92" CONTENT="af"/><SP WIDTH="12" VPOS="1255" HPOS="758"/>
							<String ID="string_267" HPOS="770" VPOS="1254" WIDTH="29" HEIGHT="21" WC="0.92" CONTENT="H."/><SP WIDTH="16" VPOS="1254" HPOS="799"/>
							<String ID="string_268" HPOS="815" VPOS="1254" WIDTH="27" HEIGHT="21" WC="0.88" CONTENT="K."/><SP WIDTH="17" VPOS="1254" HPOS="842"/>
							<String ID="string_269" HPOS="859" VPOS="1255" WIDTH="43" HEIGHT="20" WC="0.92" CONTENT="Ma-"/>
						</TextLine>
						<TextLine ID="line_38" HPOS="80" VPOS="1282" WIDTH="822" HEIGHT="31">
							<String ID="string_270" HPOS="80" VPOS="1286" WIDTH="79" HEIGHT="27" WC="0.91" CONTENT="jestäts"/><SP WIDTH="22" VPOS="1286" HPOS="159"/>
							<String ID="string_271" HPOS="181" VPOS="1285" WIDTH="77" HEIGHT="28" WC="0.96" CONTENT="nådiga"/><SP WIDTH="22" VPOS="1285" HPOS="258"/>
							<String ID="string_272" HPOS="280" VPOS="1284" WIDTH="100" HEIGHT="21" WC="0.96" CONTENT="manifest"/><SP WIDTH="26" VPOS="1284" HPOS="380"/>
							<String ID="string_273" HPOS="406" VPOS="1283" WIDTH="111" HEIGHT="28" WC="0.93" CONTENT="angående"/><SP WIDTH="23" VPOS="1283" HPOS="517"/>
							<String ID="string_274" HPOS="540" VPOS="1283" WIDTH="142" HEIGHT="27" WC="0.91" CONTENT="landtdagens"/><SP WIDTH="26" VPOS="1283" HPOS="682"/>
							<String ID="string_275" HPOS="708" VPOS="1282" WIDTH="138" HEIGHT="28" WC="0.88" CONTENT="förlängande"/><SP WIDTH="24" VPOS="1282" HPOS="846"/>
							<String ID="string_276" HPOS="870" VPOS="1283" WIDTH="32" HEIGHT="20" WC="0.85" CONTENT="till"/>
						</TextLine>
						<TextLine ID="line_39" HPOS="83" VPOS="1311" WIDTH="819" HEIGHT="28">
							<String ID="string_277" HPOS="83" VPOS="1314" WIDTH="39" HEIGHT="20" WC="0.96" CONTENT="och"/><SP WIDTH="17" VPOS="1314" HPOS="122"/>
							<String ID="string_278" HPOS="139" VPOS="1313" WIDTH="47" HEIGHT="21" WC="0.96" CONTENT="med"/><SP WIDTH="16" VPOS="1313" HPOS="186"/>
							<String ID="string_279" HPOS="202" VPOS="1313" WIDTH="40" HEIGHT="21" WC="0.96" CONTENT="den"/><SP WIDTH="16" VPOS="1313" HPOS="242"/>
							<String ID="string_280" HPOS="258" VPOS="1314" WIDTH="27" HEIGHT="20" WC="0.96" CONTENT="30"/><SP WIDTH="15" VPOS="1314" HPOS="285"/>
							<String ID="string_281" HPOS="300" VPOS="1312" WIDTH="177" HEIGHT="21" WC="0.96" CONTENT="nästkommande"/><SP WIDTH="24" VPOS="1312" HPOS="477"/>
							<String ID="string_282" HPOS="501" VPOS="1311" WIDTH="54" HEIGHT="28" WC="0.95" CONTENT="Maj,"/><SP WIDTH="24" VPOS="1311" HPOS="555"/>
							<String ID="string_283" HPOS="579" VPOS="1312" WIDTH="87" HEIGHT="27" WC="0.96" CONTENT="upplyst"/><SP WIDTH="22" VPOS="1312" HPOS="666"/>
							<String ID="string_284" HPOS="688" VPOS="1311" WIDTH="69" HEIGHT="21" WC="0.95" CONTENT="blifvit"/><SP WIDTH="22" VPOS="1311" HPOS="757"/>
							<String ID="string_285" HPOS="779" VPOS="1313" WIDTH="31" HEIGHT="18" WC="0.93" CONTENT="att"/><SP WIDTH="19" VPOS="1313" HPOS="810"/>
							<String ID="string_286" HPOS="829" VPOS="1311" WIDTH="73" HEIGHT="21" WC="0.92" CONTENT="betän-"/>
						</TextLine>
						<TextLine ID="line_40" HPOS="83" VPOS="1339" WIDTH="820" HEIGHT="27">
							<String ID="string_287" HPOS="83" VPOS="1342" WIDTH="85" HEIGHT="20" WC="0.92" CONTENT="kanden"/><SP WIDTH="17" VPOS="1342" HPOS="168"/>
							<String ID="string_288" HPOS="185" VPOS="1342" WIDTH="31" HEIGHT="20" WC="0.96" CONTENT="till"/><SP WIDTH="16" VPOS="1342" HPOS="216"/>
							<String ID="string_289" HPOS="232" VPOS="1343" WIDTH="30" HEIGHT="19" WC="0.96" CONTENT="ett"/><SP WIDTH="16" VPOS="1343" HPOS="262"/>
							<String ID="string_290" HPOS="278" VPOS="1341" WIDTH="56" HEIGHT="21" WC="0.96" CONTENT="antal"/><SP WIDTH="18" VPOS="1341" HPOS="334"/>
							<String ID="string_291" HPOS="352" VPOS="1341" WIDTH="22" HEIGHT="20" WC="0.96" CONTENT="af"/><SP WIDTH="14" VPOS="1341" HPOS="374"/>
							<String ID="string_292" HPOS="388" VPOS="1342" WIDTH="85" HEIGHT="24" WC="0.96" CONTENT="sexton,"/><SP WIDTH="21" VPOS="1342" HPOS="473"/>
							<String ID="string_293" HPOS="494" VPOS="1340" WIDTH="68" HEIGHT="20" WC="0.96" CONTENT="ehuru"/><SP WIDTH="15" VPOS="1340" HPOS="562"/>
							<String ID="string_294" HPOS="577" VPOS="1341" WIDTH="23" HEIGHT="19" WC="0.96" CONTENT="af"/><SP WIDTH="13" VPOS="1341" HPOS="600"/>
							<String ID="string_295" HPOS="613" VPOS="1340" WIDTH="57" HEIGHT="20" WC="0.93" CONTENT="olika"/><SP WIDTH="15" VPOS="1340" HPOS="670"/>
							<String ID="string_296" HPOS="685" VPOS="1339" WIDTH="145" HEIGHT="27" WC="0.90" CONTENT="vidlyftighet,"/><SP WIDTH="17" VPOS="1339" HPOS="830"/>
							<String ID="string_297" HPOS="847" VPOS="1340" WIDTH="56" HEIGHT="19" WC="0.96" CONTENT="ännu"/>
						</TextLine>
						<TextLine ID="line_41" HPOS="83" VPOS="1367" WIDTH="821" HEIGHT="27">
							<String ID="string_298" HPOS="83" VPOS="1369" WIDTH="109" HEIGHT="21" WC="0.85" CONTENT="återstodo"/><SP WIDTH="16" VPOS="1369" HPOS="192"/>
							<String ID="string_299" HPOS="208" VPOS="1370" WIDTH="32" HEIGHT="20" WC="0.96" CONTENT="för"/><SP WIDTH="16" VPOS="1370" HPOS="240"/>
							<String ID="string_300" HPOS="256" VPOS="1369" WIDTH="114" HEIGHT="21" WC="0.96" CONTENT="ständerna"/><SP WIDTH="16" VPOS="1369" HPOS="370"/>
							<String ID="string_301" HPOS="386" VPOS="1370" WIDTH="32" HEIGHT="19" WC="0.96" CONTENT="att"/><SP WIDTH="15" VPOS="1370" HPOS="418"/>
							<String ID="string_302" HPOS="433" VPOS="1368" WIDTH="112" HEIGHT="26" WC="0.93" CONTENT="behandla,"/><SP WIDTH="12" VPOS="1368" HPOS="545"/>
							<String ID="string_303" HPOS="557" VPOS="1368" WIDTH="234" HEIGHT="20" WC="0.92" CONTENT="talmanskonferensen"/><SP WIDTH="18" VPOS="1368" HPOS="791"/>
							<String ID="string_304" HPOS="809" VPOS="1367" WIDTH="28" HEIGHT="27" WC="0.96" CONTENT="på"/><SP WIDTH="18" VPOS="1367" HPOS="837"/>
							<String ID="string_305" HPOS="855" VPOS="1367" WIDTH="49" HEIGHT="21" WC="0.96" CONTENT="herr"/>
						</TextLine>
						<TextLine ID="line_42" HPOS="83" VPOS="1394" WIDTH="819" HEIGHT="30">
							<String ID="string_306" HPOS="83" VPOS="1398" WIDTH="207" HEIGHT="20" WC="0.91" CONTENT="landtmarskalkens"/><SP WIDTH="22" VPOS="1398" HPOS="290"/>
							<String ID="string_307" HPOS="312" VPOS="1397" WIDTH="156" HEIGHT="27" WC="0.96" CONTENT="framställning"/><SP WIDTH="18" VPOS="1397" HPOS="468"/>
							<String ID="string_308" HPOS="486" VPOS="1396" WIDTH="94" HEIGHT="20" WC="0.96" CONTENT="beslutat"/><SP WIDTH="19" VPOS="1396" HPOS="580"/>
							<String ID="string_309" HPOS="599" VPOS="1398" WIDTH="31" HEIGHT="18" WC="0.96" CONTENT="att"/><SP WIDTH="18" VPOS="1398" HPOS="630"/>
							<String ID="string_310" HPOS="648" VPOS="1396" WIDTH="6" HEIGHT="20" WC="0.96" CONTENT="i"/><SP WIDTH="20" VPOS="1396" HPOS="654"/>
							<String ID="string_311" HPOS="674" VPOS="1396" WIDTH="99" HEIGHT="27" WC="0.96" CONTENT="samtliga"/><SP WIDTH="19" VPOS="1396" HPOS="773"/>
							<String ID="string_312" HPOS="792" VPOS="1394" WIDTH="88" HEIGHT="21" WC="0.96" CONTENT="stånden"/><SP WIDTH="16" VPOS="1394" HPOS="880"/>
							<String ID="string_313" HPOS="896" VPOS="1396" WIDTH="6" HEIGHT="19" WC="0.96" CONTENT="i"/>
						</TextLine>
						<TextLine ID="line_43" HPOS="83" VPOS="1422" WIDTH="821" HEIGHT="32">
							<String ID="string_314" HPOS="83" VPOS="1426" WIDTH="42" HEIGHT="27" WC="0.96" CONTENT="dag"/><SP WIDTH="15" VPOS="1426" HPOS="125"/>
							<String ID="string_315" HPOS="140" VPOS="1426" WIDTH="61" HEIGHT="27" WC="0.96" CONTENT="fråga"/><SP WIDTH="15" VPOS="1426" HPOS="201"/>
							<String ID="string_316" HPOS="216" VPOS="1426" WIDTH="68" HEIGHT="21" WC="0.96" CONTENT="skulle"/><SP WIDTH="24" VPOS="1426" HPOS="284"/>
							<String ID="string_317" HPOS="308" VPOS="1425" WIDTH="79" HEIGHT="21" WC="0.96" CONTENT="väckas"/><SP WIDTH="23" VPOS="1425" HPOS="387"/>
							<String ID="string_318" HPOS="410" VPOS="1432" WIDTH="34" HEIGHT="14" WC="0.95" CONTENT="om"/><SP WIDTH="23" VPOS="1432" HPOS="444"/>
							<String ID="string_319" HPOS="467" VPOS="1424" WIDTH="132" HEIGHT="21" WC="0.95" CONTENT="tillsättande"/><SP WIDTH="19" VPOS="1424" HPOS="599"/>
							<String ID="string_320" HPOS="618" VPOS="1424" WIDTH="23" HEIGHT="21" WC="0.96" CONTENT="af"/><SP WIDTH="16" VPOS="1424" HPOS="641"/>
							<String ID="string_321" HPOS="657" VPOS="1426" WIDTH="31" HEIGHT="19" WC="0.93" CONTENT="ett"/><SP WIDTH="14" VPOS="1426" HPOS="688"/>
							<String ID="string_322" HPOS="702" VPOS="1422" WIDTH="202" HEIGHT="32" WC="0.92" CONTENT="justeringsutskott"/>
						</TextLine>
						<TextLine ID="line_44" HPOS="83" VPOS="1450" WIDTH="821" HEIGHT="30">
							<String ID="string_323" HPOS="83" VPOS="1454" WIDTH="31" HEIGHT="21" WC="0.93" CONTENT="till"/><SP WIDTH="17" VPOS="1454" HPOS="114"/>
							<String ID="string_324" HPOS="131" VPOS="1454" WIDTH="140" HEIGHT="21" WC="0.92" CONTENT="befordrande"/><SP WIDTH="16" VPOS="1454" HPOS="271"/>
							<String ID="string_325" HPOS="287" VPOS="1454" WIDTH="23" HEIGHT="21" WC="0.93" CONTENT="af"/><SP WIDTH="13" VPOS="1454" HPOS="310"/>
							<String ID="string_326" HPOS="323" VPOS="1454" WIDTH="130" HEIGHT="20" WC="0.91" CONTENT="ärendernas"/><SP WIDTH="16" VPOS="1454" HPOS="453"/>
							<String ID="string_327" HPOS="469" VPOS="1453" WIDTH="177" HEIGHT="27" WC="0.91" CONTENT="skyndsammare"/><SP WIDTH="20" VPOS="1453" HPOS="646"/>
							<String ID="string_328" HPOS="666" VPOS="1452" WIDTH="138" HEIGHT="27" WC="0.96" CONTENT="behandling,"/><SP WIDTH="19" VPOS="1452" HPOS="804"/>
							<String ID="string_329" HPOS="823" VPOS="1450" WIDTH="81" HEIGHT="22" WC="0.96" CONTENT="hvilket"/>
						</TextLine>
					</TextBlock>
				</ComposedBlock>
				<ComposedBlock ID="cblock_7" HPOS="814" VPOS="1492" WIDTH="21" HEIGHT="15">
					<TextBlock ID="block_12" HPOS="814" VPOS="1492" WIDTH="21" HEIGHT="15">
						<TextLine ID="line_45" HPOS="814" VPOS="1492" WIDTH="21" HEIGHT="15">
							<String ID="string_330" HPOS="814" VPOS="1492" WIDTH="21" HEIGHT="15" WC="0.96" CONTENT="12"/>
						</TextLine>
					</TextBlock>
				</ComposedBlock>
				<GraphicalElement ID="cblock_8" HPOS="1073" VPOS="536" WIDTH="5" HEIGHT="875"></GraphicalElement >
			</PrintSpace>
		</Page>
	</Layout>
</alto>
