<?xml version="1.0" encoding="UTF-8"?>
<alto xmlns="http://www.loc.gov/standards/alto/ns-v3#" xmlns:xlink="http://www.w3.org/1999/xlink" xmlns:xsi="http://www.w3.org/2001/XMLSchema-instance" xsi:schemaLocation="http://www.loc.gov/standards/alto/ns-v3# http://www.loc.gov/alto/v3/alto-3-0.xsd">
	<Description>
		<MeasurementUnit>pixel</MeasurementUnit>
		<sourceImageInformation>
			<fileName>/tmp/tess_rnv1il88_input.PNG</fileName>
		</sourceImageInformation>
		<OCRProcessing ID="OCR_0">
			<ocrProcessingStep>
				<processingSoftware>
					<softwareName>tesseract 5.3.4</softwareName>
				</processingSoftware>
			</ocrProcessingStep>
		</OCRProcessing>
	</Description>
	<Layout>
		<Page WIDTH="1078" HEIGHT="1678" PHYSICAL_IMG_NR="0" ID="page_0">
			<PrintSpace HPOS="0" VPOS="0" WIDTH="1078" HEIGHT="1678">
				<ComposedBlock ID="cblock_0" HPOS="203" VPOS="85" WIDTH="28" HEIGHT="20">
					<TextBlock ID="block_0" HPOS="203" VPOS="85" WIDTH="28" HEIGHT="20">
						<TextLine ID="line_0" HPOS="203" VPOS="85" WIDTH="28" HEIGHT="20">
							<String ID="string_0" HPOS="203" VPOS="85" WIDTH="28" HEIGHT="20" WC="0.96" CONTENT="46"/>
						</TextLine>
					</TextBlock>
				</ComposedBlock>
				<ComposedBlock ID="cblock_1" HPOS="174" VPOS="141" WIDTH="825" HEIGHT="1360">
					<TextBlock ID="block_1" HPOS="174" VPOS="141" WIDTH="825" HEIGHT="228">
						<TextLine ID="line_1" HPOS="174" VPOS="141" WIDTH="824" HEIGHT="30">
							<String ID="string_1" HPOS="174" VPOS="141" WIDTH="100" HEIGHT="26" WC="0.96" CONTENT="monark,"/><SP WIDTH="10" VPOS="141" HPOS="274"/>
							<String ID="string_2" HPOS="284" VPOS="148" WIDTH="44" HEIGHT="13" WC="0.93" CONTENT="som"/><SP WIDTH="12" VPOS="148" HPOS="328"/>
							<String ID="string_3" HPOS="340" VPOS="141" WIDTH="123" HEIGHT="21" WC="0.91" CONTENT="förmedelst"/><SP WIDTH="11" VPOS="141" HPOS="463"/>
							<String ID="string_4" HPOS="474" VPOS="141" WIDTH="147" HEIGHT="29" WC="0.95" CONTENT="föreliggande"/><SP WIDTH="11" VPOS="141" HPOS="621"/>
							<String ID="string_5" HPOS="632" VPOS="143" WIDTH="78" HEIGHT="27" WC="0.96" CONTENT="nådiga"/><SP WIDTH="10" VPOS="143" HPOS="710"/>
							<String ID="string_6" HPOS="720" VPOS="143" WIDTH="133" HEIGHT="26" WC="0.96" CONTENT="proposition"/><SP WIDTH="11" VPOS="143" HPOS="853"/>
							<String ID="string_7" HPOS="864" VPOS="143" WIDTH="54" HEIGHT="28" WC="0.93" CONTENT="tagit"/><SP WIDTH="10" VPOS="143" HPOS="918"/>
							<String ID="string_8" HPOS="928" VPOS="143" WIDTH="70" HEIGHT="21" WC="0.92" CONTENT="initia-"/>
						</TextLine>
						<TextLine ID="line_2" HPOS="174" VPOS="170" WIDTH="824" HEIGHT="29">
							<String ID="string_9" HPOS="174" VPOS="171" WIDTH="54" HEIGHT="20" WC="0.91" CONTENT="tivet"/><SP WIDTH="16" VPOS="171" HPOS="228"/>
							<String ID="string_10" HPOS="244" VPOS="170" WIDTH="32" HEIGHT="21" WC="0.95" CONTENT="till"/><SP WIDTH="18" VPOS="170" HPOS="276"/>
							<String ID="string_11" HPOS="294" VPOS="171" WIDTH="31" HEIGHT="19" WC="0.93" CONTENT="ett"/><SP WIDTH="16" VPOS="171" HPOS="325"/>
							<String ID="string_12" HPOS="341" VPOS="170" WIDTH="129" HEIGHT="27" WC="0.92" CONTENT="väsendtligt"/><SP WIDTH="19" VPOS="170" HPOS="470"/>
							<String ID="string_13" HPOS="489" VPOS="171" WIDTH="104" HEIGHT="27" WC="0.96" CONTENT="framsteg"/><SP WIDTH="14" VPOS="171" HPOS="593"/>
							<String ID="string_14" HPOS="607" VPOS="171" WIDTH="6" HEIGHT="20" WC="0.96" CONTENT="i"/><SP WIDTH="17" VPOS="171" HPOS="613"/>
							<String ID="string_15" HPOS="630" VPOS="171" WIDTH="102" HEIGHT="20" WC="0.95" CONTENT="Finlands"/><SP WIDTH="21" VPOS="171" HPOS="732"/>
							<String ID="string_16" HPOS="753" VPOS="171" WIDTH="101" HEIGHT="27" WC="0.96" CONTENT="politiska"/><SP WIDTH="15" VPOS="171" HPOS="854"/>
							<String ID="string_17" HPOS="869" VPOS="172" WIDTH="129" HEIGHT="27" WC="0.96" CONTENT="utveckling,"/>
						</TextLine>
						<TextLine ID="line_3" HPOS="175" VPOS="198" WIDTH="823" HEIGHT="28">
							<String ID="string_18" HPOS="175" VPOS="199" WIDTH="48" HEIGHT="20" WC="0.96" CONTENT="med"/><SP WIDTH="17" VPOS="199" HPOS="223"/>
							<String ID="string_19" HPOS="240" VPOS="198" WIDTH="39" HEIGHT="21" WC="0.96" CONTENT="den"/><SP WIDTH="17" VPOS="198" HPOS="279"/>
							<String ID="string_20" HPOS="296" VPOS="198" WIDTH="36" HEIGHT="21" WC="0.96" CONTENT="vid"/><SP WIDTH="16" VPOS="198" HPOS="332"/>
							<String ID="string_21" HPOS="348" VPOS="199" WIDTH="122" HEIGHT="26" WC="0.96" CONTENT="öppnandet"/><SP WIDTH="16" VPOS="199" HPOS="470"/>
							<String ID="string_22" HPOS="486" VPOS="199" WIDTH="23" HEIGHT="20" WC="0.96" CONTENT="af"/><SP WIDTH="13" VPOS="199" HPOS="509"/>
							<String ID="string_23" HPOS="522" VPOS="199" WIDTH="70" HEIGHT="20" WC="0.93" CONTENT="denna"/><SP WIDTH="15" VPOS="199" HPOS="592"/>
							<String ID="string_24" HPOS="607" VPOS="199" WIDTH="102" HEIGHT="27" WC="0.92" CONTENT="landtdag"/><SP WIDTH="15" VPOS="199" HPOS="709"/>
							<String ID="string_25" HPOS="724" VPOS="199" WIDTH="5" HEIGHT="20" WC="0.96" CONTENT="i"/><SP WIDTH="17" VPOS="199" HPOS="729"/>
							<String ID="string_26" HPOS="746" VPOS="199" WIDTH="101" HEIGHT="21" WC="0.93" CONTENT="afseende"/><SP WIDTH="13" VPOS="199" HPOS="847"/>
							<String ID="string_27" HPOS="860" VPOS="200" WIDTH="51" HEIGHT="20" WC="0.91" CONTENT="derå"/><SP WIDTH="11" VPOS="200" HPOS="911"/>
							<String ID="string_28" HPOS="922" VPOS="200" WIDTH="31" HEIGHT="20" WC="0.96" CONTENT="till"/><SP WIDTH="11" VPOS="200" HPOS="953"/>
							<String ID="string_29" HPOS="964" VPOS="207" WIDTH="34" HEIGHT="14" WC="0.96" CONTENT="oss"/>
						</TextLine>
						<TextLine ID="line_4" HPOS="175" VPOS="227" WIDTH="824" HEIGHT="28">
							<String ID="string_30" HPOS="175" VPOS="227" WIDTH="77" HEIGHT="20" WC="0.90" CONTENT="ställda"/><SP WIDTH="15" VPOS="227" HPOS="252"/>
							<String ID="string_31" HPOS="267" VPOS="227" WIDTH="176" HEIGHT="20" WC="0.90" CONTENT="förtroendefulla"/><SP WIDTH="15" VPOS="227" HPOS="443"/>
							<String ID="string_32" HPOS="458" VPOS="227" WIDTH="123" HEIGHT="26" WC="0.96" CONTENT="förväntan,"/><SP WIDTH="17" VPOS="227" HPOS="581"/>
							<String ID="string_33" HPOS="598" VPOS="230" WIDTH="31" HEIGHT="18" WC="0.96" CONTENT="att"/><SP WIDTH="16" VPOS="230" HPOS="629"/>
							<String ID="string_34" HPOS="645" VPOS="228" WIDTH="37" HEIGHT="20" WC="0.96" CONTENT="hos"/><SP WIDTH="17" VPOS="228" HPOS="682"/>
							<String ID="string_35" HPOS="699" VPOS="234" WIDTH="34" HEIGHT="13" WC="0.96" CONTENT="oss"/><SP WIDTH="15" VPOS="234" HPOS="733"/>
							<String ID="string_36" HPOS="748" VPOS="227" WIDTH="57" HEIGHT="21" WC="0.96" CONTENT="finna"/><SP WIDTH="10" VPOS="227" HPOS="805"/>
							<String ID="string_37" HPOS="815" VPOS="229" WIDTH="184" HEIGHT="26" WC="0.95" CONTENT="samstämmighet"/>
						</TextLine>
						<TextLine ID="line_5" HPOS="175" VPOS="254" WIDTH="822" HEIGHT="29">
							<String ID="string_38" HPOS="175" VPOS="254" WIDTH="31" HEIGHT="21" WC="0.96" CONTENT="till"/><SP WIDTH="17" VPOS="254" HPOS="206"/>
							<String ID="string_39" HPOS="223" VPOS="255" WIDTH="61" HEIGHT="20" WC="0.96" CONTENT="Hans"/><SP WIDTH="16" VPOS="255" HPOS="284"/>
							<String ID="string_40" HPOS="300" VPOS="255" WIDTH="112" HEIGHT="27" WC="0.96" CONTENT="Majestäts"/><SP WIDTH="16" VPOS="255" HPOS="412"/>
							<String ID="string_41" HPOS="428" VPOS="255" WIDTH="77" HEIGHT="28" WC="0.92" CONTENT="nådiga"/><SP WIDTH="16" VPOS="255" HPOS="505"/>
							<String ID="string_42" HPOS="521" VPOS="255" WIDTH="80" HEIGHT="28" WC="0.92" CONTENT="åsigter"/><SP WIDTH="16" VPOS="255" HPOS="601"/>
							<String ID="string_43" HPOS="617" VPOS="256" WIDTH="38" HEIGHT="20" WC="0.96" CONTENT="och"/><SP WIDTH="17" VPOS="256" HPOS="655"/>
							<String ID="string_44" HPOS="672" VPOS="256" WIDTH="136" HEIGHT="27" WC="0.96" CONTENT="önskningar,"/><SP WIDTH="17" VPOS="256" HPOS="808"/>
							<String ID="string_45" HPOS="825" VPOS="258" WIDTH="41" HEIGHT="25" WC="0.96" CONTENT="att,"/><SP WIDTH="13" VPOS="258" HPOS="866"/>
							<String ID="string_46" HPOS="879" VPOS="257" WIDTH="70" HEIGHT="20" WC="0.93" CONTENT="såsom"/><SP WIDTH="17" VPOS="257" HPOS="949"/>
							<String ID="string_47" HPOS="966" VPOS="263" WIDTH="31" HEIGHT="14" WC="0.89" CONTENT="or-"/>
						</TextLine>
						<TextLine ID="line_6" HPOS="175" VPOS="283" WIDTH="824" HEIGHT="30">
							<String ID="string_48" HPOS="175" VPOS="283" WIDTH="42" HEIGHT="21" WC="0.96" CONTENT="den"/><SP WIDTH="20" VPOS="283" HPOS="217"/>
							<String ID="string_49" HPOS="237" VPOS="283" WIDTH="61" HEIGHT="28" WC="0.93" CONTENT="lyda,"/><SP WIDTH="20" VPOS="283" HPOS="298"/>
							<String ID="string_50" HPOS="318" VPOS="284" WIDTH="90" HEIGHT="26" WC="0.88" CONTENT=",stadga"/><SP WIDTH="18" VPOS="284" HPOS="408"/>
							<String ID="string_51" HPOS="426" VPOS="283" WIDTH="82" HEIGHT="22" WC="0.96" CONTENT="landets"/><SP WIDTH="15" VPOS="283" HPOS="508"/>
							<String ID="string_52" HPOS="523" VPOS="284" WIDTH="189" HEIGHT="28" WC="0.91" CONTENT="förtroendemäns"/><SP WIDTH="14" VPOS="284" HPOS="712"/>
							<String ID="string_53" HPOS="726" VPOS="285" WIDTH="186" HEIGHT="20" WC="0.96" CONTENT="sammankomster"/><SP WIDTH="13" VPOS="285" HPOS="912"/>
							<String ID="string_54" HPOS="925" VPOS="287" WIDTH="30" HEIGHT="26" WC="0.96" CONTENT="på"/><SP WIDTH="16" VPOS="287" HPOS="955"/>
							<String ID="string_55" HPOS="971" VPOS="289" WIDTH="28" HEIGHT="16" WC="0.96" CONTENT="ett"/>
						</TextLine>
						<TextLine ID="line_7" HPOS="175" VPOS="311" WIDTH="824" HEIGHT="30">
							<String ID="string_56" HPOS="175" VPOS="315" WIDTH="49" HEIGHT="21" WC="0.96" CONTENT="sätt,"/><SP WIDTH="15" VPOS="315" HPOS="224"/>
							<String ID="string_57" HPOS="239" VPOS="319" WIDTH="44" HEIGHT="13" WC="0.93" CONTENT="som"/><SP WIDTH="15" VPOS="319" HPOS="283"/>
							<String ID="string_58" HPOS="298" VPOS="311" WIDTH="72" HEIGHT="28" WC="0.92" CONTENT="höfves"/><SP WIDTH="15" VPOS="311" HPOS="370"/>
							<String ID="string_59" HPOS="385" VPOS="312" WIDTH="136" HEIGHT="27" WC="0.93" CONTENT="värdigheten"/><SP WIDTH="16" VPOS="312" HPOS="521"/>
							<String ID="string_60" HPOS="537" VPOS="312" WIDTH="39" HEIGHT="28" WC="0.85" CONTENT="af&#39;"/><SP WIDTH="17" VPOS="312" HPOS="576"/>
							<String ID="string_61" HPOS="593" VPOS="312" WIDTH="61" HEIGHT="21" WC="0.93" CONTENT="deras"/><SP WIDTH="19" VPOS="312" HPOS="654"/>
							<String ID="string_62" HPOS="673" VPOS="328" WIDTH="13" HEIGHT="9" WC="0.0" CONTENT=",,"/><SP WIDTH="2" VPOS="328" HPOS="686"/>
							<String ID="string_63" HPOS="688" VPOS="313" WIDTH="117" HEIGHT="27" WC="0.0" CONTENT="högtidliga"/><SP WIDTH="19" VPOS="313" HPOS="805"/>
							<String ID="string_64" HPOS="824" VPOS="313" WIDTH="124" HEIGHT="21" WC="0.90" CONTENT="inkallande"/><SP WIDTH="11" VPOS="313" HPOS="948"/>
							<String ID="string_65" HPOS="959" VPOS="314" WIDTH="40" HEIGHT="27" WC="0.96" CONTENT="för"/>
						</TextLine>
						<TextLine ID="line_8" HPOS="176" VPOS="339" WIDTH="822" HEIGHT="30">
							<String ID="string_66" HPOS="176" VPOS="344" WIDTH="31" HEIGHT="16" WC="0.96" CONTENT="att"/><SP WIDTH="16" VPOS="344" HPOS="207"/>
							<String ID="string_67" HPOS="223" VPOS="340" WIDTH="61" HEIGHT="20" WC="0.57" CONTENT="med*"/><SP WIDTH="16" VPOS="340" HPOS="284"/>
							<String ID="string_68" HPOS="300" VPOS="339" WIDTH="62" HEIGHT="21" WC="0.96" CONTENT="Hans"/><SP WIDTH="15" VPOS="339" HPOS="362"/>
							<String ID="string_69" HPOS="377" VPOS="339" WIDTH="102" HEIGHT="28" WC="0.93" CONTENT="Majestät"/><SP WIDTH="15" VPOS="339" HPOS="479"/>
							<String ID="string_70" HPOS="494" VPOS="340" WIDTH="101" HEIGHT="28" WC="0.91" CONTENT=",,deltaga"/><SP WIDTH="15" VPOS="340" HPOS="595"/>
							<String ID="string_71" HPOS="610" VPOS="341" WIDTH="33" HEIGHT="20" WC="0.96" CONTENT="uti"/><SP WIDTH="14" VPOS="341" HPOS="643"/>
							<String ID="string_72" HPOS="657" VPOS="341" WIDTH="132" HEIGHT="27" WC="0.96" CONTENT="åtgärderna"/><SP WIDTH="9" VPOS="341" HPOS="789"/>
							<String ID="string_73" HPOS="798" VPOS="341" WIDTH="41" HEIGHT="28" WC="0.96" CONTENT="för"/><SP WIDTH="10" VPOS="341" HPOS="839"/>
							<String ID="string_74" HPOS="849" VPOS="341" WIDTH="83" HEIGHT="21" WC="0.96" CONTENT="landets"/><SP WIDTH="11" VPOS="341" HPOS="932"/>
							<String ID="string_75" HPOS="943" VPOS="342" WIDTH="55" HEIGHT="19" WC="0.68" CONTENT="väl*."/>
						</TextLine>
					</TextBlock>
					<TextBlock ID="block_2" HPOS="176" VPOS="367" WIDTH="823" HEIGHT="850">
						<TextLine ID="line_9" HPOS="243" VPOS="367" WIDTH="755" HEIGHT="30">
							<String ID="string_76" HPOS="243" VPOS="367" WIDTH="115" HEIGHT="21" WC="0.96" CONTENT="Utskottet"/><SP WIDTH="15" VPOS="367" HPOS="358"/>
							<String ID="string_77" HPOS="373" VPOS="367" WIDTH="39" HEIGHT="21" WC="0.96" CONTENT="har"/><SP WIDTH="14" VPOS="367" HPOS="412"/>
							<String ID="string_78" HPOS="426" VPOS="369" WIDTH="27" HEIGHT="27" WC="0.96" CONTENT="pä"/><SP WIDTH="15" VPOS="369" HPOS="453"/>
							<String ID="string_79" HPOS="468" VPOS="368" WIDTH="69" HEIGHT="27" WC="0.96" CONTENT="grund"/><SP WIDTH="16" VPOS="368" HPOS="537"/>
							<String ID="string_80" HPOS="553" VPOS="369" WIDTH="62" HEIGHT="20" WC="0.96" CONTENT="häraf"/><SP WIDTH="14" VPOS="369" HPOS="615"/>
							<String ID="string_81" HPOS="629" VPOS="368" WIDTH="48" HEIGHT="21" WC="0.96" CONTENT="med"/><SP WIDTH="11" VPOS="368" HPOS="677"/>
							<String ID="string_82" HPOS="688" VPOS="369" WIDTH="27" HEIGHT="20" WC="0.96" CONTENT="all"/><SP WIDTH="19" VPOS="369" HPOS="715"/>
							<String ID="string_83" HPOS="734" VPOS="369" WIDTH="39" HEIGHT="20" WC="0.93" CONTENT="den"/><SP WIDTH="13" VPOS="369" HPOS="773"/>
							<String ID="string_84" HPOS="786" VPOS="370" WIDTH="212" HEIGHT="27" WC="0.83" CONTENT="samvetsgrannhet,"/>
						</TextLine>
						<TextLine ID="line_10" HPOS="176" VPOS="396" WIDTH="822" HEIGHT="29">
							<String ID="string_85" HPOS="176" VPOS="397" WIDTH="37" HEIGHT="20" WC="0.93" CONTENT="det"/><SP WIDTH="18" VPOS="397" HPOS="213"/>
							<String ID="string_86" HPOS="231" VPOS="396" WIDTH="71" HEIGHT="20" WC="0.93" CONTENT="funnit"/><SP WIDTH="16" VPOS="396" HPOS="302"/>
							<String ID="string_87" HPOS="318" VPOS="396" WIDTH="38" HEIGHT="20" WC="0.93" CONTENT="sitt"/><SP WIDTH="15" VPOS="396" HPOS="356"/>
							<String ID="string_88" HPOS="371" VPOS="396" WIDTH="41" HEIGHT="20" WC="0.91" CONTENT="kall"/><SP WIDTH="16" VPOS="396" HPOS="412"/>
							<String ID="string_89" HPOS="428" VPOS="397" WIDTH="72" HEIGHT="20" WC="0.92" CONTENT="fordra"/><SP WIDTH="19" VPOS="397" HPOS="500"/>
							<String ID="string_90" HPOS="519" VPOS="397" WIDTH="40" HEIGHT="20" WC="0.93" CONTENT="och"/><SP WIDTH="16" VPOS="397" HPOS="559"/>
							<String ID="string_91" HPOS="575" VPOS="397" WIDTH="70" HEIGHT="20" WC="0.92" CONTENT="sävidt"/><SP WIDTH="16" VPOS="397" HPOS="645"/>
							<String ID="string_92" HPOS="661" VPOS="398" WIDTH="5" HEIGHT="19" WC="0.96" CONTENT="i"/><SP WIDTH="16" VPOS="398" HPOS="666"/>
							<String ID="string_93" HPOS="682" VPOS="397" WIDTH="49" HEIGHT="20" WC="0.93" CONTENT="dess"/><SP WIDTH="16" VPOS="397" HPOS="731"/>
							<String ID="string_94" HPOS="747" VPOS="397" WIDTH="96" HEIGHT="27" WC="0.93" CONTENT="förmäga"/><SP WIDTH="15" VPOS="397" HPOS="843"/>
							<String ID="string_95" HPOS="858" VPOS="398" WIDTH="62" HEIGHT="26" WC="0.92" CONTENT="stätt,"/><SP WIDTH="16" VPOS="398" HPOS="920"/>
							<String ID="string_96" HPOS="936" VPOS="404" WIDTH="62" HEIGHT="21" WC="0.93" CONTENT="gran-"/>
						</TextLine>
						<TextLine ID="line_11" HPOS="176" VPOS="424" WIDTH="822" HEIGHT="28">
							<String ID="string_97" HPOS="176" VPOS="425" WIDTH="49" HEIGHT="20" WC="0.92" CONTENT="skat"/><SP WIDTH="16" VPOS="425" HPOS="225"/>
							<String ID="string_98" HPOS="241" VPOS="424" WIDTH="41" HEIGHT="21" WC="0.93" CONTENT="den"/><SP WIDTH="19" VPOS="424" HPOS="282"/>
							<String ID="string_99" HPOS="301" VPOS="424" WIDTH="77" HEIGHT="27" WC="0.92" CONTENT="nädiga"/><SP WIDTH="16" VPOS="424" HPOS="378"/>
							<String ID="string_100" HPOS="394" VPOS="425" WIDTH="171" HEIGHT="27" WC="0.91" CONTENT="propositionens"/><SP WIDTH="19" VPOS="425" HPOS="565"/>
							<String ID="string_101" HPOS="584" VPOS="425" WIDTH="41" HEIGHT="20" WC="0.96" CONTENT="alla"/><SP WIDTH="16" VPOS="425" HPOS="625"/>
							<String ID="string_102" HPOS="641" VPOS="425" WIDTH="59" HEIGHT="21" WC="0.96" CONTENT="delar"/><SP WIDTH="16" VPOS="425" HPOS="700"/>
							<String ID="string_103" HPOS="716" VPOS="425" WIDTH="38" HEIGHT="20" WC="0.97" CONTENT="och"/><SP WIDTH="17" VPOS="425" HPOS="754"/>
							<String ID="string_104" HPOS="771" VPOS="428" WIDTH="86" HEIGHT="18" WC="0.96" CONTENT="stannat"/><SP WIDTH="16" VPOS="428" HPOS="857"/>
							<String ID="string_105" HPOS="873" VPOS="426" WIDTH="5" HEIGHT="20" WC="0.96" CONTENT="i"/><SP WIDTH="17" VPOS="426" HPOS="878"/>
							<String ID="string_106" HPOS="895" VPOS="426" WIDTH="36" HEIGHT="20" WC="0.95" CONTENT="det"/><SP WIDTH="15" VPOS="426" HPOS="931"/>
							<String ID="string_107" HPOS="946" VPOS="426" WIDTH="52" HEIGHT="25" WC="0.96" CONTENT="slut,"/>
						</TextLine>
						<TextLine ID="line_12" HPOS="176" VPOS="452" WIDTH="822" HEIGHT="28">
							<String ID="string_108" HPOS="176" VPOS="453" WIDTH="48" HEIGHT="20" WC="0.92" CONTENT="dess"/><SP WIDTH="16" VPOS="453" HPOS="224"/>
							<String ID="string_109" HPOS="240" VPOS="452" WIDTH="164" HEIGHT="28" WC="0.91" CONTENT="ifrägavarande"/><SP WIDTH="15" VPOS="452" HPOS="404"/>
							<String ID="string_110" HPOS="419" VPOS="453" WIDTH="137" HEIGHT="21" WC="0.92" CONTENT="betänkande"/><SP WIDTH="15" VPOS="453" HPOS="556"/>
							<String ID="string_111" HPOS="571" VPOS="455" WIDTH="99" HEIGHT="19" WC="0.92" CONTENT="närmare"/><SP WIDTH="15" VPOS="455" HPOS="670"/>
							<String ID="string_112" HPOS="685" VPOS="453" WIDTH="123" HEIGHT="22" WC="0.91" CONTENT="innehäller."/><SP WIDTH="27" VPOS="453" HPOS="808"/>
							<String ID="string_113" HPOS="835" VPOS="453" WIDTH="113" HEIGHT="22" WC="0.93" CONTENT="Utskottet"/><SP WIDTH="13" VPOS="453" HPOS="948"/>
							<String ID="string_114" HPOS="961" VPOS="454" WIDTH="37" HEIGHT="21" WC="0.96" CONTENT="har"/>
						</TextLine>
						<TextLine ID="line_13" HPOS="176" VPOS="481" WIDTH="822" HEIGHT="28">
							<String ID="string_115" HPOS="176" VPOS="481" WIDTH="73" HEIGHT="20" WC="0.92" CONTENT="dervid"/><SP WIDTH="17" VPOS="481" HPOS="249"/>
							<String ID="string_116" HPOS="266" VPOS="483" WIDTH="72" HEIGHT="18" WC="0.93" CONTENT="ansett"/><SP WIDTH="14" VPOS="483" HPOS="338"/>
							<String ID="string_117" HPOS="352" VPOS="481" WIDTH="33" HEIGHT="20" WC="0.96" CONTENT="för"/><SP WIDTH="15" VPOS="481" HPOS="385"/>
							<String ID="string_118" HPOS="400" VPOS="481" WIDTH="32" HEIGHT="20" WC="0.93" CONTENT="sin"/><SP WIDTH="16" VPOS="481" HPOS="432"/>
							<String ID="string_119" HPOS="448" VPOS="481" WIDTH="53" HEIGHT="28" WC="0.91" CONTENT="pligt"/><SP WIDTH="15" VPOS="481" HPOS="501"/>
							<String ID="string_120" HPOS="516" VPOS="483" WIDTH="32" HEIGHT="19" WC="0.96" CONTENT="att"/><SP WIDTH="16" VPOS="483" HPOS="548"/>
							<String ID="string_121" HPOS="564" VPOS="481" WIDTH="6" HEIGHT="21" WC="0.93" CONTENT="i"/><SP WIDTH="16" VPOS="481" HPOS="570"/>
							<String ID="string_122" HPOS="586" VPOS="482" WIDTH="101" HEIGHT="21" WC="0.92" CONTENT="afseende"/><SP WIDTH="16" VPOS="482" HPOS="687"/>
							<String ID="string_123" HPOS="703" VPOS="483" WIDTH="12" HEIGHT="20" WC="0.92" CONTENT="&amp;"/><SP WIDTH="15" VPOS="483" HPOS="715"/>
							<String ID="string_124" HPOS="730" VPOS="482" WIDTH="140" HEIGHT="21" WC="0.92" CONTENT="förevarande"/><SP WIDTH="19" VPOS="482" HPOS="870"/>
							<String ID="string_125" HPOS="889" VPOS="484" WIDTH="61" HEIGHT="19" WC="0.96" CONTENT="ämne"/><SP WIDTH="16" VPOS="484" HPOS="950"/>
							<String ID="string_126" HPOS="966" VPOS="483" WIDTH="32" HEIGHT="20" WC="0.96" CONTENT="för"/>
						</TextLine>
						<TextLine ID="line_14" HPOS="176" VPOS="509" WIDTH="823" HEIGHT="29">
							<String ID="string_127" HPOS="176" VPOS="510" WIDTH="46" HEIGHT="20" WC="0.92" CONTENT="sina"/><SP WIDTH="24" VPOS="510" HPOS="222"/>
							<String ID="string_128" HPOS="246" VPOS="509" WIDTH="161" HEIGHT="21" WC="0.91" CONTENT="kommittenter"/><SP WIDTH="23" VPOS="509" HPOS="407"/>
							<String ID="string_129" HPOS="430" VPOS="510" WIDTH="105" HEIGHT="21" WC="0.91" CONTENT="oförtäckt"/><SP WIDTH="19" VPOS="510" HPOS="535"/>
							<String ID="string_130" HPOS="554" VPOS="510" WIDTH="110" HEIGHT="21" WC="0.92" CONTENT="framhälla"/><SP WIDTH="19" VPOS="510" HPOS="664"/>
							<String ID="string_131" HPOS="683" VPOS="510" WIDTH="26" HEIGHT="21" WC="0.93" CONTENT="de"/><SP WIDTH="19" VPOS="510" HPOS="709"/>
							<String ID="string_132" HPOS="728" VPOS="511" WIDTH="86" HEIGHT="27" WC="0.87" CONTENT="äsigter,"/><SP WIDTH="19" VPOS="511" HPOS="814"/>
							<String ID="string_133" HPOS="833" VPOS="517" WIDTH="45" HEIGHT="14" WC="0.96" CONTENT="som"/><SP WIDTH="16" VPOS="517" HPOS="878"/>
							<String ID="string_134" HPOS="894" VPOS="511" WIDTH="58" HEIGHT="27" WC="0.96" CONTENT="gjort"/><SP WIDTH="15" VPOS="511" HPOS="952"/>
							<String ID="string_135" HPOS="967" VPOS="511" WIDTH="32" HEIGHT="27" WC="0.96" CONTENT="sig"/>
						</TextLine>
						<TextLine ID="line_15" HPOS="176" VPOS="537" WIDTH="820" HEIGHT="29">
							<String ID="string_136" HPOS="176" VPOS="538" WIDTH="57" HEIGHT="20" WC="0.93" CONTENT="inom"/><SP WIDTH="17" VPOS="538" HPOS="233"/>
							<String ID="string_137" HPOS="250" VPOS="537" WIDTH="118" HEIGHT="21" WC="0.95" CONTENT="detsamma"/><SP WIDTH="16" VPOS="537" HPOS="368"/>
							<String ID="string_138" HPOS="384" VPOS="538" WIDTH="103" HEIGHT="27" WC="0.96" CONTENT="gällande,"/><SP WIDTH="17" VPOS="538" HPOS="487"/>
							<String ID="string_139" HPOS="504" VPOS="545" WIDTH="48" HEIGHT="14" WC="0.96" CONTENT="men"/><SP WIDTH="14" VPOS="545" HPOS="552"/>
							<String ID="string_140" HPOS="566" VPOS="539" WIDTH="38" HEIGHT="27" WC="0.96" CONTENT="jag"/><SP WIDTH="16" VPOS="539" HPOS="604"/>
							<String ID="string_141" HPOS="620" VPOS="539" WIDTH="37" HEIGHT="20" WC="0.93" CONTENT="ber"/><SP WIDTH="15" VPOS="539" HPOS="657"/>
							<String ID="string_142" HPOS="672" VPOS="539" WIDTH="65" HEIGHT="20" WC="0.96" CONTENT="likväl"/><SP WIDTH="16" VPOS="539" HPOS="737"/>
							<String ID="string_143" HPOS="753" VPOS="541" WIDTH="31" HEIGHT="18" WC="0.93" CONTENT="att"/><SP WIDTH="17" VPOS="541" HPOS="784"/>
							<String ID="string_144" HPOS="801" VPOS="539" WIDTH="99" HEIGHT="20" WC="0.96" CONTENT="särskildt"/><SP WIDTH="11" VPOS="539" HPOS="900"/>
							<String ID="string_145" HPOS="911" VPOS="539" WIDTH="21" HEIGHT="20" WC="0.96" CONTENT="få"/><SP WIDTH="10" VPOS="539" HPOS="932"/>
							<String ID="string_146" HPOS="942" VPOS="539" WIDTH="54" HEIGHT="20" WC="0.96" CONTENT="fästa"/>
						</TextLine>
						<TextLine ID="line_16" HPOS="176" VPOS="565" WIDTH="822" HEIGHT="29">
							<String ID="string_147" HPOS="176" VPOS="565" WIDTH="152" HEIGHT="28" WC="0.92" CONTENT="hufvudsaklig"/><SP WIDTH="22" VPOS="565" HPOS="328"/>
							<String ID="string_148" HPOS="350" VPOS="567" WIDTH="190" HEIGHT="26" WC="0.96" CONTENT="uppmärksamhet"/><SP WIDTH="23" VPOS="567" HPOS="540"/>
							<String ID="string_149" HPOS="563" VPOS="567" WIDTH="28" HEIGHT="27" WC="0.96" CONTENT="pä"/><SP WIDTH="22" VPOS="567" HPOS="591"/>
							<String ID="string_150" HPOS="613" VPOS="567" WIDTH="26" HEIGHT="20" WC="0.96" CONTENT="de"/><SP WIDTH="21" VPOS="567" HPOS="639"/>
							<String ID="string_151" HPOS="660" VPOS="567" WIDTH="47" HEIGHT="26" WC="0.93" CONTENT="ord,"/><SP WIDTH="20" VPOS="567" HPOS="707"/>
							<String ID="string_152" HPOS="727" VPOS="567" WIDTH="101" HEIGHT="20" WC="0.91" CONTENT="hvarmed"/><SP WIDTH="19" VPOS="567" HPOS="828"/>
							<String ID="string_153" HPOS="847" VPOS="567" WIDTH="105" HEIGHT="21" WC="0.92" CONTENT="utskottet"/><SP WIDTH="16" VPOS="567" HPOS="952"/>
							<String ID="string_154" HPOS="968" VPOS="568" WIDTH="30" HEIGHT="19" WC="0.90" CONTENT="af-"/>
						</TextLine>
						<TextLine ID="line_17" HPOS="177" VPOS="594" WIDTH="821" HEIGHT="29">
							<String ID="string_155" HPOS="177" VPOS="595" WIDTH="67" HEIGHT="20" WC="0.95" CONTENT="slutar"/><SP WIDTH="19" VPOS="595" HPOS="244"/>
							<String ID="string_156" HPOS="263" VPOS="594" WIDTH="155" HEIGHT="25" WC="0.96" CONTENT="betänkandet,"/><SP WIDTH="19" VPOS="594" HPOS="418"/>
							<String ID="string_157" HPOS="437" VPOS="595" WIDTH="36" HEIGHT="20" WC="0.93" CONTENT="det"/><SP WIDTH="18" VPOS="595" HPOS="473"/>
							<String ID="string_158" HPOS="491" VPOS="595" WIDTH="106" HEIGHT="28" WC="0.91" CONTENT="nemligen"/><SP WIDTH="20" VPOS="595" HPOS="597"/>
							<String ID="string_159" HPOS="617" VPOS="595" WIDTH="156" HEIGHT="25" WC="0.79" CONTENT=",förevarande"/><SP WIDTH="15" VPOS="595" HPOS="773"/>
							<String ID="string_160" HPOS="788" VPOS="595" WIDTH="80" HEIGHT="27" WC="0.96" CONTENT="förslag"/><SP WIDTH="16" VPOS="595" HPOS="868"/>
							<String ID="string_161" HPOS="884" VPOS="595" WIDTH="30" HEIGHT="20" WC="0.93" CONTENT="till"/><SP WIDTH="16" VPOS="595" HPOS="914"/>
							<String ID="string_162" HPOS="930" VPOS="596" WIDTH="68" HEIGHT="20" WC="0.92" CONTENT="landt-"/>
						</TextLine>
						<TextLine ID="line_18" HPOS="177" VPOS="622" WIDTH="821" HEIGHT="29">
							<String ID="string_163" HPOS="177" VPOS="622" WIDTH="145" HEIGHT="28" WC="0.92" CONTENT="dagsordning"/><SP WIDTH="14" VPOS="622" HPOS="322"/>
							<String ID="string_164" HPOS="336" VPOS="623" WIDTH="5" HEIGHT="19" WC="0.93" CONTENT="i"/><SP WIDTH="17" VPOS="623" HPOS="341"/>
							<String ID="string_165" HPOS="358" VPOS="625" WIDTH="75" HEIGHT="18" WC="0.92" CONTENT="nästan"/><SP WIDTH="23" VPOS="625" HPOS="433"/>
							<String ID="string_166" HPOS="456" VPOS="623" WIDTH="41" HEIGHT="21" WC="0.96" CONTENT="alla"/><SP WIDTH="15" VPOS="623" HPOS="497"/>
							<String ID="string_167" HPOS="512" VPOS="623" WIDTH="65" HEIGHT="27" WC="0.93" CONTENT="delar,"/><SP WIDTH="20" VPOS="623" HPOS="577"/>
							<String ID="string_168" HPOS="597" VPOS="623" WIDTH="118" HEIGHT="21" WC="0.92" CONTENT="detsamma"/><SP WIDTH="19" VPOS="623" HPOS="715"/>
							<String ID="string_169" HPOS="734" VPOS="623" WIDTH="77" HEIGHT="21" WC="0.92" CONTENT="ändrar"/><SP WIDTH="16" VPOS="623" HPOS="811"/>
							<String ID="string_170" HPOS="827" VPOS="624" WIDTH="98" HEIGHT="27" WC="0.93" CONTENT="gällande"/><SP WIDTH="16" VPOS="624" HPOS="925"/>
							<String ID="string_171" HPOS="941" VPOS="624" WIDTH="57" HEIGHT="20" WC="0.93" CONTENT="stad-"/>
						</TextLine>
						<TextLine ID="line_19" HPOS="177" VPOS="651" WIDTH="820" HEIGHT="28">
							<String ID="string_172" HPOS="177" VPOS="651" WIDTH="83" HEIGHT="27" WC="0.92" CONTENT="ganden"/><SP WIDTH="21" VPOS="651" HPOS="260"/>
							<String ID="string_173" HPOS="281" VPOS="651" WIDTH="52" HEIGHT="20" WC="0.93" CONTENT="eller"/><SP WIDTH="19" VPOS="651" HPOS="333"/>
							<String ID="string_174" HPOS="352" VPOS="651" WIDTH="98" HEIGHT="27" WC="0.91" CONTENT="tillägger"/><SP WIDTH="18" VPOS="651" HPOS="450"/>
							<String ID="string_175" HPOS="468" VPOS="659" WIDTH="42" HEIGHT="20" WC="0.93" CONTENT="nya"/><SP WIDTH="19" VPOS="659" HPOS="510"/>
							<String ID="string_176" HPOS="529" VPOS="652" WIDTH="165" HEIGHT="27" WC="0.91" CONTENT="bestämningar,"/><SP WIDTH="21" VPOS="652" HPOS="694"/>
							<String ID="string_177" HPOS="715" VPOS="652" WIDTH="116" HEIGHT="20" WC="0.91" CONTENT="innehäller"/><SP WIDTH="17" VPOS="652" HPOS="831"/>
							<String ID="string_178" HPOS="848" VPOS="652" WIDTH="93" HEIGHT="26" WC="0.93" CONTENT="verkliga"/><SP WIDTH="17" VPOS="652" HPOS="941"/>
							<String ID="string_179" HPOS="958" VPOS="653" WIDTH="39" HEIGHT="19" WC="0.96" CONTENT="och"/>
						</TextLine>
						<TextLine ID="line_20" HPOS="177" VPOS="679" WIDTH="820" HEIGHT="28">
							<String ID="string_180" HPOS="177" VPOS="679" WIDTH="140" HEIGHT="27" WC="0.92" CONTENT="obestridliga"/><SP WIDTH="15" VPOS="679" HPOS="317"/>
							<String ID="string_181" HPOS="332" VPOS="679" WIDTH="102" HEIGHT="27" WC="0.92" CONTENT="framsteg"/><SP WIDTH="15" VPOS="679" HPOS="434"/>
							<String ID="string_182" HPOS="449" VPOS="680" WIDTH="6" HEIGHT="20" WC="0.93" CONTENT="i"/><SP WIDTH="14" VPOS="680" HPOS="455"/>
							<String ID="string_183" HPOS="469" VPOS="680" WIDTH="152" HEIGHT="27" WC="0.92" CONTENT="utvecklingen"/><SP WIDTH="18" VPOS="680" HPOS="621"/>
							<String ID="string_184" HPOS="639" VPOS="680" WIDTH="22" HEIGHT="20" WC="0.96" CONTENT="af"/><SP WIDTH="14" VPOS="680" HPOS="661"/>
							<String ID="string_185" HPOS="675" VPOS="680" WIDTH="101" HEIGHT="20" WC="0.93" CONTENT="Finlands"/><SP WIDTH="20" VPOS="680" HPOS="776"/>
							<String ID="string_186" HPOS="796" VPOS="680" WIDTH="100" HEIGHT="27" WC="0.93" CONTENT="politiska"/><SP WIDTH="18" VPOS="680" HPOS="896"/>
							<String ID="string_187" HPOS="914" VPOS="680" WIDTH="83" HEIGHT="20" WC="0.93" CONTENT="institu-"/>
						</TextLine>
						<TextLine ID="line_21" HPOS="177" VPOS="708" WIDTH="820" HEIGHT="28">
							<String ID="string_188" HPOS="177" VPOS="708" WIDTH="91" HEIGHT="20" WC="0.80" CONTENT="tioner.&#39;"/><SP WIDTH="31" VPOS="708" HPOS="268"/>
							<String ID="string_189" HPOS="299" VPOS="708" WIDTH="43" HEIGHT="20" WC="0.93" CONTENT="För"/><SP WIDTH="19" VPOS="708" HPOS="342"/>
							<String ID="string_190" HPOS="361" VPOS="714" WIDTH="53" HEIGHT="20" WC="0.92" CONTENT="ogen"/><SP WIDTH="20" VPOS="714" HPOS="414"/>
							<String ID="string_191" HPOS="434" VPOS="708" WIDTH="33" HEIGHT="20" WC="0.96" CONTENT="del"/><SP WIDTH="18" VPOS="708" HPOS="467"/>
							<String ID="string_192" HPOS="485" VPOS="708" WIDTH="36" HEIGHT="20" WC="0.96" CONTENT="vill"/><SP WIDTH="14" VPOS="708" HPOS="521"/>
							<String ID="string_193" HPOS="535" VPOS="708" WIDTH="37" HEIGHT="27" WC="0.96" CONTENT="jag"/><SP WIDTH="16" VPOS="708" HPOS="572"/>
							<String ID="string_194" HPOS="588" VPOS="710" WIDTH="56" HEIGHT="18" WC="0.93" CONTENT="ännu"/><SP WIDTH="16" VPOS="710" HPOS="644"/>
							<String ID="string_195" HPOS="660" VPOS="708" WIDTH="88" HEIGHT="28" WC="0.96" CONTENT="tillägga"/><SP WIDTH="14" VPOS="708" HPOS="748"/>
							<String ID="string_196" HPOS="762" VPOS="710" WIDTH="32" HEIGHT="18" WC="0.93" CONTENT="att"/><SP WIDTH="15" VPOS="710" HPOS="794"/>
							<String ID="string_197" HPOS="809" VPOS="708" WIDTH="54" HEIGHT="20" WC="0.96" CONTENT="intet"/><SP WIDTH="15" VPOS="708" HPOS="863"/>
							<String ID="string_198" HPOS="878" VPOS="708" WIDTH="119" HEIGHT="28" WC="0.96" CONTENT="stadgande"/>
						</TextLine>
						<TextLine ID="line_22" HPOS="177" VPOS="736" WIDTH="821" HEIGHT="27">
							<String ID="string_199" HPOS="177" VPOS="736" WIDTH="54" HEIGHT="24" WC="0.93" CONTENT="deri,"/><SP WIDTH="17" VPOS="736" HPOS="231"/>
							<String ID="string_200" HPOS="248" VPOS="736" WIDTH="66" HEIGHT="27" WC="0.96" CONTENT="enligt"/><SP WIDTH="16" VPOS="736" HPOS="314"/>
							<String ID="string_201" HPOS="330" VPOS="736" WIDTH="46" HEIGHT="20" WC="0.93" CONTENT="mitt"/><SP WIDTH="16" VPOS="736" HPOS="376"/>
							<String ID="string_202" HPOS="392" VPOS="736" WIDTH="147" HEIGHT="27" WC="0.92" CONTENT="förmenande,"/><SP WIDTH="16" VPOS="736" HPOS="539"/>
							<String ID="string_203" HPOS="555" VPOS="736" WIDTH="150" HEIGHT="27" WC="0.95" CONTENT="förekommer,"/><SP WIDTH="17" VPOS="736" HPOS="705"/>
							<String ID="string_204" HPOS="722" VPOS="743" WIDTH="45" HEIGHT="13" WC="0.96" CONTENT="som"/><SP WIDTH="17" VPOS="743" HPOS="767"/>
							<String ID="string_205" HPOS="784" VPOS="736" WIDTH="41" HEIGHT="21" WC="0.96" CONTENT="kan"/><SP WIDTH="16" VPOS="736" HPOS="825"/>
							<String ID="string_206" HPOS="841" VPOS="744" WIDTH="61" HEIGHT="13" WC="0.96" CONTENT="anses"/><SP WIDTH="12" VPOS="744" HPOS="902"/>
							<String ID="string_207" HPOS="914" VPOS="738" WIDTH="34" HEIGHT="19" WC="0.93" CONTENT="stä"/><SP WIDTH="10" VPOS="738" HPOS="948"/>
							<String ID="string_208" HPOS="958" VPOS="737" WIDTH="40" HEIGHT="19" WC="0.72" CONTENT="till-"/>
						</TextLine>
						<TextLine ID="line_23" HPOS="178" VPOS="764" WIDTH="818" HEIGHT="28">
							<String ID="string_209" HPOS="178" VPOS="764" WIDTH="54" HEIGHT="21" WC="0.96" CONTENT="baka"/><SP WIDTH="16" VPOS="764" HPOS="232"/>
							<String ID="string_210" HPOS="248" VPOS="764" WIDTH="7" HEIGHT="20" WC="0.93" CONTENT="i"/><SP WIDTH="15" VPOS="764" HPOS="255"/>
							<String ID="string_211" HPOS="270" VPOS="764" WIDTH="100" HEIGHT="20" WC="0.93" CONTENT="afseende"/><SP WIDTH="16" VPOS="764" HPOS="370"/>
							<String ID="string_212" HPOS="386" VPOS="764" WIDTH="15" HEIGHT="26" WC="0.92" CONTENT="å"/><SP WIDTH="15" VPOS="764" HPOS="401"/>
							<String ID="string_213" HPOS="416" VPOS="772" WIDTH="28" HEIGHT="13" WC="0.96" CONTENT="nu"/><SP WIDTH="23" VPOS="772" HPOS="444"/>
							<String ID="string_214" HPOS="467" VPOS="764" WIDTH="97" HEIGHT="28" WC="0.96" CONTENT="gällande"/><SP WIDTH="23" VPOS="764" HPOS="564"/>
							<String ID="string_215" HPOS="587" VPOS="764" WIDTH="91" HEIGHT="28" WC="0.96" CONTENT="ordning"/><SP WIDTH="23" VPOS="764" HPOS="678"/>
							<String ID="string_216" HPOS="701" VPOS="764" WIDTH="34" HEIGHT="21" WC="0.93" CONTENT="vid"/><SP WIDTH="18" VPOS="764" HPOS="735"/>
							<String ID="string_217" HPOS="753" VPOS="764" WIDTH="243" HEIGHT="28" WC="0.92" CONTENT="landtdagsförhandlin-"/>
						</TextLine>
						<TextLine ID="line_24" HPOS="177" VPOS="792" WIDTH="819" HEIGHT="29">
							<String ID="string_218" HPOS="177" VPOS="799" WIDTH="72" HEIGHT="21" WC="0.88" CONTENT="garne."/><SP WIDTH="31" VPOS="799" HPOS="249"/>
							<String ID="string_219" HPOS="280" VPOS="792" WIDTH="33" HEIGHT="21" WC="0.93" CONTENT="De"/><SP WIDTH="23" VPOS="792" HPOS="313"/>
							<String ID="string_220" HPOS="336" VPOS="793" WIDTH="170" HEIGHT="28" WC="0.90" CONTENT="anmärkningar,"/><SP WIDTH="15" VPOS="793" HPOS="506"/>
							<String ID="string_221" HPOS="521" VPOS="794" WIDTH="107" HEIGHT="19" WC="0.90" CONTENT="utskottet"/><SP WIDTH="18" VPOS="794" HPOS="628"/>
							<String ID="string_222" HPOS="646" VPOS="793" WIDTH="118" HEIGHT="21" WC="0.92" CONTENT="emellertid"/><SP WIDTH="20" VPOS="793" HPOS="764"/>
							<String ID="string_223" HPOS="784" VPOS="793" WIDTH="35" HEIGHT="20" WC="0.93" CONTENT="vid"/><SP WIDTH="20" VPOS="793" HPOS="819"/>
							<String ID="string_224" HPOS="839" VPOS="794" WIDTH="157" HEIGHT="26" WC="0.91" CONTENT="granskningen"/>
						</TextLine>
						<TextLine ID="line_25" HPOS="177" VPOS="821" WIDTH="819" HEIGHT="28">
							<String ID="string_225" HPOS="177" VPOS="821" WIDTH="23" HEIGHT="21" WC="0.93" CONTENT="af"/><SP WIDTH="13" VPOS="821" HPOS="200"/>
							<String ID="string_226" HPOS="213" VPOS="821" WIDTH="104" HEIGHT="27" WC="0.92" CONTENT="förslaget"/><SP WIDTH="15" VPOS="821" HPOS="317"/>
							<String ID="string_227" HPOS="332" VPOS="822" WIDTH="68" HEIGHT="26" WC="0.96" CONTENT="gjort,"/><SP WIDTH="16" VPOS="822" HPOS="400"/>
							<String ID="string_228" HPOS="416" VPOS="821" WIDTH="37" HEIGHT="21" WC="0.93" CONTENT="har"/><SP WIDTH="16" VPOS="821" HPOS="453"/>
							<String ID="string_229" HPOS="469" VPOS="822" WIDTH="88" HEIGHT="20" WC="0.92" CONTENT="sälunda"/><SP WIDTH="16" VPOS="822" HPOS="557"/>
							<String ID="string_230" HPOS="573" VPOS="822" WIDTH="57" HEIGHT="20" WC="0.96" CONTENT="skett"/><SP WIDTH="15" VPOS="822" HPOS="630"/>
							<String ID="string_231" HPOS="645" VPOS="821" WIDTH="75" HEIGHT="21" WC="0.96" CONTENT="endast"/><SP WIDTH="16" VPOS="821" HPOS="720"/>
							<String ID="string_232" HPOS="736" VPOS="821" WIDTH="33" HEIGHT="21" WC="0.96" CONTENT="för"/><SP WIDTH="16" VPOS="821" HPOS="769"/>
							<String ID="string_233" HPOS="785" VPOS="824" WIDTH="40" HEIGHT="23" WC="0.96" CONTENT="att,"/><SP WIDTH="17" VPOS="824" HPOS="825"/>
							<String ID="string_234" HPOS="842" VPOS="822" WIDTH="23" HEIGHT="20" WC="0.96" CONTENT="sä"/><SP WIDTH="15" VPOS="822" HPOS="865"/>
							<String ID="string_235" HPOS="880" VPOS="822" WIDTH="31" HEIGHT="20" WC="0.93" CONTENT="till"/><SP WIDTH="11" VPOS="822" HPOS="911"/>
							<String ID="string_236" HPOS="922" VPOS="823" WIDTH="74" HEIGHT="26" WC="0.93" CONTENT="sägan-"/>
						</TextLine>
						<TextLine ID="line_26" HPOS="177" VPOS="849" WIDTH="821" HEIGHT="28">
							<String ID="string_237" HPOS="177" VPOS="850" WIDTH="47" HEIGHT="26" WC="0.93" CONTENT="des,"/><SP WIDTH="20" VPOS="850" HPOS="224"/>
							<String ID="string_238" HPOS="244" VPOS="849" WIDTH="172" HEIGHT="28" WC="0.90" CONTENT="förfullständiga"/><SP WIDTH="18" VPOS="849" HPOS="416"/>
							<String ID="string_239" HPOS="434" VPOS="850" WIDTH="123" HEIGHT="20" WC="0.92" CONTENT="detsamma."/><SP WIDTH="32" VPOS="850" HPOS="557"/>
							<String ID="string_240" HPOS="589" VPOS="850" WIDTH="61" HEIGHT="20" WC="0.96" CONTENT="Dock"/><SP WIDTH="19" VPOS="850" HPOS="650"/>
							<String ID="string_241" HPOS="669" VPOS="856" WIDTH="63" HEIGHT="14" WC="0.96" CONTENT="anser"/><SP WIDTH="15" VPOS="856" HPOS="732"/>
							<String ID="string_242" HPOS="747" VPOS="850" WIDTH="38" HEIGHT="27" WC="0.96" CONTENT="jag"/><SP WIDTH="15" VPOS="850" HPOS="785"/>
							<String ID="string_243" HPOS="800" VPOS="850" WIDTH="49" HEIGHT="27" WC="0.96" CONTENT="mig,"/><SP WIDTH="17" VPOS="850" HPOS="849"/>
							<String ID="string_244" HPOS="866" VPOS="850" WIDTH="132" HEIGHT="20" WC="0.96" CONTENT="beträffande"/>
						</TextLine>
						<TextLine ID="line_27" HPOS="177" VPOS="878" WIDTH="821" HEIGHT="28">
							<String ID="string_245" HPOS="177" VPOS="878" WIDTH="63" HEIGHT="20" WC="0.93" CONTENT="dessa"/><SP WIDTH="18" VPOS="878" HPOS="240"/>
							<String ID="string_246" HPOS="258" VPOS="878" WIDTH="172" HEIGHT="27" WC="0.88" CONTENT="anmärkningar,"/><SP WIDTH="19" VPOS="878" HPOS="430"/>
							<String ID="string_247" HPOS="449" VPOS="885" WIDTH="45" HEIGHT="13" WC="0.96" CONTENT="som"/><SP WIDTH="19" VPOS="885" HPOS="494"/>
							<String ID="string_248" HPOS="513" VPOS="885" WIDTH="28" HEIGHT="13" WC="0.93" CONTENT="nu"/><SP WIDTH="16" VPOS="885" HPOS="541"/>
							<String ID="string_249" HPOS="557" VPOS="880" WIDTH="36" HEIGHT="18" WC="0.90" CONTENT="äro"/><SP WIDTH="17" VPOS="880" HPOS="593"/>
							<String ID="string_250" HPOS="610" VPOS="878" WIDTH="158" HEIGHT="20" WC="0.91" CONTENT="öfverlemnade"/><SP WIDTH="16" VPOS="878" HPOS="768"/>
							<String ID="string_251" HPOS="784" VPOS="878" WIDTH="30" HEIGHT="20" WC="0.93" CONTENT="till"/><SP WIDTH="16" VPOS="878" HPOS="814"/>
							<String ID="string_252" HPOS="830" VPOS="878" WIDTH="101" HEIGHT="20" WC="0.92" CONTENT="ständens"/><SP WIDTH="16" VPOS="878" HPOS="931"/>
							<String ID="string_253" HPOS="947" VPOS="878" WIDTH="51" HEIGHT="28" WC="0.92" CONTENT="god-"/>
						</TextLine>
						<TextLine ID="line_28" HPOS="177" VPOS="906" WIDTH="821" HEIGHT="27">
							<String ID="string_254" HPOS="177" VPOS="906" WIDTH="113" HEIGHT="20" WC="0.92" CONTENT="kännande"/><SP WIDTH="16" VPOS="906" HPOS="290"/>
							<String ID="string_255" HPOS="306" VPOS="906" WIDTH="51" HEIGHT="20" WC="0.93" CONTENT="eller"/><SP WIDTH="14" VPOS="906" HPOS="357"/>
							<String ID="string_256" HPOS="371" VPOS="906" WIDTH="148" HEIGHT="27" WC="0.92" CONTENT="förkastande,"/><SP WIDTH="17" VPOS="906" HPOS="519"/>
							<String ID="string_257" HPOS="536" VPOS="906" WIDTH="52" HEIGHT="21" WC="0.96" CONTENT="böra"/><SP WIDTH="16" VPOS="906" HPOS="588"/>
							<String ID="string_258" HPOS="604" VPOS="906" WIDTH="98" HEIGHT="21" WC="0.96" CONTENT="meddela"/><SP WIDTH="15" VPOS="906" HPOS="702"/>
							<String ID="string_259" HPOS="717" VPOS="908" WIDTH="32" HEIGHT="19" WC="0.96" CONTENT="att"/><SP WIDTH="15" VPOS="908" HPOS="749"/>
							<String ID="string_260" HPOS="764" VPOS="906" WIDTH="26" HEIGHT="20" WC="0.93" CONTENT="de"/><SP WIDTH="15" VPOS="906" HPOS="790"/>
							<String ID="string_261" HPOS="805" VPOS="906" WIDTH="70" HEIGHT="20" WC="0.96" CONTENT="blifvit"/><SP WIDTH="19" VPOS="906" HPOS="875"/>
							<String ID="string_262" HPOS="894" VPOS="907" WIDTH="55" HEIGHT="19" WC="0.93" CONTENT="inom"/><SP WIDTH="17" VPOS="907" HPOS="949"/>
							<String ID="string_263" HPOS="966" VPOS="909" WIDTH="32" HEIGHT="18" WC="0.91" CONTENT="ut-"/>
						</TextLine>
						<TextLine ID="line_29" HPOS="177" VPOS="934" WIDTH="821" HEIGHT="28">
							<String ID="string_264" HPOS="177" VPOS="936" WIDTH="81" HEIGHT="19" WC="0.90" CONTENT="skottet"/><SP WIDTH="16" VPOS="936" HPOS="258"/>
							<String ID="string_265" HPOS="274" VPOS="935" WIDTH="49" HEIGHT="20" WC="0.92" CONTENT="med"/><SP WIDTH="15" VPOS="935" HPOS="323"/>
							<String ID="string_266" HPOS="338" VPOS="934" WIDTH="74" HEIGHT="28" WC="0.88" CONTENT="speciel"/><SP WIDTH="16" VPOS="934" HPOS="412"/>
							<String ID="string_267" HPOS="428" VPOS="941" WIDTH="85" HEIGHT="21" WC="0.91" CONTENT="omsorg"/><SP WIDTH="16" VPOS="941" HPOS="513"/>
							<String ID="string_268" HPOS="529" VPOS="934" WIDTH="137" HEIGHT="21" WC="0.91" CONTENT="diskuterade"/><SP WIDTH="17" VPOS="934" HPOS="666"/>
							<String ID="string_269" HPOS="683" VPOS="935" WIDTH="39" HEIGHT="20" WC="0.96" CONTENT="och"/><SP WIDTH="20" VPOS="935" HPOS="722"/>
							<String ID="string_270" HPOS="742" VPOS="934" WIDTH="84" HEIGHT="27" WC="0.96" CONTENT="endast,"/><SP WIDTH="19" VPOS="934" HPOS="826"/>
							<String ID="string_271" HPOS="845" VPOS="934" WIDTH="54" HEIGHT="21" WC="0.96" CONTENT="efter"/><SP WIDTH="15" VPOS="934" HPOS="899"/>
							<String ID="string_272" HPOS="914" VPOS="935" WIDTH="26" HEIGHT="20" WC="0.93" CONTENT="de"/><SP WIDTH="16" VPOS="935" HPOS="940"/>
							<String ID="string_273" HPOS="956" VPOS="935" WIDTH="42" HEIGHT="20" WC="0.93" CONTENT="för-"/>
						</TextLine>
						<TextLine ID="line_30" HPOS="177" VPOS="962" WIDTH="819" HEIGHT="28">
							<String ID="string_274" HPOS="177" VPOS="962" WIDTH="122" HEIGHT="21" WC="0.91" CONTENT="beredande"/><SP WIDTH="15" VPOS="962" HPOS="299"/>
							<String ID="string_275" HPOS="314" VPOS="963" WIDTH="117" HEIGHT="27" WC="0.92" CONTENT="omgängar"/><SP WIDTH="18" VPOS="963" HPOS="431"/>
							<String ID="string_276" HPOS="449" VPOS="964" WIDTH="100" HEIGHT="20" WC="0.92" CONTENT="ärendets"/><SP WIDTH="20" VPOS="964" HPOS="549"/>
							<String ID="string_277" HPOS="569" VPOS="964" WIDTH="45" HEIGHT="26" WC="0.91" CONTENT="vigt"/><SP WIDTH="16" VPOS="964" HPOS="614"/>
							<String ID="string_278" HPOS="630" VPOS="965" WIDTH="81" HEIGHT="19" WC="0.93" CONTENT="ansetts"/><SP WIDTH="17" VPOS="965" HPOS="711"/>
							<String ID="string_279" HPOS="728" VPOS="963" WIDTH="83" HEIGHT="26" WC="0.93" CONTENT="kräfva,"/><SP WIDTH="16" VPOS="963" HPOS="811"/>
							<String ID="string_280" HPOS="827" VPOS="963" WIDTH="49" HEIGHT="20" WC="0.93" CONTENT="med"/><SP WIDTH="15" VPOS="963" HPOS="876"/>
							<String ID="string_281" HPOS="891" VPOS="964" WIDTH="57" HEIGHT="26" WC="0.91" CONTENT="hopp"/><SP WIDTH="16" VPOS="964" HPOS="948"/>
							<String ID="string_282" HPOS="964" VPOS="970" WIDTH="32" HEIGHT="14" WC="0.96" CONTENT="om"/>
						</TextLine>
						<TextLine ID="line_31" HPOS="176" VPOS="991" WIDTH="822" HEIGHT="28">
							<String ID="string_283" HPOS="176" VPOS="991" WIDTH="113" HEIGHT="27" WC="0.91" CONTENT="framgäng"/><SP WIDTH="23" VPOS="991" HPOS="289"/>
							<String ID="string_284" HPOS="312" VPOS="992" WIDTH="23" HEIGHT="19" WC="0.93" CONTENT="af"/><SP WIDTH="16" VPOS="992" HPOS="335"/>
							<String ID="string_285" HPOS="351" VPOS="991" WIDTH="116" HEIGHT="20" WC="0.92" CONTENT="utskottets"/><SP WIDTH="19" VPOS="991" HPOS="467"/>
							<String ID="string_286" HPOS="486" VPOS="992" WIDTH="109" HEIGHT="27" WC="0.92" CONTENT="pluralitet"/><SP WIDTH="18" VPOS="992" HPOS="595"/>
							<String ID="string_287" HPOS="613" VPOS="994" WIDTH="99" HEIGHT="25" WC="0.92" CONTENT="antagna."/><SP WIDTH="31" VPOS="994" HPOS="712"/>
							<String ID="string_288" HPOS="743" VPOS="991" WIDTH="41" HEIGHT="27" WC="0.96" CONTENT="Jag"/><SP WIDTH="21" VPOS="991" HPOS="784"/>
							<String ID="string_289" HPOS="805" VPOS="991" WIDTH="67" HEIGHT="20" WC="0.93" CONTENT="skulle"/><SP WIDTH="17" VPOS="991" HPOS="872"/>
							<String ID="string_290" HPOS="889" VPOS="992" WIDTH="61" HEIGHT="19" WC="0.89" CONTENT="alltsä"/><SP WIDTH="16" VPOS="992" HPOS="950"/>
							<String ID="string_291" HPOS="966" VPOS="992" WIDTH="32" HEIGHT="19" WC="0.97" CONTENT="för"/>
						</TextLine>
						<TextLine ID="line_32" HPOS="177" VPOS="1019" WIDTH="821" HEIGHT="28">
							<String ID="string_292" HPOS="177" VPOS="1019" WIDTH="42" HEIGHT="20" WC="0.93" CONTENT="min"/><SP WIDTH="24" VPOS="1019" HPOS="219"/>
							<String ID="string_293" HPOS="243" VPOS="1019" WIDTH="101" HEIGHT="28" WC="0.92" CONTENT="ödmjuka"/><SP WIDTH="23" VPOS="1019" HPOS="344"/>
							<String ID="string_294" HPOS="367" VPOS="1019" WIDTH="33" HEIGHT="20" WC="0.93" CONTENT="del"/><SP WIDTH="23" VPOS="1019" HPOS="400"/>
							<String ID="string_295" HPOS="423" VPOS="1019" WIDTH="86" HEIGHT="26" WC="0.91" CONTENT="föreslä,"/><SP WIDTH="20" VPOS="1019" HPOS="509"/>
							<String ID="string_296" HPOS="529" VPOS="1022" WIDTH="32" HEIGHT="18" WC="0.93" CONTENT="att"/><SP WIDTH="17" VPOS="1022" HPOS="561"/>
							<String ID="string_297" HPOS="578" VPOS="1019" WIDTH="109" HEIGHT="21" WC="0.92" CONTENT="desamma"/><SP WIDTH="19" VPOS="1019" HPOS="687"/>
							<String ID="string_298" HPOS="706" VPOS="1020" WIDTH="66" HEIGHT="20" WC="0.92" CONTENT="mätte"/><SP WIDTH="18" VPOS="1020" HPOS="772"/>
							<String ID="string_299" HPOS="790" VPOS="1019" WIDTH="23" HEIGHT="21" WC="0.96" CONTENT="af"/><SP WIDTH="17" VPOS="1019" HPOS="813"/>
							<String ID="string_300" HPOS="830" VPOS="1019" WIDTH="36" HEIGHT="21" WC="0.93" CONTENT="det"/><SP WIDTH="19" VPOS="1019" HPOS="866"/>
							<String ID="string_301" HPOS="885" VPOS="1019" WIDTH="113" HEIGHT="28" WC="0.93" CONTENT="höglofliga"/>
						</TextLine>
						<TextLine ID="line_33" HPOS="177" VPOS="1047" WIDTH="821" HEIGHT="28">
							<String ID="string_302" HPOS="177" VPOS="1047" WIDTH="86" HEIGHT="21" WC="0.92" CONTENT="ständet"/><SP WIDTH="19" VPOS="1047" HPOS="263"/>
							<String ID="string_303" HPOS="282" VPOS="1048" WIDTH="55" HEIGHT="20" WC="0.93" CONTENT="efter"/><SP WIDTH="19" VPOS="1048" HPOS="337"/>
							<String ID="string_304" HPOS="356" VPOS="1048" WIDTH="99" HEIGHT="27" WC="0.91" CONTENT="pröfning"/><SP WIDTH="18" VPOS="1048" HPOS="455"/>
							<String ID="string_305" HPOS="473" VPOS="1048" WIDTH="142" HEIGHT="21" WC="0.92" CONTENT="oförändrade"/><SP WIDTH="17" VPOS="1048" HPOS="615"/>
							<String ID="string_306" HPOS="632" VPOS="1050" WIDTH="98" HEIGHT="25" WC="0.92" CONTENT="antagas,"/><SP WIDTH="16" VPOS="1050" HPOS="730"/>
							<String ID="string_307" HPOS="746" VPOS="1048" WIDTH="51" HEIGHT="20" WC="0.93" CONTENT="eller"/><SP WIDTH="16" VPOS="1048" HPOS="797"/>
							<String ID="string_308" HPOS="813" VPOS="1049" WIDTH="49" HEIGHT="25" WC="0.92" CONTENT="ock,"/><SP WIDTH="17" VPOS="1049" HPOS="862"/>
							<String ID="string_309" HPOS="879" VPOS="1048" WIDTH="42" HEIGHT="20" WC="0.92" CONTENT="ifall"/><SP WIDTH="18" VPOS="1048" HPOS="921"/>
							<String ID="string_310" HPOS="939" VPOS="1049" WIDTH="23" HEIGHT="19" WC="0.93" CONTENT="sä"/><SP WIDTH="16" VPOS="1049" HPOS="962"/>
							<String ID="string_311" HPOS="978" VPOS="1049" WIDTH="20" HEIGHT="26" WC="0.88" CONTENT="cj"/>
						</TextLine>
						<TextLine ID="line_34" HPOS="177" VPOS="1076" WIDTH="820" HEIGHT="27">
							<String ID="string_312" HPOS="177" VPOS="1076" WIDTH="42" HEIGHT="20" WC="0.93" CONTENT="kan"/><SP WIDTH="19" VPOS="1076" HPOS="219"/>
							<String ID="string_313" HPOS="238" VPOS="1076" WIDTH="48" HEIGHT="25" WC="0.92" CONTENT="ske,"/><SP WIDTH="20" VPOS="1076" HPOS="286"/>
							<String ID="string_314" HPOS="306" VPOS="1076" WIDTH="43" HEIGHT="21" WC="0.92" CONTENT="läta"/><SP WIDTH="15" VPOS="1076" HPOS="349"/>
							<String ID="string_315" HPOS="364" VPOS="1076" WIDTH="98" HEIGHT="21" WC="0.92" CONTENT="förblifva"/><SP WIDTH="16" VPOS="1076" HPOS="462"/>
							<String ID="string_316" HPOS="478" VPOS="1077" WIDTH="34" HEIGHT="20" WC="0.93" CONTENT="vid"/><SP WIDTH="16" VPOS="1077" HPOS="512"/>
							<String ID="string_317" HPOS="528" VPOS="1077" WIDTH="116" HEIGHT="20" WC="0.91" CONTENT="innehället"/><SP WIDTH="16" VPOS="1077" HPOS="644"/>
							<String ID="string_318" HPOS="660" VPOS="1077" WIDTH="4" HEIGHT="20" WC="0.95" CONTENT="i"/><SP WIDTH="18" VPOS="1077" HPOS="664"/>
							<String ID="string_319" HPOS="682" VPOS="1077" WIDTH="39" HEIGHT="20" WC="0.93" CONTENT="den"/><SP WIDTH="17" VPOS="1077" HPOS="721"/>
							<String ID="string_320" HPOS="738" VPOS="1076" WIDTH="77" HEIGHT="27" WC="0.92" CONTENT="nädiga"/><SP WIDTH="15" VPOS="1076" HPOS="815"/>
							<String ID="string_321" HPOS="830" VPOS="1077" WIDTH="167" HEIGHT="26" WC="0.95" CONTENT="propositionen."/>
						</TextLine>
						<TextLine ID="line_35" HPOS="177" VPOS="1104" WIDTH="821" HEIGHT="28">
							<String ID="string_322" HPOS="177" VPOS="1104" WIDTH="10" HEIGHT="20" WC="0.96" CONTENT="I"/><SP WIDTH="16" VPOS="1104" HPOS="187"/>
							<String ID="string_323" HPOS="203" VPOS="1104" WIDTH="41" HEIGHT="21" WC="0.93" CONTENT="alla"/><SP WIDTH="25" VPOS="1104" HPOS="244"/>
							<String ID="string_324" HPOS="269" VPOS="1104" WIDTH="112" HEIGHT="21" WC="0.96" CONTENT="händelser"/><SP WIDTH="23" VPOS="1104" HPOS="381"/>
							<String ID="string_325" HPOS="404" VPOS="1105" WIDTH="130" HEIGHT="20" WC="0.96" CONTENT="förekomma"/><SP WIDTH="16" VPOS="1105" HPOS="534"/>
							<String ID="string_326" HPOS="550" VPOS="1105" WIDTH="34" HEIGHT="20" WC="0.93" CONTENT="vid"/><SP WIDTH="17" VPOS="1105" HPOS="584"/>
							<String ID="string_327" HPOS="601" VPOS="1105" WIDTH="25" HEIGHT="27" WC="0.86" CONTENT="$$"/><SP WIDTH="17" VPOS="1105" HPOS="626"/>
							<String ID="string_328" HPOS="643" VPOS="1106" WIDTH="11" HEIGHT="19" WC="0.94" CONTENT="9"/><SP WIDTH="16" VPOS="1106" HPOS="654"/>
							<String ID="string_329" HPOS="670" VPOS="1105" WIDTH="40" HEIGHT="20" WC="0.94" CONTENT="och"/><SP WIDTH="18" VPOS="1105" HPOS="710"/>
							<String ID="string_330" HPOS="728" VPOS="1105" WIDTH="28" HEIGHT="20" WC="0.96" CONTENT="48"/><SP WIDTH="21" VPOS="1105" HPOS="756"/>
							<String ID="string_331" HPOS="777" VPOS="1105" WIDTH="22" HEIGHT="20" WC="0.93" CONTENT="af"/><SP WIDTH="14" VPOS="1105" HPOS="799"/>
							<String ID="string_332" HPOS="813" VPOS="1105" WIDTH="117" HEIGHT="20" WC="0.93" CONTENT="utskottets"/><SP WIDTH="16" VPOS="1105" HPOS="930"/>
							<String ID="string_333" HPOS="946" VPOS="1112" WIDTH="52" HEIGHT="20" WC="0.89" CONTENT="upp-"/>
						</TextLine>
						<TextLine ID="line_36" HPOS="177" VPOS="1133" WIDTH="821" HEIGHT="27">
							<String ID="string_334" HPOS="177" VPOS="1133" WIDTH="76" HEIGHT="27" WC="0.92" CONTENT="gjorda"/><SP WIDTH="23" VPOS="1133" HPOS="253"/>
							<String ID="string_335" HPOS="276" VPOS="1133" WIDTH="128" HEIGHT="20" WC="0.92" CONTENT="alternativa"/><SP WIDTH="22" VPOS="1133" HPOS="404"/>
							<String ID="string_336" HPOS="426" VPOS="1133" WIDTH="109" HEIGHT="27" WC="0.92" CONTENT="förslager,"/><SP WIDTH="24" VPOS="1133" HPOS="535"/>
							<String ID="string_337" HPOS="559" VPOS="1133" WIDTH="110" HEIGHT="27" WC="0.92" CONTENT="angäende"/><SP WIDTH="19" VPOS="1133" HPOS="669"/>
							<String ID="string_338" HPOS="688" VPOS="1133" WIDTH="73" HEIGHT="20" WC="0.92" CONTENT="hvilka"/><SP WIDTH="18" VPOS="1133" HPOS="761"/>
							<String ID="string_339" HPOS="779" VPOS="1135" WIDTH="30" HEIGHT="18" WC="0.96" CONTENT="ett"/><SP WIDTH="19" VPOS="1135" HPOS="809"/>
							<String ID="string_340" HPOS="828" VPOS="1133" WIDTH="33" HEIGHT="20" WC="0.93" CONTENT="val"/><SP WIDTH="16" VPOS="1133" HPOS="861"/>
							<String ID="string_341" HPOS="877" VPOS="1134" WIDTH="67" HEIGHT="19" WC="0.92" CONTENT="mäste"/><SP WIDTH="16" VPOS="1134" HPOS="944"/>
							<String ID="string_342" HPOS="960" VPOS="1134" WIDTH="38" HEIGHT="19" WC="0.92" CONTENT="ske"/>
						</TextLine>
						<TextLine ID="line_37" HPOS="177" VPOS="1161" WIDTH="821" HEIGHT="28">
							<String ID="string_343" HPOS="177" VPOS="1161" WIDTH="48" HEIGHT="20" WC="0.96" CONTENT="med"/><SP WIDTH="16" VPOS="1161" HPOS="225"/>
							<String ID="string_344" HPOS="241" VPOS="1161" WIDTH="41" HEIGHT="20" WC="0.93" CONTENT="den"/><SP WIDTH="17" VPOS="1161" HPOS="282"/>
							<String ID="string_345" HPOS="299" VPOS="1161" WIDTH="182" HEIGHT="28" WC="0.92" CONTENT="samstämmighet"/><SP WIDTH="15" VPOS="1161" HPOS="481"/>
							<String ID="string_346" HPOS="496" VPOS="1162" WIDTH="56" HEIGHT="20" WC="0.95" CONTENT="inom"/><SP WIDTH="17" VPOS="1162" HPOS="552"/>
							<String ID="string_347" HPOS="569" VPOS="1162" WIDTH="41" HEIGHT="20" WC="0.93" CONTENT="alla"/><SP WIDTH="16" VPOS="1162" HPOS="610"/>
							<String ID="string_348" HPOS="626" VPOS="1161" WIDTH="68" HEIGHT="27" WC="0.91" CONTENT="ständ,"/><SP WIDTH="17" VPOS="1161" HPOS="694"/>
							<String ID="string_349" HPOS="711" VPOS="1161" WIDTH="80" HEIGHT="28" WC="0.92" CONTENT="hvarpä"/><SP WIDTH="12" VPOS="1161" HPOS="791"/>
							<String ID="string_350" HPOS="803" VPOS="1161" WIDTH="80" HEIGHT="28" WC="0.88" CONTENT="jemväl"/><SP WIDTH="11" VPOS="1161" HPOS="883"/>
							<String ID="string_351" HPOS="894" VPOS="1161" WIDTH="46" HEIGHT="21" WC="0.93" CONTENT="hela"/><SP WIDTH="17" VPOS="1161" HPOS="940"/>
							<String ID="string_352" HPOS="957" VPOS="1161" WIDTH="41" HEIGHT="20" WC="0.93" CONTENT="frä-"/>
						</TextLine>
						<TextLine ID="line_38" HPOS="177" VPOS="1189" WIDTH="723" HEIGHT="28">
							<String ID="string_353" HPOS="177" VPOS="1197" WIDTH="52" HEIGHT="20" WC="0.96" CONTENT="gans"/><SP WIDTH="15" VPOS="1197" HPOS="229"/>
							<String ID="string_354" HPOS="244" VPOS="1189" WIDTH="34" HEIGHT="21" WC="0.96" CONTENT="för"/><SP WIDTH="15" VPOS="1189" HPOS="278"/>
							<String ID="string_355" HPOS="293" VPOS="1189" WIDTH="72" HEIGHT="21" WC="0.93" CONTENT="landet"/><SP WIDTH="16" VPOS="1189" HPOS="365"/>
							<String ID="string_356" HPOS="381" VPOS="1189" WIDTH="91" HEIGHT="28" WC="0.87" CONTENT="lyckliga"/><SP WIDTH="16" VPOS="1189" HPOS="472"/>
							<String ID="string_357" HPOS="488" VPOS="1190" WIDTH="83" HEIGHT="27" WC="0.96" CONTENT="lösning"/><SP WIDTH="16" VPOS="1190" HPOS="571"/>
							<String ID="string_358" HPOS="587" VPOS="1191" WIDTH="6" HEIGHT="19" WC="0.96" CONTENT="i"/><SP WIDTH="16" VPOS="1191" HPOS="593"/>
							<String ID="string_359" HPOS="609" VPOS="1190" WIDTH="23" HEIGHT="20" WC="0.93" CONTENT="sä"/><SP WIDTH="16" VPOS="1190" HPOS="632"/>
							<String ID="string_360" HPOS="648" VPOS="1189" WIDTH="119" HEIGHT="28" WC="0.84" CONTENT="väsendtlig"/><SP WIDTH="16" VPOS="1189" HPOS="767"/>
							<String ID="string_361" HPOS="783" VPOS="1190" WIDTH="33" HEIGHT="20" WC="0.96" CONTENT="del"/><SP WIDTH="16" VPOS="1190" HPOS="816"/>
							<String ID="string_362" HPOS="832" VPOS="1189" WIDTH="68" HEIGHT="21" WC="0.96" CONTENT="beror."/>
						</TextLine>
					</TextBlock>
					<TextBlock ID="block_3" HPOS="176" VPOS="1217" WIDTH="822" HEIGHT="255">
						<TextLine ID="line_39" HPOS="246" VPOS="1217" WIDTH="752" HEIGHT="28">
							<String ID="string_363" HPOS="246" VPOS="1217" WIDTH="57" HEIGHT="22" WC="0.96" CONTENT="Herr"/><SP WIDTH="16" VPOS="1217" HPOS="303"/>
							<String ID="string_364" HPOS="319" VPOS="1225" WIDTH="45" HEIGHT="13" WC="0.96" CONTENT="von"/><SP WIDTH="19" VPOS="1225" HPOS="364"/>
							<String ID="string_365" HPOS="383" VPOS="1218" WIDTH="145" HEIGHT="21" WC="0.96" CONTENT="Bonsdorff:"/><SP WIDTH="21" VPOS="1218" HPOS="528"/>
							<String ID="string_366" HPOS="549" VPOS="1218" WIDTH="42" HEIGHT="27" WC="0.96" CONTENT="Jag"/><SP WIDTH="16" VPOS="1218" HPOS="591"/>
							<String ID="string_367" HPOS="607" VPOS="1225" WIDTH="63" HEIGHT="14" WC="0.96" CONTENT="anser"/><SP WIDTH="16" VPOS="1225" HPOS="670"/>
							<String ID="string_368" HPOS="686" VPOS="1220" WIDTH="31" HEIGHT="19" WC="0.93" CONTENT="att"/><SP WIDTH="16" VPOS="1220" HPOS="717"/>
							<String ID="string_369" HPOS="733" VPOS="1218" WIDTH="112" HEIGHT="21" WC="0.93" CONTENT="erkänslan"/><SP WIDTH="17" VPOS="1218" HPOS="845"/>
							<String ID="string_370" HPOS="862" VPOS="1218" WIDTH="32" HEIGHT="20" WC="0.96" CONTENT="för"/><SP WIDTH="12" VPOS="1218" HPOS="894"/>
							<String ID="string_371" HPOS="906" VPOS="1218" WIDTH="39" HEIGHT="21" WC="0.93" CONTENT="den"/><SP WIDTH="12" VPOS="1218" HPOS="945"/>
							<String ID="string_372" HPOS="957" VPOS="1218" WIDTH="41" HEIGHT="20" WC="0.93" CONTENT="näd"/>
						</TextLine>
						<TextLine ID="line_40" HPOS="179" VPOS="1246" WIDTH="819" HEIGHT="28">
							<String ID="string_373" HPOS="179" VPOS="1247" WIDTH="38" HEIGHT="20" WC="0.93" CONTENT="och"/><SP WIDTH="17" VPOS="1247" HPOS="217"/>
							<String ID="string_374" HPOS="234" VPOS="1246" WIDTH="98" HEIGHT="27" WC="0.93" CONTENT="huldhet,"/><SP WIDTH="17" VPOS="1246" HPOS="332"/>
							<String ID="string_375" HPOS="349" VPOS="1246" WIDTH="61" HEIGHT="21" WC="0.93" CONTENT="Hans"/><SP WIDTH="17" VPOS="1246" HPOS="410"/>
							<String ID="string_376" HPOS="427" VPOS="1247" WIDTH="99" HEIGHT="27" WC="0.96" CONTENT="Majestät"/><SP WIDTH="16" VPOS="1247" HPOS="526"/>
							<String ID="string_377" HPOS="542" VPOS="1247" WIDTH="39" HEIGHT="20" WC="0.96" CONTENT="har"/><SP WIDTH="16" VPOS="1247" HPOS="581"/>
							<String ID="string_378" HPOS="597" VPOS="1247" WIDTH="54" HEIGHT="20" WC="0.96" CONTENT="visat"/><SP WIDTH="16" VPOS="1247" HPOS="651"/>
							<String ID="string_379" HPOS="667" VPOS="1253" WIDTH="35" HEIGHT="14" WC="0.96" CONTENT="oss"/><SP WIDTH="19" VPOS="1253" HPOS="702"/>
							<String ID="string_380" HPOS="721" VPOS="1247" WIDTH="2" HEIGHT="20" WC="0.93" CONTENT="i"/><SP WIDTH="18" VPOS="1247" HPOS="723"/>
							<String ID="string_381" HPOS="741" VPOS="1247" WIDTH="39" HEIGHT="20" WC="0.96" CONTENT="och"/><SP WIDTH="16" VPOS="1247" HPOS="780"/>
							<String ID="string_382" HPOS="796" VPOS="1253" WIDTH="75" HEIGHT="20" WC="0.96" CONTENT="genom"/><SP WIDTH="17" VPOS="1253" HPOS="871"/>
							<String ID="string_383" HPOS="888" VPOS="1246" WIDTH="58" HEIGHT="21" WC="0.93" CONTENT="detta"/><SP WIDTH="11" VPOS="1246" HPOS="946"/>
							<String ID="string_384" HPOS="957" VPOS="1247" WIDTH="41" HEIGHT="20" WC="0.93" CONTENT="för-"/>
						</TextLine>
						<TextLine ID="line_41" HPOS="177" VPOS="1275" WIDTH="821" HEIGHT="28">
							<String ID="string_385" HPOS="177" VPOS="1275" WIDTH="55" HEIGHT="28" WC="0.95" CONTENT="slag,"/><SP WIDTH="19" VPOS="1275" HPOS="232"/>
							<String ID="string_386" HPOS="251" VPOS="1275" WIDTH="49" HEIGHT="20" WC="0.96" CONTENT="bäst"/><SP WIDTH="19" VPOS="1275" HPOS="300"/>
							<String ID="string_387" HPOS="319" VPOS="1275" WIDTH="39" HEIGHT="20" WC="0.93" CONTENT="och"/><SP WIDTH="18" VPOS="1275" HPOS="358"/>
							<String ID="string_388" HPOS="376" VPOS="1275" WIDTH="121" HEIGHT="27" WC="0.92" CONTENT="lämpligast"/><SP WIDTH="16" VPOS="1275" HPOS="497"/>
							<String ID="string_389" HPOS="513" VPOS="1275" WIDTH="142" HEIGHT="28" WC="0.92" CONTENT="ädagaläggas"/><SP WIDTH="16" VPOS="1275" HPOS="655"/>
							<String ID="string_390" HPOS="671" VPOS="1282" WIDTH="76" HEIGHT="21" WC="0.96" CONTENT="genom"/><SP WIDTH="17" VPOS="1282" HPOS="747"/>
							<String ID="string_391" HPOS="764" VPOS="1277" WIDTH="30" HEIGHT="18" WC="0.93" CONTENT="ett"/><SP WIDTH="16" VPOS="1277" HPOS="794"/>
							<String ID="string_392" HPOS="810" VPOS="1275" WIDTH="137" HEIGHT="20" WC="0.92" CONTENT="oförändradt"/><SP WIDTH="16" VPOS="1275" HPOS="947"/>
							<String ID="string_393" HPOS="963" VPOS="1282" WIDTH="35" HEIGHT="13" WC="0.93" CONTENT="an-"/>
						</TextLine>
						<TextLine ID="line_42" HPOS="177" VPOS="1303" WIDTH="821" HEIGHT="28">
							<String ID="string_394" HPOS="177" VPOS="1303" WIDTH="92" HEIGHT="28" WC="0.92" CONTENT="tagande"/><SP WIDTH="17" VPOS="1303" HPOS="269"/>
							<String ID="string_395" HPOS="286" VPOS="1303" WIDTH="22" HEIGHT="20" WC="0.96" CONTENT="af"/><SP WIDTH="14" VPOS="1303" HPOS="308"/>
							<String ID="string_396" HPOS="322" VPOS="1303" WIDTH="35" HEIGHT="21" WC="0.96" CONTENT="det"/><SP WIDTH="15" VPOS="1303" HPOS="357"/>
							<String ID="string_397" HPOS="372" VPOS="1303" WIDTH="80" HEIGHT="28" WC="0.96" CONTENT="förslag"/><SP WIDTH="18" VPOS="1303" HPOS="452"/>
							<String ID="string_398" HPOS="470" VPOS="1303" WIDTH="31" HEIGHT="20" WC="0.93" CONTENT="till"/><SP WIDTH="15" VPOS="1303" HPOS="501"/>
							<String ID="string_399" HPOS="516" VPOS="1303" WIDTH="206" HEIGHT="28" WC="0.91" CONTENT="landtdagsordning"/><SP WIDTH="19" VPOS="1303" HPOS="722"/>
							<String ID="string_400" HPOS="741" VPOS="1303" WIDTH="60" HEIGHT="21" WC="0.93" CONTENT="Hans"/><SP WIDTH="17" VPOS="1303" HPOS="801"/>
							<String ID="string_401" HPOS="818" VPOS="1303" WIDTH="101" HEIGHT="27" WC="0.92" CONTENT="Majestät"/><SP WIDTH="16" VPOS="1303" HPOS="919"/>
							<String ID="string_402" HPOS="935" VPOS="1303" WIDTH="63" HEIGHT="20" WC="0.92" CONTENT="fram-"/>
						</TextLine>
						<TextLine ID="line_43" HPOS="177" VPOS="1331" WIDTH="821" HEIGHT="29">
							<String ID="string_403" HPOS="177" VPOS="1333" WIDTH="53" HEIGHT="27" WC="0.92" CONTENT="lagt,"/><SP WIDTH="24" VPOS="1333" HPOS="230"/>
							<String ID="string_404" HPOS="254" VPOS="1331" WIDTH="38" HEIGHT="21" WC="0.96" CONTENT="och"/><SP WIDTH="24" VPOS="1331" HPOS="292"/>
							<String ID="string_405" HPOS="316" VPOS="1333" WIDTH="32" HEIGHT="19" WC="0.93" CONTENT="att"/><SP WIDTH="18" VPOS="1333" HPOS="348"/>
							<String ID="string_406" HPOS="366" VPOS="1332" WIDTH="91" HEIGHT="21" WC="0.89" CONTENT="ständet"/><SP WIDTH="12" VPOS="1332" HPOS="457"/>
							<String ID="string_407" HPOS="469" VPOS="1332" WIDTH="76" HEIGHT="20" WC="0.96" CONTENT="endast"/><SP WIDTH="16" VPOS="1332" HPOS="545"/>
							<String ID="string_408" HPOS="561" VPOS="1332" WIDTH="68" HEIGHT="20" WC="0.92" CONTENT="skulle"/><SP WIDTH="15" VPOS="1332" HPOS="629"/>
							<String ID="string_409" HPOS="644" VPOS="1332" WIDTH="57" HEIGHT="20" WC="0.92" CONTENT="fästa"/><SP WIDTH="15" VPOS="1332" HPOS="701"/>
							<String ID="string_410" HPOS="716" VPOS="1332" WIDTH="190" HEIGHT="26" WC="0.96" CONTENT="uppmärksamhet"/><SP WIDTH="15" VPOS="1332" HPOS="906"/>
							<String ID="string_411" HPOS="921" VPOS="1331" WIDTH="35" HEIGHT="21" WC="0.96" CONTENT="vid"/><SP WIDTH="17" VPOS="1331" HPOS="956"/>
							<String ID="string_412" HPOS="973" VPOS="1331" WIDTH="25" HEIGHT="20" WC="0.96" CONTENT="de"/>
						</TextLine>
						<TextLine ID="line_44" HPOS="177" VPOS="1359" WIDTH="821" HEIGHT="29">
							<String ID="string_413" HPOS="177" VPOS="1362" WIDTH="36" HEIGHT="19" WC="0.96" CONTENT="två"/><SP WIDTH="16" VPOS="1362" HPOS="213"/>
							<String ID="string_414" HPOS="229" VPOS="1361" WIDTH="35" HEIGHT="27" WC="0.90" CONTENT="$$,"/><SP WIDTH="17" VPOS="1361" HPOS="264"/>
							<String ID="string_415" HPOS="281" VPOS="1360" WIDTH="6" HEIGHT="20" WC="0.93" CONTENT="i"/><SP WIDTH="16" VPOS="1360" HPOS="287"/>
							<String ID="string_416" HPOS="303" VPOS="1360" WIDTH="71" HEIGHT="20" WC="0.96" CONTENT="hvilka"/><SP WIDTH="16" VPOS="1360" HPOS="374"/>
							<String ID="string_417" HPOS="390" VPOS="1359" WIDTH="105" HEIGHT="21" WC="0.96" CONTENT="utskottet"/><SP WIDTH="19" VPOS="1359" HPOS="495"/>
							<String ID="string_418" HPOS="514" VPOS="1360" WIDTH="114" HEIGHT="20" WC="0.95" CONTENT="framställt"/><SP WIDTH="18" VPOS="1360" HPOS="628"/>
							<String ID="string_419" HPOS="646" VPOS="1360" WIDTH="129" HEIGHT="20" WC="0.95" CONTENT="alternativa"/><SP WIDTH="15" VPOS="1360" HPOS="775"/>
							<String ID="string_420" HPOS="790" VPOS="1360" WIDTH="86" HEIGHT="26" WC="0.94" CONTENT="förslag."/><SP WIDTH="30" VPOS="1360" HPOS="876"/>
							<String ID="string_421" HPOS="906" VPOS="1360" WIDTH="42" HEIGHT="27" WC="0.94" CONTENT="Jag"/><SP WIDTH="16" VPOS="1360" HPOS="948"/>
							<String ID="string_422" HPOS="964" VPOS="1362" WIDTH="34" HEIGHT="18" WC="0.93" CONTENT="vet"/>
						</TextLine>
						<TextLine ID="line_45" HPOS="177" VPOS="1388" WIDTH="821" HEIGHT="28">
							<String ID="string_423" HPOS="177" VPOS="1389" WIDTH="105" HEIGHT="27" WC="0.91" CONTENT="nemligen"/><SP WIDTH="17" VPOS="1389" HPOS="282"/>
							<String ID="string_424" HPOS="299" VPOS="1388" WIDTH="47" HEIGHT="20" WC="0.93" CONTENT="icke"/><SP WIDTH="17" VPOS="1388" HPOS="346"/>
							<String ID="string_425" HPOS="363" VPOS="1388" WIDTH="83" HEIGHT="20" WC="0.92" CONTENT="hvartill"/><SP WIDTH="17" VPOS="1388" HPOS="446"/>
							<String ID="string_426" HPOS="463" VPOS="1396" WIDTH="25" HEIGHT="12" WC="0.96" CONTENT="en"/><SP WIDTH="17" VPOS="1396" HPOS="488"/>
							<String ID="string_427" HPOS="505" VPOS="1388" WIDTH="121" HEIGHT="21" WC="0.95" CONTENT="diskussion"/><SP WIDTH="17" VPOS="1388" HPOS="626"/>
							<String ID="string_428" HPOS="643" VPOS="1389" WIDTH="11" HEIGHT="26" WC="0.88" CONTENT="$"/><SP WIDTH="16" VPOS="1389" HPOS="654"/>
							<String ID="string_429" HPOS="670" VPOS="1388" WIDTH="33" HEIGHT="20" WC="0.96" CONTENT="för"/><SP WIDTH="16" VPOS="1388" HPOS="703"/>
							<String ID="string_430" HPOS="719" VPOS="1389" WIDTH="11" HEIGHT="26" WC="0.89" CONTENT="$"/><SP WIDTH="14" VPOS="1389" HPOS="730"/>
							<String ID="string_431" HPOS="744" VPOS="1388" WIDTH="68" HEIGHT="20" WC="0.96" CONTENT="skulle"/><SP WIDTH="12" VPOS="1388" HPOS="812"/>
							<String ID="string_432" HPOS="824" VPOS="1389" WIDTH="67" HEIGHT="26" WC="0.95" CONTENT="tjena,"/><SP WIDTH="12" VPOS="1389" HPOS="891"/>
							<String ID="string_433" HPOS="903" VPOS="1388" WIDTH="27" HEIGHT="20" WC="0.93" CONTENT="då"/><SP WIDTH="10" VPOS="1388" HPOS="930"/>
							<String ID="string_434" HPOS="940" VPOS="1388" WIDTH="58" HEIGHT="20" WC="0.93" CONTENT="dess-"/>
						</TextLine>
						<TextLine ID="line_46" HPOS="176" VPOS="1416" WIDTH="821" HEIGHT="28">
							<String ID="string_435" HPOS="176" VPOS="1420" WIDTH="58" HEIGHT="17" WC="0.96" CONTENT="utom"/><SP WIDTH="17" VPOS="1420" HPOS="234"/>
							<String ID="string_436" HPOS="251" VPOS="1418" WIDTH="26" HEIGHT="19" WC="0.96" CONTENT="de"/><SP WIDTH="16" VPOS="1418" HPOS="277"/>
							<String ID="string_437" HPOS="293" VPOS="1416" WIDTH="154" HEIGHT="27" WC="0.96" CONTENT="förändringar,"/><SP WIDTH="17" VPOS="1416" HPOS="447"/>
							<String ID="string_438" HPOS="464" VPOS="1417" WIDTH="72" HEIGHT="20" WC="0.96" CONTENT="hvilka"/><SP WIDTH="21" VPOS="1417" HPOS="536"/>
							<String ID="string_439" HPOS="557" VPOS="1417" WIDTH="105" HEIGHT="21" WC="0.96" CONTENT="utskottet"/><SP WIDTH="15" VPOS="1417" HPOS="662"/>
							<String ID="string_440" HPOS="677" VPOS="1417" WIDTH="121" HEIGHT="27" WC="0.96" CONTENT="föreslagit,"/><SP WIDTH="16" VPOS="1417" HPOS="798"/>
							<String ID="string_441" HPOS="814" VPOS="1417" WIDTH="47" HEIGHT="19" WC="0.96" CONTENT="icke"/><SP WIDTH="16" VPOS="1417" HPOS="861"/>
							<String ID="string_442" HPOS="877" VPOS="1416" WIDTH="120" HEIGHT="26" WC="0.96" CONTENT="egentligen"/>
						</TextLine>
						<TextLine ID="line_47" HPOS="176" VPOS="1445" WIDTH="407" HEIGHT="27">
							<String ID="string_443" HPOS="176" VPOS="1446" WIDTH="46" HEIGHT="20" WC="0.92" CONTENT="afse"/><SP WIDTH="16" VPOS="1446" HPOS="222"/>
							<String ID="string_444" HPOS="238" VPOS="1446" WIDTH="48" HEIGHT="25" WC="0.96" CONTENT="sak,"/><SP WIDTH="16" VPOS="1446" HPOS="286"/>
							<String ID="string_445" HPOS="302" VPOS="1448" WIDTH="51" HEIGHT="18" WC="0.96" CONTENT="utan"/><SP WIDTH="17" VPOS="1448" HPOS="353"/>
							<String ID="string_446" HPOS="370" VPOS="1445" WIDTH="74" HEIGHT="21" WC="0.89" CONTENT="endast"/><SP WIDTH="17" VPOS="1445" HPOS="444"/>
							<String ID="string_447" HPOS="461" VPOS="1445" WIDTH="122" HEIGHT="27" WC="0.91" CONTENT="stilisering."/>
						</TextLine>
					</TextBlock>
					<TextBlock ID="block_4" HPOS="246" VPOS="1473" WIDTH="752" HEIGHT="28">
						<TextLine ID="line_48" HPOS="246" VPOS="1473" WIDTH="752" HEIGHT="28">
							<String ID="string_448" HPOS="246" VPOS="1473" WIDTH="100" HEIGHT="21" WC="0.96" CONTENT="Friherre"/><SP WIDTH="16" VPOS="1473" HPOS="346"/>
							<String ID="string_449" HPOS="362" VPOS="1473" WIDTH="26" HEIGHT="21" WC="0.92" CONTENT="af"/><SP WIDTH="14" VPOS="1473" HPOS="388"/>
							<String ID="string_450" HPOS="402" VPOS="1474" WIDTH="131" HEIGHT="20" WC="0.65" CONTENT="Schult&amp;n:"/><SP WIDTH="16" VPOS="1474" HPOS="533"/>
							<String ID="string_451" HPOS="549" VPOS="1474" WIDTH="42" HEIGHT="27" WC="0.96" CONTENT="Jag"/><SP WIDTH="16" VPOS="1474" HPOS="591"/>
							<String ID="string_452" HPOS="607" VPOS="1474" WIDTH="38" HEIGHT="20" WC="0.96" CONTENT="ber"/><SP WIDTH="15" VPOS="1474" HPOS="645"/>
							<String ID="string_453" HPOS="660" VPOS="1474" WIDTH="76" HEIGHT="20" WC="0.96" CONTENT="endast"/><SP WIDTH="16" VPOS="1474" HPOS="736"/>
							<String ID="string_454" HPOS="752" VPOS="1475" WIDTH="32" HEIGHT="18" WC="0.93" CONTENT="att"/><SP WIDTH="15" VPOS="1475" HPOS="784"/>
							<String ID="string_455" HPOS="799" VPOS="1474" WIDTH="19" HEIGHT="19" WC="0.96" CONTENT="få"/><SP WIDTH="16" VPOS="1474" HPOS="818"/>
							<String ID="string_456" HPOS="834" VPOS="1473" WIDTH="56" HEIGHT="21" WC="0.96" CONTENT="fästa"/><SP WIDTH="11" VPOS="1473" HPOS="890"/>
							<String ID="string_457" HPOS="901" VPOS="1473" WIDTH="35" HEIGHT="21" WC="0.93" CONTENT="det"/><SP WIDTH="13" VPOS="1473" HPOS="936"/>
							<String ID="string_458" HPOS="949" VPOS="1474" WIDTH="49" HEIGHT="25" WC="0.87" CONTENT="hög-"/>
						</TextLine>
					</TextBlock>
				</ComposedBlock>
			</PrintSpace>
		</Page>
	</Layout>
</alto>
