<?xml version="1.0" encoding="UTF-8"?>
<alto xmlns="http://www.loc.gov/standards/alto/ns-v3#" xmlns:xlink="http://www.w3.org/1999/xlink" xmlns:xsi="http://www.w3.org/2001/XMLSchema-instance" xsi:schemaLocation="http://www.loc.gov/standards/alto/ns-v3# http://www.loc.gov/alto/v3/alto-3-0.xsd">
	<Description>
		<MeasurementUnit>pixel</MeasurementUnit>
		<sourceImageInformation>
			<fileName>/tmp/tess_e40outjb_input.PNG</fileName>
		</sourceImageInformation>
		<OCRProcessing ID="OCR_0">
			<ocrProcessingStep>
				<processingSoftware>
					<softwareName>tesseract 5.3.4</softwareName>
				</processingSoftware>
			</ocrProcessingStep>
		</OCRProcessing>
	</Description>
	<Layout>
		<Page WIDTH="1078" HEIGHT="1678" PHYSICAL_IMG_NR="0" ID="page_0">
			<PrintSpace HPOS="0" VPOS="0" WIDTH="1078" HEIGHT="1678">
				<ComposedBlock ID="cblock_0" HPOS="199" VPOS="78" WIDTH="41" HEIGHT="21">
					<TextBlock ID="block_0" HPOS="199" VPOS="78" WIDTH="41" HEIGHT="21">
						<TextLine ID="line_0" HPOS="199" VPOS="78" WIDTH="41" HEIGHT="21">
							<String ID="string_0" HPOS="199" VPOS="78" WIDTH="41" HEIGHT="21" WC="0.96" CONTENT="296"/>
						</TextLine>
					</TextBlock>
				</ComposedBlock>
				<ComposedBlock ID="cblock_1" HPOS="171" VPOS="131" WIDTH="827" HEIGHT="1356">
					<TextBlock ID="block_1" HPOS="171" VPOS="131" WIDTH="825" HEIGHT="227">
						<TextLine ID="line_1" HPOS="171" VPOS="131" WIDTH="823" HEIGHT="28">
							<String ID="string_1" HPOS="171" VPOS="142" WIDTH="26" HEIGHT="14" WC="0.96" CONTENT="en"/><SP WIDTH="12" VPOS="142" HPOS="197"/>
							<String ID="string_2" HPOS="209" VPOS="134" WIDTH="66" HEIGHT="21" WC="0.96" CONTENT="sådan"/><SP WIDTH="11" VPOS="134" HPOS="275"/>
							<String ID="string_3" HPOS="286" VPOS="135" WIDTH="102" HEIGHT="20" WC="0.96" CONTENT="kommun"/><SP WIDTH="16" VPOS="135" HPOS="388"/>
							<String ID="string_4" HPOS="404" VPOS="133" WIDTH="35" HEIGHT="21" WC="0.95" CONTENT="vill"/><SP WIDTH="15" VPOS="133" HPOS="439"/>
							<String ID="string_5" HPOS="454" VPOS="133" WIDTH="107" HEIGHT="20" WC="0.96" CONTENT="bibehålla"/><SP WIDTH="15" VPOS="133" HPOS="561"/>
							<String ID="string_6" HPOS="576" VPOS="132" WIDTH="117" HEIGHT="27" WC="0.96" CONTENT="nykterhet"/><SP WIDTH="19" VPOS="132" HPOS="693"/>
							<String ID="string_7" HPOS="712" VPOS="132" WIDTH="57" HEIGHT="20" WC="0.96" CONTENT="inom"/><SP WIDTH="11" VPOS="132" HPOS="769"/>
							<String ID="string_8" HPOS="780" VPOS="132" WIDTH="39" HEIGHT="27" WC="0.96" CONTENT="sig,"/><SP WIDTH="11" VPOS="132" HPOS="819"/>
							<String ID="string_9" HPOS="830" VPOS="132" WIDTH="39" HEIGHT="20" WC="0.96" CONTENT="och"/><SP WIDTH="11" VPOS="132" HPOS="869"/>
							<String ID="string_10" HPOS="880" VPOS="138" WIDTH="25" HEIGHT="15" WC="0.93" CONTENT="en"/><SP WIDTH="12" VPOS="138" HPOS="905"/>
							<String ID="string_11" HPOS="917" VPOS="131" WIDTH="77" HEIGHT="28" WC="0.92" CONTENT="speku-"/>
						</TextLine>
						<TextLine ID="line_2" HPOS="171" VPOS="159" WIDTH="824" HEIGHT="29">
							<String ID="string_12" HPOS="171" VPOS="164" WIDTH="45" HEIGHT="20" WC="0.96" CONTENT="lant"/><SP WIDTH="15" VPOS="164" HPOS="216"/>
							<String ID="string_13" HPOS="231" VPOS="163" WIDTH="97" HEIGHT="20" WC="0.96" CONTENT="kommer"/><SP WIDTH="16" VPOS="163" HPOS="328"/>
							<String ID="string_14" HPOS="344" VPOS="162" WIDTH="39" HEIGHT="20" WC="0.96" CONTENT="och"/><SP WIDTH="18" VPOS="162" HPOS="383"/>
							<String ID="string_15" HPOS="401" VPOS="161" WIDTH="35" HEIGHT="21" WC="0.93" CONTENT="vill"/><SP WIDTH="15" VPOS="161" HPOS="436"/>
							<String ID="string_16" HPOS="451" VPOS="161" WIDTH="90" HEIGHT="27" WC="0.96" CONTENT="anlägga"/><SP WIDTH="16" VPOS="161" HPOS="541"/>
							<String ID="string_17" HPOS="557" VPOS="162" WIDTH="31" HEIGHT="19" WC="0.96" CONTENT="ett"/><SP WIDTH="15" VPOS="162" HPOS="588"/>
							<String ID="string_18" HPOS="603" VPOS="160" WIDTH="101" HEIGHT="21" WC="0.95" CONTENT="bränneri"/><SP WIDTH="16" VPOS="160" HPOS="704"/>
							<String ID="string_19" HPOS="720" VPOS="160" WIDTH="58" HEIGHT="21" WC="0.96" CONTENT="inom"/><SP WIDTH="16" VPOS="160" HPOS="778"/>
							<String ID="string_20" HPOS="794" VPOS="160" WIDTH="47" HEIGHT="21" WC="0.95" CONTENT="dess"/><SP WIDTH="17" VPOS="160" HPOS="841"/>
							<String ID="string_21" HPOS="858" VPOS="160" WIDTH="91" HEIGHT="25" WC="0.96" CONTENT="område,"/><SP WIDTH="16" VPOS="160" HPOS="949"/>
							<String ID="string_22" HPOS="965" VPOS="159" WIDTH="30" HEIGHT="21" WC="0.96" CONTENT="till"/>
						</TextLine>
						<TextLine ID="line_3" HPOS="172" VPOS="188" WIDTH="824" HEIGHT="27">
							<String ID="string_23" HPOS="172" VPOS="192" WIDTH="46" HEIGHT="20" WC="0.96" CONTENT="fara"/><SP WIDTH="15" VPOS="192" HPOS="218"/>
							<String ID="string_24" HPOS="233" VPOS="191" WIDTH="33" HEIGHT="20" WC="0.97" CONTENT="för"/><SP WIDTH="21" VPOS="191" HPOS="266"/>
							<String ID="string_25" HPOS="287" VPOS="190" WIDTH="49" HEIGHT="21" WC="0.96" CONTENT="dess"/><SP WIDTH="19" VPOS="190" HPOS="336"/>
							<String ID="string_26" HPOS="355" VPOS="190" WIDTH="116" HEIGHT="25" WC="0.96" CONTENT="moralitet,"/><SP WIDTH="19" VPOS="190" HPOS="471"/>
							<String ID="string_27" HPOS="490" VPOS="189" WIDTH="23" HEIGHT="20" WC="0.96" CONTENT="så"/><SP WIDTH="16" VPOS="189" HPOS="513"/>
							<String ID="string_28" HPOS="529" VPOS="189" WIDTH="39" HEIGHT="20" WC="0.96" CONTENT="bör"/><SP WIDTH="17" VPOS="189" HPOS="568"/>
							<String ID="string_29" HPOS="585" VPOS="189" WIDTH="35" HEIGHT="20" WC="0.97" CONTENT="det"/><SP WIDTH="16" VPOS="189" HPOS="620"/>
							<String ID="string_30" HPOS="636" VPOS="195" WIDTH="52" HEIGHT="14" WC="0.96" CONTENT="vara"/><SP WIDTH="16" VPOS="195" HPOS="688"/>
							<String ID="string_31" HPOS="704" VPOS="188" WIDTH="154" HEIGHT="21" WC="0.96" CONTENT="kommunerna"/><SP WIDTH="14" VPOS="188" HPOS="858"/>
							<String ID="string_32" HPOS="872" VPOS="188" WIDTH="77" HEIGHT="21" WC="0.96" CONTENT="tillåtet"/><SP WIDTH="15" VPOS="188" HPOS="949"/>
							<String ID="string_33" HPOS="964" VPOS="190" WIDTH="32" HEIGHT="19" WC="0.96" CONTENT="att"/>
						</TextLine>
						<TextLine ID="line_4" HPOS="172" VPOS="217" WIDTH="823" HEIGHT="30">
							<String ID="string_34" HPOS="172" VPOS="221" WIDTH="66" HEIGHT="26" WC="0.96" CONTENT="vägra"/><SP WIDTH="18" VPOS="221" HPOS="238"/>
							<String ID="string_35" HPOS="256" VPOS="219" WIDTH="142" HEIGHT="26" WC="0.96" CONTENT="spekulanten"/><SP WIDTH="20" VPOS="219" HPOS="398"/>
							<String ID="string_36" HPOS="418" VPOS="217" WIDTH="58" HEIGHT="21" WC="0.96" CONTENT="detta"/><SP WIDTH="20" VPOS="217" HPOS="476"/>
							<String ID="string_37" HPOS="496" VPOS="217" WIDTH="102" HEIGHT="20" WC="0.96" CONTENT="tillstånd."/><SP WIDTH="30" VPOS="217" HPOS="598"/>
							<String ID="string_38" HPOS="628" VPOS="217" WIDTH="68" HEIGHT="20" WC="0.96" CONTENT="Detta"/><SP WIDTH="19" VPOS="217" HPOS="696"/>
							<String ID="string_39" HPOS="715" VPOS="223" WIDTH="38" HEIGHT="14" WC="0.93" CONTENT="var"/><SP WIDTH="17" VPOS="223" HPOS="753"/>
							<String ID="string_40" HPOS="770" VPOS="217" WIDTH="166" HEIGHT="20" WC="0.92" CONTENT="bondeständets"/><SP WIDTH="16" VPOS="217" HPOS="936"/>
							<String ID="string_41" HPOS="952" VPOS="223" WIDTH="43" HEIGHT="14" WC="0.92" CONTENT="me-"/>
						</TextLine>
						<TextLine ID="line_5" HPOS="173" VPOS="245" WIDTH="822" HEIGHT="30">
							<String ID="string_42" HPOS="173" VPOS="248" WIDTH="56" HEIGHT="27" WC="0.95" CONTENT="ning,"/><SP WIDTH="17" VPOS="248" HPOS="229"/>
							<String ID="string_43" HPOS="246" VPOS="247" WIDTH="40" HEIGHT="20" WC="0.96" CONTENT="och"/><SP WIDTH="16" VPOS="247" HPOS="286"/>
							<String ID="string_44" HPOS="302" VPOS="247" WIDTH="36" HEIGHT="20" WC="0.96" CONTENT="det"/><SP WIDTH="16" VPOS="247" HPOS="338"/>
							<String ID="string_45" HPOS="354" VPOS="246" WIDTH="61" HEIGHT="21" WC="0.96" CONTENT="torde"/><SP WIDTH="16" VPOS="246" HPOS="415"/>
							<String ID="string_46" HPOS="431" VPOS="246" WIDTH="33" HEIGHT="20" WC="0.96" CONTENT="väl"/><SP WIDTH="16" VPOS="246" HPOS="464"/>
							<String ID="string_47" HPOS="480" VPOS="246" WIDTH="65" HEIGHT="20" WC="0.93" CONTENT="också"/><SP WIDTH="16" VPOS="246" HPOS="545"/>
							<String ID="string_48" HPOS="561" VPOS="245" WIDTH="119" HEIGHT="28" WC="0.91" CONTENT="medgifvas"/><SP WIDTH="16" VPOS="245" HPOS="680"/>
							<String ID="string_49" HPOS="696" VPOS="247" WIDTH="32" HEIGHT="18" WC="0.96" CONTENT="att"/><SP WIDTH="16" VPOS="247" HPOS="728"/>
							<String ID="string_50" HPOS="744" VPOS="247" WIDTH="32" HEIGHT="18" WC="0.97" CONTENT="ett"/><SP WIDTH="12" VPOS="247" HPOS="776"/>
							<String ID="string_51" HPOS="788" VPOS="245" WIDTH="96" HEIGHT="20" WC="0.96" CONTENT="bränneri"/><SP WIDTH="11" VPOS="245" HPOS="884"/>
							<String ID="string_52" HPOS="895" VPOS="245" WIDTH="47" HEIGHT="20" WC="0.96" CONTENT="icke"/><SP WIDTH="12" VPOS="245" HPOS="942"/>
							<String ID="string_53" HPOS="954" VPOS="245" WIDTH="41" HEIGHT="20" WC="0.96" CONTENT="kan"/>
						</TextLine>
						<TextLine ID="line_6" HPOS="171" VPOS="273" WIDTH="824" HEIGHT="28">
							<String ID="string_54" HPOS="171" VPOS="275" WIDTH="102" HEIGHT="21" WC="0.92" CONTENT="förblifva"/><SP WIDTH="23" VPOS="275" HPOS="273"/>
							<String ID="string_55" HPOS="296" VPOS="275" WIDTH="87" HEIGHT="20" WC="0.96" CONTENT="alldeles"/><SP WIDTH="20" VPOS="275" HPOS="383"/>
							<String ID="string_56" HPOS="403" VPOS="276" WIDTH="50" HEIGHT="19" WC="0.96" CONTENT="utan"/><SP WIDTH="20" VPOS="276" HPOS="453"/>
							<String ID="string_57" HPOS="473" VPOS="273" WIDTH="118" HEIGHT="28" WC="0.96" CONTENT="inflytande"/><SP WIDTH="20" VPOS="273" HPOS="591"/>
							<String ID="string_58" HPOS="611" VPOS="274" WIDTH="28" HEIGHT="27" WC="0.96" CONTENT="på"/><SP WIDTH="14" VPOS="274" HPOS="639"/>
							<String ID="string_59" HPOS="653" VPOS="273" WIDTH="42" HEIGHT="20" WC="0.89" CONTENT="den"/><SP WIDTH="16" VPOS="273" HPOS="695"/>
							<String ID="string_60" HPOS="711" VPOS="273" WIDTH="69" HEIGHT="26" WC="0.89" CONTENT="trakt,"/><SP WIDTH="16" VPOS="273" HPOS="780"/>
							<String ID="string_61" HPOS="796" VPOS="273" WIDTH="38" HEIGHT="20" WC="0.96" CONTENT="der"/><SP WIDTH="15" VPOS="273" HPOS="834"/>
							<String ID="string_62" HPOS="849" VPOS="273" WIDTH="35" HEIGHT="21" WC="0.96" CONTENT="det"/><SP WIDTH="16" VPOS="273" HPOS="884"/>
							<String ID="string_63" HPOS="900" VPOS="275" WIDTH="23" HEIGHT="18" WC="0.92" CONTENT="är"/><SP WIDTH="15" VPOS="275" HPOS="923"/>
							<String ID="string_64" HPOS="938" VPOS="273" WIDTH="57" HEIGHT="20" WC="0.92" CONTENT="belä-"/>
						</TextLine>
						<TextLine ID="line_7" HPOS="173" VPOS="301" WIDTH="823" HEIGHT="30">
							<String ID="string_65" HPOS="173" VPOS="306" WIDTH="45" HEIGHT="25" WC="0.96" CONTENT="get;"/><SP WIDTH="24" VPOS="306" HPOS="218"/>
							<String ID="string_66" HPOS="242" VPOS="303" WIDTH="50" HEIGHT="27" WC="0.96" CONTENT="föga"/><SP WIDTH="22" VPOS="303" HPOS="292"/>
							<String ID="string_67" HPOS="314" VPOS="303" WIDTH="43" HEIGHT="20" WC="0.96" CONTENT="kan"/><SP WIDTH="19" VPOS="303" HPOS="357"/>
							<String ID="string_68" HPOS="376" VPOS="309" WIDTH="65" HEIGHT="14" WC="0.96" CONTENT="varan"/><SP WIDTH="19" VPOS="309" HPOS="441"/>
							<String ID="string_69" HPOS="460" VPOS="303" WIDTH="27" HEIGHT="26" WC="0.96" CONTENT="gå"/><SP WIDTH="17" VPOS="303" HPOS="487"/>
							<String ID="string_70" HPOS="504" VPOS="302" WIDTH="32" HEIGHT="20" WC="0.96" CONTENT="till"/><SP WIDTH="19" VPOS="302" HPOS="536"/>
							<String ID="string_71" HPOS="555" VPOS="301" WIDTH="66" HEIGHT="22" WC="0.96" CONTENT="andra"/><SP WIDTH="16" VPOS="301" HPOS="621"/>
							<String ID="string_72" HPOS="637" VPOS="303" WIDTH="65" HEIGHT="25" WC="0.96" CONTENT="orter,"/><SP WIDTH="16" VPOS="303" HPOS="702"/>
							<String ID="string_73" HPOS="718" VPOS="301" WIDTH="88" HEIGHT="21" WC="0.96" CONTENT="alldeles"/><SP WIDTH="15" VPOS="301" HPOS="806"/>
							<String ID="string_74" HPOS="821" VPOS="301" WIDTH="55" HEIGHT="21" WC="0.96" CONTENT="förbi"/><SP WIDTH="16" VPOS="301" HPOS="876"/>
							<String ID="string_75" HPOS="892" VPOS="301" WIDTH="40" HEIGHT="20" WC="0.93" CONTENT="den"/><SP WIDTH="16" VPOS="301" HPOS="932"/>
							<String ID="string_76" HPOS="948" VPOS="303" WIDTH="48" HEIGHT="18" WC="0.90" CONTENT="när-"/>
						</TextLine>
						<TextLine ID="line_8" HPOS="173" VPOS="331" WIDTH="240" HEIGHT="27">
							<String ID="string_77" HPOS="173" VPOS="333" WIDTH="69" HEIGHT="19" WC="0.93" CONTENT="maste"/><SP WIDTH="18" VPOS="333" HPOS="242"/>
							<String ID="string_78" HPOS="260" VPOS="331" WIDTH="153" HEIGHT="27" WC="0.91" CONTENT="omgifningen."/>
						</TextLine>
					</TextBlock>
					<TextBlock ID="block_2" HPOS="173" VPOS="357" WIDTH="825" HEIGHT="706">
						<TextLine ID="line_9" HPOS="242" VPOS="357" WIDTH="754" HEIGHT="29">
							<String ID="string_79" HPOS="242" VPOS="359" WIDTH="58" HEIGHT="21" WC="0.95" CONTENT="Herr"/><SP WIDTH="15" VPOS="359" HPOS="300"/>
							<String ID="string_80" HPOS="315" VPOS="358" WIDTH="158" HEIGHT="28" WC="0.96" CONTENT="Jägerhorn:"/><SP WIDTH="22" VPOS="358" HPOS="473"/>
							<String ID="string_81" HPOS="495" VPOS="358" WIDTH="35" HEIGHT="20" WC="0.96" CONTENT="Då"/><SP WIDTH="22" VPOS="358" HPOS="530"/>
							<String ID="string_82" HPOS="552" VPOS="358" WIDTH="75" HEIGHT="27" WC="0.96" CONTENT="frågan"/><SP WIDTH="23" VPOS="358" HPOS="627"/>
							<String ID="string_83" HPOS="650" VPOS="364" WIDTH="34" HEIGHT="14" WC="0.92" CONTENT="om"/><SP WIDTH="24" VPOS="364" HPOS="684"/>
							<String ID="string_84" HPOS="708" VPOS="357" WIDTH="233" HEIGHT="27" WC="0.91" CONTENT="bränvinsbränningen"/><SP WIDTH="20" VPOS="357" HPOS="941"/>
							<String ID="string_85" HPOS="961" VPOS="357" WIDTH="35" HEIGHT="20" WC="0.96" CONTENT="vid"/>
						</TextLine>
						<TextLine ID="line_10" HPOS="173" VPOS="385" WIDTH="822" HEIGHT="28">
							<String ID="string_86" HPOS="173" VPOS="390" WIDTH="85" HEIGHT="19" WC="0.93" CONTENT="senaste"/><SP WIDTH="24" VPOS="390" HPOS="258"/>
							<String ID="string_87" HPOS="282" VPOS="387" WIDTH="102" HEIGHT="26" WC="0.87" CONTENT="Jandtdag"/><SP WIDTH="23" VPOS="387" HPOS="384"/>
							<String ID="string_88" HPOS="407" VPOS="387" WIDTH="90" HEIGHT="26" WC="0.93" CONTENT="förevar,"/><SP WIDTH="24" VPOS="387" HPOS="497"/>
							<String ID="string_89" HPOS="521" VPOS="386" WIDTH="55" HEIGHT="20" WC="0.96" CONTENT="hade"/><SP WIDTH="21" VPOS="386" HPOS="576"/>
							<String ID="string_90" HPOS="597" VPOS="386" WIDTH="38" HEIGHT="27" WC="0.96" CONTENT="jag"/><SP WIDTH="20" VPOS="386" HPOS="635"/>
							<String ID="string_91" HPOS="655" VPOS="386" WIDTH="27" HEIGHT="26" WC="0.96" CONTENT="på"/><SP WIDTH="20" VPOS="386" HPOS="682"/>
							<String ID="string_92" HPOS="702" VPOS="386" WIDTH="59" HEIGHT="20" WC="0.96" CONTENT="detta"/><SP WIDTH="16" VPOS="386" HPOS="761"/>
							<String ID="string_93" HPOS="777" VPOS="393" WIDTH="45" HEIGHT="13" WC="0.96" CONTENT="rum"/><SP WIDTH="17" VPOS="393" HPOS="822"/>
							<String ID="string_94" HPOS="839" VPOS="386" WIDTH="39" HEIGHT="20" WC="0.96" CONTENT="den"/><SP WIDTH="17" VPOS="386" HPOS="878"/>
							<String ID="string_95" HPOS="895" VPOS="386" WIDTH="26" HEIGHT="19" WC="0.96" CONTENT="29"/><SP WIDTH="18" VPOS="386" HPOS="921"/>
							<String ID="string_96" HPOS="939" VPOS="385" WIDTH="56" HEIGHT="20" WC="0.96" CONTENT="Mars"/>
						</TextLine>
						<TextLine ID="line_11" HPOS="174" VPOS="413" WIDTH="821" HEIGHT="28">
							<String ID="string_97" HPOS="174" VPOS="417" WIDTH="54" HEIGHT="20" WC="0.96" CONTENT="1864"/><SP WIDTH="23" VPOS="417" HPOS="228"/>
							<String ID="string_98" HPOS="251" VPOS="415" WIDTH="83" HEIGHT="21" WC="0.96" CONTENT="tillfälle"/><SP WIDTH="23" VPOS="415" HPOS="334"/>
							<String ID="string_99" HPOS="357" VPOS="417" WIDTH="31" HEIGHT="18" WC="0.95" CONTENT="att"/><SP WIDTH="24" VPOS="417" HPOS="388"/>
							<String ID="string_100" HPOS="412" VPOS="421" WIDTH="41" HEIGHT="20" WC="0.93" CONTENT="nog"/><SP WIDTH="22" VPOS="421" HPOS="453"/>
							<String ID="string_101" HPOS="475" VPOS="414" WIDTH="109" HEIGHT="27" WC="0.89" CONTENT="vidlyftigt"/><SP WIDTH="18" VPOS="414" HPOS="584"/>
							<String ID="string_102" HPOS="602" VPOS="414" WIDTH="101" HEIGHT="21" WC="0.96" CONTENT="utveckla"/><SP WIDTH="21" VPOS="414" HPOS="703"/>
							<String ID="string_103" HPOS="724" VPOS="414" WIDTH="58" HEIGHT="20" WC="0.93" CONTENT="mina"/><SP WIDTH="18" VPOS="414" HPOS="782"/>
							<String ID="string_104" HPOS="800" VPOS="414" WIDTH="79" HEIGHT="27" WC="0.91" CONTENT="åsigter"/><SP WIDTH="15" VPOS="414" HPOS="879"/>
							<String ID="string_105" HPOS="894" VPOS="413" WIDTH="7" HEIGHT="20" WC="0.96" CONTENT="i"/><SP WIDTH="15" VPOS="413" HPOS="901"/>
							<String ID="string_106" HPOS="916" VPOS="415" WIDTH="79" HEIGHT="18" WC="0.96" CONTENT="ämnet."/>
						</TextLine>
						<TextLine ID="line_12" HPOS="173" VPOS="441" WIDTH="823" HEIGHT="31">
							<String ID="string_107" HPOS="173" VPOS="444" WIDTH="71" HEIGHT="28" WC="0.90" CONTENT="(Ridd."/><SP WIDTH="24" VPOS="444" HPOS="244"/>
							<String ID="string_108" HPOS="268" VPOS="443" WIDTH="40" HEIGHT="21" WC="0.96" CONTENT="och"/><SP WIDTH="23" VPOS="443" HPOS="308"/>
							<String ID="string_109" HPOS="331" VPOS="443" WIDTH="72" HEIGHT="20" WC="0.93" CONTENT="adelns"/><SP WIDTH="20" VPOS="443" HPOS="403"/>
							<String ID="string_110" HPOS="423" VPOS="445" WIDTH="54" HEIGHT="25" WC="0.91" CONTENT="prot."/><SP WIDTH="19" VPOS="445" HPOS="477"/>
							<String ID="string_111" HPOS="496" VPOS="443" WIDTH="69" HEIGHT="20" WC="0.96" CONTENT="häftet"/><SP WIDTH="18" VPOS="443" HPOS="565"/>
							<String ID="string_112" HPOS="583" VPOS="441" WIDTH="25" HEIGHT="26" WC="0.91" CONTENT="V,"/><SP WIDTH="17" VPOS="441" HPOS="608"/>
							<String ID="string_113" HPOS="625" VPOS="441" WIDTH="53" HEIGHT="21" WC="0.90" CONTENT="sidd."/><SP WIDTH="17" VPOS="441" HPOS="678"/>
							<String ID="string_114" HPOS="695" VPOS="443" WIDTH="101" HEIGHT="26" WC="0.91" CONTENT="35—41)."/><SP WIDTH="29" VPOS="443" HPOS="796"/>
							<String ID="string_115" HPOS="825" VPOS="442" WIDTH="42" HEIGHT="27" WC="0.96" CONTENT="Jag"/><SP WIDTH="15" VPOS="442" HPOS="867"/>
							<String ID="string_116" HPOS="882" VPOS="441" WIDTH="114" HEIGHT="21" WC="0.96" CONTENT="förordade"/>
						</TextLine>
						<TextLine ID="line_13" HPOS="174" VPOS="470" WIDTH="821" HEIGHT="29">
							<String ID="string_117" HPOS="174" VPOS="473" WIDTH="27" HEIGHT="20" WC="0.96" CONTENT="då"/><SP WIDTH="23" VPOS="473" HPOS="201"/>
							<String ID="string_118" HPOS="224" VPOS="474" WIDTH="31" HEIGHT="19" WC="0.96" CONTENT="att"/><SP WIDTH="23" VPOS="474" HPOS="255"/>
							<String ID="string_119" HPOS="278" VPOS="472" WIDTH="29" HEIGHT="24" WC="0.96" CONTENT="vi,"/><SP WIDTH="24" VPOS="472" HPOS="307"/>
							<String ID="string_120" HPOS="331" VPOS="471" WIDTH="48" HEIGHT="21" WC="0.95" CONTENT="med"/><SP WIDTH="24" VPOS="471" HPOS="379"/>
							<String ID="string_121" HPOS="403" VPOS="471" WIDTH="98" HEIGHT="28" WC="0.74" CONTENT="Sveriges"/><SP WIDTH="20" VPOS="471" HPOS="501"/>
							<String ID="string_122" HPOS="521" VPOS="470" WIDTH="100" HEIGHT="27" WC="0.96" CONTENT="exempel"/><SP WIDTH="18" VPOS="470" HPOS="621"/>
							<String ID="string_123" HPOS="639" VPOS="470" WIDTH="33" HEIGHT="20" WC="0.96" CONTENT="för"/><SP WIDTH="20" VPOS="470" HPOS="672"/>
							<String ID="string_124" HPOS="692" VPOS="471" WIDTH="84" HEIGHT="26" WC="0.96" CONTENT="ögonen"/><SP WIDTH="19" VPOS="471" HPOS="776"/>
							<String ID="string_125" HPOS="795" VPOS="471" WIDTH="46" HEIGHT="20" WC="0.96" CONTENT="från"/><SP WIDTH="16" VPOS="471" HPOS="841"/>
							<String ID="string_126" HPOS="857" VPOS="471" WIDTH="23" HEIGHT="20" WC="0.96" CONTENT="år"/><SP WIDTH="16" VPOS="471" HPOS="880"/>
							<String ID="string_127" HPOS="896" VPOS="470" WIDTH="53" HEIGHT="20" WC="0.96" CONTENT="1855"/><SP WIDTH="16" VPOS="470" HPOS="949"/>
							<String ID="string_128" HPOS="965" VPOS="470" WIDTH="30" HEIGHT="20" WC="0.96" CONTENT="till"/>
						</TextLine>
						<TextLine ID="line_14" HPOS="174" VPOS="498" WIDTH="821" HEIGHT="27">
							<String ID="string_129" HPOS="174" VPOS="501" WIDTH="39" HEIGHT="21" WC="0.96" CONTENT="och"/><SP WIDTH="16" VPOS="501" HPOS="213"/>
							<String ID="string_130" HPOS="229" VPOS="500" WIDTH="48" HEIGHT="21" WC="0.96" CONTENT="med"/><SP WIDTH="17" VPOS="500" HPOS="277"/>
							<String ID="string_131" HPOS="294" VPOS="500" WIDTH="40" HEIGHT="20" WC="0.96" CONTENT="den"/><SP WIDTH="18" VPOS="500" HPOS="334"/>
							<String ID="string_132" HPOS="352" VPOS="500" WIDTH="25" HEIGHT="20" WC="0.96" CONTENT="16"/><SP WIDTH="16" VPOS="500" HPOS="377"/>
							<String ID="string_133" HPOS="393" VPOS="499" WIDTH="120" HEIGHT="21" WC="0.96" CONTENT="December"/><SP WIDTH="16" VPOS="499" HPOS="513"/>
							<String ID="string_134" HPOS="529" VPOS="499" WIDTH="62" HEIGHT="26" WC="0.95" CONTENT="1863,"/><SP WIDTH="14" VPOS="499" HPOS="591"/>
							<String ID="string_135" HPOS="605" VPOS="499" WIDTH="28" HEIGHT="20" WC="0.96" CONTENT="då"/><SP WIDTH="15" VPOS="499" HPOS="633"/>
							<String ID="string_136" HPOS="648" VPOS="498" WIDTH="42" HEIGHT="21" WC="0.96" CONTENT="den"/><SP WIDTH="16" VPOS="498" HPOS="690"/>
							<String ID="string_137" HPOS="706" VPOS="499" WIDTH="54" HEIGHT="20" WC="0.96" CONTENT="sista"/><SP WIDTH="12" VPOS="499" HPOS="760"/>
							<String ID="string_138" HPOS="772" VPOS="499" WIDTH="152" HEIGHT="26" WC="0.96" CONTENT="författningen"/><SP WIDTH="12" VPOS="499" HPOS="924"/>
							<String ID="string_139" HPOS="936" VPOS="498" WIDTH="6" HEIGHT="21" WC="0.93" CONTENT="i"/><SP WIDTH="11" VPOS="498" HPOS="942"/>
							<String ID="string_140" HPOS="953" VPOS="499" WIDTH="42" HEIGHT="20" WC="0.92" CONTENT="äm-"/>
						</TextLine>
						<TextLine ID="line_15" HPOS="173" VPOS="527" WIDTH="822" HEIGHT="28">
							<String ID="string_141" HPOS="173" VPOS="531" WIDTH="37" HEIGHT="19" WC="0.96" CONTENT="net"/><SP WIDTH="14" VPOS="531" HPOS="210"/>
							<String ID="string_142" HPOS="224" VPOS="529" WIDTH="47" HEIGHT="20" WC="0.96" CONTENT="före"/><SP WIDTH="16" VPOS="529" HPOS="271"/>
							<String ID="string_143" HPOS="287" VPOS="528" WIDTH="146" HEIGHT="21" WC="0.96" CONTENT="förstnämnde"/><SP WIDTH="16" VPOS="528" HPOS="433"/>
							<String ID="string_144" HPOS="449" VPOS="527" WIDTH="42" HEIGHT="28" WC="0.96" CONTENT="dag"/><SP WIDTH="15" VPOS="527" HPOS="491"/>
							<String ID="string_145" HPOS="506" VPOS="527" WIDTH="55" HEIGHT="21" WC="0.96" CONTENT="hade"/><SP WIDTH="16" VPOS="527" HPOS="561"/>
							<String ID="string_146" HPOS="577" VPOS="527" WIDTH="124" HEIGHT="26" WC="0.96" CONTENT="utkommit,"/><SP WIDTH="17" VPOS="527" HPOS="701"/>
							<String ID="string_147" HPOS="718" VPOS="527" WIDTH="24" HEIGHT="20" WC="0.96" CONTENT="af"/><SP WIDTH="13" VPOS="527" HPOS="742"/>
							<String ID="string_148" HPOS="755" VPOS="527" WIDTH="92" HEIGHT="20" WC="0.95" CONTENT="innehåll"/><SP WIDTH="15" VPOS="527" HPOS="847"/>
							<String ID="string_149" HPOS="862" VPOS="528" WIDTH="32" HEIGHT="19" WC="0.96" CONTENT="att"/><SP WIDTH="13" VPOS="528" HPOS="894"/>
							<String ID="string_150" HPOS="907" VPOS="527" WIDTH="88" HEIGHT="20" WC="0.95" CONTENT="bränvin"/>
						</TextLine>
						<TextLine ID="line_16" HPOS="175" VPOS="555" WIDTH="820" HEIGHT="30">
							<String ID="string_151" HPOS="175" VPOS="558" WIDTH="55" HEIGHT="27" WC="0.95" CONTENT="finge"/><SP WIDTH="22" VPOS="558" HPOS="230"/>
							<String ID="string_152" HPOS="252" VPOS="557" WIDTH="111" HEIGHT="20" WC="0.95" CONTENT="tillverkas"/><SP WIDTH="20" VPOS="557" HPOS="363"/>
							<String ID="string_153" HPOS="383" VPOS="556" WIDTH="23" HEIGHT="21" WC="0.95" CONTENT="af"/><SP WIDTH="17" VPOS="556" HPOS="406"/>
							<String ID="string_154" HPOS="423" VPOS="564" WIDTH="24" HEIGHT="13" WC="0.96" CONTENT="en"/><SP WIDTH="18" VPOS="564" HPOS="447"/>
							<String ID="string_155" HPOS="465" VPOS="556" WIDTH="59" HEIGHT="24" WC="0.95" CONTENT="hvar,"/><SP WIDTH="15" VPOS="556" HPOS="524"/>
							<String ID="string_156" HPOS="539" VPOS="563" WIDTH="44" HEIGHT="13" WC="0.96" CONTENT="som"/><SP WIDTH="15" VPOS="563" HPOS="583"/>
							<String ID="string_157" HPOS="598" VPOS="563" WIDTH="48" HEIGHT="13" WC="0.96" CONTENT="vore"/><SP WIDTH="16" VPOS="563" HPOS="646"/>
							<String ID="string_158" HPOS="662" VPOS="555" WIDTH="86" HEIGHT="28" WC="0.96" CONTENT="behörig"/><SP WIDTH="17" VPOS="555" HPOS="748"/>
							<String ID="string_159" HPOS="765" VPOS="559" WIDTH="31" HEIGHT="16" WC="0.96" CONTENT="att"/><SP WIDTH="15" VPOS="559" HPOS="796"/>
							<String ID="string_160" HPOS="811" VPOS="556" WIDTH="50" HEIGHT="19" WC="0.93" CONTENT="idka"/><SP WIDTH="11" VPOS="556" HPOS="861"/>
							<String ID="string_161" HPOS="872" VPOS="555" WIDTH="123" HEIGHT="28" WC="0.91" CONTENT="fabriksrö-"/>
						</TextLine>
						<TextLine ID="line_17" HPOS="174" VPOS="583" WIDTH="822" HEIGHT="29">
							<String ID="string_162" HPOS="174" VPOS="586" WIDTH="57" HEIGHT="24" WC="0.91" CONTENT="relse,"/><SP WIDTH="17" VPOS="586" HPOS="231"/>
							<String ID="string_163" HPOS="248" VPOS="585" WIDTH="50" HEIGHT="21" WC="0.96" CONTENT="eller"/><SP WIDTH="11" VPOS="585" HPOS="298"/>
							<String ID="string_164" HPOS="309" VPOS="585" WIDTH="36" HEIGHT="20" WC="0.93" CONTENT="ock"/><SP WIDTH="11" VPOS="585" HPOS="345"/>
							<String ID="string_165" HPOS="356" VPOS="585" WIDTH="50" HEIGHT="27" WC="0.92" CONTENT="egde"/><SP WIDTH="14" VPOS="585" HPOS="406"/>
							<String ID="string_166" HPOS="420" VPOS="585" WIDTH="49" HEIGHT="20" WC="0.96" CONTENT="eller"/><SP WIDTH="10" VPOS="585" HPOS="469"/>
							<String ID="string_167" HPOS="479" VPOS="584" WIDTH="105" HEIGHT="21" WC="0.96" CONTENT="innehade"/><SP WIDTH="11" VPOS="584" HPOS="584"/>
							<String ID="string_168" HPOS="595" VPOS="585" WIDTH="8" HEIGHT="19" WC="0.96" CONTENT="i"/><SP WIDTH="9" VPOS="585" HPOS="603"/>
							<String ID="string_169" HPOS="612" VPOS="584" WIDTH="83" HEIGHT="20" WC="0.96" CONTENT="mantal"/><SP WIDTH="11" VPOS="584" HPOS="695"/>
							<String ID="string_170" HPOS="706" VPOS="588" WIDTH="42" HEIGHT="16" WC="0.96" CONTENT="satt"/><SP WIDTH="11" VPOS="588" HPOS="748"/>
							<String ID="string_171" HPOS="759" VPOS="584" WIDTH="50" HEIGHT="20" WC="0.96" CONTENT="eller"/><SP WIDTH="10" VPOS="584" HPOS="809"/>
							<String ID="string_172" HPOS="819" VPOS="583" WIDTH="99" HEIGHT="21" WC="0.93" CONTENT="särskildt"/><SP WIDTH="12" VPOS="583" HPOS="918"/>
							<String ID="string_173" HPOS="930" VPOS="583" WIDTH="66" HEIGHT="20" WC="0.91" CONTENT="skatt-"/>
						</TextLine>
						<TextLine ID="line_18" HPOS="174" VPOS="611" WIDTH="821" HEIGHT="31">
							<String ID="string_174" HPOS="174" VPOS="615" WIDTH="50" HEIGHT="27" WC="0.96" CONTENT="lagd"/><SP WIDTH="11" VPOS="615" HPOS="224"/>
							<String ID="string_175" HPOS="235" VPOS="614" WIDTH="61" HEIGHT="27" WC="0.95" CONTENT="jord,"/><SP WIDTH="16" VPOS="614" HPOS="296"/>
							<String ID="string_176" HPOS="312" VPOS="613" WIDTH="66" HEIGHT="20" WC="0.96" CONTENT="borde"/><SP WIDTH="16" VPOS="613" HPOS="378"/>
							<String ID="string_177" HPOS="394" VPOS="613" WIDTH="6" HEIGHT="20" WC="0.96" CONTENT="i"/><SP WIDTH="16" VPOS="613" HPOS="400"/>
							<String ID="string_178" HPOS="416" VPOS="613" WIDTH="73" HEIGHT="27" WC="0.96" CONTENT="frågan"/><SP WIDTH="16" VPOS="613" HPOS="489"/>
							<String ID="string_179" HPOS="505" VPOS="613" WIDTH="28" HEIGHT="27" WC="0.93" CONTENT="gå"/><SP WIDTH="14" VPOS="613" HPOS="533"/>
							<String ID="string_180" HPOS="547" VPOS="612" WIDTH="109" HEIGHT="27" WC="0.92" CONTENT="försigtigt"/><SP WIDTH="9" VPOS="612" HPOS="656"/>
							<String ID="string_181" HPOS="665" VPOS="612" WIDTH="98" HEIGHT="27" WC="0.96" CONTENT="tillväga,"/><SP WIDTH="12" VPOS="612" HPOS="763"/>
							<String ID="string_182" HPOS="775" VPOS="613" WIDTH="24" HEIGHT="19" WC="0.96" CONTENT="så"/><SP WIDTH="11" VPOS="613" HPOS="799"/>
							<String ID="string_183" HPOS="810" VPOS="614" WIDTH="31" HEIGHT="19" WC="0.96" CONTENT="att"/><SP WIDTH="12" VPOS="614" HPOS="841"/>
							<String ID="string_184" HPOS="853" VPOS="611" WIDTH="74" HEIGHT="21" WC="0.93" CONTENT="endast"/><SP WIDTH="11" VPOS="611" HPOS="927"/>
							<String ID="string_185" HPOS="938" VPOS="611" WIDTH="57" HEIGHT="21" WC="0.92" CONTENT="skat-"/>
						</TextLine>
						<TextLine ID="line_19" HPOS="174" VPOS="640" WIDTH="820" HEIGHT="28">
							<String ID="string_186" HPOS="174" VPOS="645" WIDTH="36" HEIGHT="18" WC="0.96" CONTENT="ten"/><SP WIDTH="19" VPOS="645" HPOS="210"/>
							<String ID="string_187" HPOS="229" VPOS="642" WIDTH="68" HEIGHT="21" WC="0.93" CONTENT="skulle"/><SP WIDTH="19" VPOS="642" HPOS="297"/>
							<String ID="string_188" HPOS="316" VPOS="641" WIDTH="95" HEIGHT="27" WC="0.92" CONTENT="förhöjas"/><SP WIDTH="18" VPOS="641" HPOS="411"/>
							<String ID="string_189" HPOS="429" VPOS="641" WIDTH="84" HEIGHT="20" WC="0.91" CONTENT="utöfver"/><SP WIDTH="20" VPOS="641" HPOS="513"/>
							<String ID="string_190" HPOS="533" VPOS="641" WIDTH="100" HEIGHT="26" WC="0.96" CONTENT="beloppet"/><SP WIDTH="19" VPOS="641" HPOS="633"/>
							<String ID="string_191" HPOS="652" VPOS="640" WIDTH="23" HEIGHT="21" WC="0.96" CONTENT="af"/><SP WIDTH="14" VPOS="640" HPOS="675"/>
							<String ID="string_192" HPOS="689" VPOS="640" WIDTH="37" HEIGHT="21" WC="0.96" CONTENT="det"/><SP WIDTH="15" VPOS="640" HPOS="726"/>
							<String ID="string_193" HPOS="741" VPOS="640" WIDTH="74" HEIGHT="21" WC="0.96" CONTENT="dittills"/><SP WIDTH="17" VPOS="640" HPOS="815"/>
							<String ID="string_194" HPOS="832" VPOS="640" WIDTH="85" HEIGHT="27" WC="0.93" CONTENT="erlagda"/><SP WIDTH="16" VPOS="640" HPOS="917"/>
							<String ID="string_195" HPOS="933" VPOS="640" WIDTH="61" HEIGHT="20" WC="0.93" CONTENT="brän-"/>
						</TextLine>
						<TextLine ID="line_20" HPOS="175" VPOS="668" WIDTH="820" HEIGHT="28">
							<String ID="string_196" HPOS="175" VPOS="669" WIDTH="159" HEIGHT="26" WC="0.91" CONTENT="vinsarrendet,"/><SP WIDTH="24" VPOS="669" HPOS="334"/>
							<String ID="string_197" HPOS="358" VPOS="669" WIDTH="175" HEIGHT="27" WC="0.91" CONTENT="bränningstiden"/><SP WIDTH="23" VPOS="669" HPOS="533"/>
							<String ID="string_198" HPOS="556" VPOS="669" WIDTH="128" HEIGHT="20" WC="0.91" CONTENT="inskränkas"/><SP WIDTH="24" VPOS="669" HPOS="684"/>
							<String ID="string_199" HPOS="708" VPOS="668" WIDTH="49" HEIGHT="21" WC="0.95" CONTENT="med"/><SP WIDTH="18" VPOS="668" HPOS="757"/>
							<String ID="string_200" HPOS="775" VPOS="669" WIDTH="101" HEIGHT="26" WC="0.96" CONTENT="rättighet"/><SP WIDTH="16" VPOS="669" HPOS="876"/>
							<String ID="string_201" HPOS="892" VPOS="669" WIDTH="32" HEIGHT="19" WC="0.93" CONTENT="för"/><SP WIDTH="13" VPOS="669" HPOS="924"/>
							<String ID="string_202" HPOS="937" VPOS="668" WIDTH="58" HEIGHT="26" WC="0.92" CONTENT="jord-"/>
						</TextLine>
						<TextLine ID="line_21" HPOS="176" VPOS="696" WIDTH="819" HEIGHT="29">
							<String ID="string_203" HPOS="176" VPOS="698" WIDTH="107" HEIGHT="21" WC="0.96" CONTENT="brukaren"/><SP WIDTH="24" VPOS="698" HPOS="283"/>
							<String ID="string_204" HPOS="307" VPOS="699" WIDTH="31" HEIGHT="19" WC="0.92" CONTENT="att"/><SP WIDTH="22" VPOS="699" HPOS="338"/>
							<String ID="string_205" HPOS="360" VPOS="698" WIDTH="74" HEIGHT="27" WC="0.92" CONTENT="afsäga"/><SP WIDTH="19" VPOS="698" HPOS="434"/>
							<String ID="string_206" HPOS="453" VPOS="697" WIDTH="32" HEIGHT="27" WC="0.93" CONTENT="sig"/><SP WIDTH="18" VPOS="697" HPOS="485"/>
							<String ID="string_207" HPOS="503" VPOS="696" WIDTH="236" HEIGHT="28" WC="0.91" CONTENT="bränvinsbränningen"/><SP WIDTH="14" VPOS="696" HPOS="739"/>
							<String ID="string_208" HPOS="753" VPOS="697" WIDTH="67" HEIGHT="27" WC="0.96" CONTENT="jemte"/><SP WIDTH="17" VPOS="697" HPOS="820"/>
							<String ID="string_209" HPOS="837" VPOS="696" WIDTH="97" HEIGHT="20" WC="0.96" CONTENT="befrielse"/><SP WIDTH="16" VPOS="696" HPOS="934"/>
							<String ID="string_210" HPOS="950" VPOS="696" WIDTH="45" HEIGHT="20" WC="0.96" CONTENT="från"/>
						</TextLine>
						<TextLine ID="line_22" HPOS="175" VPOS="724" WIDTH="820" HEIGHT="29">
							<String ID="string_211" HPOS="175" VPOS="727" WIDTH="93" HEIGHT="25" WC="0.96" CONTENT="skatten,"/><SP WIDTH="20" VPOS="727" HPOS="268"/>
							<String ID="string_212" HPOS="288" VPOS="733" WIDTH="48" HEIGHT="13" WC="0.93" CONTENT="men"/><SP WIDTH="20" VPOS="733" HPOS="336"/>
							<String ID="string_213" HPOS="356" VPOS="726" WIDTH="99" HEIGHT="27" WC="0.91" CONTENT="derjemte"/><SP WIDTH="18" VPOS="726" HPOS="455"/>
							<String ID="string_214" HPOS="473" VPOS="725" WIDTH="188" HEIGHT="27" WC="0.91" CONTENT="fabriksbränning"/><SP WIDTH="19" VPOS="725" HPOS="661"/>
							<String ID="string_215" HPOS="680" VPOS="725" WIDTH="119" HEIGHT="27" WC="0.92" CONTENT="medgifvas"/><SP WIDTH="19" VPOS="725" HPOS="799"/>
							<String ID="string_216" HPOS="818" VPOS="724" WIDTH="31" HEIGHT="21" WC="0.96" CONTENT="till"/><SP WIDTH="17" VPOS="724" HPOS="849"/>
							<String ID="string_217" HPOS="866" VPOS="724" WIDTH="36" HEIGHT="20" WC="0.96" CONTENT="det"/><SP WIDTH="16" VPOS="724" HPOS="902"/>
							<String ID="string_218" HPOS="918" VPOS="724" WIDTH="77" HEIGHT="27" WC="0.96" CONTENT="belopp"/>
						</TextLine>
						<TextLine ID="line_23" HPOS="175" VPOS="752" WIDTH="821" HEIGHT="28">
							<String ID="string_219" HPOS="175" VPOS="762" WIDTH="45" HEIGHT="14" WC="0.93" CONTENT="som"/><SP WIDTH="22" VPOS="762" HPOS="220"/>
							<String ID="string_220" HPOS="242" VPOS="754" WIDTH="109" HEIGHT="21" WC="0.88" CONTENT="återstode"/><SP WIDTH="22" VPOS="754" HPOS="351"/>
							<String ID="string_221" HPOS="373" VPOS="754" WIDTH="35" HEIGHT="20" WC="0.96" CONTENT="för"/><SP WIDTH="22" VPOS="754" HPOS="408"/>
							<String ID="string_222" HPOS="430" VPOS="753" WIDTH="82" HEIGHT="21" WC="0.93" CONTENT="landets"/><SP WIDTH="25" VPOS="753" HPOS="512"/>
							<String ID="string_223" HPOS="537" VPOS="752" WIDTH="177" HEIGHT="27" WC="0.92" CONTENT="bränvinsbehof,"/><SP WIDTH="25" VPOS="752" HPOS="714"/>
							<String ID="string_224" HPOS="739" VPOS="755" WIDTH="51" HEIGHT="18" WC="0.96" CONTENT="utan"/><SP WIDTH="20" VPOS="755" HPOS="790"/>
							<String ID="string_225" HPOS="810" VPOS="755" WIDTH="31" HEIGHT="18" WC="0.96" CONTENT="att"/><SP WIDTH="20" VPOS="755" HPOS="841"/>
							<String ID="string_226" HPOS="861" VPOS="752" WIDTH="54" HEIGHT="21" WC="0.96" CONTENT="dock"/><SP WIDTH="16" VPOS="752" HPOS="915"/>
							<String ID="string_227" HPOS="931" VPOS="753" WIDTH="65" HEIGHT="27" WC="0.96" CONTENT="något"/>
						</TextLine>
						<TextLine ID="line_24" HPOS="176" VPOS="780" WIDTH="822" HEIGHT="30">
							<String ID="string_228" HPOS="176" VPOS="783" WIDTH="115" HEIGHT="27" WC="0.96" CONTENT="maximum"/><SP WIDTH="16" VPOS="783" HPOS="291"/>
							<String ID="string_229" HPOS="307" VPOS="782" WIDTH="69" HEIGHT="20" WC="0.95" CONTENT="skulle"/><SP WIDTH="15" VPOS="782" HPOS="376"/>
							<String ID="string_230" HPOS="391" VPOS="783" WIDTH="101" HEIGHT="25" WC="0.96" CONTENT="utsättas,"/><SP WIDTH="16" VPOS="783" HPOS="492"/>
							<String ID="string_231" HPOS="508" VPOS="782" WIDTH="74" HEIGHT="20" WC="0.96" CONTENT="såvida"/><SP WIDTH="15" VPOS="782" HPOS="582"/>
							<String ID="string_232" HPOS="597" VPOS="781" WIDTH="61" HEIGHT="21" WC="0.96" CONTENT="detta"/><SP WIDTH="14" VPOS="781" HPOS="658"/>
							<String ID="string_233" HPOS="672" VPOS="781" WIDTH="50" HEIGHT="21" WC="0.96" CONTENT="bäst"/><SP WIDTH="16" VPOS="781" HPOS="722"/>
							<String ID="string_234" HPOS="738" VPOS="781" WIDTH="68" HEIGHT="21" WC="0.96" CONTENT="skulle"/><SP WIDTH="16" VPOS="781" HPOS="806"/>
							<String ID="string_235" HPOS="822" VPOS="781" WIDTH="140" HEIGHT="21" WC="0.96" CONTENT="kontrolleras"/><SP WIDTH="13" VPOS="781" HPOS="962"/>
							<String ID="string_236" HPOS="975" VPOS="780" WIDTH="23" HEIGHT="20" WC="0.96" CONTENT="af"/>
						</TextLine>
						<TextLine ID="line_25" HPOS="174" VPOS="809" WIDTH="822" HEIGHT="28">
							<String ID="string_237" HPOS="174" VPOS="810" WIDTH="172" HEIGHT="22" WC="0.95" CONTENT="konsumtionen."/><SP WIDTH="31" VPOS="810" HPOS="346"/>
							<String ID="string_238" HPOS="377" VPOS="810" WIDTH="42" HEIGHT="27" WC="0.96" CONTENT="Jag"/><SP WIDTH="23" VPOS="810" HPOS="419"/>
							<String ID="string_239" HPOS="442" VPOS="810" WIDTH="72" HEIGHT="21" WC="0.96" CONTENT="visade"/><SP WIDTH="19" VPOS="810" HPOS="514"/>
							<String ID="string_240" HPOS="533" VPOS="810" WIDTH="26" HEIGHT="20" WC="0.96" CONTENT="då"/><SP WIDTH="18" VPOS="810" HPOS="559"/>
							<String ID="string_241" HPOS="577" VPOS="810" WIDTH="41" HEIGHT="20" WC="0.92" CONTENT="ock"/><SP WIDTH="18" VPOS="810" HPOS="618"/>
							<String ID="string_242" HPOS="636" VPOS="810" WIDTH="102" HEIGHT="20" WC="0.92" CONTENT="hurusom"/><SP WIDTH="17" VPOS="810" HPOS="738"/>
							<String ID="string_243" HPOS="755" VPOS="810" WIDTH="69" HEIGHT="20" WC="0.96" CONTENT="denna"/><SP WIDTH="15" VPOS="810" HPOS="824"/>
							<String ID="string_244" HPOS="839" VPOS="809" WIDTH="88" HEIGHT="27" WC="0.96" CONTENT="princip,"/><SP WIDTH="16" VPOS="809" HPOS="927"/>
							<String ID="string_245" HPOS="943" VPOS="809" WIDTH="53" HEIGHT="27" WC="0.96" CONTENT="följd"/>
						</TextLine>
						<TextLine ID="line_26" HPOS="175" VPOS="837" WIDTH="821" HEIGHT="29">
							<String ID="string_246" HPOS="175" VPOS="840" WIDTH="6" HEIGHT="20" WC="0.96" CONTENT="i"/><SP WIDTH="17" VPOS="840" HPOS="181"/>
							<String ID="string_247" HPOS="198" VPOS="839" WIDTH="96" HEIGHT="27" WC="0.96" CONTENT="Sverige,"/><SP WIDTH="15" VPOS="839" HPOS="294"/>
							<String ID="string_248" HPOS="309" VPOS="838" WIDTH="93" HEIGHT="21" WC="0.96" CONTENT="medfört"/><SP WIDTH="16" VPOS="838" HPOS="402"/>
							<String ID="string_249" HPOS="418" VPOS="838" WIDTH="35" HEIGHT="21" WC="0.96" CONTENT="det"/><SP WIDTH="15" VPOS="838" HPOS="453"/>
							<String ID="string_250" HPOS="468" VPOS="839" WIDTH="131" HEIGHT="20" WC="0.96" CONTENT="intressanta"/><SP WIDTH="15" VPOS="839" HPOS="599"/>
							<String ID="string_251" HPOS="614" VPOS="838" WIDTH="114" HEIGHT="20" WC="0.96" CONTENT="resultatet"/><SP WIDTH="16" VPOS="838" HPOS="728"/>
							<String ID="string_252" HPOS="744" VPOS="840" WIDTH="32" HEIGHT="18" WC="0.96" CONTENT="att"/><SP WIDTH="16" VPOS="840" HPOS="776"/>
							<String ID="string_253" HPOS="792" VPOS="838" WIDTH="45" HEIGHT="20" WC="0.96" CONTENT="från"/><SP WIDTH="16" VPOS="838" HPOS="837"/>
							<String ID="string_254" HPOS="853" VPOS="838" WIDTH="23" HEIGHT="20" WC="0.96" CONTENT="år"/><SP WIDTH="17" VPOS="838" HPOS="876"/>
							<String ID="string_255" HPOS="893" VPOS="838" WIDTH="60" HEIGHT="25" WC="0.94" CONTENT="1850,"/><SP WIDTH="16" VPOS="838" HPOS="953"/>
							<String ID="string_256" HPOS="969" VPOS="837" WIDTH="27" HEIGHT="20" WC="0.96" CONTENT="då"/>
						</TextLine>
						<TextLine ID="line_27" HPOS="175" VPOS="866" WIDTH="821" HEIGHT="28">
							<String ID="string_257" HPOS="175" VPOS="868" WIDTH="26" HEIGHT="20" WC="0.96" CONTENT="de"/><SP WIDTH="15" VPOS="868" HPOS="201"/>
							<String ID="string_258" HPOS="216" VPOS="867" WIDTH="82" HEIGHT="21" WC="0.93" CONTENT="mindre"/><SP WIDTH="16" VPOS="867" HPOS="298"/>
							<String ID="string_259" HPOS="314" VPOS="866" WIDTH="138" HEIGHT="28" WC="0.91" CONTENT="(husbehofs)"/><SP WIDTH="16" VPOS="866" HPOS="452"/>
							<String ID="string_260" HPOS="468" VPOS="867" WIDTH="162" HEIGHT="20" WC="0.92" CONTENT="bränneriernas"/><SP WIDTH="16" VPOS="867" HPOS="630"/>
							<String ID="string_261" HPOS="646" VPOS="866" WIDTH="59" HEIGHT="20" WC="0.96" CONTENT="antal"/><SP WIDTH="16" VPOS="866" HPOS="705"/>
							<String ID="string_262" HPOS="721" VPOS="873" WIDTH="39" HEIGHT="13" WC="0.93" CONTENT="var"/><SP WIDTH="14" VPOS="873" HPOS="760"/>
							<String ID="string_263" HPOS="774" VPOS="866" WIDTH="83" HEIGHT="26" WC="0.93" CONTENT="43,947,"/><SP WIDTH="11" VPOS="866" HPOS="857"/>
							<String ID="string_264" HPOS="868" VPOS="866" WIDTH="60" HEIGHT="20" WC="0.96" CONTENT="detta"/><SP WIDTH="10" VPOS="866" HPOS="928"/>
							<String ID="string_265" HPOS="938" VPOS="866" WIDTH="58" HEIGHT="20" WC="0.96" CONTENT="antal"/>
						</TextLine>
						<TextLine ID="line_28" HPOS="175" VPOS="894" WIDTH="820" HEIGHT="28">
							<String ID="string_266" HPOS="175" VPOS="896" WIDTH="65" HEIGHT="20" WC="0.96" CONTENT="redan"/><SP WIDTH="18" VPOS="896" HPOS="240"/>
							<String ID="string_267" HPOS="258" VPOS="896" WIDTH="11" HEIGHT="20" WC="0.96" CONTENT="7"/><SP WIDTH="17" VPOS="896" HPOS="269"/>
							<String ID="string_268" HPOS="286" VPOS="896" WIDTH="23" HEIGHT="20" WC="0.96" CONTENT="år"/><SP WIDTH="15" VPOS="896" HPOS="309"/>
							<String ID="string_269" HPOS="324" VPOS="895" WIDTH="94" HEIGHT="20" WC="0.93" CONTENT="derefter"/><SP WIDTH="15" VPOS="895" HPOS="418"/>
							<String ID="string_270" HPOS="433" VPOS="895" WIDTH="88" HEIGHT="27" WC="0.92" CONTENT="nedgått"/><SP WIDTH="16" VPOS="895" HPOS="521"/>
							<String ID="string_271" HPOS="537" VPOS="895" WIDTH="31" HEIGHT="20" WC="0.96" CONTENT="till"/><SP WIDTH="16" VPOS="895" HPOS="568"/>
							<String ID="string_272" HPOS="584" VPOS="894" WIDTH="98" HEIGHT="27" WC="0.93" CONTENT="omkring"/><SP WIDTH="12" VPOS="894" HPOS="682"/>
							<String ID="string_273" HPOS="694" VPOS="894" WIDTH="27" HEIGHT="27" WC="0.22" CONTENT="1/;"/><SP WIDTH="11" VPOS="894" HPOS="721"/>
							<String ID="string_274" HPOS="732" VPOS="894" WIDTH="63" HEIGHT="20" WC="0.96" CONTENT="deraf"/><SP WIDTH="9" VPOS="894" HPOS="795"/>
							<String ID="string_275" HPOS="804" VPOS="894" WIDTH="51" HEIGHT="20" WC="0.96" CONTENT="eller"/><SP WIDTH="10" VPOS="894" HPOS="855"/>
							<String ID="string_276" HPOS="865" VPOS="894" WIDTH="62" HEIGHT="26" WC="0.93" CONTENT="5,442"/><SP WIDTH="13" VPOS="894" HPOS="927"/>
							<String ID="string_277" HPOS="940" VPOS="896" WIDTH="55" HEIGHT="24" WC="0.92" CONTENT="styc-"/>
						</TextLine>
						<TextLine ID="line_29" HPOS="175" VPOS="922" WIDTH="820" HEIGHT="28">
							<String ID="string_278" HPOS="175" VPOS="925" WIDTH="51" HEIGHT="25" WC="0.96" CONTENT="ken,"/><SP WIDTH="15" VPOS="925" HPOS="226"/>
							<String ID="string_279" HPOS="241" VPOS="930" WIDTH="49" HEIGHT="14" WC="0.96" CONTENT="men"/><SP WIDTH="3" VPOS="930" HPOS="290"/>
							<String ID="string_280" HPOS="293" VPOS="918" WIDTH="15" HEIGHT="37" WC="0.96" CONTENT="i"/><SP WIDTH="20" VPOS="918" HPOS="308"/>
							<String ID="string_281" HPOS="328" VPOS="923" WIDTH="70" HEIGHT="21" WC="0.96" CONTENT="stället"/><SP WIDTH="16" VPOS="923" HPOS="398"/>
							<String ID="string_282" HPOS="414" VPOS="923" WIDTH="121" HEIGHT="20" WC="0.95" CONTENT="tillkommit"/><SP WIDTH="15" VPOS="923" HPOS="535"/>
							<String ID="string_283" HPOS="550" VPOS="924" WIDTH="42" HEIGHT="20" WC="0.96" CONTENT="400"/><SP WIDTH="15" VPOS="924" HPOS="592"/>
							<String ID="string_284" HPOS="607" VPOS="924" WIDTH="70" HEIGHT="19" WC="0.93" CONTENT="större"/><SP WIDTH="16" VPOS="924" HPOS="677"/>
							<String ID="string_285" HPOS="693" VPOS="922" WIDTH="134" HEIGHT="27" WC="0.92" CONTENT="brännerier;"/><SP WIDTH="16" VPOS="922" HPOS="827"/>
							<String ID="string_286" HPOS="843" VPOS="922" WIDTH="38" HEIGHT="20" WC="0.96" CONTENT="och"/><SP WIDTH="11" VPOS="922" HPOS="881"/>
							<String ID="string_287" HPOS="892" VPOS="922" WIDTH="37" HEIGHT="20" WC="0.96" CONTENT="der"/><SP WIDTH="12" VPOS="922" HPOS="929"/>
							<String ID="string_288" HPOS="941" VPOS="922" WIDTH="54" HEIGHT="20" WC="0.96" CONTENT="hade"/>
						</TextLine>
						<TextLine ID="line_30" HPOS="174" VPOS="950" WIDTH="821" HEIGHT="29">
							<String ID="string_289" HPOS="174" VPOS="952" WIDTH="67" HEIGHT="21" WC="0.96" CONTENT="under"/><SP WIDTH="19" VPOS="952" HPOS="241"/>
							<String ID="string_290" HPOS="260" VPOS="952" WIDTH="58" HEIGHT="20" WC="0.96" CONTENT="tiden"/><SP WIDTH="18" VPOS="952" HPOS="318"/>
							<String ID="string_291" HPOS="336" VPOS="951" WIDTH="139" HEIGHT="28" WC="0.96" CONTENT="lurendrejeri"/><SP WIDTH="19" VPOS="951" HPOS="475"/>
							<String ID="string_292" HPOS="494" VPOS="951" WIDTH="39" HEIGHT="21" WC="0.93" CONTENT="och"/><SP WIDTH="19" VPOS="951" HPOS="533"/>
							<String ID="string_293" HPOS="552" VPOS="951" WIDTH="138" HEIGHT="21" WC="0.91" CONTENT="lönbränneri"/><SP WIDTH="19" VPOS="951" HPOS="690"/>
							<String ID="string_294" HPOS="709" VPOS="951" WIDTH="49" HEIGHT="20" WC="0.96" CONTENT="med"/><SP WIDTH="23" VPOS="951" HPOS="758"/>
							<String ID="string_295" HPOS="781" VPOS="951" WIDTH="31" HEIGHT="20" WC="0.90" CONTENT="sin"/><SP WIDTH="24" VPOS="951" HPOS="812"/>
							<String ID="string_296" HPOS="836" VPOS="950" WIDTH="159" HEIGHT="27" WC="0.90" CONTENT="depraverande"/>
						</TextLine>
						<TextLine ID="line_31" HPOS="175" VPOS="978" WIDTH="821" HEIGHT="29">
							<String ID="string_297" HPOS="175" VPOS="980" WIDTH="104" HEIGHT="21" WC="0.96" CONTENT="inverkan"/><SP WIDTH="19" VPOS="980" HPOS="279"/>
							<String ID="string_298" HPOS="298" VPOS="980" WIDTH="27" HEIGHT="27" WC="0.96" CONTENT="på"/><SP WIDTH="18" VPOS="980" HPOS="325"/>
							<String ID="string_299" HPOS="343" VPOS="979" WIDTH="79" HEIGHT="21" WC="0.96" CONTENT="folkets"/><SP WIDTH="19" VPOS="979" HPOS="422"/>
							<String ID="string_300" HPOS="441" VPOS="980" WIDTH="90" HEIGHT="27" WC="0.95" CONTENT="aktning"/><SP WIDTH="17" VPOS="980" HPOS="531"/>
							<String ID="string_301" HPOS="548" VPOS="980" WIDTH="34" HEIGHT="20" WC="0.96" CONTENT="för"/><SP WIDTH="16" VPOS="980" HPOS="582"/>
							<String ID="string_302" HPOS="598" VPOS="980" WIDTH="34" HEIGHT="27" WC="0.96" CONTENT="lag"/><SP WIDTH="15" VPOS="980" HPOS="632"/>
							<String ID="string_303" HPOS="647" VPOS="979" WIDTH="41" HEIGHT="21" WC="0.96" CONTENT="och"/><SP WIDTH="16" VPOS="979" HPOS="688"/>
							<String ID="string_304" HPOS="704" VPOS="979" WIDTH="92" HEIGHT="28" WC="0.95" CONTENT="styrelse"/><SP WIDTH="15" VPOS="979" HPOS="796"/>
							<String ID="string_305" HPOS="811" VPOS="978" WIDTH="67" HEIGHT="28" WC="0.96" CONTENT="aldrig"/><SP WIDTH="16" VPOS="978" HPOS="878"/>
							<String ID="string_306" HPOS="894" VPOS="979" WIDTH="54" HEIGHT="20" WC="0.96" CONTENT="visat"/><SP WIDTH="16" VPOS="979" HPOS="948"/>
							<String ID="string_307" HPOS="964" VPOS="979" WIDTH="32" HEIGHT="27" WC="0.95" CONTENT="sig"/>
						</TextLine>
						<TextLine ID="line_32" HPOS="173" VPOS="1007" WIDTH="822" HEIGHT="28">
							<String ID="string_308" HPOS="173" VPOS="1009" WIDTH="7" HEIGHT="20" WC="0.95" CONTENT="i"/><SP WIDTH="16" VPOS="1009" HPOS="180"/>
							<String ID="string_309" HPOS="196" VPOS="1009" WIDTH="23" HEIGHT="20" WC="0.95" CONTENT="så"/><SP WIDTH="18" VPOS="1009" HPOS="219"/>
							<String ID="string_310" HPOS="237" VPOS="1007" WIDTH="94" HEIGHT="22" WC="0.96" CONTENT="hotande"/><SP WIDTH="19" VPOS="1007" HPOS="331"/>
							<String ID="string_311" HPOS="350" VPOS="1007" WIDTH="61" HEIGHT="28" WC="0.96" CONTENT="grad,"/><SP WIDTH="20" VPOS="1007" HPOS="411"/>
							<String ID="string_312" HPOS="431" VPOS="1015" WIDTH="44" HEIGHT="13" WC="0.96" CONTENT="som"/><SP WIDTH="19" VPOS="1015" HPOS="475"/>
							<String ID="string_313" HPOS="494" VPOS="1015" WIDTH="49" HEIGHT="13" WC="0.96" CONTENT="man"/><SP WIDTH="20" VPOS="1015" HPOS="543"/>
							<String ID="string_314" HPOS="563" VPOS="1007" WIDTH="68" HEIGHT="21" WC="0.96" CONTENT="under"/><SP WIDTH="15" VPOS="1007" HPOS="631"/>
							<String ID="string_315" HPOS="646" VPOS="1007" WIDTH="41" HEIGHT="20" WC="0.96" CONTENT="den"/><SP WIDTH="17" VPOS="1007" HPOS="687"/>
							<String ID="string_316" HPOS="704" VPOS="1008" WIDTH="63" HEIGHT="20" WC="0.96" CONTENT="korta"/><SP WIDTH="15" VPOS="1008" HPOS="767"/>
							<String ID="string_317" HPOS="782" VPOS="1007" WIDTH="30" HEIGHT="20" WC="0.96" CONTENT="tid"/><SP WIDTH="16" VPOS="1007" HPOS="812"/>
							<String ID="string_318" HPOS="828" VPOS="1007" WIDTH="23" HEIGHT="20" WC="0.95" CONTENT="af"/><SP WIDTH="12" VPOS="1007" HPOS="851"/>
							<String ID="string_319" HPOS="863" VPOS="1008" WIDTH="12" HEIGHT="19" WC="0.96" CONTENT="3"/><SP WIDTH="17" VPOS="1008" HPOS="875"/>
							<String ID="string_320" HPOS="892" VPOS="1007" WIDTH="22" HEIGHT="20" WC="0.96" CONTENT="år"/><SP WIDTH="16" VPOS="1007" HPOS="914"/>
							<String ID="string_321" HPOS="930" VPOS="1007" WIDTH="65" HEIGHT="20" WC="0.95" CONTENT="sedan"/>
						</TextLine>
						<TextLine ID="line_33" HPOS="174" VPOS="1035" WIDTH="595" HEIGHT="28">
							<String ID="string_322" HPOS="174" VPOS="1037" WIDTH="53" HEIGHT="20" WC="0.93" CONTENT="sista"/><SP WIDTH="14" VPOS="1037" HPOS="227"/>
							<String ID="string_323" HPOS="241" VPOS="1035" WIDTH="104" HEIGHT="28" WC="0.92" CONTENT="landtdag"/><SP WIDTH="15" VPOS="1035" HPOS="345"/>
							<String ID="string_324" HPOS="360" VPOS="1036" WIDTH="39" HEIGHT="21" WC="0.96" CONTENT="hos"/><SP WIDTH="16" VPOS="1036" HPOS="399"/>
							<String ID="string_325" HPOS="415" VPOS="1043" WIDTH="34" HEIGHT="14" WC="0.96" CONTENT="oss"/><SP WIDTH="15" VPOS="1043" HPOS="449"/>
							<String ID="string_326" HPOS="464" VPOS="1036" WIDTH="45" HEIGHT="21" WC="0.96" CONTENT="från"/><SP WIDTH="18" VPOS="1036" HPOS="509"/>
							<String ID="string_327" HPOS="527" VPOS="1036" WIDTH="53" HEIGHT="21" WC="0.96" CONTENT="flera"/><SP WIDTH="15" VPOS="1036" HPOS="580"/>
							<String ID="string_328" HPOS="595" VPOS="1036" WIDTH="42" HEIGHT="20" WC="0.96" CONTENT="håll"/><SP WIDTH="16" VPOS="1036" HPOS="637"/>
							<String ID="string_329" HPOS="653" VPOS="1035" WIDTH="41" HEIGHT="21" WC="0.96" CONTENT="fått"/><SP WIDTH="16" VPOS="1035" HPOS="694"/>
							<String ID="string_330" HPOS="710" VPOS="1035" WIDTH="59" HEIGHT="21" WC="0.96" CONTENT="höra."/>
						</TextLine>
					</TextBlock>
					<TextBlock ID="block_3" HPOS="172" VPOS="1063" WIDTH="824" HEIGHT="424">
						<TextLine ID="line_34" HPOS="242" VPOS="1063" WIDTH="752" HEIGHT="28">
							<String ID="string_331" HPOS="242" VPOS="1064" WIDTH="134" HEIGHT="27" WC="0.92" CONTENT="Öfvertygad"/><SP WIDTH="19" VPOS="1064" HPOS="376"/>
							<String ID="string_332" HPOS="395" VPOS="1065" WIDTH="69" HEIGHT="20" WC="0.96" CONTENT="såsom"/><SP WIDTH="16" VPOS="1065" HPOS="464"/>
							<String ID="string_333" HPOS="480" VPOS="1065" WIDTH="39" HEIGHT="26" WC="0.94" CONTENT="jag"/><SP WIDTH="18" VPOS="1065" HPOS="519"/>
							<String ID="string_334" HPOS="537" VPOS="1064" WIDTH="31" HEIGHT="21" WC="0.94" CONTENT="till"/><SP WIDTH="19" VPOS="1064" HPOS="568"/>
							<String ID="string_335" HPOS="587" VPOS="1064" WIDTH="52" HEIGHT="27" WC="0.96" CONTENT="följd"/><SP WIDTH="18" VPOS="1064" HPOS="639"/>
							<String ID="string_336" HPOS="657" VPOS="1063" WIDTH="63" HEIGHT="21" WC="0.96" CONTENT="häraf"/><SP WIDTH="17" VPOS="1063" HPOS="720"/>
							<String ID="string_337" HPOS="737" VPOS="1064" WIDTH="37" HEIGHT="20" WC="0.96" CONTENT="allt"/><SP WIDTH="23" VPOS="1064" HPOS="774"/>
							<String ID="string_338" HPOS="797" VPOS="1070" WIDTH="57" HEIGHT="14" WC="0.96" CONTENT="mera"/><SP WIDTH="23" VPOS="1070" HPOS="854"/>
							<String ID="string_339" HPOS="877" VPOS="1063" WIDTH="68" HEIGHT="20" WC="0.96" CONTENT="blifvit"/><SP WIDTH="16" VPOS="1063" HPOS="945"/>
							<String ID="string_340" HPOS="961" VPOS="1070" WIDTH="33" HEIGHT="13" WC="0.96" CONTENT="om"/>
						</TextLine>
						<TextLine ID="line_35" HPOS="173" VPOS="1091" WIDTH="823" HEIGHT="29">
							<String ID="string_341" HPOS="173" VPOS="1092" WIDTH="119" HEIGHT="21" WC="0.91" CONTENT="företrädet"/><SP WIDTH="15" VPOS="1092" HPOS="292"/>
							<String ID="string_342" HPOS="307" VPOS="1092" WIDTH="23" HEIGHT="21" WC="0.96" CONTENT="af"/><SP WIDTH="14" VPOS="1092" HPOS="330"/>
							<String ID="string_343" HPOS="344" VPOS="1093" WIDTH="91" HEIGHT="20" WC="0.96" CONTENT="nämnda"/><SP WIDTH="16" VPOS="1093" HPOS="435"/>
							<String ID="string_344" HPOS="451" VPOS="1093" WIDTH="80" HEIGHT="27" WC="0.96" CONTENT="princip"/><SP WIDTH="16" VPOS="1093" HPOS="531"/>
							<String ID="string_345" HPOS="547" VPOS="1093" WIDTH="90" HEIGHT="20" WC="0.96" CONTENT="framför"/><SP WIDTH="15" VPOS="1093" HPOS="637"/>
							<String ID="string_346" HPOS="652" VPOS="1092" WIDTH="52" HEIGHT="26" WC="0.96" CONTENT="den,"/><SP WIDTH="14" VPOS="1092" HPOS="704"/>
							<String ID="string_347" HPOS="718" VPOS="1091" WIDTH="87" HEIGHT="22" WC="0.96" CONTENT="hvilken"/><SP WIDTH="11" VPOS="1091" HPOS="805"/>
							<String ID="string_348" HPOS="816" VPOS="1092" WIDTH="58" HEIGHT="20" WC="0.96" CONTENT="lades"/><SP WIDTH="11" VPOS="1092" HPOS="874"/>
							<String ID="string_349" HPOS="885" VPOS="1091" WIDTH="31" HEIGHT="21" WC="0.96" CONTENT="till"/><SP WIDTH="11" VPOS="1091" HPOS="916"/>
							<String ID="string_350" HPOS="927" VPOS="1091" WIDTH="69" HEIGHT="27" WC="0.96" CONTENT="grund"/>
						</TextLine>
						<TextLine ID="line_36" HPOS="174" VPOS="1120" WIDTH="821" HEIGHT="28">
							<String ID="string_351" HPOS="174" VPOS="1121" WIDTH="34" HEIGHT="20" WC="0.96" CONTENT="för"/><SP WIDTH="16" VPOS="1121" HPOS="208"/>
							<String ID="string_352" HPOS="224" VPOS="1121" WIDTH="126" HEIGHT="20" WC="0.96" CONTENT="ständernas"/><SP WIDTH="16" VPOS="1121" HPOS="350"/>
							<String ID="string_353" HPOS="366" VPOS="1127" WIDTH="49" HEIGHT="14" WC="0.97" CONTENT="svar"/><SP WIDTH="20" VPOS="1127" HPOS="415"/>
							<String ID="string_354" HPOS="435" VPOS="1121" WIDTH="28" HEIGHT="26" WC="0.96" CONTENT="på"/><SP WIDTH="14" VPOS="1121" HPOS="463"/>
							<String ID="string_355" HPOS="477" VPOS="1121" WIDTH="40" HEIGHT="20" WC="0.96" CONTENT="den"/><SP WIDTH="17" VPOS="1121" HPOS="517"/>
							<String ID="string_356" HPOS="534" VPOS="1121" WIDTH="77" HEIGHT="27" WC="0.96" CONTENT="nådiga"/><SP WIDTH="15" VPOS="1121" HPOS="611"/>
							<String ID="string_357" HPOS="626" VPOS="1120" WIDTH="162" HEIGHT="27" WC="0.96" CONTENT="propositionen"/><SP WIDTH="16" VPOS="1120" HPOS="788"/>
							<String ID="string_358" HPOS="804" VPOS="1120" WIDTH="6" HEIGHT="20" WC="0.96" CONTENT="i"/><SP WIDTH="15" VPOS="1120" HPOS="810"/>
							<String ID="string_359" HPOS="825" VPOS="1121" WIDTH="71" HEIGHT="19" WC="0.96" CONTENT="ämnet"/><SP WIDTH="16" VPOS="1121" HPOS="896"/>
							<String ID="string_360" HPOS="912" VPOS="1120" WIDTH="35" HEIGHT="20" WC="0.93" CONTENT="vid"/><SP WIDTH="16" VPOS="1120" HPOS="947"/>
							<String ID="string_361" HPOS="963" VPOS="1127" WIDTH="32" HEIGHT="14" WC="0.92" CONTENT="se-"/>
						</TextLine>
						<TextLine ID="line_37" HPOS="173" VPOS="1148" WIDTH="822" HEIGHT="28">
							<String ID="string_362" HPOS="173" VPOS="1151" WIDTH="61" HEIGHT="19" WC="0.93" CONTENT="naste"/><SP WIDTH="16" VPOS="1151" HPOS="234"/>
							<String ID="string_363" HPOS="250" VPOS="1148" WIDTH="108" HEIGHT="28" WC="0.92" CONTENT="landtdag,"/><SP WIDTH="16" VPOS="1148" HPOS="358"/>
							<String ID="string_364" HPOS="374" VPOS="1150" WIDTH="24" HEIGHT="19" WC="0.96" CONTENT="är"/><SP WIDTH="15" VPOS="1150" HPOS="398"/>
							<String ID="string_365" HPOS="413" VPOS="1149" WIDTH="35" HEIGHT="20" WC="0.96" CONTENT="det"/><SP WIDTH="16" VPOS="1149" HPOS="448"/>
							<String ID="string_366" HPOS="464" VPOS="1149" WIDTH="48" HEIGHT="20" WC="0.93" CONTENT="med"/><SP WIDTH="15" VPOS="1149" HPOS="512"/>
							<String ID="string_367" HPOS="527" VPOS="1149" WIDTH="187" HEIGHT="20" WC="0.91" CONTENT="tillfredsställelse"/><SP WIDTH="14" VPOS="1149" HPOS="714"/>
							<String ID="string_368" HPOS="728" VPOS="1149" WIDTH="38" HEIGHT="26" WC="0.96" CONTENT="jag"/><SP WIDTH="11" VPOS="1149" HPOS="766"/>
							<String ID="string_369" HPOS="777" VPOS="1148" WIDTH="94" HEIGHT="21" WC="0.96" CONTENT="biträder"/><SP WIDTH="11" VPOS="1148" HPOS="871"/>
							<String ID="string_370" HPOS="882" VPOS="1148" WIDTH="36" HEIGHT="21" WC="0.96" CONTENT="det"/><SP WIDTH="12" VPOS="1148" HPOS="918"/>
							<String ID="string_371" HPOS="930" VPOS="1149" WIDTH="65" HEIGHT="19" WC="0.96" CONTENT="andra"/>
						</TextLine>
						<TextLine ID="line_38" HPOS="173" VPOS="1176" WIDTH="821" HEIGHT="29">
							<String ID="string_372" HPOS="173" VPOS="1177" WIDTH="158" HEIGHT="21" WC="0.96" CONTENT="alternativet"/><SP WIDTH="-5" VPOS="1177" HPOS="331"/>
							<String ID="string_373" HPOS="326" VPOS="1172" WIDTH="12" HEIGHT="37" WC="0.96" CONTENT="i"/><SP WIDTH="10" VPOS="1172" HPOS="338"/>
							<String ID="string_374" HPOS="348" VPOS="1177" WIDTH="117" HEIGHT="20" WC="0.96" CONTENT="utskottets"/><SP WIDTH="18" VPOS="1177" HPOS="465"/>
							<String ID="string_375" HPOS="483" VPOS="1177" WIDTH="86" HEIGHT="28" WC="0.93" CONTENT="förslag,"/><SP WIDTH="20" VPOS="1177" HPOS="569"/>
							<String ID="string_376" HPOS="589" VPOS="1176" WIDTH="187" HEIGHT="27" WC="0.90" CONTENT="hufvudsakligast"/><SP WIDTH="20" VPOS="1176" HPOS="776"/>
							<String ID="string_377" HPOS="796" VPOS="1176" WIDTH="70" HEIGHT="21" WC="0.96" CONTENT="derför"/><SP WIDTH="20" VPOS="1176" HPOS="866"/>
							<String ID="string_378" HPOS="886" VPOS="1178" WIDTH="31" HEIGHT="19" WC="0.92" CONTENT="att"/><SP WIDTH="16" VPOS="1178" HPOS="917"/>
							<String ID="string_379" HPOS="933" VPOS="1176" WIDTH="61" HEIGHT="21" WC="0.91" CONTENT="brän-"/>
						</TextLine>
						<TextLine ID="line_39" HPOS="174" VPOS="1205" WIDTH="822" HEIGHT="27">
							<String ID="string_380" HPOS="174" VPOS="1205" WIDTH="180" HEIGHT="27" WC="0.91" CONTENT="vinsbränningen"/><SP WIDTH="24" VPOS="1205" HPOS="354"/>
							<String ID="string_381" HPOS="378" VPOS="1205" WIDTH="65" HEIGHT="27" WC="0.95" CONTENT="enligt"/><SP WIDTH="23" VPOS="1205" HPOS="443"/>
							<String ID="string_382" HPOS="466" VPOS="1205" WIDTH="119" HEIGHT="21" WC="0.96" CONTENT="detsamma"/><SP WIDTH="23" VPOS="1205" HPOS="585"/>
							<String ID="string_383" HPOS="608" VPOS="1205" WIDTH="56" HEIGHT="27" WC="0.96" CONTENT="finge"/><SP WIDTH="24" VPOS="1205" HPOS="664"/>
							<String ID="string_384" HPOS="688" VPOS="1205" WIDTH="94" HEIGHT="27" WC="0.93" CONTENT="lagligen"/><SP WIDTH="22" VPOS="1205" HPOS="782"/>
							<String ID="string_385" HPOS="804" VPOS="1205" WIDTH="84" HEIGHT="20" WC="0.89" CONTENT="utöfvas"/><SP WIDTH="20" VPOS="1205" HPOS="888"/>
							<String ID="string_386" HPOS="908" VPOS="1205" WIDTH="88" HEIGHT="27" WC="0.96" CONTENT="äfven"/><SP WIDTH="-12" VPOS="1205" HPOS="996"/>
							<String ID="string_387" HPOS="984" VPOS="1201" WIDTH="17" HEIGHT="36" WC="0.93" CONTENT="i"/>
						</TextLine>
						<TextLine ID="line_40" HPOS="174" VPOS="1233" WIDTH="822" HEIGHT="28">
							<String ID="string_388" HPOS="174" VPOS="1234" WIDTH="83" HEIGHT="21" WC="0.93" CONTENT="mindre"/><SP WIDTH="19" VPOS="1234" HPOS="257"/>
							<String ID="string_389" HPOS="276" VPOS="1233" WIDTH="130" HEIGHT="26" WC="0.91" CONTENT="brännerier,"/><SP WIDTH="19" VPOS="1233" HPOS="406"/>
							<String ID="string_390" HPOS="425" VPOS="1234" WIDTH="138" HEIGHT="27" WC="0.93" CONTENT="hvarigenom"/><SP WIDTH="19" VPOS="1234" HPOS="563"/>
							<String ID="string_391" HPOS="582" VPOS="1233" WIDTH="272" HEIGHT="21" WC="0.90" CONTENT="husbehofsassociationer"/><SP WIDTH="15" VPOS="1233" HPOS="854"/>
							<String ID="string_392" HPOS="869" VPOS="1233" WIDTH="46" HEIGHT="20" WC="0.96" CONTENT="åter"/><SP WIDTH="16" VPOS="1233" HPOS="915"/>
							<String ID="string_393" HPOS="931" VPOS="1233" WIDTH="65" HEIGHT="20" WC="0.96" CONTENT="blifva"/>
						</TextLine>
						<TextLine ID="line_41" HPOS="174" VPOS="1261" WIDTH="821" HEIGHT="28">
							<String ID="string_394" HPOS="174" VPOS="1262" WIDTH="96" HEIGHT="27" WC="0.96" CONTENT="möjliga,"/><SP WIDTH="16" VPOS="1262" HPOS="270"/>
							<String ID="string_395" HPOS="286" VPOS="1263" WIDTH="32" HEIGHT="19" WC="0.93" CONTENT="ett"/><SP WIDTH="15" VPOS="1263" HPOS="318"/>
							<String ID="string_396" HPOS="333" VPOS="1261" WIDTH="130" HEIGHT="28" WC="0.92" CONTENT="väsendtligt"/><SP WIDTH="14" VPOS="1261" HPOS="463"/>
							<String ID="string_397" HPOS="477" VPOS="1262" WIDTH="69" HEIGHT="21" WC="0.95" CONTENT="medel"/><SP WIDTH="16" VPOS="1262" HPOS="546"/>
							<String ID="string_398" HPOS="562" VPOS="1264" WIDTH="44" HEIGHT="19" WC="0.96" CONTENT="mot"/><SP WIDTH="16" VPOS="1264" HPOS="606"/>
							<String ID="string_399" HPOS="622" VPOS="1261" WIDTH="114" HEIGHT="21" WC="0.96" CONTENT="frestelsen"/><SP WIDTH="16" VPOS="1261" HPOS="736"/>
							<String ID="string_400" HPOS="752" VPOS="1261" WIDTH="24" HEIGHT="21" WC="0.92" CONTENT="af"/><SP WIDTH="13" VPOS="1261" HPOS="776"/>
							<String ID="string_401" HPOS="789" VPOS="1261" WIDTH="147" HEIGHT="27" WC="0.91" CONTENT="lönbränning,"/><SP WIDTH="14" VPOS="1261" HPOS="936"/>
							<String ID="string_402" HPOS="950" VPOS="1268" WIDTH="45" HEIGHT="13" WC="0.96" CONTENT="som"/>
						</TextLine>
						<TextLine ID="line_42" HPOS="173" VPOS="1289" WIDTH="821" HEIGHT="28">
							<String ID="string_403" HPOS="173" VPOS="1290" WIDTH="141" HEIGHT="27" WC="0.92" CONTENT="ovilkorligen"/><SP WIDTH="22" VPOS="1290" HPOS="314"/>
							<String ID="string_404" HPOS="336" VPOS="1289" WIDTH="132" HEIGHT="21" WC="0.92" CONTENT="framkallats"/><SP WIDTH="23" VPOS="1289" HPOS="468"/>
							<String ID="string_405" HPOS="491" VPOS="1290" WIDTH="23" HEIGHT="21" WC="0.96" CONTENT="af"/><SP WIDTH="21" VPOS="1290" HPOS="514"/>
							<String ID="string_406" HPOS="535" VPOS="1290" WIDTH="41" HEIGHT="21" WC="0.94" CONTENT="den"/><SP WIDTH="23" VPOS="1290" HPOS="576"/>
							<String ID="string_407" HPOS="599" VPOS="1290" WIDTH="71" HEIGHT="21" WC="0.94" CONTENT="alltför"/><SP WIDTH="19" VPOS="1290" HPOS="670"/>
							<String ID="string_408" HPOS="689" VPOS="1290" WIDTH="86" HEIGHT="27" WC="0.65" CONTENT="hastiga"/><SP WIDTH="15" VPOS="1290" HPOS="775"/>
							<String ID="string_409" HPOS="790" VPOS="1290" WIDTH="144" HEIGHT="27" WC="0.92" CONTENT="öfvergängen"/><SP WIDTH="16" VPOS="1290" HPOS="934"/>
							<String ID="string_410" HPOS="950" VPOS="1290" WIDTH="44" HEIGHT="20" WC="0.96" CONTENT="från"/>
						</TextLine>
						<TextLine ID="line_43" HPOS="173" VPOS="1317" WIDTH="823" HEIGHT="27">
							<String ID="string_411" HPOS="173" VPOS="1318" WIDTH="97" HEIGHT="21" WC="0.91" CONTENT="inrotade"/><SP WIDTH="15" VPOS="1318" HPOS="270"/>
							<String ID="string_412" HPOS="285" VPOS="1324" WIDTH="67" HEIGHT="14" WC="0.96" CONTENT="vanor"/><SP WIDTH="16" VPOS="1324" HPOS="352"/>
							<String ID="string_413" HPOS="368" VPOS="1318" WIDTH="39" HEIGHT="20" WC="0.93" CONTENT="och"/><SP WIDTH="16" VPOS="1318" HPOS="407"/>
							<String ID="string_414" HPOS="423" VPOS="1318" WIDTH="73" HEIGHT="26" WC="0.92" CONTENT="behof,"/><SP WIDTH="16" VPOS="1318" HPOS="496"/>
							<String ID="string_415" HPOS="512" VPOS="1319" WIDTH="111" HEIGHT="20" WC="0.96" CONTENT="äfvensom"/><SP WIDTH="11" VPOS="1319" HPOS="623"/>
							<String ID="string_416" HPOS="634" VPOS="1320" WIDTH="32" HEIGHT="19" WC="0.96" CONTENT="att"/><SP WIDTH="12" VPOS="1320" HPOS="666"/>
							<String ID="string_417" HPOS="678" VPOS="1318" WIDTH="97" HEIGHT="26" WC="0.96" CONTENT="skatten,"/><SP WIDTH="12" VPOS="1318" HPOS="775"/>
							<String ID="string_418" HPOS="787" VPOS="1318" WIDTH="67" HEIGHT="21" WC="0.96" CONTENT="ehuru"/><SP WIDTH="10" VPOS="1318" HPOS="854"/>
							<String ID="string_419" HPOS="864" VPOS="1317" WIDTH="132" HEIGHT="21" WC="0.96" CONTENT="fortfarande"/>
						</TextLine>
						<TextLine ID="line_44" HPOS="173" VPOS="1345" WIDTH="822" HEIGHT="27">
							<String ID="string_420" HPOS="173" VPOS="1346" WIDTH="49" HEIGHT="20" WC="0.96" CONTENT="vida"/><SP WIDTH="16" VPOS="1346" HPOS="222"/>
							<String ID="string_421" HPOS="238" VPOS="1346" WIDTH="67" HEIGHT="26" WC="0.96" CONTENT="högre"/><SP WIDTH="15" VPOS="1346" HPOS="305"/>
							<String ID="string_422" HPOS="320" VPOS="1347" WIDTH="28" HEIGHT="19" WC="0.96" CONTENT="än"/><SP WIDTH="15" VPOS="1347" HPOS="348"/>
							<String ID="string_423" HPOS="363" VPOS="1346" WIDTH="37" HEIGHT="20" WC="0.96" CONTENT="det"/><SP WIDTH="15" VPOS="1346" HPOS="400"/>
							<String ID="string_424" HPOS="415" VPOS="1345" WIDTH="58" HEIGHT="21" WC="0.92" CONTENT="förra"/><SP WIDTH="15" VPOS="1345" HPOS="473"/>
							<String ID="string_425" HPOS="488" VPOS="1346" WIDTH="213" HEIGHT="26" WC="0.91" CONTENT="bränvinsarrendet,"/><SP WIDTH="17" VPOS="1346" HPOS="701"/>
							<String ID="string_426" HPOS="718" VPOS="1346" WIDTH="56" HEIGHT="20" WC="0.96" CONTENT="dock"/><SP WIDTH="11" VPOS="1346" HPOS="774"/>
							<String ID="string_427" HPOS="785" VPOS="1346" WIDTH="66" HEIGHT="20" WC="0.96" CONTENT="under"/><SP WIDTH="11" VPOS="1346" HPOS="851"/>
							<String ID="string_428" HPOS="862" VPOS="1345" WIDTH="40" HEIGHT="21" WC="0.96" CONTENT="den"/><SP WIDTH="12" VPOS="1345" HPOS="902"/>
							<String ID="string_429" HPOS="914" VPOS="1352" WIDTH="28" HEIGHT="14" WC="0.91" CONTENT="nu"/><SP WIDTH="10" VPOS="1352" HPOS="942"/>
							<String ID="string_430" HPOS="952" VPOS="1346" WIDTH="43" HEIGHT="26" WC="0.91" CONTENT="gäl-"/>
						</TextLine>
						<TextLine ID="line_45" HPOS="172" VPOS="1374" WIDTH="823" HEIGHT="27">
							<String ID="string_431" HPOS="172" VPOS="1374" WIDTH="63" HEIGHT="21" WC="0.96" CONTENT="lande"/><SP WIDTH="23" VPOS="1374" HPOS="235"/>
							<String ID="string_432" HPOS="258" VPOS="1374" WIDTH="70" HEIGHT="20" WC="0.95" CONTENT="blifvit"/><SP WIDTH="24" VPOS="1374" HPOS="328"/>
							<String ID="string_433" HPOS="352" VPOS="1374" WIDTH="85" HEIGHT="20" WC="0.96" CONTENT="nedsatt"/><SP WIDTH="23" VPOS="1374" HPOS="437"/>
							<String ID="string_434" HPOS="460" VPOS="1374" WIDTH="32" HEIGHT="20" WC="0.93" CONTENT="för"/><SP WIDTH="15" VPOS="1374" HPOS="492"/>
							<String ID="string_435" HPOS="507" VPOS="1374" WIDTH="163" HEIGHT="27" WC="0.91" CONTENT="tillverkningar"/><SP WIDTH="19" VPOS="1374" HPOS="670"/>
							<String ID="string_436" HPOS="689" VPOS="1374" WIDTH="6" HEIGHT="20" WC="0.96" CONTENT="i"/><SP WIDTH="20" VPOS="1374" HPOS="695"/>
							<String ID="string_437" HPOS="715" VPOS="1374" WIDTH="124" HEIGHT="25" WC="0.96" CONTENT="allmänhet,"/><SP WIDTH="19" VPOS="1374" HPOS="839"/>
							<String ID="string_438" HPOS="858" VPOS="1374" WIDTH="137" HEIGHT="27" WC="0.95" CONTENT="hvarigenom"/>
						</TextLine>
						<TextLine ID="line_46" HPOS="172" VPOS="1402" WIDTH="823" HEIGHT="28">
							<String ID="string_439" HPOS="172" VPOS="1402" WIDTH="122" HEIGHT="21" WC="0.91" CONTENT="fördelarne"/><SP WIDTH="17" VPOS="1402" HPOS="294"/>
							<String ID="string_440" HPOS="311" VPOS="1402" WIDTH="35" HEIGHT="20" WC="0.92" CONTENT="vid"/><SP WIDTH="15" VPOS="1402" HPOS="346"/>
							<String ID="string_441" HPOS="361" VPOS="1402" WIDTH="164" HEIGHT="28" WC="0.89" CONTENT="lurendrejeriet"/><SP WIDTH="15" VPOS="1402" HPOS="525"/>
							<String ID="string_442" HPOS="540" VPOS="1403" WIDTH="6" HEIGHT="20" WC="0.96" CONTENT="i"/><SP WIDTH="15" VPOS="1403" HPOS="546"/>
							<String ID="string_443" HPOS="561" VPOS="1403" WIDTH="97" HEIGHT="27" WC="0.96" CONTENT="betydlig"/><SP WIDTH="16" VPOS="1403" HPOS="658"/>
							<String ID="string_444" HPOS="674" VPOS="1410" WIDTH="50" HEIGHT="12" WC="0.93" CONTENT="mon"/><SP WIDTH="14" VPOS="1410" HPOS="724"/>
							<String ID="string_445" HPOS="738" VPOS="1402" WIDTH="87" HEIGHT="28" WC="0.92" CONTENT="aftagit;"/><SP WIDTH="16" VPOS="1402" HPOS="825"/>
							<String ID="string_446" HPOS="841" VPOS="1409" WIDTH="46" HEIGHT="13" WC="0.93" CONTENT="men"/><SP WIDTH="13" VPOS="1409" HPOS="887"/>
							<String ID="string_447" HPOS="900" VPOS="1402" WIDTH="95" HEIGHT="21" WC="0.91" CONTENT="deremot"/>
						</TextLine>
						<TextLine ID="line_47" HPOS="173" VPOS="1430" WIDTH="823" HEIGHT="28">
							<String ID="string_448" HPOS="173" VPOS="1430" WIDTH="76" HEIGHT="28" WC="0.93" CONTENT="påförd"/><SP WIDTH="16" VPOS="1430" HPOS="249"/>
							<String ID="string_449" HPOS="265" VPOS="1430" WIDTH="101" HEIGHT="21" WC="0.96" CONTENT="särskildt"/><SP WIDTH="16" VPOS="1430" HPOS="366"/>
							<String ID="string_450" HPOS="382" VPOS="1431" WIDTH="174" HEIGHT="26" WC="0.96" CONTENT="konsumtionen,"/><SP WIDTH="16" VPOS="1431" HPOS="556"/>
							<String ID="string_451" HPOS="572" VPOS="1431" WIDTH="33" HEIGHT="20" WC="0.96" CONTENT="för"/><SP WIDTH="17" VPOS="1431" HPOS="605"/>
							<String ID="string_452" HPOS="622" VPOS="1433" WIDTH="31" HEIGHT="19" WC="0.96" CONTENT="att"/><SP WIDTH="16" VPOS="1433" HPOS="653"/>
							<String ID="string_453" HPOS="669" VPOS="1431" WIDTH="90" HEIGHT="20" WC="0.96" CONTENT="sålunda"/><SP WIDTH="20" VPOS="1431" HPOS="759"/>
							<String ID="string_454" HPOS="779" VPOS="1431" WIDTH="62" HEIGHT="21" WC="0.92" CONTENT="äfven"/><SP WIDTH="16" VPOS="1431" HPOS="841"/>
							<String ID="string_455" HPOS="857" VPOS="1430" WIDTH="87" HEIGHT="28" WC="0.91" CONTENT="fördyra"/><SP WIDTH="15" VPOS="1430" HPOS="944"/>
							<String ID="string_456" HPOS="959" VPOS="1430" WIDTH="37" HEIGHT="22" WC="0.96" CONTENT="det"/>
						</TextLine>
						<TextLine ID="line_48" HPOS="173" VPOS="1458" WIDTH="821" HEIGHT="29">
							<String ID="string_457" HPOS="173" VPOS="1459" WIDTH="99" HEIGHT="26" WC="0.96" CONTENT="bränvin,"/><SP WIDTH="23" VPOS="1459" HPOS="272"/>
							<String ID="string_458" HPOS="295" VPOS="1466" WIDTH="45" HEIGHT="13" WC="0.96" CONTENT="som"/><SP WIDTH="24" VPOS="1466" HPOS="340"/>
							<String ID="string_459" HPOS="364" VPOS="1458" WIDTH="99" HEIGHT="28" WC="0.94" CONTENT="möjligen"/><SP WIDTH="26" VPOS="1458" HPOS="463"/>
							<String ID="string_460" HPOS="489" VPOS="1460" WIDTH="26" HEIGHT="26" WC="0.94" CONTENT="på"/><SP WIDTH="24" VPOS="1460" HPOS="515"/>
							<String ID="string_461" HPOS="539" VPOS="1459" WIDTH="62" HEIGHT="28" WC="0.94" CONTENT="olaga"/><SP WIDTH="18" VPOS="1459" HPOS="601"/>
							<String ID="string_462" HPOS="619" VPOS="1461" WIDTH="41" HEIGHT="25" WC="0.96" CONTENT="väg"/><SP WIDTH="16" VPOS="1461" HPOS="660"/>
							<String ID="string_463" HPOS="676" VPOS="1459" WIDTH="68" HEIGHT="21" WC="0.96" CONTENT="skulle"/><SP WIDTH="16" VPOS="1459" HPOS="744"/>
							<String ID="string_464" HPOS="760" VPOS="1458" WIDTH="169" HEIGHT="22" WC="0.93" CONTENT="tillhandahållas"/><SP WIDTH="16" VPOS="1458" HPOS="929"/>
							<String ID="string_465" HPOS="945" VPOS="1459" WIDTH="49" HEIGHT="21" WC="0.91" CONTENT="den-"/>
						</TextLine>
					</TextBlock>
				</ComposedBlock>
			</PrintSpace>
		</Page>
	</Layout>
</alto>
