1078 1678
204 73 27 20 92

245 129 58 22 Herr
318 129 195 22 landtmarskalken
529 129 133 21 framställde
678 129 94 28 följande
787 129 144 28 proposition:

245 157 58 26 »Vill
325 158 150 27 ridderskapet
497 157 39 22 och
559 158 62 20 adeln
645 159 77 26 antaga
742 157 37 21 det
797 157 48 21 med
864 157 42 21 den
921 157 78 28 nådiga

176 186 161 27 propositionen
353 186 234 21 öfverensstämmande
604 187 54 20 1:sta
673 186 136 21 alternativet
825 185 32 21 till
878 186 6 27 $
900 186 41 21 33?

244 231 13 8 »
259 214 83 21 Vinner
357 216 41 26 nej,
414 217 87 24 antages
517 215 118 20 utskottets
651 215 60 20 2:dra
726 213 133 22 alternafiv''.

246 243 51 20 Som
313 243 68 21 denna
397 243 132 27 proposition
544 243 45 20 blef
604 243 47 20 med
667 242 158 28 öfvervägande
836 243 34 26 nej
883 243 113 26 besvarad,

176 278 38 13 var
229 271 119 20 utskottets
364 271 65 21 andra
444 271 113 20 alternativ
573 271 23 20 af
610 271 85 21 ståndet
711 273 95 25 antaget.

543 317 14 20 5
574 316 57 28 Kap.

245 355 26 27 88
287 355 27 20 34
330 355 40 21 och
384 355 27 21 35
427 357 89 25 antogos
533 355 149 21 oförändrade.

557 401 12 26 8
585 401 33 20 36.
764 406 11 7 i

245 439 58 20 Herr
324 446 47 14 von
393 439 76 21 Born:
493 440 74 21 Sävidt
588 441 38 26 jag
648 439 38 21 har
708 440 108 27 uppfattat
840 440 12 27 &
876 441 34 26 36,
934 440 64 21 beror

177 467 36 20 det
229 467 27 27 pä
270 467 105 21 föräldrar
390 468 51 21 eller
456 468 109 27 mälsmän,
581 470 32 18 att
628 468 22 20 fä
665 468 101 27 döpelsen
783 467 115 22 verkställä
914 469 84 20 hemma

177 495 39 21 hos
235 495 32 28 sig
286 495 68 21 under
369 496 41 21 alla
424 496 157 27 förhällanden,
605 496 76 20 liksom
697 497 6 20 i
720 497 25 26 $$
762 497 26 20 76
803 496 40 21 och
859 497 26 20 85
900 497 24 20 är
940 497 58 20 med-

177 523 73 28 gifvet,
266 526 32 18 att
314 524 125 28 begrafning
455 524 39 21 och
510 525 67 27 vigsel
597 525 21 20 fä
641 524 38 21 ske
695 525 89 20 hemma.
815 524 49 21 Men
880 524 38 21 här
934 526 22 19 är
972 531 26 14 en

178 552 171 27 mellanmening,
366 552 58 21 öfver
440 553 84 20 kvilken
538 553 39 27 jag
592 553 64 27 hyser
671 553 65 27 nägot
747 552 134 27 tvifvelsmäl,
893 553 104 27 nemligen

178 580 51 25 »allt
244 580 102 21 eftersom
362 584 85 23 presten
464 581 38 20 och
519 581 87 20 barnets
622 581 104 20 föräldrar
742 581 51 20 eller
809 581 102 20 mälsmän
925 581 73 20 derom

178 608 206 21 öfverenskomma.'*
414 609 41 27 Jag
470 609 55 20 hade
540 609 125 27 visserligen
681 609 47 21 icke
743 609 70 26 fattat,
829 611 32 18 att
875 609 69 20 denna
955 616 43 14 me-

179 636 51 28 ning
245 636 69 21 skulle
322 637 106 27 berättiga
437 639 58 26 prest
504 637 31 21 till
544 639 80 26 vägran
637 639 31 19 att
683 637 81 20 infinna
776 637 31 27 sig
819 637 38 20 hos
868 637 130 21 föräldrarne

177 665 33 19 för
226 667 30 18 att
273 665 115 20 verkställa
403 665 70 27 dopet,
489 672 48 14 men
551 666 38 26 jag
605 666 38 20 har
658 665 48 21 hört
722 665 35 21 vid
773 672 26 13 en
815 665 161 27 öfverläggning
992 666 7 19 i

179 694 31 19 ett
234 692 84 21 utskott
334 700 24 14 en
375 696 58 24 prest
457 694 70 26 bygga
547 694 47 26 just
609 694 28 27 pä
652 693 64 21 dessa
740 693 87 27 ordalag
851 693 31 20 sin
906 693 92 28 öfverty-

178 720 68 28 gelse,
262 723 32 19 att
309 723 60 25 prest
392 728 51 21 eger
459 722 102 27 rättighet
573 724 32 18 att
621 723 65 26 vägra
711 722 85 20 komma
811 721 31 21 till
858 721 93 21 hemmet
966 722 33 20 för

178 750 31 19 att
233 749 55 27 döpa
312 750 84 26 barnet,
415 750 38 20 och
473 752 31 18 att
523 750 36 20 det
582 750 82 20 säledes
688 750 62 20 beror
769 750 27 27 pä
811 750 78 20 honom
908 752 30 18 att
963 750 35 20 be-

179 778 97 25 stämma,
293 784 34 14 om
343 778 75 20 sädant
433 778 50 21 sker
498 778 52 21 eller
565 778 54 21 icke.
650 778 34 21 Dä
700 778 69 27 nägon
779 778 58 27 dylik
849 778 149 20 bestämmelse

177 805 47 21 icke
240 806 60 27 ingår
315 806 6 20 i
338 807 24 26 8$
380 807 26 20 76
421 806 38 21 och
483 807 32 24 85,
539 806 38 20 der
602 806 36 21 det
656 808 24 18 är
699 806 61 26 fråga
775 813 34 13 om
825 806 66 26 vigsel
907 806 38 20 och
962 806 36 20 be-

178 834 106 27 grafning,
300 834 23 20 sä
339 835 74 27 tycker
433 835 38 27 jag
493 836 32 19 att
545 834 48 21 hela
612 834 40 21 den
672 835 22 20 af
711 834 43 28 mig
772 834 93 21 citerade
884 834 112 26 meningen

180 862 69 20 kunde
280 863 52 20 utgå
356 862 47 21 från
429 863 68 20 denna
520 864 21 26 &,
566 863 51 20 eller
640 863 129 20 åtminstone
799 862 126 28 förtydligas
951 862 46 21 der-

178 890 48 26 hän,
242 892 32 18 att
290 891 230 21 öfverenskommelsen
537 892 38 19 har
590 891 100 21 afseende
706 891 28 27 pä
748 890 65 27 tiden,
825 890 27 21 dä
863 890 65 27 dopet
939 890 58 21 kom-

178 925 45 13 mer
239 920 32 18 att
286 919 108 26 förrättas,
410 926 48 14 men
473 920 47 20 icke
536 919 71 28 derpä,
625 919 104 21 huruvida
745 919 64 27 dopet
823 918 32 21 får
865 918 38 21 ske
914 918 84 21 hemma

179 946 51 21 eller
244 946 54 27 icke,
315 949 23 25 ty
354 948 36 20 det
406 948 37 20 bör
459 954 50 14 vara
524 947 88 21 fadrens
628 947 102 27 rättighet
746 949 32 19 att
793 947 20 21 få
829 946 36 21 det
873 946 125 27 verkstäldt,

179 974 37 21 der
232 974 42 21 han
294 976 84 20 önskar.
409 976 11 20 1
438 976 118 20 vinterköld
579 977 23 19 är
623 976 35 20 det
674 976 38 20 bra
728 976 57 20 svärt
809 977 30 19 att
862 975 72 21 hemta
953 976 45 20 smä

181 1003 51 20 barn
247 1003 31 20 till
295 1006 85 24 presten
396 1004 61 27 länga
473 1006 72 25 vägar.

247 1031 57 21 Herr
320 1031 103 27 Linder,
439 1031 33 21 E.:
495 1033 42 26 Jag
554 1034 45 18 tror
615 1033 31 19 att
661 1031 60 21 detta
736 1031 118 28 stadgande
869 1031 38 20 har
923 1031 75 20 endast

178 1059 102 21 afseende
304 1061 67 26 uppä,
388 1061 30 20 att
435 1062 57 25 prest
513 1061 47 20 icke
579 1060 41 20 kan
644 1060 84 27 tvingas
744 1061 31 19 att
791 1060 28 27 pä
832 1066 25 13 en
873 1059 33 20 för
921 1059 77 21 honom

178 1087 100 28 olämplig
301 1088 30 20 tid
356 1089 84 20 komma
463 1089 31 20 till
517 1088 195 21 föräldrahemmet.
742 1089 40 26 Jag
805 1090 44 18 tror
865 1087 47 20 icke
928 1089 70 26 någon

177 1115 47 21 fara
240 1116 34 20 vid
297 1117 30 26 8:s
350 1117 119 27 antagande
491 1117 72 20 kunde
586 1117 140 27 uppkomma,
750 1116 89 21 emedan
861 1122 49 14 man
933 1116 66 27 enligt

178 1143 59 22 detta
253 1144 185 28 kyrkolagförslag
455 1145 39 20 kan
511 1145 66 20 anlita
592 1145 84 20 hvilken
692 1147 60 25 prest
762 1151 45 14 som
819 1144 54 21 helst
888 1144 30 20 till
930 1144 69 21 denna

179 1172 136 27 förrättning.

247 1200 57 21 Herr
320 1208 46 13 von
383 1201 76 20 Born:
483 1201 42 28 Jag
541 1201 38 20 har
595 1201 64 20 också
674 1203 54 18 trott
744 1203 31 18 att
786 1201 12 26 $
810 1200 64 21 borde
886 1201 23 20 så
919 1200 79 27 tolkas;

179 1229 118 20 emellertid
313 1229 38 20 har
363 1229 44 27 jag,
424 1230 68 20 såsom
509 1229 66 21 redan
591 1231 93 23 nämnts,
700 1229 48 20 hört
764 1231 89 25 prester,
870 1235 44 14 som
930 1228 68 27 byggt

179 1257 31 20 sin
226 1257 103 27 rättighet
344 1260 32 18 att
391 1258 118 20 bestämma
521 1258 71 20 stället
603 1258 32 20 för
646 1257 242 28 döpelseföfrättningar
900 1257 26 26 på
937 1257 61 20 orda-

178 1285 61 27 lagen
255 1286 6 19 i
278 1285 70 21 denna
363 1286 106 27 paragraf.
499 1285 44 21 Det
557 1286 71 27 kunde
644 1286 83 20 derföre
743 1285 47 21 icke
807 1285 72 26 skada,
888 1291 34 14 om
934 1285 64 27 något

177 1313 159 28 förtydligande
351 1314 68 20 skulle
436 1314 48 27 ingå
499 1315 6 19 i
521 1315 18 26 8,
556 1316 31 18 att
603 1317 14 17 t.
635 1321 32 13 ex.
684 1321 26 14 en
727 1321 76 20 person
820 1313 54 27 egde
890 1319 34 14 om
939 1313 58 20 tiden

177 1342 33 20 för
226 1342 101 26 döpelsen
343 1342 48 20 med
408 1345 83 24 presten
504 1342 197 26 öfverenskomma,
719 1349 46 13 men
778 1342 54 20 helst
843 1341 68 20 skulle
920 1341 38 27 jag
968 1348 29 19 se,

178 1376 34 14 om
228 1370 48 20 hela
292 1370 40 20 den
348 1370 112 27 meningen
485 1370 100 26 uteslöts,
602 1372 23 26 ty
639 1371 37 27 jag
693 1372 35 18 vet
743 1370 46 20 icke
805 1372 31 18 att
853 1369 39 21 den
909 1369 88 27 egentli-

177 1405 41 20 gen
236 1399 38 20 har
290 1398 70 28 någon
378 1399 135 27 betydenhet.
541 1398 70 28 Eljest
626 1398 66 21 borde
708 1398 66 20 också
789 1404 80 14 samma
880 1397 118 27 stadgande

177 1426 74 28 inflyta
267 1427 6 20 i
290 1427 25 27 $$
331 1434 33 13 om
382 1427 66 27 vigsel
463 1427 39 21 och
518 1426 137 28 begrafning,
672 1427 40 21 och
728 1426 75 21 sådant
819 1426 67 20 finnes
902 1425 95 21 hvarken

176 1454 29 28 18
218 1456 25 19 76
259 1455 52 21 eller
326 1455 7 20 i
348 1456 12 26 8
376 1456 32 20 85.
440 1455 33 21 De
488 1457 36 19 äro
540 1455 45 21 helt
601 1455 48 21 kort
665 1455 108 21 affattade.
795 1455 11 27 &
819 1455 24 20 76
855 1454 67 28 lyder:
939 1454 59 27 ;,Vig-
