1078 1678
868 59 27 20 23

99 114 108 21 förstärka
229 113 40 21 den
292 113 121 21 metalliska
436 113 89 26 fonden,
541 113 40 21 och
600 113 62 21 dessa
680 113 82 27 kunna,
778 121 33 13 om
831 115 26 20 de
872 115 48 20 icke

99 143 74 20 mäkta
192 142 148 21 åstadkomma
363 141 85 27 sådant,
469 142 69 20 såsom
556 148 26 14 en
602 142 52 20 sista
672 144 66 25 utväg
757 142 69 21 vända
842 143 31 26 sig
888 143 32 20 till

99 171 137 27 regeringen,
252 170 39 20 och
307 170 56 21 hvad
380 169 69 22 blefve
465 170 32 20 väl
513 170 90 27 följden,
620 176 33 14 om
666 170 47 21 icke
728 170 192 27 bankfullmäktige

100 199 35 20 vid
151 198 175 21 förekommande
341 198 37 21 fall
392 198 55 21 hade
463 198 69 20 denna
547 200 49 19 utvä

169 227 99 20 Friherre
283 233 48 14 von
346 226 79 21 Born:
441 226 42 21 Till
498 226 56 21 hvad
570 226 41 21 den
627 226 53 21 sista
695 226 82 21 talaren
792 229 77 25 yttrat,
881 227 39 20 ber

97 255 38 27 jag
150 257 56 18 ännu
222 257 31 18 att
263 255 22 20 få
300 255 88 27 tillägga
403 256 32 19 att
450 255 36 20 det
501 255 48 20 icke
565 257 54 18 satts
633 255 7 20 i
655 254 71 28 fråga,
742 257 32 18 att
789 255 47 21 icke
852 255 68 20 bank-

99 283 133 28 fullmäktige
248 283 76 28 sjelfva
339 283 63 20 äfven
418 283 71 20 kunna
503 283 160 27 uppnegociera
679 283 44 26 lån;
742 289 48 15 men
806 283 72 21 kunna
893 283 26 20 de

99 311 80 21 erhålla
202 311 81 21 sådana
305 311 27 27 på
354 311 97 32 billigare
474 311 69 21 vilkor
561 317 77 26 genom
656 313 32 18 att
705 311 22 20 få
742 311 124 21 ständernas
882 318 36 20 ga-

99 340 66 26 ranti,
183 340 24 20 så
226 339 54 28 egde
298 339 26 21 de
340 339 70 20 vända
425 339 32 27 sig
473 339 30 21 till
519 339 128 27 regeringen
663 339 34 20 för
712 341 31 19 att
759 340 21 20 få
795 339 124 21 densamma

99 368 98 32 tecknad.
228 368 31 20 Då
281 367 127 27 regeringen
428 367 103 28 välvilligt
550 367 93 27 erbjudit
662 367 32 27 sig
709 367 80 27 härtill,
805 374 63 15 anser
880 368 40 28 jag

99 396 37 21 det
152 393 51 24 vara
219 397 56 19 orätt
290 398 32 18 att
337 396 96 20 förkasta
448 396 59 20 detta
522 395 78 21 anbud.

168 423 57 21 Herr
240 430 47 14 von
303 423 150 21 Bonsdorff:
471 423 46 21 Här
533 423 38 21 har
586 423 70 21 blifvit
671 423 61 28 fråga
746 424 64 20 väckt
825 431 34 13 om
872 425 47 20 rän-

99 454 48 19 tans
169 451 128 28 frigörande.
328 451 50 21 Det
394 453 24 19 är
435 459 26 14 en
480 451 87 21 alldeles
585 459 30 20 ny
633 451 70 28 fråga,
720 452 85 21 hvilken
819 452 39 27 jag
872 452 48 21 icke

99 487 38 14 ens
153 487 63 14 anser
230 480 115 28 lämpligen
362 480 71 21 kunna
448 480 85 21 komma
548 480 68 21 under
631 480 163 27 öfvervägande.
819 480 40 21 Om
870 481 50 20 herr

99 509 80 20 Linder
201 509 36 20 vill
259 509 64 20 hafva
344 508 119 21 framställd
485 515 26 14 en
531 509 23 20 så
572 509 183 27 genomgripande
774 509 146 27 förändring
909 504 14 36 i

99 537 130 27 sekelgamla
243 537 66 27 lagar,
324 537 35 20 må
375 537 41 20 han
431 537 73 20 derom
520 537 120 20 framställa
654 537 64 20 skildt
730 537 189 28 petitionsförslag,

99 572 49 14 men
163 565 31 20 till
210 572 28 13 nu
253 565 141 21 förevarande
409 565 60 28 fråga
484 565 38 20 hör
538 565 37 21 det
591 565 54 21 icke.

167 593 155 21 Diskussionen
338 593 132 21 förklarades
493 593 87 21 härmed
600 593 101 27 afslutad,
720 594 39 21 och
775 593 144 22 framställdes

100 621 30 21 till
146 621 133 22 besvarande
294 622 94 27 följande
404 621 141 28 proposition:

168 650 145 25 »Godkänner
334 650 149 28 ridderskapet
507 650 39 21 och
565 650 63 21 adeln
646 650 41 21 den
707 650 23 21 af
743 651 106 20 utskottet
864 650 55 21 före-

99 678 74 28 slagna
189 678 60 20 13:de
260 678 96 28 punkten
372 678 24 20 af
408 678 163 28 ifrågavarande
587 678 230 28 författningsförslag?

167 722 4 9 »
174 706 88 26 Vinner
277 706 45 28 nej,
338 706 78 28 införes
424 706 67 28 jemte
504 706 61 21 13:de
576 706 96 27 punkten
684 714 12 13 af
716 707 118 20 utskottets
845 706 73 21 betän-

99 734 70 21 kande
185 734 62 21 äfven
263 741 81 14 samma
360 734 68 27 punkt
444 735 23 20 af
480 734 77 28 nådiga
573 734 182 28 propositionen*.

166 762 166 28 Propositionen
355 763 129 21 besvarades
503 763 48 20 med
567 763 24 27 ja
610 763 40 21 och
666 764 44 26 nej,
726 763 119 27 hvarjemte
861 765 59 19 vote-

99 791 47 28 ring
169 791 111 27 begärdes,
296 798 44 14 som
359 792 57 26 förty
435 791 152 27 verkställdes,
606 791 39 21 och
660 791 97 21 röstades
773 791 74 21 dervid
863 792 56 20 inom

320 821 52 19 1:sta
388 819 28 21 kl.
434 820 49 20 med
498 820 13 20 4
524 820 24 27 ja
563 820 39 20 och
634 820 11 20 7
661 820 41 27 nej,

318 848 59 20 2:dra
398 864 12 9 »
453 864 11 9 »
500 849 42 24 1»
577 864 11 9 »
633 848 13 20 6
677 864 11 9 »

318 876 57 32 8:dje
398 892 12 9 »
455 892 12 10 »
499 877 44 25 3»
578 892 12 10 »
622 877 8 19 1

101 904 39 20 och
164 904 27 21 då
206 905 34 27 nej
257 904 88 21 sålunda
364 904 56 21 inom
439 905 40 20 alla
498 904 83 21 klasser
597 892 85 40 segrat,
685 888 77 48 "skulle
775 905 67 27 jemte
860 904 60 21 13:de

101 933 96 26 punkten
213 933 23 21 af
248 933 118 20 utskottets
382 933 135 21 betänkande
533 933 62 20 äfven
612 920 89 39 införas,
718 933 55 21 hvad
784 933 78 27 nådiga
872 940 48 20 pro:

99 961 121 27 positioner
237 962 5 19 i
259 968 81 14 samma
356 961 68 27 punkt
440 963 112 25 upptager.

167 990 61 20 14:de
240 990 96 27 punkten
351 989 108 20 äfvensom
476 991 148 18 momenterna
636 996 26 19 a.,
677 990 27 26 b.,
713 996 17 13 c.
743 990 39 19 och
794 990 19 19 d.
825 990 23 20 af
857 991 62 19 15:de

94 1018 96 26 punkten
209 1016 124 29 godkändes
350 1017 66 28 enligt
431 1017 116 21 utskottets
564 1017 145 27 betänkande,
725 1019 49 19 utan
790 1017 128 21 diskussion.

433 1068 116 21 Momentet
565 1075 16 14 e.

167 1101 56 21 Herr
246 1109 48 13 von
318 1102 148 21 Bonsdorff:
489 1102 47 20 Här
559 1103 44 19 står
621 1104 31 18 att
670 1101 144 22 förfallotiden
837 1103 32 20 för
884 1103 35 20 lån

98 1130 47 21 icke
164 1130 33 21 får
215 1130 117 27 öfverstiga
349 1131 11 20 7
376 1131 101 20 månader
495 1130 33 21 för
546 1131 75 20 vexlar
636 1130 39 21 och
691 1131 12 20 5
719 1131 102 20 månader
836 1131 32 20 för
883 1138 37 13 an-

98 1159 108 26 visningar
222 1159 40 20 och
277 1158 171 28 förskrifningar.
479 1159 12 20 5
508 1158 101 21 månader
625 1160 36 19 äro
677 1165 26 14 en
719 1159 94 21 särdeles
829 1159 49 20 kort
888 1159 31 21 tid

97 1187 34 20 för
149 1187 80 20 sådana
250 1187 32 20 lån
304 1187 46 20 från
370 1187 197 28 hypoteksfonden,
591 1187 71 20 hvilka
684 1187 92 27 utgifvas
792 1189 45 18 mot
853 1187 67 28 hypo-

98 1215 47 26 tek,
168 1215 26 20 då
217 1215 96 21 deremot
332 1215 142 21 förfallotiden
493 1215 33 20 för
547 1215 75 21 vexlar
645 1217 51 18 utan
712 1215 96 28 hypotek
824 1217 23 18 är
862 1216 56 21 före-

97 1243 94 21 skrifven
208 1244 30 20 till
261 1245 5 19 7
282 1243 107 21 månader.
412 1243 41 28 Jag
470 1245 40 19 kan
527 1244 48 20 icke
590 1243 68 21 förstå
669 1243 55 21 hvad
736 1243 86 21 härmed
833 1251 85 20 menas,

97 1272 74 21 såvida
187 1272 48 21 med
250 1272 165 27 förskrifningar
430 1272 77 21 förstås
523 1272 35 20 lån
575 1274 58 27 emot
648 1271 102 28 hypotek.

165 1299 57 22 Herr
240 1307 47 14 von
307 1300 154 27 Haartman,
477 1300 38 20 V.:
539 1300 48 21 Med
596 1279 175 48 ”förskrifningar
786 1300 78 21 förstås
880 1301 39 20 här

71 1348 3 3 .
96 1328 48 21 icke
166 1328 34 21 lån
224 1331 57 17 emot
299 1329 105 27 hypotek,
422 1317 51 31 utan
489 1328 148 27 diskontering
652 1328 22 20 af
688 1329 80 25 vexlar,
780 1329 139 27 anvisningar

97 1356 39 21 och
152 1356 90 28 löpande
266 1344 146 34 skuldsedlar.:
436 1356 133 28 Stadgandet
588 1358 23 19 är
630 1356 79 26 precist
728 1356 129 25 detsamma,
872 1364 47 13 som

96 1384 57 22 förut
164 1385 136 20 förekommit
311 1385 6 20 i
328 1385 98 27 gällande
439 1385 158 27 författningar.
619 1384 103 21 Deremot
734 1384 71 21 kunna
816 1384 34 21 lån
862 1388 57 18 emot

97 1413 95 27 hypotek
208 1413 90 27 beviljas
313 1414 27 26 på
356 1414 55 20 ända
426 1413 30 21 till
473 1413 36 20 två
525 1414 30 19 år.

166 1441 99 21 Friherre
288 1448 48 14 von
356 1441 79 27 Troil,
453 1441 22 21 S.
491 1441 37 21 V.:
551 1442 42 26 Jag
612 1442 23 20 är
654 1441 65 21 redan
736 1441 146 21 förekommen
898 1442 24 20 af
