1078 1678
201 86 41 21 474

173 143 94 21 särdeles
284 145 58 19 stora
356 143 116 21 kostnader
488 142 67 21 skulle
575 143 72 20 kunna
666 143 171 28 omorganiseras
852 144 30 20 till
898 151 26 14 en
940 144 50 27 hög-

173 172 60 20 skola
249 171 24 21 af
286 171 90 28 ungefär
392 178 81 14 samma
489 172 86 27 omfång
590 179 44 13 som
652 171 39 21 den
708 173 23 19 af
752 172 238 21 manufakturdirektio-

173 207 41 14 nen
237 200 127 27 föreslagna.
398 200 31 20 De
449 200 31 20 till
499 200 68 20 denna
584 200 183 28 omorganisering
783 201 77 27 nödiga
875 201 115 20 kostnader

173 229 67 20 skulle
255 228 65 21 blifva
336 230 25 18 än
378 228 89 27 mindre,
479 235 32 14 om
523 229 48 20 med
583 228 36 21 det
634 229 122 27 föreslagna
768 229 120 21 läroverket
903 229 87 20 införlif-

174 258 63 19 vades
253 257 171 24 forstinstitutet,
436 263 26 14 en
474 257 86 26 anstalt,
573 263 46 14 som
635 257 19 27 ej
671 257 42 20 kan
725 257 105 21 bibehålla
841 257 31 21 sin
884 257 106 28 sjelfstän-

173 285 49 28 diga
242 285 96 21 existens
354 285 7 20 i
376 285 53 28 följd
451 285 23 21 af
495 285 40 20 den
558 285 61 28 ringa
635 287 84 19 remont
734 285 126 21 forststaten
876 286 114 21 erfordrar.

174 314 175 21 Forstelevernas
366 313 111 27 praktiska
491 313 122 27 utbildning
629 314 67 20 skulle
712 315 82 26 ganska
810 314 33 21 väl
861 314 72 21 kunna
948 314 42 21 för-

173 342 59 28 siggå
247 342 13 20 &
276 344 30 18 ett
322 342 155 26 modellrevier,
501 342 65 20 sedan
582 342 25 20 de
625 342 57 27 gjort
702 343 46 19 sina
764 342 130 21 theoretiska
910 343 81 20 studier

174 371 33 20 vid
221 370 123 21 läroverket
360 370 5 20 i
382 370 162 20 hufvudstaden.

242 398 31 21 Af
286 398 156 21 ofvanberörda
456 399 45 20 skäl
518 399 65 26 vägar
596 399 38 26 jag
650 399 155 20 vördsammast
821 399 77 20 föreslä
910 400 80 27 höglof-

173 427 42 27 liga
238 427 149 27 ridderskapet
403 427 39 20 och
458 427 71 25 adeln,
553 428 32 19 att
603 427 39 20 hos
659 426 27 21 H.
704 427 26 20 K.
748 427 100 28 Majestät
863 428 7 19 i
886 428 103 20 underdä-

173 455 73 28 nighet
266 456 128 27 petitionera
414 455 81 26 derom,
515 457 32 18 att
563 455 99 20 tekniska
678 455 119 21 realskolan
812 456 7 20 i
835 455 133 28 Helsingfors
984 457 6 20 i

171 484 99 27 förening
285 483 49 21 med
348 483 162 21 forstinstitutet
525 484 67 20 mätte
608 484 170 27 omorganiseras
798 484 30 20 till
844 491 26 14 en
886 485 104 27 högskola

172 513 33 20 för
227 512 120 27 utbildning
361 512 7 20 i
384 512 111 27 praktiska
518 513 78 26 yrken;
620 512 39 21 och
678 512 72 21 derest
770 512 59 21 detta
848 513 48 20 mitt
911 513 79 28 förslag

173 540 73 21 vinner
262 540 115 28 höglofliga
396 540 159 27 ridderskapets
571 540 39 21 och
627 540 72 21 adelns
716 541 66 26 bifall,
802 543 31 18 att
851 541 138 22 medständen

173 569 68 21 skulle
257 569 99 26 inbjudas
372 569 31 20 till
418 569 127 27 deltagande
561 569 5 20 i
583 569 124 26 petitionen.

241 597 105 28 Slutligen
357 597 32 20 fär
396 598 37 26 jag
444 597 122 27 ödmjukast
577 598 121 25 omnämna,
712 597 34 20 det
757 598 38 27 jag
805 597 31 20 till
847 599 96 20 närmare
954 599 35 20 be-

172 626 84 27 lysning
272 625 23 20 af
308 625 137 28 möjligheten
461 627 32 19 att
507 626 6 19 i
529 625 133 21 närvarande
678 625 31 21 tid
721 626 71 20 kunna
803 626 99 21 realisera
918 627 40 20 den
970 627 22 20 af

173 654 42 27 mig
224 655 38 19 här
270 654 63 20 ofvan
341 653 113 21 förordade
466 654 189 27 omorganisering,
664 655 102 26 uppgjort
778 661 24 13 en
812 654 177 22 kostnadsberäk-

172 682 57 28 ning,
245 682 86 20 hvilken
346 682 43 27 jag,
404 682 8 20 i
427 682 100 20 händelse
543 682 115 27 höglofliga
670 682 149 27 ridderskapet
831 682 38 21 och
880 683 62 21 adeln
953 684 35 20 ön-

173 710 49 20 skar
238 712 50 26 taga
299 710 48 20 mitt
359 710 181 27 petitionsförslag
551 710 6 20 i
569 710 165 28 öfvervägande,
745 710 98 27 utbedjer
854 711 42 27 mig
907 711 21 21 fä
938 713 50 19 äran

172 738 55 22 inför
242 739 50 21 herr
306 738 197 22 landtmarskalken
519 741 56 18 samt
590 738 150 28 ridderskapet
756 739 39 21 och
814 739 62 21 adeln
893 740 95 27 uppläsa.

652 767 29 20 N.
697 767 28 21 K.
744 767 177 21 Nordenskiöld.

240 795 43 21 Vid
306 795 185 28 handläggningen
515 796 22 20 af
557 795 163 27 ifrägavarande
744 796 78 20 ärende
837 796 39 20 har
891 796 36 21 det
942 796 47 21 icke

173 824 81 21 kunnat
268 824 72 27 undgä
355 824 116 20 utskottets
487 824 199 27 uppmärksamhet,
703 826 31 18 att
749 831 25 13 en
786 824 80 21 ordnad
880 824 109 21 undervis-

173 853 50 27 ning
239 852 33 21 för
288 852 115 21 vinnandet
418 853 23 19 af
454 852 100 21 tekniska
570 852 90 27 insigter
675 852 32 20 för
724 852 56 21 olika
795 852 111 28 praktiska
922 853 66 27 yrken

173 883 49 19 utan
239 881 127 27 gensägelse
390 881 67 20 mäste
477 880 71 21 ställas
564 881 6 19 i
586 882 31 19 ett
634 881 22 20 af
670 880 25 21 de
712 880 88 21 främsta
815 888 95 14 rummen
926 881 63 21 bland

173 910 40 20 alla
228 909 26 20 de
270 909 80 26 medel,
366 909 72 21 hvilka
454 908 88 28 bidraga
553 908 30 22 till
595 911 31 18 att
638 909 50 27 höja
704 911 31 18 ett
751 909 60 21 lands
827 910 109 20 materiela
946 910 42 20 väl-

173 938 67 21 stånd.
272 937 51 21 Icke
346 938 54 20 blott
419 939 31 19 att
466 937 25 21 de
507 939 55 19 mest
578 937 101 21 utöfvade
698 938 127 27 näringarne
845 938 143 27 derigenom
973 933 18 36 i

173 966 31 21 sin
228 966 66 28 tjenst
310 966 80 20 erhälla
410 965 127 28 insigtsfulla
553 972 108 20 personer,
677 972 78 21 genom
771 966 82 20 hvilkas
868 966 120 21 kännedom

173 994 22 21 af
209 995 25 20 de
250 994 133 21 theoretiska
399 994 120 27 grunderna
533 994 34 20 för
583 994 118 20 desammas
712 994 138 27 bedrifvande
862 996 29 18 ett
902 995 86 20 säkrare

172 1022 126 27 fortgående
314 1022 31 21 till
360 1022 112 21 industriel
488 1021 123 28 utveckling
627 1022 144 27 möjliggöres.
794 1022 70 21 Afven
875 1029 24 14 en
911 1023 77 27 mängd

172 1051 66 20 andra
253 1051 107 26 näringar,
377 1057 45 14 som
437 1051 32 20 till
484 1050 32 20 sin
527 1050 166 27 uppkomst
654 1046 36 36 och
705 1050 120 28 utbildning
835 1052 36 19 äro
883 1051 105 21 beroende

170 1079 46 27 just
238 1079 62 20 deraf
314 1081 32 18 att
361 1079 100 20 tekniska
477 1079 123 27 kunskaper
615 1079 68 20 finnas
698 1079 102 21 förenade
816 1079 48 20 med
879 1086 110 21 noggrann

173 1107 120 21 kännedom
310 1114 33 13 om
360 1107 70 21 lokala
440 1107 155 26 förhållanden,
608 1107 84 20 komma
704 1107 143 28 otvifelaktigt
860 1109 31 19 att
902 1108 88 21 sålunda

171 1135 129 21 framkallas.

240 1164 11 20 I
267 1164 26 21 de
308 1164 63 20 flesta
386 1164 73 20 länder
474 1164 39 20 har
528 1163 23 21 af
565 1163 65 21 sädan
646 1164 64 20 orsak
721 1163 55 21 bäde
787 1164 98 27 regering
896 1164 39 21 och
946 1165 43 20 folk

172 1192 48 21 med
240 1194 70 19 varmt
328 1193 90 20 intresse
437 1192 99 21 omfattat
552 1192 37 21 det
605 1192 100 21 tekniska
722 1192 268 27 undervisningsväsendet

173 1221 39 20 och
228 1221 48 20 sökt
293 1222 31 19 att
340 1221 23 20 sä
378 1221 134 26 fullständigt
528 1227 45 14 som
589 1221 83 27 möjligt
684 1221 124 27 organisera
820 1221 122 21 detsamma.
962 1221 28 20 Sä

172 1249 39 20 har
227 1249 36 20 det
278 1249 44 20 lilla
338 1249 95 20 Schweiz
449 1256 26 13 en
490 1249 78 27 mängd
584 1249 100 20 tekniska
700 1249 157 24 kantonskolor,
872 1249 71 21 hvilka
954 1256 36 21 ge-

173 1284 49 13 nom
239 1277 47 20 sina
300 1277 76 20 kurser
392 1277 52 20 stä
439 1273 15 36 i
461 1277 101 20 samband
579 1277 48 20 med
638 1277 36 20 det
685 1277 110 20 utmärkta
811 1277 64 27 högre
891 1277 99 21 tekniska

171 1305 122 21 läroverket
304 1305 6 20 i
321 1305 86 26 Zärich,
415 1305 32 21 för
456 1305 63 21 hvars
530 1305 191 21 ästadkommande
733 1305 107 21 kantonen
852 1305 47 21 med
910 1313 80 13 samma

172 1341 63 13 namn
252 1333 68 21 allena
339 1334 109 26 tillskjutit
467 1341 25 13 en
509 1341 82 13 summa
607 1334 22 20 af
642 1336 52 18 nära
710 1334 112 26 2,000,000
837 1333 77 21 francs.
945 1334 45 20 Och

171 1362 7 20 i
197 1362 117 26 Preussen,
338 1361 95 28 Bayern,
458 1362 89 26 Belgien
570 1362 49 20 med
637 1362 52 20 flera
712 1362 74 20 länder
808 1362 67 20 finnas
893 1362 99 21 tekniska

172 1390 129 27 provincial-
324 1390 51 20 eller
399 1390 132 21 kretsskolor
560 1390 116 26 inrättade,
703 1390 98 21 öfverallt
827 1390 163 21 sammanstälda

171 1418 47 20 med
234 1419 66 27 nägot
315 1421 141 24 gemensamt,
473 1418 161 28 fullständigare
650 1418 149 28 organiseradt
819 1418 171 21 centralinstitut.

240 1446 50 21 Med
308 1446 81 21 fästadt
408 1446 100 22 afseende
524 1447 12 21 &
552 1446 41 21 den
613 1448 57 20 stora
688 1448 62 26 nytta
769 1448 31 19 ett
816 1446 65 28 högre
896 1447 95 21 tekniskt

171 1474 100 21 läroverk
294 1474 33 21 för
350 1474 121 28 utbildning
489 1475 31 20 till
536 1475 112 27 praktiska
663 1475 68 28 yrken
747 1475 69 20 mäste
831 1474 106 28 medföra,
954 1475 38 21 har
