1078 1678
831 54 39 21 143

77 119 53 21 gans
145 111 84 28 lösning
244 111 23 20 af
281 111 86 21 ståndet
382 112 83 26 antogs,
482 109 77 22 önskat
575 109 48 21 dess
639 109 123 21 återremiss
773 109 30 32 till
816 110 84 21 utskot-

77 143 42 24 tet,
136 139 65 21 erhöll
217 140 41 20 den
277 139 88 21 härnäst
387 138 132 21 framställda
542 138 304 27 omröstningspropositionen
861 137 39 21 föl-

74 168 66 28 jande
155 168 90 48 W

144 212 13 10 »
181 196 20 21 Vill
224 195 150 28 ridderskapet
398 195 38 20 och
460 195 63 20 adeln
545 196 50 26 taga
620 194 68 21 under
710 194 100 28 pröfning
828 194 36 21 det
879 194 23 21 af

76 224 224 28 grundlagsutskottet
315 223 133 21 framställda
467 223 81 28 förslag
563 223 31 20 till
609 222 125 28 förordning
749 223 31 20 uti
795 223 105 27 ifrägava-

77 252 66 21 rande
159 253 75 20 ämne?

145 297 5 9 »
153 280 88 26 Vinner
259 281 45 27 nej,
322 280 170 21 äterremitteras
508 279 89 21 ärendet
618 279 31 20 till
668 279 230 28 grundlagsutskottet,

77 310 32 20 för
125 312 32 18 att
172 309 145 28 omredigeras
332 309 6 20 i
354 309 37 20 det
407 307 56 28 syfte
479 307 50 21 herr
545 315 41 13 von
605 307 147 21 Nandelstadh
768 307 130 28 föreslagit'*.

147 337 33 21 Då
195 338 34 20 vid
246 337 36 21 det
297 337 12 21 å
324 336 160 28 propositionen
501 335 82 28 afgifna
597 335 105 27 muntliga
718 337 70 19 svaret
801 336 98 21 bestämd

78 366 154 27 röstpluralitet
247 366 47 20 icke
311 365 71 21 kunde
398 364 81 25 vinnas,
495 364 116 20 anställdes
628 364 132 27 omröstning
771 364 48 21 med
830 364 70 20 slutna

78 394 76 27 sedlar,
169 394 89 21 hvarvid
274 394 98 20 rösterna
388 392 84 21 utföllo:

284 422 6 20 i
307 422 53 20 1:sta
376 421 28 20 kl.
420 420 49 21 med
486 421 11 20 7
511 421 24 27 ja
551 420 39 21 och
621 421 13 20 6
649 420 47 27 nej,

284 450 6 33 i
306 449 60 33 2:dra
382 465 13 11 ”
441 465 12 10 »
517 465 12 11 n
563 465 13 11 »
623 449 51 26 2»

284 485 7 14 1
306 477 57 28 3:dje
382 493 12 11 n
433 493 13 11 »
518 493 13 11 n
564 493 13 11 »
613 478 25 20 16
663 493 13 10 5

146 507 27 20 Ja
196 506 54 21 hade
272 506 100 25 sålunda,
395 505 88 21 oaktadt
506 506 91 20 flertalet
616 505 23 21 af
659 505 238 22 ståndsmedlemmarne

79 535 97 21 nekande
200 535 100 20 besvarat
316 534 166 28 propositionen,
499 534 57 21 inom
570 537 79 18 tvenne
665 534 81 24 klasser
762 536 81 25 segrat,
860 533 39 21 och

79 563 67 21 skulle
162 563 74 28 frågan
252 563 83 20 således
351 565 51 18 utan
418 563 123 20 återremiss
557 563 32 20 till
603 562 116 27 afgörande
734 562 115 27 företagas.

147 591 56 21 Herr
217 590 197 22 landtmarskalken
431 590 132 21 framställde
580 591 51 20 härå
646 591 169 27 propositionen:

149 637 10 8 »
162 619 43 22 Vill
227 619 150 28 ridderskapet
399 619 39 20 och
461 619 63 20 adeln
548 621 78 26 antaga
645 619 117 27 någotdera
776 619 23 20 af
812 619 27 20 de
855 618 47 21 utaf

79 648 105 21 utskottet
199 643 131 35 framställda
340 647 141 21 alternativer
499 647 32 21 till
553 648 6 26 $
576 648 18 25 1,
610 649 118 19 momentet
745 648 18 19 1.

147 693 4 9 »
155 676 87 26 Vinner
257 676 42 28 nej,
316 678 88 25 antages
421 677 54 19 1:sta
491 677 118 19 momentet
625 676 6 20 i
646 682 82 14 samma
743 676 12 26 8
771 675 23 20 af
806 674 41 22 den
862 675 37 20 nä-

79 705 49 27 diga
144 704 182 28 propositionen".
345 700 7 36 =

147 732 77 21 Denna
247 732 132 27 proposition
405 732 130 21 besvarades
553 732 49 20 med
621 732 105 20 obestridt
742 731 158 28 öfvervägande

76 762 33 26 ja,
125 761 39 21 och
180 761 44 20 blef
238 760 83 21 således
336 760 94 28 följande
446 760 133 28 proposition
595 760 79 21 denna:

148 806 10 8 »
161 788 43 21 Vill
220 789 149 27 ridderskapet
384 788 40 21 och
433 788 60 22 adeln
503 790 80 26 antaga
593 790 53 19 1:sta
654 788 136 21 alternativet
803 788 30 20 till
846 789 54 19 1:sta

80 819 117 19 momentet
213 817 23 21 af
245 818 11 26 $
268 819 11 19 1
290 818 30 20 uti
334 817 235 27 grundlagsutskottets
577 816 165 28 ifrågavarande
750 816 149 21 betänkande?

149 862 4 9 »
156 845 88 25 Vinner
259 846 45 26 nej,
322 847 89 25 antages
427 845 36 21 det
477 845 24 21 af
514 845 107 21 utskottet
637 845 120 27 föreslagna
769 844 59 21 2:dra
836 844 63 21 alter-

80 874 81 20 nativet
177 874 31 20 till
223 880 81 14 samma
318 876 95 18 moment
429 873 23 21 af
465 874 12 26 $
494 875 11 20 1
522 874 31 20 uti
568 873 262 28 författningsförslaget''.

147 902 43 20 Vid
214 902 40 20 den
278 902 98 20 häröfver
392 902 26 27 pä
434 902 93 28 begäran
544 902 132 24 verkställda
691 902 125 27 voteringen
832 902 67 20 rösta-

79 930 37 20 des
131 931 68 20 inom:

295 959 53 20 1:sta
363 958 28 20 kl.
406 958 48 21 med
485 959 13 20 8
511 959 25 27 ja
551 958 40 21 och
606 959 13 20 5
635 958 46 28 nej,

296 986 59 33 2:dra
370 1002 13 11 ”
427 1002 12 11 »
516 1002 13 11 ”
567 1002 12 11 »
644 1002 12 11 ”

297 1015 57 26 B:dje
428 1031 11 9 »
470 1015 26 20 14
566 1031 12 9 »
608 1015 51 25 I»

146 1042 58 21 Enär
219 1043 24 27 ja
261 1043 88 20 sålunda
367 1043 57 20 inom
443 1043 41 20 alla
504 1043 83 20 klasser
601 1045 81 25 segrat,
698 1043 53 20 hade
766 1042 85 21 ståndet
866 1043 33 20 så-

77 1071 59 20 ledes
151 1071 34 20 för
200 1071 31 20 sin
247 1071 34 20 del
296 1071 95 28 godkänt
407 1071 35 21 det
457 1071 59 20 förra
531 1071 24 21 af
567 1071 27 20 de
605 1071 48 21 utaf
661 1071 107 21 utskottet
778 1071 122 27 föreslagna

77 1099 169 21 alternativerna
261 1100 30 20 till
308 1100 54 20 1:sta
377 1100 31 27 $:s
423 1099 68 21 första
507 1102 102 18 moment.

146 1127 138 22 Beträffande
300 1134 76 15 senare
391 1129 118 20 momentet
524 1128 23 20 af
560 1135 81 13 samma
656 1128 12 27 $
684 1127 85 28 yttrade
785 1127 42 28 sig:

148 1155 79 21 Grefve
243 1156 123 20 Aminoff:
383 1155 64 22 Hvad
462 1155 37 22 det
515 1163 76 14 senare
606 1158 118 19 momentet
738 1157 7 20 i
760 1155 69 22 denna
840 1157 12 26 8
863 1156 36 21 be-

77 1183 81 28 träffar,
174 1191 50 14 vore
240 1184 36 21 det
292 1184 100 28 önskligt,
408 1191 33 14 om
456 1184 151 27 ridderskapet
616 1185 39 20 och
664 1184 62 21 adeln
737 1185 49 20 ville
796 1185 51 26 göra
858 1185 41 20 den

77 1211 90 28 ändring
183 1212 79 27 deruti,
278 1215 31 18 att
325 1213 184 20 löneförmänerna
528 1212 68 21 under
617 1219 63 14 namn
696 1213 23 20 af
732 1213 168 28 resepenuingar

77 1240 48 21 icke
140 1241 68 20 mätte
223 1241 109 27 fräntagas
348 1241 26 20 de
390 1241 121 26 officerare,
527 1241 84 20 hvilkas
624 1241 90 28 tjenster
724 1241 106 28 indragas,
841 1248 58 14 eme-

77 1269 40 20 dan
135 1269 63 20 dessa
213 1271 76 26 utgöra
304 1276 26 13 en
346 1269 97 28 betydlig
458 1269 34 20 del
508 1269 23 21 af
540 1269 62 21 deras
613 1269 123 21 inkomster.
784 1270 115 20 Åtminstone

77 1297 66 20 borde
160 1297 26 20 de
202 1297 80 21 erhälla
297 1297 68 28 nägon
382 1297 120 28 ersättning
517 1297 34 21 för
566 1297 56 21 hvad
638 1298 26 20 de
680 1298 70 20 häruti
765 1297 86 21 förlora.

145 1325 58 21 Herr
216 1325 120 28 Pipping,
348 1325 91 21 Fridolf:
455 1325 34 21 Dä
499 1325 68 21 första
578 1328 118 18 momentet
706 1326 23 20 af
736 1326 163 27 ifrägavarande

77 1353 12 26 &
110 1353 65 21 redan
195 1355 23 19 är
238 1355 89 25 antaget
348 1353 137 21 oförändradt
510 1354 39 20 och
572 1354 167 28 resepenningar
761 1354 46 20 icke
830 1354 68 20 finnas

76 1383 111 26 upptagna
202 1381 64 21 bland
282 1382 26 20 de
324 1381 113 27 förmäner,
454 1388 45 14 som
519 1382 68 20 skulle
605 1382 119 21 tillkomma
738 1382 160 27 ifrägavarande

76 1410 136 26 tjenstemän,
228 1410 66 21 sedan
310 1410 62 20 deras
388 1410 66 27 tjenst
470 1410 69 20 blifvit
555 1410 109 28 indragen,
680 1418 62 13 anser
756 1411 37 27 jag
804 1410 36 20 det
850 1410 48 20 icke

76 1444 89 14 numera
180 1438 72 20 kunna
266 1438 85 21 komma
362 1438 67 21 under
440 1438 167 28 öfvervägande,
618 1439 104 21 huruvida
733 1437 165 29 resepenningar
