1078 1678
177 60 42 21 376

149 116 67 21 rande
232 117 76 26 parten
324 117 23 19 är
363 115 77 27 hulpen
457 115 94 21 dermed.
582 114 116 21 Hofrätten
719 114 128 28 expedierar
865 115 107 26 nemligen

149 145 64 21 dessa
235 143 148 28 expeditioner
399 143 76 21 endast
489 143 37 20 två
541 144 82 27 gånger
639 150 34 14 om
689 144 58 25 året,
766 143 24 20 så
805 145 32 18 att
853 143 120 20 svaranden

149 174 33 21 får
204 173 37 20 sitt
260 173 110 26 exemplar
385 172 54 20 först
454 174 31 19 ett
500 172 53 20 halft
573 173 24 20 år
615 171 54 21 efter
685 171 37 22 det
738 171 77 21 domen
829 171 36 20 föll
882 171 39 21 och
937 171 36 21 vill

150 203 41 20 han
209 201 136 21 derförinnan
362 201 79 20 erhålla
457 200 162 28 verkställighet
636 201 26 26 på
678 200 90 27 domen,
785 201 24 19 så
824 200 68 20 måste
908 200 42 20 han
966 200 6 20 i

151 231 40 20 alla
207 230 36 21 fall
267 229 96 20 anskaffa
386 229 77 20 ombud
481 229 33 20 för
530 230 32 19 att
582 228 46 21 utfå
644 229 131 20 densamma.
806 228 43 27 Jag
864 235 62 13 anser
941 230 32 18 att

150 259 90 20 friherre
264 265 41 13 von
321 257 69 20 Borns
414 257 55 27 åsigt
484 259 23 18 är
523 257 88 20 alldeles
634 257 75 28 riktig,
726 259 32 18 att
778 257 35 20 det
829 257 33 20 må
879 257 51 20 bero
947 257 27 26 på

153 289 78 26 parten
244 288 32 18 att
292 286 68 20 skaffa
376 285 32 28 sig
424 285 83 20 afskrift
523 285 24 20 af
561 285 86 26 domen,
664 292 34 13 om
715 285 40 20 han
772 285 103 21 behöfver
886 285 72 20 sådan.

221 314 101 21 Friherre
338 321 47 13 von
401 313 78 21 Born:
495 313 33 21 De
544 314 160 26 upplysningar,
722 320 46 14 som
785 320 87 14 numera
882 313 92 20 lemnats

153 343 22 21 af
190 349 110 21 personer,
324 349 44 13 som
393 342 68 20 känna
480 342 170 26 förhållandena,
672 342 64 20 hafva
758 342 65 20 också
839 341 135 27 rättfärdigat

154 372 41 20 den
212 371 66 27 åsigt,
294 373 32 18 att
342 370 40 21 den
399 370 136 27 uppfattning
550 370 107 20 utskottet
672 370 46 20 haft
735 370 22 21 af
771 370 65 20 saken
853 370 47 20 icke
916 370 58 20 delas

155 400 22 20 af
190 399 84 20 landets
290 399 77 26 högsta
378 398 107 27 judiciella
500 398 125 27 myndighet
641 398 39 21 och
697 401 31 18 att
745 399 36 20 det
788 392 80 27 Fndast
878 400 22 18 är
910 398 7 20 i
928 398 46 20 hof-

155 429 95 19 rätterna
267 434 26 13 en
310 427 66 20 sådan
392 427 71 27 praxis
478 427 80 20 inrotat
574 427 38 26 sig.
643 426 43 27 Jag
702 427 68 20 skulle
790 426 84 21 derföre
893 426 81 27 ytterli-

155 463 51 20 gare
220 455 82 28 päyrka
317 457 31 18 att
360 455 40 20 den
416 455 89 27 ändring
521 456 73 26 göres,
611 457 31 18 att
658 455 62 20 ordet
737 454 117 26 ,,tvefaldt'
869 455 105 20 uteslutes

156 484 39 21 och
211 486 31 18 ett
258 483 75 28 tillägg
350 485 63 26 göres
431 483 73 20 derom
520 485 31 18 att
571 483 117 21 uteblifven
704 483 106 22 svarande
827 486 47 24 part
889 483 47 21 icke
952 485 23 18 är

156 512 85 27 skyldig
257 514 31 18 att
304 512 46 20 lösa
366 511 129 28 expedition.

225 540 57 20 Herr
298 539 25 21 af
337 539 152 28 Björksten,
501 539 20 21 J.
532 541 33 19 A.:
581 539 76 22 Såvidt
666 541 38 26 jag
715 539 82 22 fattade
808 540 50 20 herr
870 539 104 28 Pippings

157 569 108 27 yttrande,
282 568 81 27 tyckes
373 569 48 19 herr
436 567 93 28 Pipping
545 568 64 21 hafva
621 568 87 21 förstått
723 569 43 26 mig
782 569 23 20 så
821 570 32 19 att
868 568 107 21 hofrätten

156 597 68 20 skulle
248 597 95 20 utfärdat
365 596 109 27 exemplar
489 597 21 20 åt
526 596 105 21 svarande
648 599 86 24 parten,
751 597 27 20 då
798 597 40 20 den
861 597 114 20 uteblifvit.

157 625 102 21 Tvärtom
283 625 38 20 har
341 625 39 27 jag
402 625 114 20 framhållit
537 627 31 18 att
585 625 38 27 jag
639 625 48 20 hört
704 625 77 27 klagan
799 625 44 21 ofta
857 625 117 26 förspörjas

157 654 59 20 öfver
237 655 31 18 att
286 653 107 20 hofrätten
412 653 47 20 icke
475 653 57 27 gjort
547 653 43 20 det.
619 645 138 29 Åtminstone
768 653 38 21 har
817 654 6 20 i
835 653 89 27 vädjade
935 653 41 20 mål

157 682 68 27 aldrig
248 681 111 27 exemplar
381 680 136 28 expedierats
536 681 21 20 åt
573 681 118 20 uteblifven
714 681 105 21 svarande
836 684 56 24 part,
909 681 67 21 under

157 710 40 21 den
214 710 30 20 tid
266 710 38 26 jag
326 709 142 28 tjenstgjorde
484 709 34 20 vid
533 701 50 29 Åbo
600 709 86 21 hofrätt.
718 709 42 27 Jag
776 709 118 28 medgifver
909 716 67 20 gerna

157 741 32 18 att
211 740 59 23 stora
293 738 138 26 olägenheter
447 737 72 21 kunna
533 737 52 28 följa
601 737 62 21 deraf
680 739 32 19 att
727 738 133 20 hofrätterna
876 738 23 20 så
914 738 61 27 länge

157 767 61 26 dröja
232 766 49 20 med
294 766 140 20 afsändandet
444 765 23 21 af
476 768 111 25 parternas
599 766 117 27 exemplar,
727 766 124 27 isynnerhet
862 766 6 20 i
879 766 97 20 besvärs-

157 795 52 26 mål,
225 801 47 14 men
286 794 38 27 jag
340 801 62 13 anser
418 796 30 18 att
464 794 107 20 hofrätten
595 801 77 21 genom
692 794 93 21 cirkulär
800 794 70 21 kunde
886 794 90 21 förstän-

157 823 60 27 digas
228 825 42 24 att,
281 822 27 21 då
324 822 76 21 domen
411 822 100 28 utgifves,
522 823 131 20 svarandens
664 823 110 27 exemplar
785 825 76 25 genast
872 822 53 21 skall
936 823 40 20 till-

157 851 85 21 skickas
258 852 134 26 guvernören
408 850 32 21 för
455 853 31 18 att
502 851 105 21 tillställas
621 853 83 25 parten.
736 851 46 21 Och
798 858 41 18 om,
855 851 70 21 såsom
939 852 37 27 jag

158 879 65 21 redan
247 879 101 26 nämnde,
372 879 40 21 den
434 879 107 27 tappande
564 881 77 25 parten
656 880 88 26 ålägges
760 881 31 19 att
806 879 96 21 utbetala
917 880 59 20 lösen

157 908 33 20 för
206 907 40 21 den
263 907 103 21 uteblifna
390 909 85 26 partens
491 908 116 27 exemplar,
625 908 22 20 så
663 908 68 20 skulle
748 908 52 20 hvar
816 908 39 20 och
872 914 25 14 en
913 908 63 20 hafva

157 936 32 20 sin
206 937 42 19 rätt
268 936 98 20 bevarad.

226 964 156 20 Diskussionen
406 964 131 20 förklarades
560 964 87 20 härmed
666 964 94 21 afslutad
782 964 39 21 och
844 964 134 21 framstäldes

157 992 95 27 följande
268 992 142 27 proposition:
914 1007 14 6 E

226 1036 4 9 »
234 1020 48 25 Vill
299 1020 148 27 ridderskapet
467 1020 38 21 och
525 1020 62 21 adeln
603 1023 79 25 antaga
698 1021 12 27 $
727 1022 19 25 7,
764 1021 47 27 kap.
829 1021 26 20 24
871 1020 25 21 R.
914 1021 24 20 B.
955 1022 23 19 sä

159 1048 112 27 redigerad
287 1055 45 14 som
349 1049 106 20 utskottet
471 1048 124 28 föreslagit?

227 1093 5 8 »
235 1076 88 25 Vinner
339 1077 45 26 nej,
400 1077 104 20 uteslutes
516 1072 64 37 ordet,
589 1077 117 25 ,,tvefaldt'*
718 1077 40 21 och
770 1078 12 27 &
793 1077 90 21 erhåller
894 1080 32 18 ett
936 1078 41 20 till-

157 1105 49 26 lägg
221 1105 7 20 i
244 1105 36 20 det
296 1105 56 26 syfte
368 1107 32 18 att
416 1105 111 26 svarande,
542 1107 49 26 part
610 1105 20 28 ej
648 1107 24 19 är
690 1106 86 27 skyldig
791 1108 32 18 att
839 1106 44 20 lösa
900 1107 77 20 hofrät-

157 1135 48 18 tens
222 1133 58 26 dom,
297 1133 37 20 der
349 1133 42 20 han
407 1133 19 27 ej
443 1134 54 20 varit
513 1133 126 21 tillstädes.'*

226 1161 58 20 Enär
300 1161 159 27 propositionen
475 1161 130 22 besvarades
621 1163 47 20 med
682 1163 23 26 ja
722 1163 39 20 och
773 1163 44 27 nej,
829 1165 49 18 utan
890 1164 32 19 att
933 1163 44 27 plu-

156 1189 72 20 laritet
244 1189 71 21 kunde
331 1189 23 21 af
376 1190 48 20 herr
439 1190 196 21 landtmarskalken
654 1191 110 27 urskiljas,
781 1191 75 20 skreds
872 1191 31 20 till
919 1194 58 18 vote-

155 1218 58 27 ring,
229 1217 87 21 hvarvid
333 1219 98 20 rösterna
446 1219 73 20 utföllo
536 1219 57 20 inom

382 1254 51 19 1:sta
449 1252 28 21 kl.
492 1253 49 20 med
557 1254 12 19 2
583 1253 24 27 ja
623 1250 38 24 och
678 1253 12 20 5
706 1254 47 27 nej,

384 1280 58 33 2:dra
457 1297 12 10 ”
513 1297 13 10 »
558 1282 42 25 17
639 1297 11 10 n»
676 1282 13 20 4
715 1298 13 10 ”

382 1309 55 27 8:dje
458 1325 12 9 »
516 1326 11 9 »
559 1311 43 25 Tn
641 1326 11 9 »
679 1311 13 19 6
718 1326 12 9 n

155 1347 40 21 och
211 1347 27 21 dä
254 1348 34 26 nej
306 1348 88 20 sälunda
411 1351 70 25 segrat
497 1349 6 20 i
519 1350 12 19 2
548 1349 89 26 klasser,
654 1349 68 21 skulle
739 1350 11 26 &
763 1350 108 26 redigeras
888 1350 4 19 i
909 1350 36 20 det
956 1350 23 20 af

154 1375 89 21 friherre
260 1383 41 13 von
318 1376 57 20 Born
392 1376 112 22 förordade
521 1377 62 27 syfte.
