1078 1678
186 65 42 21 212

161 122 40 22 och
216 121 96 22 vittnens
328 119 117 23 kostnader
460 119 39 22 och
517 119 76 21 besvär
603 119 7 21 i
621 119 40 21 och
671 119 34 21 för
718 119 76 28 grofva
803 119 101 21 brottmål
914 118 69 22 skulle

160 151 23 20 af
199 149 108 22 allmänna
324 148 70 22 medel
414 147 128 28 förskjutas;
561 147 8 21 i
585 147 115 28 anledning
715 147 79 22 hvaraf
806 147 94 29 följande
916 147 67 22 talare

161 178 85 23 anhöllo
262 185 35 14 om
312 177 62 22 ordet
389 177 39 21 och
443 175 86 29 yttrade
545 176 39 27 sig:

228 206 101 21 Friherre
348 205 30 22 de
394 205 23 22 la
432 204 132 28 Chapelle:
583 204 167 28 Lagutskottets
765 204 92 29 förslag,
873 206 32 19 att
919 204 64 21 måls-

161 235 94 29 egandes
271 235 41 20 och
326 235 95 20 vittnens
437 233 116 21 kostnader
563 233 7 20 i
581 233 81 20 sådana
676 233 77 27 grofva
770 233 127 25 brottmål,
889 228 11 40 i
911 232 72 22 hvilka

161 265 78 21 allmän
250 263 101 27 åklagare
361 263 57 20 förer
428 261 68 27 talan,
507 261 69 21 skulle
587 261 24 21 af
619 261 107 21 allmänna
737 261 69 22 medel
816 261 116 28 förskjutas
944 261 39 21 och

163 292 73 27 äfven,
251 291 37 21 vid
304 291 110 21 bristande
435 289 90 28 tillgång
539 290 40 20 hos
595 289 41 22 den
656 289 230 28 betalningsskyldige,
906 291 78 19 stanna

161 321 83 21 kronan
260 319 32 21 till
306 319 52 27 last,
372 319 44 21 kan
428 319 39 27 jag
481 318 48 21 icke
543 318 91 21 biträda.
663 317 36 21 Då
718 325 50 13 man
784 320 35 19 vet
835 320 31 19 att
879 318 7 20 i
896 317 87 21 inveck-

162 348 49 22 lade
230 348 40 22 och
290 348 77 28 grofva
383 346 101 22 brottmål
499 346 45 22 ofta
559 346 153 21 hundradetals
728 346 83 21 vittnen
826 346 72 27 höras,
915 345 68 21 skulle

163 379 32 21 ett
210 376 76 22 sådant
302 375 118 28 stadgande
435 374 65 22 blifva
515 374 84 29 ganska
616 374 93 22 känbart
727 374 34 21 för
778 375 140 21 statskassan.
944 374 37 21 Se-

163 405 42 22 dan
222 404 68 22 kändt
308 404 70 21 blefve
398 405 32 20 att
447 404 119 26 ersättning
585 403 141 27 ovilkorligen
744 402 84 27 utfölle,
847 402 71 21 kunde
933 409 49 14 man

163 440 53 15 vara
230 432 128 29 öfvertygad
373 433 32 20 att
419 432 48 21 icke
482 432 70 27 någon
565 431 24 22 af
597 431 98 21 vittnena
706 431 52 21 eller
768 431 136 28 målsegande
914 430 68 21 skulle

163 461 114 22 underlåta
292 463 32 19 att
339 461 54 28 göra
408 460 93 28 anspråk
516 460 28 27 på
559 460 119 27 ersättning
694 459 34 21 för
743 460 45 21 sina
804 460 124 25 kostnader,
943 459 40 21 och

164 489 88 22 sålunda
267 491 83 19 statens
365 489 32 21 till
412 489 65 21 andra
492 489 99 21 ändamål
607 488 107 28 behöfliga
730 488 40 21 och
785 488 101 21 anvisade
900 488 83 27 tillgån-

164 525 39 22 gar
222 517 60 22 öfver
301 517 28 22 all
346 517 119 28 beräkning
487 517 85 21 anlitas.
602 517 44 20 Det
664 516 24 21 af
703 517 106 21 utskottet
824 517 34 21 för
872 517 32 20 sin
919 516 64 21 fram-

164 547 100 27 ställning
281 546 7 21 i
307 546 59 21 detta
388 547 61 20 ämne
465 545 120 28 åberopade
601 545 56 27 skäl,
674 547 32 19 att
725 545 149 28 målsegande,
889 545 36 21 vid
941 544 41 22 den

164 575 61 28 ringa
246 574 68 28 utsigt
332 574 26 21 de
376 574 64 21 hafva
455 576 32 19 att
503 573 22 22 få
545 574 46 21 sina
610 573 118 22 kostnader
749 575 89 24 ersatta,
855 573 67 22 skulle
938 573 46 21 visa

163 603 131 28 likgiltighet
312 603 40 21 och
370 602 80 21 lamhet
467 603 7 20 i
490 602 110 21 beifrande
616 601 24 22 af
651 601 73 29 gröfre
740 602 67 27 brott,
822 602 90 21 förlorar
928 601 56 22 dock

164 631 88 28 mycket
275 631 23 21 af
315 631 32 21 sin
366 630 111 28 betydelse
493 631 35 20 vid
544 631 158 27 öfvervägande
724 630 69 27 deraf,
809 633 32 18 att
855 630 39 21 hos
909 630 74 27 hvarje

165 659 140 22 rättskaffens
321 659 191 21 samhällsmedlem
529 666 26 14 en
571 659 65 27 ovilja
652 660 58 19 emot
725 660 151 20 rättsstöraren
892 658 39 21 och
941 659 42 20 för-

165 688 102 28 brytaren
282 688 24 21 är
321 687 103 28 nedlagd,
439 687 88 21 förenad
542 687 50 21 med
607 687 83 21 önskan
704 694 35 14 om
750 687 121 21 samhällets
882 686 101 22 fredande

165 716 48 22 från
228 716 49 21 dess
292 716 144 28 illgerningar.
466 716 43 20 Det
527 717 24 19 är
566 716 83 20 kanske
665 715 90 21 känslan
770 715 23 21 af
805 714 178 29 sjelfbevarande,

163 752 47 14 som
224 744 76 21 dervid
314 745 39 27 gör
371 744 17 21 sig
421 744 108 28 gällande,
545 751 49 14 men
613 744 40 21 den
673 746 24 18 är
712 744 56 21 dock
780 744 22 21 af
818 743 118 29 inflytande
955 744 29 27 på

165 768 183 37 rättstillståndet,
365 751 40 43 och
420 780 73 14 manar
507 773 32 20 till
553 771 140 29 uppfyllande
708 772 24 21 af
745 772 106 28 pligterna
862 774 57 19 emot
930 778 54 14 sam-

165 802 71 20 hället.
267 800 101 22 Förbises
384 801 40 21 bör
438 801 20 27 ej
473 801 68 21 heller
554 803 31 19 att
597 801 36 21 det
643 800 123 28 föreslagna
776 800 126 28 stadgandet
912 800 72 21 kunde

165 830 49 21 leda
228 829 31 21 till
281 829 147 28 hvarjehanda
449 829 113 21 missbruk.
593 829 95 21 Sålunda
703 829 73 21 kunde
792 829 33 21 väl
840 830 79 26 någon,
938 835 46 15 som

166 858 95 21 önskade
276 857 82 21 besöka
373 858 68 27 tinget
457 858 39 20 och
511 858 95 28 förtjena
621 858 149 27 dagspenning
781 858 40 20 och
836 857 78 28 skjuts,
930 857 55 21 låtsa

165 886 34 28 sig
213 892 41 22 ega
268 887 98 19 närmare
382 886 120 21 kännedom
518 893 35 14 om
568 888 32 19 ett
615 886 119 27 föröfvadt,
746 886 35 21 vid
799 886 91 20 domstol
906 885 78 21 anhän-

166 915 46 27 gigt
227 915 68 26 brott,
312 914 67 21 ehuru
395 914 41 21 han
451 914 7 21 i
473 914 76 28 sjelfva
564 914 86 26 verket,
666 914 54 21 hörd
736 915 69 20 såsom
816 915 67 20 vittne
894 914 6 20 i
912 914 72 25 saken,

165 943 48 21 icke
235 942 54 28 egde
311 943 71 27 någon
404 942 121 22 kännedom
544 943 80 21 derom.
654 942 29 22 Vi
702 942 68 22 sakna
784 943 47 21 icke
848 942 64 21 heller
927 942 7 21 i
948 942 37 21 vår

166 970 145 22 rättshistoria
326 971 108 27 exempel,
445 973 31 19 att
486 973 82 19 utsatta
583 971 127 27 belöningar
722 971 39 21 och
772 971 92 27 premier
873 970 33 22 för
916 971 70 20 brotts

167 999 128 28 angifvande
317 999 40 20 och
380 1000 97 20 åtalande
499 1000 48 20 icke
569 1000 45 20 ledt
632 1000 31 20 till
681 1000 67 27 något
766 999 32 21 för
814 999 172 21 rättstillståndet

166 1029 101 26 gynsamt
282 1027 97 21 resultat.
410 1027 82 21 Genom
507 1027 144 28 kungörelsen
667 1027 41 22 och
724 1028 116 27 varningen
852 1027 41 21 den
904 1028 12 20 2
927 1027 59 21 Mars

169 1056 53 21 1767
236 1055 92 21 utfästes
344 1055 106 28 nemligen
466 1063 26 14 en
506 1056 102 28 belöning
623 1056 33 21 för
672 1056 42 21 den
730 1063 44 14 som
790 1056 36 21 vid
841 1056 91 21 domstol
945 1055 41 22 till-

167 1084 54 21 talas
232 1084 40 21 och
283 1083 124 28 öfvertygar
421 1083 81 22 tadlare
517 1085 24 20 af
553 1084 213 28 regeringsåtgärder
782 1085 39 20 och
834 1084 120 27 utspridare
965 1084 23 21 af

167 1112 137 27 osanfärdiga
328 1112 40 21 och
394 1111 95 28 skadliga
515 1113 85 27 rykten.
642 1113 64 20 Snart
729 1113 71 28 insågs
823 1112 55 21 dock
901 1113 85 21 hvartill

167 1141 59 21 detta
242 1140 118 28 stadgande
376 1140 61 21 ledde
453 1140 38 21 och
507 1147 77 21 genom
599 1141 153 27 förordningen
768 1142 40 20 den
824 1142 27 20 22
864 1148 56 13 mars
932 1142 54 20 1770

167 1168 143 23 återkallades
326 1169 127 27 varningen,
469 1171 86 25 ,,enär',
571 1170 70 20 såsom
650 1169 67 21 orden
728 1169 59 28 lyda,
799 1169 20 26 ,,i
829 1169 157 28 öfvervägande

167 1197 89 22 kommit
272 1197 27 20 de
315 1197 97 27 åskillige
426 1197 107 20 missbruk
549 1197 41 21 och
605 1197 97 28 skadliga
712 1197 84 28 följder,
807 1205 45 14 som
863 1197 23 21 af
894 1199 31 19 ett
936 1197 50 21 slikt

167 1225 72 29 påbud
247 1225 41 21 och
296 1225 112 28 belönings
418 1225 123 21 utlofvande
551 1226 34 20 för
597 1226 110 27 angifvare
718 1226 71 21 kunde
799 1226 97 28 dragas.'*
912 1225 74 21 Ehuru

168 1255 60 21 detta
250 1253 99 28 exempel
372 1253 122 28 egentligen
512 1254 144 28 ädagalägger
674 1254 166 27 olämpligheten
856 1255 23 20 af
892 1254 94 21 belönin-

167 1289 50 22 gars
239 1281 124 22 utfästande
386 1282 33 21 för
440 1282 129 27 angifvelser
589 1283 22 20 af
632 1283 68 26 brott,
716 1282 42 21 kan
774 1283 35 20 det
825 1282 55 21 dock
894 1283 8 20 i
916 1283 70 26 nägon

167 1318 50 14 mon
232 1310 60 27 tjena
306 1310 32 21 till
353 1309 88 28 ledning
456 1310 32 21 för
503 1311 134 20 bedömande
652 1311 64 20 äfven
732 1311 23 20 af
767 1311 161 27 ifrägavarande
944 1311 42 20 för-

167 1339 55 27 slag,
240 1345 45 14 som
301 1338 91 21 bereder
406 1338 82 21 vittnen
504 1339 40 20 och
559 1339 138 27 mälsegande
714 1345 26 14 en
756 1339 68 26 säker,
843 1339 39 21 lätt
896 1339 90 20 förvärf-

167 1368 42 21 vad
224 1366 128 28 ersättning,
368 1366 86 21 hvilken
469 1367 33 20 för
517 1367 92 27 mängen
625 1367 23 20 af
661 1367 49 21 dem
720 1367 43 21 kan
773 1367 132 21 förekomma
915 1367 71 21 säsom

167 1403 28 14 en
210 1395 106 28 belöning.
347 1394 35 21 Dä
396 1395 33 21 för
444 1395 65 27 öfrigt
523 1396 8 20 i
545 1395 144 22 betraktande
704 1397 71 26 tages,
793 1397 31 19 att
843 1395 33 21 för
892 1395 94 28 lagskip-

167 1424 78 28 ningen
261 1423 37 21 det
313 1424 23 20 är
352 1423 23 21 af
388 1424 69 20 större
467 1424 55 27 vigt,
533 1425 32 19 att
581 1424 41 20 den
638 1424 113 28 oskyldige
763 1424 47 20 icke
821 1423 119 28 oförskyldt
950 1430 36 15 an-

167 1454 77 26 tastas,
260 1453 27 20 än
303 1453 33 20 att
351 1452 69 27 nägon
435 1452 83 28 undgär
533 1454 32 19 ett
580 1452 90 28 förtjent
685 1452 71 26 straff,
779 1452 67 22 finner
864 1452 38 28 jag
916 1452 70 28 nägon
