<?xml version="1.0" encoding="UTF-8"?>
<alto xmlns="http://www.loc.gov/standards/alto/ns-v3#" xmlns:xlink="http://www.w3.org/1999/xlink" xmlns:xsi="http://www.w3.org/2001/XMLSchema-instance" xsi:schemaLocation="http://www.loc.gov/standards/alto/ns-v3# http://www.loc.gov/alto/v3/alto-3-0.xsd">
	<Description>
		<MeasurementUnit>pixel</MeasurementUnit>
		<sourceImageInformation>
			<fileName>/tmp/tess_6m3f02cv_input.PNG</fileName>
		</sourceImageInformation>
		<OCRProcessing ID="OCR_0">
			<ocrProcessingStep>
				<processingSoftware>
					<softwareName>tesseract 5.3.4</softwareName>
				</processingSoftware>
			</ocrProcessingStep>
		</OCRProcessing>
	</Description>
	<Layout>
		<Page WIDTH="1078" HEIGHT="1678" PHYSICAL_IMG_NR="0" ID="page_0">
			<PrintSpace HPOS="0" VPOS="0" WIDTH="1078" HEIGHT="1678">
				<GraphicalElement ID="cblock_0" HPOS="0" VPOS="573" WIDTH="5" HEIGHT="549"></GraphicalElement >
				<ComposedBlock ID="cblock_1" HPOS="206" VPOS="68" WIDTH="27" HEIGHT="21">
					<TextBlock ID="block_0" HPOS="206" VPOS="68" WIDTH="27" HEIGHT="21">
						<TextLine ID="line_0" HPOS="206" VPOS="68" WIDTH="27" HEIGHT="21">
							<String ID="string_0" HPOS="206" VPOS="68" WIDTH="27" HEIGHT="21" WC="0.95" CONTENT="94"/>
						</TextLine>
					</TextBlock>
				</ComposedBlock>
				<ComposedBlock ID="cblock_2" HPOS="177" VPOS="125" WIDTH="824" HEIGHT="140">
					<TextBlock ID="block_1" HPOS="179" VPOS="125" WIDTH="822" HEIGHT="55">
						<TextLine ID="line_1" HPOS="247" VPOS="125" WIDTH="754" HEIGHT="28">
							<String ID="string_1" HPOS="247" VPOS="141" WIDTH="5" HEIGHT="10" WC="0.87" CONTENT="»"/><SP WIDTH="3" VPOS="141" HPOS="252"/>
							<String ID="string_2" HPOS="255" VPOS="125" WIDTH="89" HEIGHT="25" WC="0.85" CONTENT="Vänner"/><SP WIDTH="21" VPOS="125" HPOS="344"/>
							<String ID="string_3" HPOS="365" VPOS="125" WIDTH="43" HEIGHT="27" WC="0.95" CONTENT="nej,"/><SP WIDTH="22" VPOS="125" HPOS="408"/>
							<String ID="string_4" HPOS="430" VPOS="125" WIDTH="87" HEIGHT="27" WC="0.96" CONTENT="utbytes"/><SP WIDTH="24" VPOS="125" HPOS="517"/>
							<String ID="string_5" HPOS="541" VPOS="125" WIDTH="110" HEIGHT="28" WC="0.93" CONTENT="uttrycket"/><SP WIDTH="24" VPOS="125" HPOS="651"/>
							<String ID="string_6" HPOS="675" VPOS="125" WIDTH="133" HEIGHT="27" WC="0.89" CONTENT=",,välfräjdad"/><SP WIDTH="24" VPOS="125" HPOS="808"/>
							<String ID="string_7" HPOS="832" VPOS="125" WIDTH="94" HEIGHT="21" WC="0.40" CONTENT="kristen&quot;"/><SP WIDTH="17" VPOS="125" HPOS="926"/>
							<String ID="string_8" HPOS="943" VPOS="126" WIDTH="58" HEIGHT="20" WC="0.96" CONTENT="emot"/>
						</TextLine>
						<TextLine ID="line_2" HPOS="179" VPOS="153" WIDTH="340" HEIGHT="27">
							<String ID="string_9" HPOS="179" VPOS="170" WIDTH="4" HEIGHT="9" WC="0.69" CONTENT=","/><SP WIDTH="4" VPOS="170" HPOS="183"/>
							<String ID="string_10" HPOS="187" VPOS="153" WIDTH="204" HEIGHT="27" WC="0.36" CONTENT="nattvardsgängen"/><SP WIDTH="16" VPOS="153" HPOS="391"/>
							<String ID="string_11" HPOS="407" VPOS="153" WIDTH="112" HEIGHT="20" WC="0.76" CONTENT="medlem&#39;&#39;."/>
						</TextLine>
					</TextBlock>
					<TextBlock ID="block_2" HPOS="177" VPOS="181" WIDTH="823" HEIGHT="56">
						<TextLine ID="line_3" HPOS="246" VPOS="181" WIDTH="754" HEIGHT="28">
							<String ID="string_12" HPOS="246" VPOS="181" WIDTH="72" HEIGHT="21" WC="0.59" CONTENT="Afven"/><SP WIDTH="23" VPOS="181" HPOS="318"/>
							<String ID="string_13" HPOS="341" VPOS="181" WIDTH="70" HEIGHT="20" WC="0.95" CONTENT="denna"/><SP WIDTH="21" VPOS="181" HPOS="411"/>
							<String ID="string_14" HPOS="432" VPOS="181" WIDTH="134" HEIGHT="28" WC="0.93" CONTENT="proposition"/><SP WIDTH="23" VPOS="181" HPOS="566"/>
							<String ID="string_15" HPOS="589" VPOS="181" WIDTH="46" HEIGHT="20" WC="0.96" CONTENT="blef"/><SP WIDTH="15" VPOS="181" HPOS="635"/>
							<String ID="string_16" HPOS="650" VPOS="182" WIDTH="48" HEIGHT="20" WC="0.92" CONTENT="med"/><SP WIDTH="16" VPOS="182" HPOS="698"/>
							<String ID="string_17" HPOS="714" VPOS="181" WIDTH="93" HEIGHT="21" WC="0.96" CONTENT="flertalet"/><SP WIDTH="15" VPOS="181" HPOS="807"/>
							<String ID="string_18" HPOS="822" VPOS="183" WIDTH="70" HEIGHT="19" WC="0.93" CONTENT="röster"/><SP WIDTH="14" VPOS="183" HPOS="892"/>
							<String ID="string_19" HPOS="906" VPOS="182" WIDTH="94" HEIGHT="27" WC="0.91" CONTENT="jakande"/>
						</TextLine>
						<TextLine ID="line_4" HPOS="177" VPOS="209" WIDTH="795" HEIGHT="28">
							<String ID="string_20" HPOS="177" VPOS="209" WIDTH="117" HEIGHT="27" WC="0.88" CONTENT="besvarad,"/><SP WIDTH="17" VPOS="209" HPOS="294"/>
							<String ID="string_21" HPOS="311" VPOS="209" WIDTH="40" HEIGHT="21" WC="0.96" CONTENT="och"/><SP WIDTH="16" VPOS="209" HPOS="351"/>
							<String ID="string_22" HPOS="367" VPOS="216" WIDTH="37" HEIGHT="14" WC="0.92" CONTENT="var"/><SP WIDTH="16" VPOS="216" HPOS="404"/>
							<String ID="string_23" HPOS="420" VPOS="209" WIDTH="82" HEIGHT="20" WC="0.92" CONTENT="säledes"/><SP WIDTH="11" VPOS="209" HPOS="502"/>
							<String ID="string_24" HPOS="513" VPOS="209" WIDTH="12" HEIGHT="27" WC="0.91" CONTENT="$"/><SP WIDTH="11" VPOS="209" HPOS="525"/>
							<String ID="string_25" HPOS="536" VPOS="209" WIDTH="27" HEIGHT="20" WC="0.96" CONTENT="39"/><SP WIDTH="16" VPOS="209" HPOS="563"/>
							<String ID="string_26" HPOS="579" VPOS="212" WIDTH="51" HEIGHT="18" WC="0.93" CONTENT="utan"/><SP WIDTH="16" VPOS="212" HPOS="630"/>
							<String ID="string_27" HPOS="646" VPOS="210" WIDTH="69" HEIGHT="27" WC="0.92" CONTENT="nägon"/><SP WIDTH="16" VPOS="210" HPOS="715"/>
							<String ID="string_28" HPOS="731" VPOS="210" WIDTH="125" HEIGHT="27" WC="0.92" CONTENT="förändring"/><SP WIDTH="16" VPOS="210" HPOS="856"/>
							<String ID="string_29" HPOS="872" VPOS="212" WIDTH="100" HEIGHT="25" WC="0.89" CONTENT="autagen."/>
						</TextLine>
					</TextBlock>
					<TextBlock ID="block_3" HPOS="246" VPOS="237" WIDTH="436" HEIGHT="28">
						<TextLine ID="line_5" HPOS="246" VPOS="237" WIDTH="436" HEIGHT="28">
							<String ID="string_30" HPOS="246" VPOS="238" WIDTH="26" HEIGHT="27" WC="0.92" CONTENT="88"/><SP WIDTH="15" VPOS="238" HPOS="272"/>
							<String ID="string_31" HPOS="287" VPOS="238" WIDTH="29" HEIGHT="21" WC="0.96" CONTENT="40"/><SP WIDTH="16" VPOS="238" HPOS="316"/>
							<String ID="string_32" HPOS="332" VPOS="237" WIDTH="38" HEIGHT="21" WC="0.96" CONTENT="och"/><SP WIDTH="16" VPOS="237" HPOS="370"/>
							<String ID="string_33" HPOS="386" VPOS="238" WIDTH="25" HEIGHT="20" WC="0.91" CONTENT="41"/><SP WIDTH="18" VPOS="238" HPOS="411"/>
							<String ID="string_34" HPOS="429" VPOS="239" WIDTH="90" HEIGHT="25" WC="0.91" CONTENT="antogos"/><SP WIDTH="15" VPOS="239" HPOS="519"/>
							<String ID="string_35" HPOS="534" VPOS="237" WIDTH="148" HEIGHT="22" WC="0.92" CONTENT="oförändrade."/>
						</TextLine>
					</TextBlock>
				</ComposedBlock>
				<ComposedBlock ID="cblock_3" HPOS="558" VPOS="283" WIDTH="62" HEIGHT="27">
					<TextBlock ID="block_4" HPOS="558" VPOS="283" WIDTH="62" HEIGHT="27">
						<TextLine ID="line_6" HPOS="558" VPOS="283" WIDTH="62" HEIGHT="27">
							<String ID="string_36" HPOS="558" VPOS="283" WIDTH="12" HEIGHT="27" WC="0.90" CONTENT="s"/><SP WIDTH="15" VPOS="283" HPOS="570"/>
							<String ID="string_37" HPOS="585" VPOS="283" WIDTH="35" HEIGHT="20" WC="0.94" CONTENT="42."/>
						</TextLine>
					</TextBlock>
				</ComposedBlock>
				<ComposedBlock ID="cblock_4" HPOS="177" VPOS="321" WIDTH="826" HEIGHT="1155">
					<TextBlock ID="block_5" HPOS="177" VPOS="321" WIDTH="823" HEIGHT="226">
						<TextLine ID="line_7" HPOS="247" VPOS="321" WIDTH="753" HEIGHT="28">
							<String ID="string_38" HPOS="247" VPOS="321" WIDTH="57" HEIGHT="21" WC="0.92" CONTENT="Herr"/><SP WIDTH="16" VPOS="321" HPOS="304"/>
							<String ID="string_39" HPOS="320" VPOS="321" WIDTH="157" HEIGHT="21" WC="0.91" CONTENT="Nordmann:"/><SP WIDTH="23" VPOS="321" HPOS="477"/>
							<String ID="string_40" HPOS="500" VPOS="321" WIDTH="73" HEIGHT="28" WC="0.96" CONTENT="Enligt"/><SP WIDTH="17" VPOS="321" HPOS="573"/>
							<String ID="string_41" HPOS="590" VPOS="322" WIDTH="69" HEIGHT="20" WC="0.93" CONTENT="denna"/><SP WIDTH="16" VPOS="322" HPOS="659"/>
							<String ID="string_42" HPOS="675" VPOS="323" WIDTH="11" HEIGHT="25" WC="0.91" CONTENT="$"/><SP WIDTH="17" VPOS="323" HPOS="686"/>
							<String ID="string_43" HPOS="703" VPOS="322" WIDTH="68" HEIGHT="21" WC="0.96" CONTENT="skulle"/><SP WIDTH="15" VPOS="322" HPOS="771"/>
							<String ID="string_44" HPOS="786" VPOS="322" WIDTH="36" HEIGHT="20" WC="0.96" CONTENT="det"/><SP WIDTH="15" VPOS="322" HPOS="822"/>
							<String ID="string_45" HPOS="837" VPOS="329" WIDTH="52" HEIGHT="14" WC="0.96" CONTENT="vara"/><SP WIDTH="15" VPOS="329" HPOS="889"/>
							<String ID="string_46" HPOS="904" VPOS="324" WIDTH="32" HEIGHT="18" WC="0.93" CONTENT="ett"/><SP WIDTH="15" VPOS="324" HPOS="936"/>
							<String ID="string_47" HPOS="951" VPOS="329" WIDTH="49" HEIGHT="13" WC="0.92" CONTENT="con-"/>
						</TextLine>
						<TextLine ID="line_8" HPOS="178" VPOS="350" WIDTH="821" HEIGHT="28">
							<String ID="string_48" HPOS="178" VPOS="350" WIDTH="52" HEIGHT="21" WC="0.93" CONTENT="ditio"/><SP WIDTH="16" VPOS="350" HPOS="230"/>
							<String ID="string_49" HPOS="246" VPOS="350" WIDTH="46" HEIGHT="20" WC="0.93" CONTENT="sine"/><SP WIDTH="16" VPOS="350" HPOS="292"/>
							<String ID="string_50" HPOS="308" VPOS="356" WIDTH="41" HEIGHT="21" WC="0.92" CONTENT="gva"/><SP WIDTH="15" VPOS="356" HPOS="349"/>
							<String ID="string_51" HPOS="364" VPOS="356" WIDTH="52" HEIGHT="20" WC="0.96" CONTENT="non,"/><SP WIDTH="18" VPOS="356" HPOS="416"/>
							<String ID="string_52" HPOS="434" VPOS="352" WIDTH="31" HEIGHT="18" WC="0.93" CONTENT="att"/><SP WIDTH="16" VPOS="352" HPOS="465"/>
							<String ID="string_53" HPOS="481" VPOS="350" WIDTH="74" HEIGHT="20" WC="0.92" CONTENT="fadder"/><SP WIDTH="22" VPOS="350" HPOS="555"/>
							<String ID="string_54" HPOS="577" VPOS="350" WIDTH="48" HEIGHT="21" WC="0.91" CONTENT="icke"/><SP WIDTH="15" VPOS="350" HPOS="625"/>
							<String ID="string_55" HPOS="640" VPOS="350" WIDTH="33" HEIGHT="20" WC="0.91" CONTENT="fär"/><SP WIDTH="14" VPOS="350" HPOS="673"/>
							<String ID="string_56" HPOS="687" VPOS="350" WIDTH="86" HEIGHT="21" WC="0.92" CONTENT="tillhöra"/><SP WIDTH="23" VPOS="350" HPOS="773"/>
							<String ID="string_57" HPOS="796" VPOS="358" WIDTH="68" HEIGHT="13" WC="0.96" CONTENT="annan"/><SP WIDTH="26" VPOS="358" HPOS="864"/>
							<String ID="string_58" HPOS="890" VPOS="350" WIDTH="68" HEIGHT="28" WC="0.96" CONTENT="kyrka"/><SP WIDTH="16" VPOS="350" HPOS="958"/>
							<String ID="string_59" HPOS="974" VPOS="351" WIDTH="25" HEIGHT="19" WC="0.96" CONTENT="än"/>
						</TextLine>
						<TextLine ID="line_9" HPOS="177" VPOS="378" WIDTH="823" HEIGHT="27">
							<String ID="string_60" HPOS="177" VPOS="379" WIDTH="41" HEIGHT="21" WC="0.92" CONTENT="den"/><SP WIDTH="24" VPOS="379" HPOS="218"/>
							<String ID="string_61" HPOS="242" VPOS="378" WIDTH="251" HEIGHT="27" WC="0.89" CONTENT="evangelisk-lutherska."/><SP WIDTH="31" VPOS="378" HPOS="493"/>
							<String ID="string_62" HPOS="524" VPOS="378" WIDTH="35" HEIGHT="20" WC="0.92" CONTENT="Nu"/><SP WIDTH="22" VPOS="378" HPOS="559"/>
							<String ID="string_63" HPOS="581" VPOS="380" WIDTH="45" HEIGHT="19" WC="0.92" CONTENT="tror"/><SP WIDTH="18" VPOS="380" HPOS="626"/>
							<String ID="string_64" HPOS="644" VPOS="378" WIDTH="38" HEIGHT="27" WC="0.96" CONTENT="jag"/><SP WIDTH="22" VPOS="378" HPOS="682"/>
							<String ID="string_65" HPOS="704" VPOS="380" WIDTH="32" HEIGHT="18" WC="0.96" CONTENT="att"/><SP WIDTH="18" VPOS="380" HPOS="736"/>
							<String ID="string_66" HPOS="754" VPOS="378" WIDTH="36" HEIGHT="21" WC="0.96" CONTENT="det"/><SP WIDTH="19" VPOS="378" HPOS="790"/>
							<String ID="string_67" HPOS="809" VPOS="378" WIDTH="41" HEIGHT="21" WC="0.96" CONTENT="kan"/><SP WIDTH="15" VPOS="378" HPOS="850"/>
							<String ID="string_68" HPOS="865" VPOS="378" WIDTH="69" HEIGHT="21" WC="0.96" CONTENT="finnas"/><SP WIDTH="15" VPOS="378" HPOS="934"/>
							<String ID="string_69" HPOS="949" VPOS="378" WIDTH="51" HEIGHT="20" WC="0.96" CONTENT="flera"/>
						</TextLine>
						<TextLine ID="line_10" HPOS="178" VPOS="405" WIDTH="822" HEIGHT="28">
							<String ID="string_70" HPOS="178" VPOS="407" WIDTH="46" HEIGHT="25" WC="0.95" CONTENT="fall,"/><SP WIDTH="18" VPOS="407" HPOS="224"/>
							<String ID="string_71" HPOS="242" VPOS="405" WIDTH="26" HEIGHT="22" WC="0.95" CONTENT="dä"/><SP WIDTH="16" VPOS="405" HPOS="268"/>
							<String ID="string_72" HPOS="284" VPOS="412" WIDTH="49" HEIGHT="14" WC="0.93" CONTENT="man"/><SP WIDTH="15" VPOS="412" HPOS="333"/>
							<String ID="string_73" HPOS="348" VPOS="406" WIDTH="70" HEIGHT="20" WC="0.92" CONTENT="säsom"/><SP WIDTH="15" VPOS="406" HPOS="418"/>
							<String ID="string_74" HPOS="433" VPOS="406" WIDTH="99" HEIGHT="20" WC="0.92" CONTENT="lutheran"/><SP WIDTH="17" VPOS="406" HPOS="532"/>
							<String ID="string_75" HPOS="549" VPOS="406" WIDTH="48" HEIGHT="21" WC="0.92" CONTENT="icke"/><SP WIDTH="15" VPOS="406" HPOS="597"/>
							<String ID="string_76" HPOS="612" VPOS="406" WIDTH="41" HEIGHT="21" WC="0.93" CONTENT="kan"/><SP WIDTH="13" VPOS="406" HPOS="653"/>
							<String ID="string_77" HPOS="666" VPOS="406" WIDTH="21" HEIGHT="21" WC="0.91" CONTENT="fä"/><SP WIDTH="10" VPOS="406" HPOS="687"/>
							<String ID="string_78" HPOS="697" VPOS="406" WIDTH="76" HEIGHT="21" WC="0.92" CONTENT="fadder"/><SP WIDTH="11" VPOS="406" HPOS="773"/>
							<String ID="string_79" HPOS="784" VPOS="406" WIDTH="23" HEIGHT="21" WC="0.97" CONTENT="af"/><SP WIDTH="8" VPOS="406" HPOS="807"/>
							<String ID="string_80" HPOS="815" VPOS="407" WIDTH="41" HEIGHT="20" WC="0.93" CONTENT="den"/><SP WIDTH="12" VPOS="407" HPOS="856"/>
							<String ID="string_81" HPOS="868" VPOS="405" WIDTH="132" HEIGHT="28" WC="0.93" CONTENT="evangelisk-"/>
						</TextLine>
						<TextLine ID="line_11" HPOS="177" VPOS="433" WIDTH="823" HEIGHT="28">
							<String ID="string_82" HPOS="177" VPOS="434" WIDTH="113" HEIGHT="21" WC="0.93" CONTENT="lutherska"/><SP WIDTH="15" VPOS="434" HPOS="290"/>
							<String ID="string_83" HPOS="305" VPOS="433" WIDTH="91" HEIGHT="28" WC="0.95" CONTENT="kyrkan."/><SP WIDTH="31" VPOS="433" HPOS="396"/>
							<String ID="string_84" HPOS="427" VPOS="433" WIDTH="72" HEIGHT="28" WC="0.93" CONTENT="Enligt"/><SP WIDTH="16" VPOS="433" HPOS="499"/>
							<String ID="string_85" HPOS="515" VPOS="435" WIDTH="42" HEIGHT="20" WC="0.96" CONTENT="min"/><SP WIDTH="16" VPOS="435" HPOS="557"/>
							<String ID="string_86" HPOS="573" VPOS="435" WIDTH="87" HEIGHT="26" WC="0.96" CONTENT="mening"/><SP WIDTH="17" VPOS="435" HPOS="660"/>
							<String ID="string_87" HPOS="677" VPOS="435" WIDTH="65" HEIGHT="20" WC="0.93" CONTENT="borde"/><SP WIDTH="15" VPOS="435" HPOS="742"/>
							<String ID="string_88" HPOS="757" VPOS="435" WIDTH="54" HEIGHT="20" WC="0.93" CONTENT="hvar"/><SP WIDTH="15" VPOS="435" HPOS="811"/>
							<String ID="string_89" HPOS="826" VPOS="435" WIDTH="39" HEIGHT="20" WC="0.96" CONTENT="och"/><SP WIDTH="17" VPOS="435" HPOS="865"/>
							<String ID="string_90" HPOS="882" VPOS="441" WIDTH="24" HEIGHT="14" WC="0.93" CONTENT="en"/><SP WIDTH="12" VPOS="441" HPOS="906"/>
							<String ID="string_91" HPOS="918" VPOS="434" WIDTH="82" HEIGHT="21" WC="0.92" CONTENT="kristen"/>
						</TextLine>
						<TextLine ID="line_12" HPOS="177" VPOS="461" WIDTH="823" HEIGHT="29">
							<String ID="string_92" HPOS="177" VPOS="463" WIDTH="74" HEIGHT="20" WC="0.95" CONTENT="kunna"/><SP WIDTH="19" VPOS="463" HPOS="251"/>
							<String ID="string_93" HPOS="270" VPOS="462" WIDTH="34" HEIGHT="21" WC="0.96" CONTENT="stä"/><SP WIDTH="19" VPOS="462" HPOS="304"/>
							<String ID="string_94" HPOS="323" VPOS="469" WIDTH="46" HEIGHT="14" WC="0.91" CONTENT="som"/><SP WIDTH="23" VPOS="469" HPOS="369"/>
							<String ID="string_95" HPOS="392" VPOS="461" WIDTH="81" HEIGHT="22" WC="0.96" CONTENT="fadder."/><SP WIDTH="33" VPOS="461" HPOS="473"/>
							<String ID="string_96" HPOS="506" VPOS="462" WIDTH="71" HEIGHT="28" WC="0.95" CONTENT="Enligt"/><SP WIDTH="23" VPOS="462" HPOS="577"/>
							<String ID="string_97" HPOS="600" VPOS="462" WIDTH="70" HEIGHT="21" WC="0.93" CONTENT="denna"/><SP WIDTH="16" VPOS="462" HPOS="670"/>
							<String ID="string_98" HPOS="686" VPOS="463" WIDTH="11" HEIGHT="26" WC="0.85" CONTENT="&amp;"/><SP WIDTH="16" VPOS="463" HPOS="697"/>
							<String ID="string_99" HPOS="713" VPOS="463" WIDTH="69" HEIGHT="20" WC="0.96" CONTENT="skulle"/><SP WIDTH="16" VPOS="463" HPOS="782"/>
							<String ID="string_100" HPOS="798" VPOS="463" WIDTH="28" HEIGHT="20" WC="0.95" CONTENT="H."/><SP WIDTH="17" VPOS="463" HPOS="826"/>
							<String ID="string_101" HPOS="843" VPOS="463" WIDTH="27" HEIGHT="20" WC="0.93" CONTENT="M."/><SP WIDTH="17" VPOS="463" HPOS="870"/>
							<String ID="string_102" HPOS="887" VPOS="462" WIDTH="113" HEIGHT="27" WC="0.96" CONTENT="Kejsaren,"/>
						</TextLine>
						<TextLine ID="line_13" HPOS="178" VPOS="490" WIDTH="822" HEIGHT="29">
							<String ID="string_103" HPOS="178" VPOS="497" WIDTH="46" HEIGHT="14" WC="0.89" CONTENT="som"/><SP WIDTH="23" VPOS="497" HPOS="224"/>
							<String ID="string_104" HPOS="247" VPOS="491" WIDTH="53" HEIGHT="20" WC="0.89" CONTENT="stätt"/><SP WIDTH="15" VPOS="491" HPOS="300"/>
							<String ID="string_105" HPOS="315" VPOS="490" WIDTH="76" HEIGHT="21" WC="0.92" CONTENT="fadder"/><SP WIDTH="15" VPOS="490" HPOS="391"/>
							<String ID="string_106" HPOS="406" VPOS="491" WIDTH="33" HEIGHT="20" WC="0.96" CONTENT="för"/><SP WIDTH="14" VPOS="491" HPOS="439"/>
							<String ID="string_107" HPOS="453" VPOS="491" WIDTH="53" HEIGHT="20" WC="0.96" CONTENT="flera"/><SP WIDTH="15" VPOS="491" HPOS="506"/>
							<String ID="string_108" HPOS="521" VPOS="491" WIDTH="63" HEIGHT="26" WC="0.96" CONTENT="barn,"/><SP WIDTH="16" VPOS="491" HPOS="584"/>
							<String ID="string_109" HPOS="600" VPOS="498" WIDTH="46" HEIGHT="13" WC="0.93" CONTENT="som"/><SP WIDTH="16" VPOS="498" HPOS="646"/>
							<String ID="string_110" HPOS="662" VPOS="491" WIDTH="63" HEIGHT="27" WC="0.92" CONTENT="döpts"/><SP WIDTH="16" VPOS="491" HPOS="725"/>
							<String ID="string_111" HPOS="741" VPOS="491" WIDTH="31" HEIGHT="20" WC="0.93" CONTENT="till"/><SP WIDTH="16" VPOS="491" HPOS="772"/>
							<String ID="string_112" HPOS="788" VPOS="491" WIDTH="145" HEIGHT="28" WC="0.91" CONTENT="nyssnämnda"/><SP WIDTH="15" VPOS="491" HPOS="933"/>
							<String ID="string_113" HPOS="948" VPOS="491" WIDTH="52" HEIGHT="26" WC="0.92" CONTENT="lära,"/>
						</TextLine>
						<TextLine ID="line_14" HPOS="179" VPOS="518" WIDTH="346" HEIGHT="29">
							<String ID="string_114" HPOS="179" VPOS="519" WIDTH="122" HEIGHT="28" WC="0.93" CONTENT="egentligen"/><SP WIDTH="16" VPOS="519" HPOS="301"/>
							<String ID="string_115" HPOS="317" VPOS="519" WIDTH="47" HEIGHT="20" WC="0.91" CONTENT="icke"/><SP WIDTH="16" VPOS="519" HPOS="364"/>
							<String ID="string_116" HPOS="380" VPOS="518" WIDTH="22" HEIGHT="21" WC="0.88" CONTENT="fä"/><SP WIDTH="14" VPOS="518" HPOS="402"/>
							<String ID="string_117" HPOS="416" VPOS="519" WIDTH="52" HEIGHT="27" WC="0.96" CONTENT="göra"/><SP WIDTH="15" VPOS="519" HPOS="468"/>
							<String ID="string_118" HPOS="483" VPOS="519" WIDTH="42" HEIGHT="20" WC="0.96" CONTENT="det."/>
						</TextLine>
					</TextBlock>
					<TextBlock ID="block_6" HPOS="177" VPOS="546" WIDTH="823" HEIGHT="112">
						<TextLine ID="line_15" HPOS="246" VPOS="546" WIDTH="754" HEIGHT="29">
							<String ID="string_119" HPOS="246" VPOS="547" WIDTH="59" HEIGHT="20" WC="0.94" CONTENT="Herr"/><SP WIDTH="15" VPOS="547" HPOS="305"/>
							<String ID="string_120" HPOS="320" VPOS="546" WIDTH="123" HEIGHT="28" WC="0.93" CONTENT="Pipping,"/><SP WIDTH="16" VPOS="546" HPOS="443"/>
							<String ID="string_121" HPOS="459" VPOS="547" WIDTH="65" HEIGHT="20" WC="0.91" CONTENT="F.J.:"/><SP WIDTH="25" VPOS="547" HPOS="524"/>
							<String ID="string_122" HPOS="549" VPOS="548" WIDTH="74" HEIGHT="19" WC="0.96" CONTENT="Denna"/><SP WIDTH="15" VPOS="548" HPOS="623"/>
							<String ID="string_123" HPOS="638" VPOS="547" WIDTH="34" HEIGHT="28" WC="0.96" CONTENT="lag"/><SP WIDTH="15" VPOS="547" HPOS="672"/>
							<String ID="string_124" HPOS="687" VPOS="549" WIDTH="24" HEIGHT="19" WC="0.92" CONTENT="är"/><SP WIDTH="14" VPOS="549" HPOS="711"/>
							<String ID="string_125" HPOS="725" VPOS="547" WIDTH="76" HEIGHT="21" WC="0.92" CONTENT="endast"/><SP WIDTH="10" VPOS="547" HPOS="801"/>
							<String ID="string_126" HPOS="811" VPOS="547" WIDTH="93" HEIGHT="20" WC="0.92" CONTENT="skrifven"/><SP WIDTH="12" VPOS="547" HPOS="904"/>
							<String ID="string_127" HPOS="916" VPOS="547" WIDTH="33" HEIGHT="20" WC="0.96" CONTENT="för"/><SP WIDTH="11" VPOS="547" HPOS="949"/>
							<String ID="string_128" HPOS="960" VPOS="547" WIDTH="40" HEIGHT="20" WC="0.97" CONTENT="den"/>
						</TextLine>
						<TextLine ID="line_16" HPOS="179" VPOS="575" WIDTH="821" HEIGHT="28">
							<String ID="string_129" HPOS="179" VPOS="575" WIDTH="112" HEIGHT="21" WC="0.93" CONTENT="lutherska"/><SP WIDTH="15" VPOS="575" HPOS="291"/>
							<String ID="string_130" HPOS="306" VPOS="575" WIDTH="157" HEIGHT="26" WC="0.92" CONTENT="confessionen,"/><SP WIDTH="20" VPOS="575" HPOS="463"/>
							<String ID="string_131" HPOS="483" VPOS="575" WIDTH="39" HEIGHT="20" WC="0.95" CONTENT="och"/><SP WIDTH="17" VPOS="575" HPOS="522"/>
							<String ID="string_132" HPOS="539" VPOS="575" WIDTH="26" HEIGHT="20" WC="0.93" CONTENT="dä"/><SP WIDTH="16" VPOS="575" HPOS="565"/>
							<String ID="string_133" HPOS="581" VPOS="575" WIDTH="64" HEIGHT="27" WC="0.92" CONTENT="dopet"/><SP WIDTH="16" VPOS="575" HPOS="645"/>
							<String ID="string_134" HPOS="661" VPOS="577" WIDTH="23" HEIGHT="19" WC="0.96" CONTENT="är"/><SP WIDTH="16" VPOS="577" HPOS="684"/>
							<String ID="string_135" HPOS="700" VPOS="583" WIDTH="27" HEIGHT="13" WC="0.93" CONTENT="en"/><SP WIDTH="15" VPOS="583" HPOS="727"/>
							<String ID="string_136" HPOS="742" VPOS="575" WIDTH="86" HEIGHT="28" WC="0.92" CONTENT="kyrklig"/><SP WIDTH="17" VPOS="575" HPOS="828"/>
							<String ID="string_137" HPOS="845" VPOS="575" WIDTH="116" HEIGHT="26" WC="0.91" CONTENT="ceremoni,"/><SP WIDTH="16" VPOS="575" HPOS="961"/>
							<String ID="string_138" HPOS="977" VPOS="575" WIDTH="23" HEIGHT="20" WC="0.96" CONTENT="sä"/>
						</TextLine>
						<TextLine ID="line_17" HPOS="178" VPOS="603" WIDTH="821" HEIGHT="28">
							<String ID="string_139" HPOS="178" VPOS="605" WIDTH="69" HEIGHT="19" WC="0.92" CONTENT="mäste"/><SP WIDTH="23" VPOS="605" HPOS="247"/>
							<String ID="string_140" HPOS="270" VPOS="603" WIDTH="40" HEIGHT="21" WC="0.93" CONTENT="den"/><SP WIDTH="23" VPOS="603" HPOS="310"/>
							<String ID="string_141" HPOS="333" VPOS="603" WIDTH="128" HEIGHT="20" WC="0.92" CONTENT="inskränkas"/><SP WIDTH="16" VPOS="603" HPOS="461"/>
							<String ID="string_142" HPOS="477" VPOS="603" WIDTH="31" HEIGHT="20" WC="0.96" CONTENT="till"/><SP WIDTH="16" VPOS="603" HPOS="508"/>
							<String ID="string_143" HPOS="524" VPOS="603" WIDTH="26" HEIGHT="21" WC="0.96" CONTENT="de"/><SP WIDTH="15" VPOS="603" HPOS="550"/>
							<String ID="string_144" HPOS="565" VPOS="603" WIDTH="141" HEIGHT="21" WC="0.95" CONTENT="medlemmar"/><SP WIDTH="14" VPOS="603" HPOS="706"/>
							<String ID="string_145" HPOS="720" VPOS="604" WIDTH="24" HEIGHT="20" WC="0.96" CONTENT="af"/><SP WIDTH="13" VPOS="604" HPOS="744"/>
							<String ID="string_146" HPOS="757" VPOS="603" WIDTH="59" HEIGHT="21" WC="0.93" CONTENT="detta"/><SP WIDTH="15" VPOS="603" HPOS="816"/>
							<String ID="string_147" HPOS="831" VPOS="603" WIDTH="99" HEIGHT="28" WC="0.93" CONTENT="kyrkliga"/><SP WIDTH="16" VPOS="603" HPOS="930"/>
							<String ID="string_148" HPOS="946" VPOS="610" WIDTH="53" HEIGHT="13" WC="0.91" CONTENT="sam-"/>
						</TextLine>
						<TextLine ID="line_18" HPOS="177" VPOS="631" WIDTH="263" HEIGHT="27">
							<String ID="string_149" HPOS="177" VPOS="632" WIDTH="59" HEIGHT="26" WC="0.96" CONTENT="fund,"/><SP WIDTH="16" VPOS="632" HPOS="236"/>
							<String ID="string_150" HPOS="252" VPOS="638" WIDTH="46" HEIGHT="14" WC="0.96" CONTENT="som"/><SP WIDTH="16" VPOS="638" HPOS="298"/>
							<String ID="string_151" HPOS="314" VPOS="631" WIDTH="41" HEIGHT="20" WC="0.93" CONTENT="den"/><SP WIDTH="16" VPOS="631" HPOS="355"/>
							<String ID="string_152" HPOS="371" VPOS="631" WIDTH="69" HEIGHT="20" WC="0.91" CONTENT="berör."/>
						</TextLine>
					</TextBlock>
					<TextBlock ID="block_7" HPOS="177" VPOS="659" WIDTH="824" HEIGHT="83">
						<TextLine ID="line_19" HPOS="246" VPOS="659" WIDTH="754" HEIGHT="27">
							<String ID="string_153" HPOS="246" VPOS="659" WIDTH="102" HEIGHT="21" WC="0.96" CONTENT="Friherre"/><SP WIDTH="15" VPOS="659" HPOS="348"/>
							<String ID="string_154" HPOS="363" VPOS="659" WIDTH="103" HEIGHT="21" WC="0.96" CONTENT="Wrede:"/><SP WIDTH="23" VPOS="659" HPOS="466"/>
							<String ID="string_155" HPOS="489" VPOS="659" WIDTH="42" HEIGHT="27" WC="0.96" CONTENT="Jag"/><SP WIDTH="23" VPOS="659" HPOS="531"/>
							<String ID="string_156" HPOS="554" VPOS="659" WIDTH="39" HEIGHT="21" WC="0.96" CONTENT="ber"/><SP WIDTH="22" VPOS="659" HPOS="593"/>
							<String ID="string_157" HPOS="615" VPOS="661" WIDTH="32" HEIGHT="19" WC="0.93" CONTENT="att"/><SP WIDTH="23" VPOS="661" HPOS="647"/>
							<String ID="string_158" HPOS="670" VPOS="660" WIDTH="22" HEIGHT="20" WC="0.96" CONTENT="få"/><SP WIDTH="22" VPOS="660" HPOS="692"/>
							<String ID="string_159" HPOS="714" VPOS="659" WIDTH="87" HEIGHT="27" WC="0.96" CONTENT="tillägga"/><SP WIDTH="23" VPOS="659" HPOS="801"/>
							<String ID="string_160" HPOS="824" VPOS="660" WIDTH="31" HEIGHT="20" WC="0.93" CONTENT="till"/><SP WIDTH="22" VPOS="660" HPOS="855"/>
							<String ID="string_161" HPOS="877" VPOS="659" WIDTH="57" HEIGHT="20" WC="0.96" CONTENT="hvad"/><SP WIDTH="17" VPOS="659" HPOS="934"/>
							<String ID="string_162" HPOS="951" VPOS="659" WIDTH="49" HEIGHT="20" WC="0.95" CONTENT="herr"/>
						</TextLine>
						<TextLine ID="line_20" HPOS="177" VPOS="686" WIDTH="824" HEIGHT="29">
							<String ID="string_163" HPOS="177" VPOS="687" WIDTH="100" HEIGHT="28" WC="0.93" CONTENT="Pipping,"/><SP WIDTH="12" VPOS="687" HPOS="277"/>
							<String ID="string_164" HPOS="289" VPOS="687" WIDTH="25" HEIGHT="21" WC="0.93" CONTENT="F."/><SP WIDTH="11" VPOS="687" HPOS="314"/>
							<String ID="string_165" HPOS="325" VPOS="686" WIDTH="28" HEIGHT="28" WC="0.85" CONTENT="J.,"/><SP WIDTH="17" VPOS="686" HPOS="353"/>
							<String ID="string_166" HPOS="370" VPOS="689" WIDTH="77" HEIGHT="25" WC="0.96" CONTENT="yttrat,"/><SP WIDTH="17" VPOS="689" HPOS="447"/>
							<String ID="string_167" HPOS="464" VPOS="689" WIDTH="31" HEIGHT="19" WC="0.93" CONTENT="att"/><SP WIDTH="16" VPOS="689" HPOS="495"/>
							<String ID="string_168" HPOS="511" VPOS="686" WIDTH="114" HEIGHT="22" WC="0.93" CONTENT="faddrarne"/><SP WIDTH="16" VPOS="686" HPOS="625"/>
							<String ID="string_169" HPOS="641" VPOS="694" WIDTH="64" HEIGHT="14" WC="0.93" CONTENT="svara"/><SP WIDTH="15" VPOS="694" HPOS="705"/>
							<String ID="string_170" HPOS="720" VPOS="688" WIDTH="12" HEIGHT="20" WC="0.93" CONTENT="&amp;"/><SP WIDTH="16" VPOS="688" HPOS="732"/>
							<String ID="string_171" HPOS="748" VPOS="688" WIDTH="87" HEIGHT="20" WC="0.96" CONTENT="barnets"/><SP WIDTH="16" VPOS="688" HPOS="835"/>
							<String ID="string_172" HPOS="851" VPOS="689" WIDTH="79" HEIGHT="25" WC="0.96" CONTENT="vägnar"/><SP WIDTH="9" VPOS="689" HPOS="930"/>
							<String ID="string_173" HPOS="939" VPOS="687" WIDTH="23" HEIGHT="27" WC="0.96" CONTENT="ja"/><SP WIDTH="11" VPOS="687" HPOS="962"/>
							<String ID="string_174" HPOS="973" VPOS="687" WIDTH="28" HEIGHT="27" WC="0.97" CONTENT="pä"/>
						</TextLine>
						<TextLine ID="line_21" HPOS="177" VPOS="715" WIDTH="215" HEIGHT="27">
							<String ID="string_175" HPOS="177" VPOS="715" WIDTH="215" HEIGHT="27" WC="0.92" CONTENT="bekännelsefrägan."/>
						</TextLine>
					</TextBlock>
					<TextBlock ID="block_8" HPOS="177" VPOS="743" WIDTH="824" HEIGHT="106">
						<TextLine ID="line_22" HPOS="246" VPOS="743" WIDTH="755" HEIGHT="28">
							<String ID="string_176" HPOS="246" VPOS="743" WIDTH="58" HEIGHT="21" WC="0.96" CONTENT="Herr"/><SP WIDTH="20" VPOS="743" HPOS="304"/>
							<String ID="string_177" HPOS="324" VPOS="744" WIDTH="105" HEIGHT="26" WC="0.93" CONTENT="Linder,"/><SP WIDTH="18" VPOS="744" HPOS="429"/>
							<String ID="string_178" HPOS="447" VPOS="743" WIDTH="36" HEIGHT="21" WC="0.93" CONTENT="E.:"/><SP WIDTH="27" VPOS="743" HPOS="483"/>
							<String ID="string_179" HPOS="510" VPOS="744" WIDTH="43" HEIGHT="20" WC="0.96" CONTENT="Det"/><SP WIDTH="22" VPOS="744" HPOS="553"/>
							<String ID="string_180" HPOS="575" VPOS="744" WIDTH="62" HEIGHT="20" WC="0.96" CONTENT="torde"/><SP WIDTH="21" VPOS="744" HPOS="637"/>
							<String ID="string_181" HPOS="658" VPOS="745" WIDTH="57" HEIGHT="19" WC="0.96" CONTENT="ännu"/><SP WIDTH="21" VPOS="745" HPOS="715"/>
							<String ID="string_182" HPOS="736" VPOS="744" WIDTH="73" HEIGHT="20" WC="0.93" CONTENT="kunna"/><SP WIDTH="24" VPOS="744" HPOS="809"/>
							<String ID="string_183" HPOS="833" VPOS="744" WIDTH="110" HEIGHT="27" WC="0.91" CONTENT="tilläggas,"/><SP WIDTH="25" VPOS="744" HPOS="943"/>
							<String ID="string_184" HPOS="968" VPOS="745" WIDTH="33" HEIGHT="19" WC="0.96" CONTENT="att"/>
						</TextLine>
						<TextLine ID="line_23" HPOS="177" VPOS="771" WIDTH="823" HEIGHT="29">
							<String ID="string_185" HPOS="177" VPOS="772" WIDTH="114" HEIGHT="20" WC="0.92" CONTENT="faddrarne"/><SP WIDTH="16" VPOS="772" HPOS="291"/>
							<String ID="string_186" HPOS="307" VPOS="771" WIDTH="57" HEIGHT="21" WC="0.92" CONTENT="lofva"/><SP WIDTH="15" VPOS="771" HPOS="364"/>
							<String ID="string_187" HPOS="379" VPOS="774" WIDTH="33" HEIGHT="18" WC="0.93" CONTENT="att"/><SP WIDTH="14" VPOS="774" HPOS="412"/>
							<String ID="string_188" HPOS="426" VPOS="772" WIDTH="112" HEIGHT="28" WC="0.91" CONTENT="uppfostra"/><SP WIDTH="14" VPOS="772" HPOS="538"/>
							<String ID="string_189" HPOS="552" VPOS="773" WIDTH="75" HEIGHT="20" WC="0.93" CONTENT="barnet"/><SP WIDTH="15" VPOS="773" HPOS="627"/>
							<String ID="string_190" HPOS="642" VPOS="772" WIDTH="6" HEIGHT="21" WC="0.96" CONTENT="i"/><SP WIDTH="17" VPOS="772" HPOS="648"/>
							<String ID="string_191" HPOS="665" VPOS="772" WIDTH="40" HEIGHT="21" WC="0.97" CONTENT="den"/><SP WIDTH="16" VPOS="772" HPOS="705"/>
							<String ID="string_192" HPOS="721" VPOS="772" WIDTH="96" HEIGHT="27" WC="0.96" CONTENT="religion,"/><SP WIDTH="16" VPOS="772" HPOS="817"/>
							<String ID="string_193" HPOS="833" VPOS="772" WIDTH="31" HEIGHT="20" WC="0.93" CONTENT="till"/><SP WIDTH="12" VPOS="772" HPOS="864"/>
							<String ID="string_194" HPOS="876" VPOS="772" WIDTH="86" HEIGHT="20" WC="0.93" CONTENT="hvilken"/><SP WIDTH="12" VPOS="772" HPOS="962"/>
							<String ID="string_195" HPOS="974" VPOS="772" WIDTH="26" HEIGHT="20" WC="0.96" CONTENT="de"/>
						</TextLine>
						<TextLine ID="line_24" HPOS="177" VPOS="800" WIDTH="823" HEIGHT="28">
							<String ID="string_196" HPOS="177" VPOS="800" WIDTH="53" HEIGHT="21" WC="0.92" CONTENT="höra"/><SP WIDTH="15" VPOS="800" HPOS="230"/>
							<String ID="string_197" HPOS="245" VPOS="800" WIDTH="40" HEIGHT="21" WC="0.96" CONTENT="och"/><SP WIDTH="16" VPOS="800" HPOS="285"/>
							<String ID="string_198" HPOS="301" VPOS="800" WIDTH="61" HEIGHT="21" WC="0.96" CONTENT="detta"/><SP WIDTH="22" VPOS="800" HPOS="362"/>
							<String ID="string_199" HPOS="384" VPOS="800" WIDTH="72" HEIGHT="21" WC="0.96" CONTENT="kunna"/><SP WIDTH="18" VPOS="800" HPOS="456"/>
							<String ID="string_200" HPOS="474" VPOS="800" WIDTH="27" HEIGHT="21" WC="0.93" CONTENT="de"/><SP WIDTH="16" VPOS="800" HPOS="501"/>
							<String ID="string_201" HPOS="517" VPOS="800" WIDTH="105" HEIGHT="28" WC="0.92" CONTENT="svärligen"/><SP WIDTH="17" VPOS="800" HPOS="622"/>
							<String ID="string_202" HPOS="639" VPOS="802" WIDTH="59" HEIGHT="26" WC="0.95" CONTENT="göra,"/><SP WIDTH="16" VPOS="802" HPOS="698"/>
							<String ID="string_203" HPOS="714" VPOS="807" WIDTH="34" HEIGHT="14" WC="0.96" CONTENT="om"/><SP WIDTH="16" VPOS="807" HPOS="748"/>
							<String ID="string_204" HPOS="764" VPOS="800" WIDTH="26" HEIGHT="20" WC="0.93" CONTENT="de"/><SP WIDTH="16" VPOS="800" HPOS="790"/>
							<String ID="string_205" HPOS="806" VPOS="800" WIDTH="47" HEIGHT="20" WC="0.93" CONTENT="icke"/><SP WIDTH="16" VPOS="800" HPOS="853"/>
							<String ID="string_206" HPOS="869" VPOS="800" WIDTH="76" HEIGHT="27" WC="0.93" CONTENT="sjelfva"/><SP WIDTH="15" VPOS="800" HPOS="945"/>
							<String ID="string_207" HPOS="960" VPOS="800" WIDTH="40" HEIGHT="20" WC="0.92" CONTENT="till-"/>
						</TextLine>
						<TextLine ID="line_25" HPOS="179" VPOS="828" WIDTH="116" HEIGHT="21">
							<String ID="string_208" HPOS="179" VPOS="829" WIDTH="51" HEIGHT="20" WC="0.93" CONTENT="höra"/><SP WIDTH="16" VPOS="829" HPOS="230"/>
							<String ID="string_209" HPOS="246" VPOS="828" WIDTH="49" HEIGHT="21" WC="0.96" CONTENT="den."/>
						</TextLine>
					</TextBlock>
					<TextBlock ID="block_9" HPOS="178" VPOS="856" WIDTH="822" HEIGHT="56">
						<TextLine ID="line_26" HPOS="246" VPOS="856" WIDTH="754" HEIGHT="28">
							<String ID="string_210" HPOS="246" VPOS="856" WIDTH="34" HEIGHT="21" WC="0.93" CONTENT="Pä"/><SP WIDTH="22" VPOS="856" HPOS="280"/>
							<String ID="string_211" HPOS="302" VPOS="856" WIDTH="156" HEIGHT="28" WC="0.96" CONTENT="framställning"/><SP WIDTH="15" VPOS="856" HPOS="458"/>
							<String ID="string_212" HPOS="473" VPOS="856" WIDTH="23" HEIGHT="21" WC="0.93" CONTENT="af"/><SP WIDTH="14" VPOS="856" HPOS="496"/>
							<String ID="string_213" HPOS="510" VPOS="856" WIDTH="49" HEIGHT="22" WC="0.91" CONTENT="herr"/><SP WIDTH="15" VPOS="856" HPOS="559"/>
							<String ID="string_214" HPOS="574" VPOS="856" WIDTH="198" HEIGHT="21" WC="0.92" CONTENT="landtmarskalken"/><SP WIDTH="15" VPOS="856" HPOS="772"/>
							<String ID="string_215" HPOS="787" VPOS="856" WIDTH="50" HEIGHT="21" WC="0.93" CONTENT="fann"/><SP WIDTH="16" VPOS="856" HPOS="837"/>
							<String ID="string_216" HPOS="853" VPOS="856" WIDTH="147" HEIGHT="27" WC="0.91" CONTENT="ridderskapet"/>
						</TextLine>
						<TextLine ID="line_27" HPOS="178" VPOS="884" WIDTH="597" HEIGHT="28">
							<String ID="string_217" HPOS="178" VPOS="885" WIDTH="40" HEIGHT="21" WC="0.93" CONTENT="och"/><SP WIDTH="16" VPOS="885" HPOS="218"/>
							<String ID="string_218" HPOS="234" VPOS="884" WIDTH="62" HEIGHT="22" WC="0.91" CONTENT="adeln"/><SP WIDTH="16" VPOS="884" HPOS="296"/>
							<String ID="string_219" HPOS="312" VPOS="885" WIDTH="34" HEIGHT="21" WC="0.93" CONTENT="för"/><SP WIDTH="14" VPOS="885" HPOS="346"/>
							<String ID="string_220" HPOS="360" VPOS="885" WIDTH="52" HEIGHT="27" WC="0.92" CONTENT="godt"/><SP WIDTH="16" VPOS="885" HPOS="412"/>
							<String ID="string_221" HPOS="428" VPOS="887" WIDTH="32" HEIGHT="19" WC="0.93" CONTENT="att"/><SP WIDTH="15" VPOS="887" HPOS="460"/>
							<String ID="string_222" HPOS="475" VPOS="887" WIDTH="79" HEIGHT="25" WC="0.91" CONTENT="antaga"/><SP WIDTH="15" VPOS="887" HPOS="554"/>
							<String ID="string_223" HPOS="569" VPOS="886" WIDTH="12" HEIGHT="26" WC="0.92" CONTENT="&amp;"/><SP WIDTH="16" VPOS="886" HPOS="581"/>
							<String ID="string_224" HPOS="597" VPOS="886" WIDTH="27" HEIGHT="20" WC="0.92" CONTENT="42"/><SP WIDTH="16" VPOS="886" HPOS="624"/>
							<String ID="string_225" HPOS="640" VPOS="884" WIDTH="135" HEIGHT="22" WC="0.92" CONTENT="oförändrad."/>
						</TextLine>
					</TextBlock>
					<TextBlock ID="block_10" HPOS="543" VPOS="925" WIDTH="87" HEIGHT="66">
						<TextLine ID="line_28" HPOS="543" VPOS="925" WIDTH="87" HEIGHT="27">
							<String ID="string_226" HPOS="543" VPOS="925" WIDTH="14" HEIGHT="20" WC="0.95" CONTENT="6"/><SP WIDTH="15" VPOS="925" HPOS="557"/>
							<String ID="string_227" HPOS="572" VPOS="925" WIDTH="58" HEIGHT="27" WC="0.95" CONTENT="Kap."/>
						</TextLine>
						<TextLine ID="line_29" HPOS="558" VPOS="965" WIDTH="61" HEIGHT="26">
							<String ID="string_228" HPOS="558" VPOS="965" WIDTH="11" HEIGHT="26" WC="0.91" CONTENT="8"/><SP WIDTH="16" VPOS="965" HPOS="569"/>
							<String ID="string_229" HPOS="585" VPOS="965" WIDTH="34" HEIGHT="20" WC="0.93" CONTENT="43."/>
						</TextLine>
					</TextBlock>
					<TextBlock ID="block_11" HPOS="177" VPOS="997" WIDTH="825" HEIGHT="422">
						<TextLine ID="line_30" HPOS="246" VPOS="997" WIDTH="754" HEIGHT="27">
							<String ID="string_230" HPOS="246" VPOS="997" WIDTH="58" HEIGHT="21" WC="0.96" CONTENT="Herr"/><SP WIDTH="16" VPOS="997" HPOS="304"/>
							<String ID="string_231" HPOS="320" VPOS="997" WIDTH="106" HEIGHT="26" WC="0.93" CONTENT="Linder,"/><SP WIDTH="16" VPOS="997" HPOS="426"/>
							<String ID="string_232" HPOS="442" VPOS="997" WIDTH="37" HEIGHT="21" WC="0.91" CONTENT="E.:"/><SP WIDTH="23" VPOS="997" HPOS="479"/>
							<String ID="string_233" HPOS="502" VPOS="997" WIDTH="46" HEIGHT="21" WC="0.97" CONTENT="Mot"/><SP WIDTH="23" VPOS="997" HPOS="548"/>
							<String ID="string_234" HPOS="571" VPOS="998" WIDTH="70" HEIGHT="20" WC="0.93" CONTENT="denna"/><SP WIDTH="20" VPOS="998" HPOS="641"/>
							<String ID="string_235" HPOS="661" VPOS="998" WIDTH="7" HEIGHT="26" WC="0.92" CONTENT="$"/><SP WIDTH="20" VPOS="998" HPOS="668"/>
							<String ID="string_236" HPOS="688" VPOS="998" WIDTH="40" HEIGHT="19" WC="0.96" CONTENT="har"/><SP WIDTH="19" VPOS="998" HPOS="728"/>
							<String ID="string_237" HPOS="747" VPOS="998" WIDTH="38" HEIGHT="26" WC="0.92" CONTENT="jag"/><SP WIDTH="22" VPOS="998" HPOS="785"/>
							<String ID="string_238" HPOS="807" VPOS="999" WIDTH="121" HEIGHT="19" WC="0.92" CONTENT="reserverat"/><SP WIDTH="23" VPOS="999" HPOS="928"/>
							<String ID="string_239" HPOS="951" VPOS="998" WIDTH="49" HEIGHT="26" WC="0.96" CONTENT="mig."/>
						</TextLine>
						<TextLine ID="line_31" HPOS="179" VPOS="1025" WIDTH="822" HEIGHT="28">
							<String ID="string_240" HPOS="179" VPOS="1025" WIDTH="74" HEIGHT="28" WC="0.95" CONTENT="Enligt"/><SP WIDTH="15" VPOS="1025" HPOS="253"/>
							<String ID="string_241" HPOS="268" VPOS="1025" WIDTH="49" HEIGHT="21" WC="0.93" CONTENT="dess"/><SP WIDTH="17" VPOS="1025" HPOS="317"/>
							<String ID="string_242" HPOS="334" VPOS="1025" WIDTH="132" HEIGHT="28" WC="0.92" CONTENT="ordalydelse"/><SP WIDTH="16" VPOS="1025" HPOS="466"/>
							<String ID="string_243" HPOS="482" VPOS="1028" WIDTH="45" HEIGHT="18" WC="0.93" CONTENT="tror"/><SP WIDTH="13" VPOS="1028" HPOS="527"/>
							<String ID="string_244" HPOS="540" VPOS="1026" WIDTH="45" HEIGHT="27" WC="0.96" CONTENT="jag,"/><SP WIDTH="16" VPOS="1026" HPOS="585"/>
							<String ID="string_245" HPOS="601" VPOS="1027" WIDTH="31" HEIGHT="19" WC="0.96" CONTENT="att"/><SP WIDTH="16" VPOS="1027" HPOS="632"/>
							<String ID="string_246" HPOS="648" VPOS="1025" WIDTH="36" HEIGHT="21" WC="0.96" CONTENT="det"/><SP WIDTH="17" VPOS="1025" HPOS="684"/>
							<String ID="string_247" HPOS="701" VPOS="1025" WIDTH="70" HEIGHT="20" WC="0.93" CONTENT="kunde"/><SP WIDTH="16" VPOS="1025" HPOS="771"/>
							<String ID="string_248" HPOS="787" VPOS="1025" WIDTH="75" HEIGHT="26" WC="0.91" CONTENT="hända,"/><SP WIDTH="16" VPOS="1025" HPOS="862"/>
							<String ID="string_249" HPOS="878" VPOS="1027" WIDTH="32" HEIGHT="19" WC="0.97" CONTENT="att"/><SP WIDTH="11" VPOS="1027" HPOS="910"/>
							<String ID="string_250" HPOS="921" VPOS="1027" WIDTH="31" HEIGHT="18" WC="0.97" CONTENT="ett"/><SP WIDTH="11" VPOS="1027" HPOS="952"/>
							<String ID="string_251" HPOS="963" VPOS="1033" WIDTH="38" HEIGHT="20" WC="0.96" CONTENT="par"/>
						</TextLine>
						<TextLine ID="line_32" HPOS="178" VPOS="1053" WIDTH="821" HEIGHT="28">
							<String ID="string_252" HPOS="178" VPOS="1054" WIDTH="110" HEIGHT="26" WC="0.92" CONTENT="föräldrar,"/><SP WIDTH="24" VPOS="1054" HPOS="288"/>
							<String ID="string_253" HPOS="312" VPOS="1061" WIDTH="45" HEIGHT="13" WC="0.93" CONTENT="som"/><SP WIDTH="22" VPOS="1061" HPOS="357"/>
							<String ID="string_254" HPOS="379" VPOS="1053" WIDTH="64" HEIGHT="21" WC="0.92" CONTENT="hafva"/><SP WIDTH="14" VPOS="1053" HPOS="443"/>
							<String ID="string_255" HPOS="457" VPOS="1053" WIDTH="47" HEIGHT="21" WC="0.92" CONTENT="lätit"/><SP WIDTH="17" VPOS="1053" HPOS="504"/>
							<String ID="string_256" HPOS="521" VPOS="1054" WIDTH="56" HEIGHT="27" WC="0.92" CONTENT="döpa"/><SP WIDTH="16" VPOS="1054" HPOS="577"/>
							<String ID="string_257" HPOS="593" VPOS="1055" WIDTH="38" HEIGHT="19" WC="0.95" CONTENT="sitt"/><SP WIDTH="15" VPOS="1055" HPOS="631"/>
							<String ID="string_258" HPOS="646" VPOS="1054" WIDTH="52" HEIGHT="20" WC="0.96" CONTENT="barn"/><SP WIDTH="17" VPOS="1054" HPOS="698"/>
							<String ID="string_259" HPOS="715" VPOS="1054" WIDTH="29" HEIGHT="20" WC="0.92" CONTENT="till"/><SP WIDTH="17" VPOS="1054" HPOS="744"/>
							<String ID="string_260" HPOS="761" VPOS="1053" WIDTH="111" HEIGHT="21" WC="0.92" CONTENT="lutherska"/><SP WIDTH="15" VPOS="1053" HPOS="872"/>
							<String ID="string_261" HPOS="887" VPOS="1054" WIDTH="57" HEIGHT="20" WC="0.92" CONTENT="läran"/><SP WIDTH="17" VPOS="1054" HPOS="944"/>
							<String ID="string_262" HPOS="961" VPOS="1053" WIDTH="38" HEIGHT="21" WC="0.96" CONTENT="och"/>
						</TextLine>
						<TextLine ID="line_33" HPOS="178" VPOS="1081" WIDTH="822" HEIGHT="28">
							<String ID="string_263" HPOS="178" VPOS="1089" WIDTH="45" HEIGHT="14" WC="0.96" CONTENT="som"/><SP WIDTH="17" VPOS="1089" HPOS="223"/>
							<String ID="string_264" HPOS="240" VPOS="1082" WIDTH="55" HEIGHT="20" WC="0.96" CONTENT="efter"/><SP WIDTH="16" VPOS="1082" HPOS="295"/>
							<String ID="string_265" HPOS="311" VPOS="1082" WIDTH="49" HEIGHT="21" WC="0.93" CONTENT="dess"/><SP WIDTH="15" VPOS="1082" HPOS="360"/>
							<String ID="string_266" HPOS="375" VPOS="1081" WIDTH="87" HEIGHT="28" WC="0.92" CONTENT="döpelse"/><SP WIDTH="20" VPOS="1081" HPOS="462"/>
							<String ID="string_267" HPOS="482" VPOS="1082" WIDTH="63" HEIGHT="20" WC="0.92" CONTENT="hafva"/><SP WIDTH="16" VPOS="1082" HPOS="545"/>
							<String ID="string_268" HPOS="561" VPOS="1083" WIDTH="107" HEIGHT="26" WC="0.92" CONTENT="öfvergätt"/><SP WIDTH="16" VPOS="1083" HPOS="668"/>
							<String ID="string_269" HPOS="684" VPOS="1082" WIDTH="32" HEIGHT="20" WC="0.95" CONTENT="till"/><SP WIDTH="16" VPOS="1082" HPOS="716"/>
							<String ID="string_270" HPOS="732" VPOS="1082" WIDTH="130" HEIGHT="27" WC="0.95" CONTENT="exempelvis"/><SP WIDTH="17" VPOS="1082" HPOS="862"/>
							<String ID="string_271" HPOS="879" VPOS="1081" WIDTH="40" HEIGHT="21" WC="0.93" CONTENT="den"/><SP WIDTH="16" VPOS="1081" HPOS="919"/>
							<String ID="string_272" HPOS="935" VPOS="1082" WIDTH="65" HEIGHT="21" WC="0.93" CONTENT="refor-"/>
						</TextLine>
						<TextLine ID="line_34" HPOS="179" VPOS="1109" WIDTH="821" HEIGHT="28">
							<String ID="string_273" HPOS="179" VPOS="1113" WIDTH="67" HEIGHT="18" WC="0.95" CONTENT="merta"/><SP WIDTH="16" VPOS="1113" HPOS="246"/>
							<String ID="string_274" HPOS="262" VPOS="1110" WIDTH="91" HEIGHT="27" WC="0.96" CONTENT="kyrkan,"/><SP WIDTH="23" VPOS="1110" HPOS="353"/>
							<String ID="string_275" HPOS="376" VPOS="1109" WIDTH="68" HEIGHT="21" WC="0.96" CONTENT="skulle"/><SP WIDTH="16" VPOS="1109" HPOS="444"/>
							<String ID="string_276" HPOS="460" VPOS="1117" WIDTH="22" HEIGHT="14" WC="0.96" CONTENT="se"/><SP WIDTH="17" VPOS="1117" HPOS="482"/>
							<String ID="string_277" HPOS="499" VPOS="1110" WIDTH="32" HEIGHT="27" WC="0.93" CONTENT="sig"/><SP WIDTH="15" VPOS="1110" HPOS="531"/>
							<String ID="string_278" HPOS="546" VPOS="1110" WIDTH="165" HEIGHT="26" WC="0.92" CONTENT="underkastade,"/><SP WIDTH="17" VPOS="1110" HPOS="711"/>
							<String ID="string_279" HPOS="728" VPOS="1112" WIDTH="32" HEIGHT="19" WC="0.93" CONTENT="att"/><SP WIDTH="16" VPOS="1112" HPOS="760"/>
							<String ID="string_280" HPOS="776" VPOS="1112" WIDTH="86" HEIGHT="25" WC="0.92" CONTENT="presten"/><SP WIDTH="16" VPOS="1112" HPOS="862"/>
							<String ID="string_281" HPOS="878" VPOS="1112" WIDTH="49" HEIGHT="25" WC="0.92" CONTENT="toge"/><SP WIDTH="16" VPOS="1112" HPOS="927"/>
							<String ID="string_282" HPOS="943" VPOS="1110" WIDTH="57" HEIGHT="21" WC="0.96" CONTENT="hand"/>
						</TextLine>
						<TextLine ID="line_35" HPOS="178" VPOS="1138" WIDTH="822" HEIGHT="27">
							<String ID="string_283" HPOS="178" VPOS="1146" WIDTH="34" HEIGHT="13" WC="0.96" CONTENT="om"/><SP WIDTH="16" VPOS="1146" HPOS="212"/>
							<String ID="string_284" HPOS="228" VPOS="1139" WIDTH="62" HEIGHT="20" WC="0.93" CONTENT="deras"/><SP WIDTH="24" VPOS="1139" HPOS="290"/>
							<String ID="string_285" HPOS="314" VPOS="1139" WIDTH="64" HEIGHT="20" WC="0.91" CONTENT="barns"/><SP WIDTH="23" VPOS="1139" HPOS="378"/>
							<String ID="string_286" HPOS="401" VPOS="1138" WIDTH="134" HEIGHT="27" WC="0.91" CONTENT="uppfostran."/><SP WIDTH="32" VPOS="1138" HPOS="535"/>
							<String ID="string_287" HPOS="567" VPOS="1139" WIDTH="33" HEIGHT="20" WC="0.96" CONTENT="De"/><SP WIDTH="25" VPOS="1139" HPOS="600"/>
							<String ID="string_288" HPOS="625" VPOS="1138" WIDTH="68" HEIGHT="21" WC="0.93" CONTENT="skulle"/><SP WIDTH="16" VPOS="1138" HPOS="693"/>
							<String ID="string_289" HPOS="709" VPOS="1139" WIDTH="47" HEIGHT="20" WC="0.92" CONTENT="icke"/><SP WIDTH="16" VPOS="1139" HPOS="756"/>
							<String ID="string_290" HPOS="772" VPOS="1138" WIDTH="65" HEIGHT="20" WC="0.92" CONTENT="hafva"/><SP WIDTH="15" VPOS="1138" HPOS="837"/>
							<String ID="string_291" HPOS="852" VPOS="1145" WIDTH="58" HEIGHT="13" WC="0.93" CONTENT="mera"/><SP WIDTH="15" VPOS="1145" HPOS="910"/>
							<String ID="string_292" HPOS="925" VPOS="1139" WIDTH="75" HEIGHT="26" WC="0.92" CONTENT="rättig-"/>
						</TextLine>
						<TextLine ID="line_36" HPOS="177" VPOS="1166" WIDTH="823" HEIGHT="28">
							<String ID="string_293" HPOS="177" VPOS="1167" WIDTH="37" HEIGHT="20" WC="0.96" CONTENT="het"/><SP WIDTH="16" VPOS="1167" HPOS="214"/>
							<String ID="string_294" HPOS="230" VPOS="1169" WIDTH="30" HEIGHT="18" WC="0.93" CONTENT="att"/><SP WIDTH="16" VPOS="1169" HPOS="260"/>
							<String ID="string_295" HPOS="276" VPOS="1167" WIDTH="113" HEIGHT="27" WC="0.91" CONTENT="uppfostra"/><SP WIDTH="21" VPOS="1167" HPOS="389"/>
							<String ID="string_296" HPOS="410" VPOS="1167" WIDTH="37" HEIGHT="20" WC="0.96" CONTENT="sitt"/><SP WIDTH="24" VPOS="1167" HPOS="447"/>
							<String ID="string_297" HPOS="471" VPOS="1167" WIDTH="51" HEIGHT="20" WC="0.96" CONTENT="barn"/><SP WIDTH="17" VPOS="1167" HPOS="522"/>
							<String ID="string_298" HPOS="539" VPOS="1167" WIDTH="5" HEIGHT="20" WC="0.96" CONTENT="i"/><SP WIDTH="17" VPOS="1167" HPOS="544"/>
							<String ID="string_299" HPOS="561" VPOS="1167" WIDTH="41" HEIGHT="20" WC="0.93" CONTENT="den"/><SP WIDTH="18" VPOS="1167" HPOS="602"/>
							<String ID="string_300" HPOS="620" VPOS="1167" WIDTH="55" HEIGHT="26" WC="0.92" CONTENT="lära,"/><SP WIDTH="16" VPOS="1167" HPOS="675"/>
							<String ID="string_301" HPOS="691" VPOS="1167" WIDTH="31" HEIGHT="20" WC="0.93" CONTENT="till"/><SP WIDTH="17" VPOS="1167" HPOS="722"/>
							<String ID="string_302" HPOS="739" VPOS="1166" WIDTH="86" HEIGHT="21" WC="0.92" CONTENT="hvilken"/><SP WIDTH="16" VPOS="1166" HPOS="825"/>
							<String ID="string_303" HPOS="841" VPOS="1167" WIDTH="25" HEIGHT="19" WC="0.93" CONTENT="de"/><SP WIDTH="17" VPOS="1167" HPOS="866"/>
							<String ID="string_304" HPOS="883" VPOS="1166" WIDTH="117" HEIGHT="27" WC="0.92" CONTENT="öfvergätt,"/>
						</TextLine>
						<TextLine ID="line_37" HPOS="177" VPOS="1194" WIDTH="823" HEIGHT="28">
							<String ID="string_305" HPOS="177" VPOS="1195" WIDTH="62" HEIGHT="20" WC="0.96" CONTENT="äfven"/><SP WIDTH="17" VPOS="1195" HPOS="239"/>
							<String ID="string_306" HPOS="256" VPOS="1202" WIDTH="34" HEIGHT="13" WC="0.96" CONTENT="om"/><SP WIDTH="16" VPOS="1202" HPOS="290"/>
							<String ID="string_307" HPOS="306" VPOS="1195" WIDTH="53" HEIGHT="26" WC="0.0" CONTENT="den,"/><SP WIDTH="16" VPOS="1195" HPOS="359"/>
							<String ID="string_308" HPOS="375" VPOS="1195" WIDTH="6" HEIGHT="20" WC="0.0" CONTENT="i"/><SP WIDTH="17" VPOS="1195" HPOS="381"/>
							<String ID="string_309" HPOS="398" VPOS="1195" WIDTH="53" HEIGHT="20" WC="0.96" CONTENT="huru"/><SP WIDTH="22" VPOS="1195" HPOS="451"/>
							<String ID="string_310" HPOS="473" VPOS="1194" WIDTH="52" HEIGHT="21" WC="0.96" CONTENT="liten"/><SP WIDTH="20" VPOS="1194" HPOS="525"/>
							<String ID="string_311" HPOS="545" VPOS="1195" WIDTH="52" HEIGHT="27" WC="0.96" CONTENT="grad"/><SP WIDTH="20" VPOS="1195" HPOS="597"/>
							<String ID="string_312" HPOS="617" VPOS="1202" WIDTH="44" HEIGHT="13" WC="0.96" CONTENT="som"/><SP WIDTH="17" VPOS="1202" HPOS="661"/>
							<String ID="string_313" HPOS="678" VPOS="1195" WIDTH="65" HEIGHT="25" WC="0.93" CONTENT="helst,"/><SP WIDTH="23" VPOS="1195" HPOS="743"/>
							<String ID="string_314" HPOS="766" VPOS="1195" WIDTH="68" HEIGHT="20" WC="0.96" CONTENT="skilde"/><SP WIDTH="17" VPOS="1195" HPOS="834"/>
							<String ID="string_315" HPOS="851" VPOS="1194" WIDTH="31" HEIGHT="27" WC="0.93" CONTENT="sig"/><SP WIDTH="15" VPOS="1194" HPOS="882"/>
							<String ID="string_316" HPOS="897" VPOS="1194" WIDTH="47" HEIGHT="21" WC="0.96" CONTENT="från"/><SP WIDTH="16" VPOS="1194" HPOS="944"/>
							<String ID="string_317" HPOS="960" VPOS="1194" WIDTH="40" HEIGHT="21" WC="0.96" CONTENT="den"/>
						</TextLine>
						<TextLine ID="line_38" HPOS="177" VPOS="1222" WIDTH="822" HEIGHT="28">
							<String ID="string_318" HPOS="177" VPOS="1223" WIDTH="51" HEIGHT="27" WC="0.96" CONTENT="lära,"/><SP WIDTH="14" VPOS="1223" HPOS="228"/>
							<String ID="string_319" HPOS="242" VPOS="1223" WIDTH="32" HEIGHT="21" WC="0.93" CONTENT="till"/><SP WIDTH="16" VPOS="1223" HPOS="274"/>
							<String ID="string_320" HPOS="290" VPOS="1223" WIDTH="85" HEIGHT="20" WC="0.95" CONTENT="hvilken"/><SP WIDTH="24" VPOS="1223" HPOS="375"/>
							<String ID="string_321" HPOS="399" VPOS="1223" WIDTH="75" HEIGHT="20" WC="0.95" CONTENT="barnet"/><SP WIDTH="24" VPOS="1223" HPOS="474"/>
							<String ID="string_322" HPOS="498" VPOS="1224" WIDTH="37" HEIGHT="19" WC="0.93" CONTENT="har"/><SP WIDTH="24" VPOS="1224" HPOS="535"/>
							<String ID="string_323" HPOS="559" VPOS="1223" WIDTH="68" HEIGHT="20" WC="0.92" CONTENT="blifvit"/><SP WIDTH="19" VPOS="1223" HPOS="627"/>
							<String ID="string_324" HPOS="646" VPOS="1223" WIDTH="58" HEIGHT="27" WC="0.93" CONTENT="döpt."/><SP WIDTH="31" VPOS="1223" HPOS="704"/>
							<String ID="string_325" HPOS="735" VPOS="1223" WIDTH="131" HEIGHT="26" WC="0.89" CONTENT="Derigenom"/><SP WIDTH="16" VPOS="1223" HPOS="866"/>
							<String ID="string_326" HPOS="882" VPOS="1222" WIDTH="71" HEIGHT="21" WC="0.93" CONTENT="kunde"/><SP WIDTH="17" VPOS="1222" HPOS="953"/>
							<String ID="string_327" HPOS="970" VPOS="1223" WIDTH="29" HEIGHT="20" WC="0.93" CONTENT="ät-"/>
						</TextLine>
						<TextLine ID="line_39" HPOS="177" VPOS="1250" WIDTH="825" HEIGHT="29">
							<String ID="string_328" HPOS="177" VPOS="1251" WIDTH="85" HEIGHT="28" WC="0.90" CONTENT="skilliga"/><SP WIDTH="15" VPOS="1251" HPOS="262"/>
							<String ID="string_329" HPOS="277" VPOS="1251" WIDTH="114" HEIGHT="21" WC="0.92" CONTENT="händelser"/><SP WIDTH="15" VPOS="1251" HPOS="391"/>
							<String ID="string_330" HPOS="406" VPOS="1251" WIDTH="95" HEIGHT="26" WC="0.92" CONTENT="inträffa,"/><SP WIDTH="20" VPOS="1251" HPOS="501"/>
							<String ID="string_331" HPOS="521" VPOS="1258" WIDTH="46" HEIGHT="14" WC="0.96" CONTENT="som"/><SP WIDTH="16" VPOS="1258" HPOS="567"/>
							<String ID="string_332" HPOS="583" VPOS="1251" WIDTH="38" HEIGHT="20" WC="0.96" CONTENT="bra"/><SP WIDTH="16" VPOS="1251" HPOS="621"/>
							<String ID="string_333" HPOS="637" VPOS="1257" WIDTH="41" HEIGHT="22" WC="0.96" CONTENT="nog"/><SP WIDTH="17" VPOS="1257" HPOS="678"/>
							<String ID="string_334" HPOS="695" VPOS="1251" WIDTH="71" HEIGHT="20" WC="0.93" CONTENT="kunde"/><SP WIDTH="16" VPOS="1251" HPOS="766"/>
							<String ID="string_335" HPOS="782" VPOS="1253" WIDTH="73" HEIGHT="18" WC="0.90" CONTENT="närma"/><SP WIDTH="16" VPOS="1253" HPOS="855"/>
							<String ID="string_336" HPOS="871" VPOS="1251" WIDTH="32" HEIGHT="26" WC="0.96" CONTENT="sig"/><SP WIDTH="15" VPOS="1251" HPOS="903"/>
							<String ID="string_337" HPOS="918" VPOS="1250" WIDTH="41" HEIGHT="21" WC="0.96" CONTENT="den"/><SP WIDTH="15" VPOS="1250" HPOS="959"/>
							<String ID="string_338" HPOS="974" VPOS="1251" WIDTH="28" HEIGHT="26" WC="0.96" CONTENT="pä"/>
						</TextLine>
						<TextLine ID="line_40" HPOS="178" VPOS="1279" WIDTH="823" HEIGHT="27">
							<String ID="string_339" HPOS="178" VPOS="1280" WIDTH="32" HEIGHT="20" WC="0.96" CONTENT="sin"/><SP WIDTH="16" VPOS="1280" HPOS="210"/>
							<String ID="string_340" HPOS="226" VPOS="1279" WIDTH="30" HEIGHT="21" WC="0.96" CONTENT="tid"/><SP WIDTH="17" VPOS="1279" HPOS="256"/>
							<String ID="string_341" HPOS="273" VPOS="1280" WIDTH="23" HEIGHT="20" WC="0.93" CONTENT="sä"/><SP WIDTH="16" VPOS="1280" HPOS="296"/>
							<String ID="string_342" HPOS="312" VPOS="1279" WIDTH="118" HEIGHT="27" WC="0.92" CONTENT="beryktade"/><SP WIDTH="17" VPOS="1279" HPOS="430"/>
							<String ID="string_343" HPOS="447" VPOS="1279" WIDTH="94" HEIGHT="21" WC="0.92" CONTENT="Mortara"/><SP WIDTH="15" VPOS="1279" HPOS="541"/>
							<String ID="string_344" HPOS="556" VPOS="1279" WIDTH="111" HEIGHT="21" WC="0.91" CONTENT="historien."/><SP WIDTH="31" VPOS="1279" HPOS="667"/>
							<String ID="string_345" HPOS="698" VPOS="1279" WIDTH="42" HEIGHT="27" WC="0.96" CONTENT="Jag"/><SP WIDTH="16" VPOS="1279" HPOS="740"/>
							<String ID="string_346" HPOS="756" VPOS="1279" WIDTH="39" HEIGHT="21" WC="0.93" CONTENT="har"/><SP WIDTH="16" VPOS="1279" HPOS="795"/>
							<String ID="string_347" HPOS="811" VPOS="1279" WIDTH="110" HEIGHT="27" WC="0.91" CONTENT="föreslagit"/><SP WIDTH="15" VPOS="1279" HPOS="921"/>
							<String ID="string_348" HPOS="936" VPOS="1279" WIDTH="6" HEIGHT="20" WC="0.96" CONTENT="i"/><SP WIDTH="16" VPOS="1279" HPOS="942"/>
							<String ID="string_349" HPOS="958" VPOS="1279" WIDTH="43" HEIGHT="20" WC="0.97" CONTENT="min"/>
						</TextLine>
						<TextLine ID="line_41" HPOS="177" VPOS="1307" WIDTH="824" HEIGHT="28">
							<String ID="string_350" HPOS="177" VPOS="1308" WIDTH="133" HEIGHT="20" WC="0.96" CONTENT="reservation"/><SP WIDTH="23" VPOS="1308" HPOS="310"/>
							<String ID="string_351" HPOS="333" VPOS="1310" WIDTH="31" HEIGHT="18" WC="0.96" CONTENT="ett"/><SP WIDTH="22" VPOS="1310" HPOS="364"/>
							<String ID="string_352" HPOS="386" VPOS="1307" WIDTH="47" HEIGHT="21" WC="0.93" CONTENT="litet"/><SP WIDTH="23" VPOS="1307" HPOS="433"/>
							<String ID="string_353" HPOS="456" VPOS="1307" WIDTH="74" HEIGHT="28" WC="0.96" CONTENT="tillägg"/><SP WIDTH="16" VPOS="1307" HPOS="530"/>
							<String ID="string_354" HPOS="546" VPOS="1308" WIDTH="32" HEIGHT="20" WC="0.96" CONTENT="till"/><SP WIDTH="16" VPOS="1308" HPOS="578"/>
							<String ID="string_355" HPOS="594" VPOS="1308" WIDTH="18" HEIGHT="27" WC="0.70" CONTENT="8."/><SP WIDTH="32" VPOS="1308" HPOS="612"/>
							<String ID="string_356" HPOS="644" VPOS="1324" WIDTH="4" HEIGHT="8" WC="0.92" CONTENT=","/><SP WIDTH="4" VPOS="1324" HPOS="648"/>
							<String ID="string_357" HPOS="652" VPOS="1307" WIDTH="69" HEIGHT="25" WC="0.96" CONTENT="Dock"/><SP WIDTH="16" VPOS="1307" HPOS="721"/>
							<String ID="string_358" HPOS="737" VPOS="1308" WIDTH="35" HEIGHT="20" WC="0.93" CONTENT="mä"/><SP WIDTH="14" VPOS="1308" HPOS="772"/>
							<String ID="string_359" HPOS="786" VPOS="1307" WIDTH="21" HEIGHT="27" WC="0.96" CONTENT="ej"/><SP WIDTH="15" VPOS="1307" HPOS="807"/>
							<String ID="string_360" HPOS="822" VPOS="1307" WIDTH="111" HEIGHT="25" WC="0.93" CONTENT="föräldrar,"/><SP WIDTH="16" VPOS="1307" HPOS="933"/>
							<String ID="string_361" HPOS="949" VPOS="1307" WIDTH="52" HEIGHT="20" WC="0.90" CONTENT="hvil-"/>
						</TextLine>
						<TextLine ID="line_42" HPOS="177" VPOS="1335" WIDTH="825" HEIGHT="27">
							<String ID="string_362" HPOS="177" VPOS="1336" WIDTH="39" HEIGHT="20" WC="0.96" CONTENT="kas"/><SP WIDTH="16" VPOS="1336" HPOS="216"/>
							<String ID="string_363" HPOS="232" VPOS="1336" WIDTH="52" HEIGHT="20" WC="0.93" CONTENT="barn"/><SP WIDTH="16" VPOS="1336" HPOS="284"/>
							<String ID="string_364" HPOS="300" VPOS="1336" WIDTH="70" HEIGHT="20" WC="0.96" CONTENT="blifvit"/><SP WIDTH="15" VPOS="1336" HPOS="370"/>
							<String ID="string_365" HPOS="385" VPOS="1335" WIDTH="65" HEIGHT="27" WC="0.96" CONTENT="döpta"/><SP WIDTH="15" VPOS="1335" HPOS="450"/>
							<String ID="string_366" HPOS="465" VPOS="1335" WIDTH="24" HEIGHT="21" WC="0.93" CONTENT="af"/><SP WIDTH="14" VPOS="1335" HPOS="489"/>
							<String ID="string_367" HPOS="503" VPOS="1336" WIDTH="96" HEIGHT="20" WC="0.93" CONTENT="luthersk"/><SP WIDTH="24" VPOS="1336" HPOS="599"/>
							<String ID="string_368" HPOS="623" VPOS="1338" WIDTH="68" HEIGHT="24" WC="0.90" CONTENT="prest,"/><SP WIDTH="20" VPOS="1338" HPOS="691"/>
							<String ID="string_369" HPOS="711" VPOS="1342" WIDTH="48" HEIGHT="14" WC="0.93" CONTENT="men"/><SP WIDTH="17" VPOS="1342" HPOS="759"/>
							<String ID="string_370" HPOS="776" VPOS="1335" WIDTH="72" HEIGHT="20" WC="0.96" CONTENT="hvilka"/><SP WIDTH="15" VPOS="1335" HPOS="848"/>
							<String ID="string_371" HPOS="863" VPOS="1335" WIDTH="93" HEIGHT="20" WC="0.93" CONTENT="derefter"/><SP WIDTH="16" VPOS="1335" HPOS="956"/>
							<String ID="string_372" HPOS="972" VPOS="1335" WIDTH="30" HEIGHT="19" WC="0.87" CONTENT="öf-"/>
						</TextLine>
						<TextLine ID="line_43" HPOS="179" VPOS="1362" WIDTH="823" HEIGHT="30">
							<String ID="string_373" HPOS="179" VPOS="1364" WIDTH="84" HEIGHT="28" WC="0.92" CONTENT="vergätt"/><SP WIDTH="15" VPOS="1364" HPOS="263"/>
							<String ID="string_374" HPOS="278" VPOS="1364" WIDTH="32" HEIGHT="20" WC="0.96" CONTENT="till"/><SP WIDTH="15" VPOS="1364" HPOS="310"/>
							<String ID="string_375" HPOS="325" VPOS="1366" WIDTH="65" HEIGHT="18" WC="0.93" CONTENT="annat"/><SP WIDTH="16" VPOS="1366" HPOS="390"/>
							<String ID="string_376" HPOS="406" VPOS="1363" WIDTH="206" HEIGHT="27" WC="0.90" CONTENT="religionssamfund,"/><SP WIDTH="17" VPOS="1363" HPOS="612"/>
							<String ID="string_377" HPOS="629" VPOS="1363" WIDTH="87" HEIGHT="21" WC="0.93" CONTENT="hindras"/><SP WIDTH="15" VPOS="1363" HPOS="716"/>
							<String ID="string_378" HPOS="731" VPOS="1364" WIDTH="47" HEIGHT="20" WC="0.93" CONTENT="frän"/><SP WIDTH="12" VPOS="1364" HPOS="778"/>
							<String ID="string_379" HPOS="790" VPOS="1365" WIDTH="31" HEIGHT="18" WC="0.93" CONTENT="att"/><SP WIDTH="11" VPOS="1365" HPOS="821"/>
							<String ID="string_380" HPOS="832" VPOS="1363" WIDTH="114" HEIGHT="27" WC="0.92" CONTENT="uppfostra"/><SP WIDTH="10" VPOS="1363" HPOS="946"/>
							<String ID="string_381" HPOS="956" VPOS="1362" WIDTH="46" HEIGHT="21" WC="0.96" CONTENT="sina"/>
						</TextLine>
						<TextLine ID="line_44" HPOS="178" VPOS="1392" WIDTH="501" HEIGHT="27">
							<String ID="string_382" HPOS="178" VPOS="1392" WIDTH="53" HEIGHT="21" WC="0.96" CONTENT="barn"/><SP WIDTH="15" VPOS="1392" HPOS="231"/>
							<String ID="string_383" HPOS="246" VPOS="1392" WIDTH="68" HEIGHT="27" WC="0.96" CONTENT="enligt"/><SP WIDTH="16" VPOS="1392" HPOS="314"/>
							<String ID="string_384" HPOS="330" VPOS="1392" WIDTH="47" HEIGHT="20" WC="0.96" CONTENT="sina"/><SP WIDTH="15" VPOS="1392" HPOS="377"/>
							<String ID="string_385" HPOS="392" VPOS="1398" WIDTH="55" HEIGHT="20" WC="0.93" CONTENT="egna"/><SP WIDTH="15" VPOS="1398" HPOS="447"/>
							<String ID="string_386" HPOS="462" VPOS="1392" WIDTH="101" HEIGHT="27" WC="0.93" CONTENT="religiösa"/><SP WIDTH="15" VPOS="1392" HPOS="563"/>
							<String ID="string_387" HPOS="578" VPOS="1392" WIDTH="101" HEIGHT="27" WC="0.64" CONTENT="äsigter&#39;&#39;."/>
						</TextLine>
					</TextBlock>
					<TextBlock ID="block_12" HPOS="177" VPOS="1419" WIDTH="826" HEIGHT="57">
						<TextLine ID="line_45" HPOS="245" VPOS="1419" WIDTH="757" HEIGHT="28">
							<String ID="string_388" HPOS="245" VPOS="1420" WIDTH="101" HEIGHT="20" WC="0.95" CONTENT="Friherre"/><SP WIDTH="17" VPOS="1420" HPOS="346"/>
							<String ID="string_389" HPOS="363" VPOS="1426" WIDTH="49" HEIGHT="14" WC="0.96" CONTENT="von"/><SP WIDTH="18" VPOS="1426" HPOS="412"/>
							<String ID="string_390" HPOS="430" VPOS="1419" WIDTH="79" HEIGHT="21" WC="0.96" CONTENT="Born:"/><SP WIDTH="26" VPOS="1419" HPOS="509"/>
							<String ID="string_391" HPOS="535" VPOS="1420" WIDTH="43" HEIGHT="27" WC="0.96" CONTENT="Jag"/><SP WIDTH="23" VPOS="1420" HPOS="578"/>
							<String ID="string_392" HPOS="601" VPOS="1420" WIDTH="41" HEIGHT="20" WC="0.91" CONTENT="kan"/><SP WIDTH="22" VPOS="1420" HPOS="642"/>
							<String ID="string_393" HPOS="664" VPOS="1420" WIDTH="48" HEIGHT="20" WC="0.96" CONTENT="icke"/><SP WIDTH="19" VPOS="1420" HPOS="712"/>
							<String ID="string_394" HPOS="731" VPOS="1419" WIDTH="113" HEIGHT="21" WC="0.96" CONTENT="instämma"/><SP WIDTH="15" VPOS="1419" HPOS="844"/>
							<String ID="string_395" HPOS="859" VPOS="1419" WIDTH="6" HEIGHT="20" WC="0.84" CONTENT="i"/><SP WIDTH="17" VPOS="1419" HPOS="865"/>
							<String ID="string_396" HPOS="882" VPOS="1419" WIDTH="39" HEIGHT="21" WC="0.93" CONTENT="den"/><SP WIDTH="17" VPOS="1419" HPOS="921"/>
							<String ID="string_397" HPOS="938" VPOS="1419" WIDTH="64" HEIGHT="27" WC="0.91" CONTENT="äsigt,"/>
						</TextLine>
						<TextLine ID="line_46" HPOS="177" VPOS="1447" WIDTH="826" HEIGHT="29">
							<String ID="string_398" HPOS="177" VPOS="1455" WIDTH="45" HEIGHT="14" WC="0.96" CONTENT="som"/><SP WIDTH="17" VPOS="1455" HPOS="222"/>
							<String ID="string_399" HPOS="239" VPOS="1450" WIDTH="23" HEIGHT="19" WC="0.91" CONTENT="är"/><SP WIDTH="16" VPOS="1450" HPOS="262"/>
							<String ID="string_400" HPOS="278" VPOS="1448" WIDTH="82" HEIGHT="21" WC="0.91" CONTENT="uttalad"/><SP WIDTH="16" VPOS="1448" HPOS="360"/>
							<String ID="string_401" HPOS="376" VPOS="1448" WIDTH="6" HEIGHT="20" WC="0.96" CONTENT="i"/><SP WIDTH="17" VPOS="1448" HPOS="382"/>
							<String ID="string_402" HPOS="399" VPOS="1448" WIDTH="41" HEIGHT="20" WC="0.93" CONTENT="den"/><SP WIDTH="16" VPOS="1448" HPOS="440"/>
							<String ID="string_403" HPOS="456" VPOS="1455" WIDTH="51" HEIGHT="20" WC="0.92" CONTENT="nyss"/><SP WIDTH="16" VPOS="1455" HPOS="507"/>
							<String ID="string_404" HPOS="523" VPOS="1448" WIDTH="100" HEIGHT="28" WC="0.91" CONTENT="upplästa"/><SP WIDTH="21" VPOS="1448" HPOS="623"/>
							<String ID="string_405" HPOS="644" VPOS="1448" WIDTH="173" HEIGHT="26" WC="0.92" CONTENT="reservationen,"/><SP WIDTH="22" VPOS="1448" HPOS="817"/>
							<String ID="string_406" HPOS="839" VPOS="1450" WIDTH="51" HEIGHT="18" WC="0.93" CONTENT="utan"/><SP WIDTH="16" VPOS="1450" HPOS="890"/>
							<String ID="string_407" HPOS="906" VPOS="1447" WIDTH="97" HEIGHT="21" WC="0.93" CONTENT="förordar"/>
						</TextLine>
					</TextBlock>
				</ComposedBlock>
			</PrintSpace>
		</Page>
	</Layout>
</alto>
