1078 1678
175 86 40 20 150

147 142 39 21 och
202 141 83 21 åsigter
304 148 34 13 om
358 140 26 21 de
401 140 47 21 dem
464 139 112 28 åliggande
592 138 154 29 skyldigheter,
762 140 55 19 samt
833 139 19 20 vi
868 139 20 27 ej
904 138 66 21 heller

145 171 49 20 dela
205 171 118 20 utskottets
338 168 97 26 fruktan,
450 169 32 19 att
492 175 26 13 en
530 167 96 28 eftergift
637 167 23 20 af
668 167 92 20 nämnda
772 167 119 26 ersättning
902 166 68 21 skulle

146 197 112 22 föranleda
281 197 89 21 tredska
392 196 39 21 och
455 196 129 27 likgiltighet
606 195 39 20 hos
665 195 160 27 ridderskapets
841 195 39 20 och
896 195 73 20 adelns

147 227 69 26 öfriga
239 225 139 21 medlemmar
401 227 30 18 att
449 224 92 27 fullgöra
561 224 62 20 deras
642 223 144 21 förbindelser
801 225 57 19 emot
874 223 96 26 ståndet,

148 255 72 20 kunna
235 254 21 21 vi
272 254 20 27 ej
308 255 65 19 annat
392 255 25 19 än
436 253 56 20 finna
514 251 166 28 ifrågavarande
698 251 82 28 förslag
796 259 50 13 vara
861 251 109 28 olämpligt

148 283 39 20 och
210 283 48 20 med
282 281 159 27 ridderskapets
461 280 40 21 och
519 280 74 21 adelns
611 279 113 28 värdighet
740 280 48 21 icke
802 280 47 20 fullt
865 279 105 27 förenligt.

149 311 103 20 Deremot
272 309 40 21 och
330 317 46 13 som
396 309 125 21 förberörda
539 309 126 26 ersättning,
684 308 85 21 hvilken
786 315 87 13 numera
888 308 83 27 uppgår

148 339 32 21 till
203 340 31 19 ett
256 338 78 27 belopp
358 338 24 20 af
399 338 60 26 1,564
477 337 69 26 mark,
566 337 66 20 redan
645 337 35 19 för
695 336 130 27 längesedan
840 336 69 20 blifvit
924 335 46 21 från

149 367 90 21 kassans
261 366 147 27 räkenskaper
425 365 67 21 afförd
511 365 39 21 och
569 365 20 27 ej
613 364 72 21 vidare
704 364 72 21 såsom
791 364 88 27 tillgång
895 364 75 26 påräk-

149 397 48 18 nats
213 394 33 21 för
262 394 149 20 bestridandet
426 394 22 20 af
461 393 136 20 densammas
613 392 95 27 utgifter,
725 392 63 20 hafva
803 392 20 20 vi
839 392 31 20 för
886 392 37 20 vår
937 391 33 20 del

150 425 53 18 trott
218 429 36 14 oss
270 422 53 20 böra
337 421 32 21 till
384 421 147 27 ridderskapet
547 421 40 20 och
603 420 62 21 adeln
681 420 138 26 öfverlemna,
832 427 34 14 om
881 420 47 20 icke
944 419 26 20 all

151 451 73 20 vidare
238 449 77 28 åtgärd
330 449 7 20 i
352 449 139 21 förevarande
507 450 62 19 ämne
585 448 71 21 kunde
670 448 21 21 få
702 448 93 27 förfalla,
807 448 40 21 och
858 447 114 21 omordade

151 478 147 27 vapenplåtar,
314 477 67 21 ehuru
396 479 56 19 ännu
468 477 105 26 obetalda,
589 477 65 20 likväl
668 477 7 20 i
691 476 171 21 riddarhussalen
879 475 92 22 bibehål-

151 507 41 26 las,
211 506 89 21 såframt
318 506 20 27 ej
360 505 160 21 vederbörande
539 506 95 19 ättemän
652 505 62 20 deras
730 504 136 28 nedtagande
881 504 91 28 påyrka,

152 535 39 20 och
207 541 43 20 nya
265 534 80 21 sådana
360 534 117 20 anskaffa''.

220 561 153 22 Betänkandet
388 561 111 21 bordlades
515 561 32 20 till
562 563 63 18 nästa
640 561 80 27 lördag.

222 618 122 21 Fortsattes
365 618 41 21 den
428 617 67 21 under
513 617 131 28 föregående
663 617 83 21 session
765 617 100 21 afbrutna
880 617 93 20 behand-

153 647 71 26 lingen
247 646 23 21 af
290 646 232 27 grundlagsutskottets
545 645 137 22 betänkande
697 645 7 21 i
720 646 114 27 anledning
853 645 23 21 af
897 645 77 27 nådiga

153 674 161 28 propositionen
334 674 109 27 angående
463 674 25 20 de
504 673 127 28 rättigheter
646 674 40 20 och
702 673 155 27 skyldigheter,
872 680 46 13 som
933 672 41 21 till-

154 703 85 20 komma
254 703 92 20 embets-
363 702 39 21 och
418 702 137 28 tjenstemän,
572 702 84 20 hvilkas
672 702 144 27 befattningar
830 702 105 26 indragas.

223 730 68 20 Innan
308 730 76 27 sjelfva
400 730 147 20 diskussionen
563 729 83 28 vidtog,
662 730 95 27 begärde

223 758 59 21 Herr
297 758 121 28 Pipping,
433 758 90 26 Fridolf,
539 758 62 20 ordet
617 758 39 20 och
672 758 95 27 yttrade:
788 757 95 21 Emedan
900 757 74 28 gårda-

155 794 52 20 gens
218 786 83 21 session
312 786 94 21 slutades
417 788 68 19 straxt
496 786 54 21 efter
561 786 37 20 det
609 786 149 27 ridderskapet
769 786 38 20 och
819 786 61 20 adeln
892 785 83 21 erhållit

155 814 157 21 underrättelse
328 821 34 13 om
377 815 107 27 utgången
500 814 23 21 af
536 815 126 27 voteringen
680 814 111 27 angående
807 815 12 26 8
835 815 12 19 2
862 814 7 20 i
885 814 90 20 berörda

155 842 242 27 utskottsbetänkande,
420 843 93 20 anhåller
534 843 37 27 jag
595 844 31 19 att
648 849 29 14 nu
700 842 21 21 få
741 842 84 21 anmäla
844 842 129 21 reservation

155 872 58 20 emot
229 870 60 21 detta
305 870 75 21 beslut.

224 898 54 21 Deri
299 899 106 20 instämde
428 898 60 22 äfven
511 898 90 21 friherre
625 906 47 13 von
698 898 82 27 Troil,
798 898 21 21 S.
837 898 41 26 W.,
902 898 72 20 herrar

156 927 153 26 Schauman,
326 926 20 21 J.
362 927 34 26 A.,
411 927 185 27 Montgomerie
613 927 38 20 och
668 926 104 27 Linder,
789 927 24 20 E.

224 955 100 21 Friherre
339 962 47 14 von
402 955 99 21 Kothen
515 955 97 21 anmälde
624 956 32 19 att
668 955 41 20 han
720 955 48 21 icke
779 955 54 20 varit
844 954 130 21 närvarande

155 984 6 20 i
176 985 45 26 går,
237 983 39 21 och
293 983 83 21 således
391 984 20 27 ej
426 983 65 21 heller
507 984 6 19 i
529 983 91 21 berörda
637 983 69 21 beslut
722 983 95 27 deltagit.

223 1011 35 21 Då
274 1018 27 13 nu
317 1011 147 20 diskussionen
481 1011 83 27 vidtog,
579 1011 67 27 följde
661 1011 7 20 i
683 1011 118 28 ordningen

543 1057 11 26 8
570 1057 19 20 3.

223 1095 58 21 Herr
297 1095 143 20 Molander:
464 1095 33 21 Då
512 1095 6 20 i
534 1096 37 27 går
590 1095 68 21 första
679 1097 117 19 momentet
812 1095 23 20 af
849 1095 11 27 &
877 1096 9 19 1
904 1095 71 21 disku-

155 1123 95 26 terades,
266 1123 71 20 anhöll
350 1123 38 27 jag
403 1125 30 18 att
449 1123 36 21 det
499 1124 66 20 måtte
577 1126 90 24 antagas
678 1123 6 21 i
696 1123 221 21 öfverensstämmelse
928 1124 47 20 med

155 1152 40 20 den
211 1151 77 27 nådiga
304 1151 165 27 propositionen.
495 1151 11 20 I
521 1152 66 20 sådan
603 1152 102 20 händelse
721 1151 68 21 skulle
804 1151 138 21 innehafvare
955 1152 23 20 af

154 1179 225 21 förtroendeembeten
402 1179 39 21 och
463 1179 66 21 andra
553 1180 151 27 befattningar,
726 1179 72 21 hvilka
815 1180 77 20 räknas
910 1180 66 27 upp
964 1175 17 37 i

154 1214 76 14 senare
253 1209 117 19 momentet
386 1208 22 20 af
422 1208 10 27 $
448 1208 13 20 2
476 1208 6 20 i
498 1208 40 20 den
561 1208 79 27 nådiga
663 1208 170 27 propositionen,
856 1207 64 20 blifva
942 1208 34 20 vid

154 1235 129 28 indragning
305 1235 23 21 af
344 1236 118 27 tjensterna
485 1236 108 21 likställda
616 1236 48 20 med
686 1236 67 21 andra
771 1236 138 27 tjenstemän;
928 1243 47 13 men

155 1264 150 27 ridderskapet
320 1264 39 21 och
376 1264 61 21 adeln
452 1264 69 21 beslöt
537 1264 143 26 annorlunda,
700 1264 40 21 och
755 1264 68 20 första
839 1264 137 20 alternativet

154 1292 6 20 i
176 1292 242 21 utskottsbetänkandet
439 1294 82 25 antogs.
553 1293 95 20 Dermed
671 1294 23 19 är
717 1293 77 24 saken,
817 1292 55 21 hvad
892 1292 26 21 de
939 1299 37 13 nu-

155 1320 94 21 varande
272 1321 171 26 tjenstemännen
466 1321 109 25 beträffar,
594 1321 91 27 afgjord.
716 1320 49 21 Men
785 1321 27 20 då
827 1321 39 26 jag
880 1320 96 21 uttalade

155 1348 40 20 den
215 1348 92 27 åsigten,
328 1348 59 27 afsåg
403 1348 37 27 jag
458 1348 47 21 icke
524 1348 90 21 allenast
630 1348 26 20 de
671 1348 123 20 nuvarande
809 1348 167 20 innehafvarene

153 1376 24 20 af
197 1376 165 27 ifrågavarande
383 1376 96 27 tienster,
503 1378 51 19 utan
581 1377 62 20 äfven
666 1376 80 21 sådana
769 1376 138 27 tjenstemän,
931 1383 44 13 som

154 1404 125 21 hädanefter
298 1404 72 20 kunna
389 1405 127 28 utnämnas,
530 1405 39 20 och
590 1405 38 20 ber
642 1404 37 28 jag
695 1407 31 17 att
742 1405 6 19 i
764 1404 59 21 detta
838 1404 100 21 afseende
954 1404 22 21 få

153 1434 58 25 yttra
233 1433 66 27 några
320 1432 39 20 ord
378 1434 62 18 ännu.
471 1432 57 21 Våra
547 1433 153 27 författningar
718 1432 40 21 och
774 1432 128 28 grundlagar
918 1433 58 20 med-

152 1460 59 27 gifva
230 1460 136 28 visserligen,
382 1462 31 19 att
435 1462 83 19 tromän
537 1462 40 20 och
592 1461 57 20 vissa
667 1461 67 21 andra
749 1460 140 28 tjenstemän,
906 1461 69 21 såsom
