1078 1678
827 60 26 20 75

59 124 51 13 vara
121 117 22 20 af
158 117 54 20 blott
223 111 177 32 reglementarisk
410 115 155 21 beskaffenhet.
590 115 47 20 Här
648 115 66 20 borde
726 115 81 20 således
819 116 65 21 också

59 152 52 14 vara
127 145 109 32 stadgadt,
253 145 52 20 huru
322 145 30 20 uti
369 144 36 21 det
420 143 23 20 af
457 144 44 27 mig
516 143 129 21 omnämnda
660 143 36 20 fall
709 143 67 21 borde
787 143 96 21 förfaras.

59 173 42 27 Jag
117 173 68 20 skulle
201 173 6 20 i
223 161 76 32 sådant
315 172 100 21 afseende
430 171 89 27 föreslå,
531 174 31 18 att
574 179 33 13 om
619 171 207 32 sammanjemkning
836 172 46 20 icke

59 201 42 20 kan
120 201 168 25 åstadkommas,
307 201 66 20 saken
394 200 65 21 borde
478 188 107 39 upptagas
604 200 38 20 och
662 200 84 27 afgöras
763 207 6 12 i
784 200 99 21 talmans-

59 229 151 27 konferensen,
230 229 37 20 der
284 229 47 20 icke
350 229 54 20 blott
423 228 26 21 de
470 228 22 20 af
508 228 127 27 regeringen
655 227 91 22 utsedda
761 228 121 21 talmännen

59 258 40 21 och
115 257 167 21 ordföranderne
297 257 7 20 i
320 257 100 25 stånden,
435 258 52 19 utan
503 257 62 20 äfven
579 256 23 21 af
615 257 90 20 stånden
719 256 62 21 valda
792 257 91 20 ledamö-

60 289 33 18 ter
109 287 59 25 sitta,
185 285 40 21 och
241 285 135 25 dersäledes
393 285 40 20 alla
449 285 81 27 åsigter
545 285 72 20 kunna
633 291 51 14 vara
699 285 183 27 representerade.

129 314 56 21 Herr
203 321 46 13 von
270 313 151 21 Bonsdorff:
437 313 42 27 Jag
496 313 35 20 vill
547 313 101 26 påminna
663 313 43 27 mig
720 315 32 18 att
768 313 35 21 det
818 313 65 21 redan

59 342 80 21 beslöts
155 344 32 18 att
203 342 26 27 $$
246 342 36 26 73,
298 342 26 20 74
340 341 40 21 och
397 342 26 20 75
438 341 67 20 borde
521 341 32 20 till
569 340 223 28 grundlagsutskottet
803 342 80 20 återre-

59 371 108 26 mitteras,
187 370 33 21 för
236 372 31 18 att
282 370 7 20 i
304 370 94 27 enlighet
414 369 49 21 med
480 369 96 21 ståndets
592 369 35 20 vid
643 370 11 26 8
672 370 25 20 73
716 369 81 21 fattade
813 370 69 20 beslut

59 400 151 26 omredigeras.
240 398 42 27 Jag
300 405 62 13 anser
378 400 32 18 att
426 398 19 20 vi
461 398 84 19 således
561 404 28 13 nu
605 398 72 19 kunna
692 397 84 27 förbigå
791 397 92 21 nämnda

60 428 38 26 88,
114 427 27 20 dä
157 427 35 20 det
208 426 60 21 torde
284 426 64 21 blifva
364 426 58 20 svårt
438 427 32 19 att
486 425 37 21 här
539 425 135 28 omredigera
690 425 54 21 dem.

129 455 79 25 Grefve
227 455 120 25 Armfelt,
366 455 37 19 A.:
422 453 45 33 Jag
483 453 95 21 anhåller
598 455 32 19 att
650 453 22 21 få
687 454 75 20 förena
776 454 43 27 mig
835 453 47 21 med

60 484 49 20 herr
129 478 128 25 Silfversvan
274 483 44 26 uti,
334 471 31 32 att
381 482 41 21 den
438 482 31 20 uti
485 482 12 27 8
515 483 25 20 73
556 484 110 25 upptagna
682 482 109 27 principen
803 489 33 13 om
848 489 36 14 en-

61 511 35 21 kel
111 511 155 27 röstpluralitet
282 511 38 20 här
336 511 65 20 borde
416 510 88 21 införas.

129 539 99 21 Friherre
252 546 45 13 von
320 539 78 20 Born:
422 539 43 27 Mig
485 546 64 20 synes
568 538 41 21 den
629 538 99 27 rättelse,
746 545 46 14 som
806 539 7 20 i
829 539 11 26 $
857 539 26 20 75

59 567 122 21 föranledes
202 568 22 20 af
242 567 160 27 ridderskapets
425 567 38 20 och
483 567 73 20 adelns
580 566 35 21 vid
639 567 11 26 &
668 567 25 20 73
708 566 82 21 fattade
806 567 78 24 beslut,

60 603 51 14 vara
127 597 25 19 så
168 596 72 26 enkel,
256 598 32 18 att
304 596 39 20 den
360 598 52 18 utan
432 595 123 21 återremiss
571 595 72 20 kunde
658 595 115 27 företagas.
796 595 41 27 Jag
852 595 33 21 får

61 624 84 21 derföre
165 612 79 33 föreslå
262 626 30 19 att
312 624 64 20 slutet
392 624 23 20 af
430 624 10 27 8
457 624 26 20 75
499 623 80 21 erhölle
598 623 94 27 följande
707 623 91 28 lydelse:
814 636 27 3 —
857 636 26 3 —

61 653 19 25 »i
97 653 41 20 den
154 653 90 27 ordning
259 653 37 20 der
311 653 150 25 föreskrifves,
477 654 59 19 utom
554 653 32 19 att
597 651 56 21 hvad
664 646 107 26 utskottet
782 652 66 27 enligt
859 652 25 21 de

60 681 63 20 flesta
141 682 97 19 rösterna
253 681 6 20 i
275 680 66 21 saken
360 680 87 27 afgjort,
467 687 50 13 vare
537 680 125 20 ständernas
680 680 94 26 beslut,"
794 680 19 20 d.
834 687 17 13 v.
866 687 17 13 s.

60 709 77 21 endast
151 709 41 21 den
207 709 123 27 förändring
346 708 67 21 skulle
430 708 109 27 vidtagas,
555 710 32 18 att
599 708 26 21 de
638 708 52 21 sista
702 696 64 33 orden
776 708 47 21 från
835 708 11 27 8
859 709 24 20 73

61 738 38 20 här
115 737 68 21 skulle
198 737 102 27 vidfogas.

129 765 58 21 Herr
206 765 158 27 Ehrnrooth,
384 765 22 21 C.
426 765 37 21 A.:
479 764 35 22 Då
529 771 76 21 genom
622 764 40 21 den
678 765 38 20 sist
732 764 151 28 försiggångna

61 794 159 27 omröstningen
238 794 88 26 beslöts,
344 795 31 19 att
392 795 31 19 ett
442 794 53 20 visst
514 793 57 21 antal
587 795 69 19 röster
672 793 68 21 skulle
755 793 82 21 fordras
853 794 32 20 för

60 824 32 18 att
110 823 77 26 utgöra
202 822 118 27 pluralitet,
337 823 23 19 så
376 822 95 20 kommer
487 821 41 21 den
545 822 5 20 i
567 822 11 26 8
596 822 26 20 73
637 821 129 21 föreskrifna
781 822 102 27 procedu-

60 857 37 13 ren
113 853 32 17 att
159 850 7 20 i
183 851 11 26 8
211 851 25 20 74
252 850 94 27 förfalla,
364 857 48 13 men
434 850 69 20 skulle
523 850 46 20 åter
589 850 52 20 böra
660 850 80 20 införas
758 850 32 20 för
805 850 79 20 sådana

61 879 77 27 frågor,
155 886 44 13 som
216 878 116 21 behandlas
348 878 66 28 enligt
430 879 11 26 8
459 879 32 20 75.
514 878 93 20 Derföre
622 885 63 13 anser
698 878 38 28 jag
752 880 32 18 att
795 878 30 21 uti
836 878 47 21 sist-

60 906 92 21 nämnda
167 907 12 27 8
195 907 65 20 borde
276 907 83 27 intagas
375 907 47 20 icke
439 906 66 26 blott,
521 907 69 20 såsom
607 906 89 21 friherre
708 913 41 14 von
760 906 57 21 Born
828 906 56 21 före-

61 935 72 27 slagit,
150 935 65 26 sista,
230 937 50 19 utan
297 935 39 21 ock
352 936 101 20 nästsista
469 935 114 27 meningen
599 935 31 20 uti
647 932 11 30 &
676 936 25 20 73
718 935 50 20 eller
784 935 98 27 stadgan-

61 963 36 21 det
112 970 44 19 om,
173 965 30 19 att
219 970 25 14 en
261 963 59 21 sedel
334 964 54 20 skall
404 963 133 27 undantagas
554 963 39 21 och
609 963 115 27 förseglas,
735 970 26 13 en
773 963 110 27 procedur,

61 998 45 13 som
124 979 48 32 icke
188 992 112 26 behöfves,
316 992 26 20 då
358 992 36 20 det
409 992 32 20 för
457 993 32 18 att
506 991 65 20 blifva
585 992 109 27 pluralitet
710 992 54 19 skall
774 992 68 19 finnas
853 994 31 17 ett

61 1019 108 21 bestämdt
185 1020 58 20 antal
259 1021 75 19 röster.

130 1047 56 21 Herr
207 1048 206 21 landtmarskalkens
429 1048 165 27 framställning,
611 1047 105 21 huruvida
732 1047 85 21 ståndet
836 1047 47 21 ville

61 1078 78 25 antaga
155 1077 11 26 $
183 1077 26 20 75
226 1077 47 20 med
289 1077 40 20 den
346 1076 90 27 ändring
451 1078 42 25 att,
509 1076 6 20 i
531 1076 71 20 stället
613 1076 33 21 för
656 1076 26 21 de
696 1077 51 20 sista
758 1076 65 20 orden
836 1083 48 20 ,,ge-

61 1111 49 14 nom
123 1105 132 27 omröstning
264 1107 61 24 etc.'',
335 1105 69 20 skulle
412 1105 80 20 införas
503 1104 26 21 de
541 1105 68 26 begge
621 1105 52 20 sista
684 1104 137 27 meningarne
832 1105 30 20 uti
873 1105 11 26 8

61 1133 36 26 73,
114 1133 128 20 besvarades
255 1133 101 27 jakande.

130 1161 25 27 88
173 1161 82 21 76—84
271 1163 89 26 antogos
376 1163 52 18 utan
444 1161 132 25 diskussion,
593 1161 109 20 hvarefter
718 1161 120 27 öfvergicks
854 1161 30 20 till

60 1189 133 28 granskning
208 1189 22 20 af
245 1189 39 21 den
300 1189 48 21 utaf
361 1190 106 20 utskottet
483 1189 113 21 förordade
612 1190 83 20 formen
711 1189 32 21 för
758 1189 127 21 utfärdande

61 1218 24 20 af
97 1217 241 28 landtdagsordningen,
355 1218 88 20 hvarvid
458 1218 86 27 yttrade
560 1218 42 27 sig:

130 1245 100 21 Friherre
249 1246 25 21 af
292 1246 131 21 Schultén:
447 1246 70 21 Sedan
541 1246 115 27 höglofliga
679 1245 148 33 ridderskapet
845 1246 40 21 och

61 1274 62 21 adeln
140 1281 88 14 numera
244 1274 44 21 dels
304 1275 48 20 med
368 1274 114 27 ändringar
499 1274 44 21 dels
559 1274 128 21 oförändrad
704 1274 82 33 antagit
797 1274 40 21 den
849 1275 35 20 nä-

61 1303 49 26 diga
129 1298 160 44 propositionen
309 1303 109 27 angående
433 1302 215 33 landtdagsordning,
666 1303 63 20 utber
742 1303 38 27 jag
794 1303 44 26 mig
853 1304 32 19 att

61 1331 48 20 med
125 1331 123 20 afseende
245 1339 7 11 å
266 1331 82 20 formen
364 1331 33 20 för
415 1331 41 20 den
475 1331 132 26 expedition,
627 1331 2 19 i
645 1333 72 18 ämnet
736 1331 95 20 kommer
851 1333 32 18 att

63 1359 84 25 aflåtas,
163 1358 21 21 få
199 1360 52 26 göra
266 1359 94 27 följande
376 1358 171 28 anmärkningar.
572 1347 43 32 Det
626 1358 60 21 torde
698 1359 47 20 icke
757 1366 51 13 vara
819 1358 65 27 lämp-

61 1387 38 27 ligt
115 1389 42 24 att,
175 1388 26 25 på
216 1388 42 19 sätt
274 1387 106 21 utskottet
396 1387 119 27 föreslagit,
533 1388 60 26 börja
608 1387 126 21 ständernas
746 1394 48 13 svar
805 1388 28 26 på
844 1386 40 20 den

61 1415 78 27 nådiga
154 1416 160 26 propositionen
330 1415 48 21 med
395 1432 11 8 ,,
409 1415 27 20 Vi
452 1415 137 21 efterskrifne
605 1418 55 18 etc."
672 1416 39 20 och
723 1416 55 20 sluta
789 1415 36 21 det
835 1414 49 21 med

61 1459 5 9 »
69 1443 47 25 Till
132 1446 118 26 yttermera
265 1444 71 21 visso*
352 1450 19 16 0.
383 1450 16 15 s.
411 1450 26 23 v.,
455 1443 26 21 dä
497 1443 42 21 den
555 1450 42 24 nya
608 1444 232 30 landtdagsordningen
852 1444 32 21 ut-
