1078 1678
841 69 37 20 181

153 123 11 21 I
179 123 41 21 alla
235 123 114 21 händelser
363 124 88 20 hindrar
465 123 151 28 fängelsernas
632 123 149 22 beskaffenhet
792 124 116 21 dödsstraf-

84 153 32 20 fet
138 153 32 20 att
193 151 46 21 från
258 152 62 27 lagen
342 152 99 21 bortfalla
465 152 60 27 långt
546 152 92 27 mindre,
655 153 26 20 än
702 154 14 19 t.
732 159 33 14 ex.
784 153 124 26 spöstraffet

85 181 40 20 och
149 180 66 21 andra
237 180 125 21 straffarter.
393 180 11 20 I
426 180 42 21 den
491 187 77 13 senare
588 180 23 20 af
630 180 63 21 dessa
708 181 36 20 två
758 180 150 28 författningar

85 209 51 20 eller
152 209 47 24 den,
216 215 44 14 som
274 209 39 26 jag
329 208 35 21 vill
378 209 57 20 kalla
451 208 281 28 straffförvandlingslagen,
748 209 115 26 meddelas,
874 210 32 20 att

85 237 62 20 dessa
162 237 100 25 sednare,
282 236 144 27 kroppsstraff
443 237 39 20 och
501 236 68 21 andra
583 237 126 26 straffarter,
726 237 83 21 komma
824 237 7 21 i
846 237 60 28 fråga

84 267 31 18 att
137 265 108 20 användas
269 265 27 26 på
319 265 44 20 ofta
386 265 175 20 förekommande
580 265 59 20 brott
655 267 14 18 t.
687 272 33 13 ex.
741 265 63 25 stöld,
821 266 38 21 der
874 267 31 20 ett

83 293 139 21 frihetsstraff
236 293 68 21 blifvit
320 293 115 27 föreslaget
450 293 6 20 i
472 293 63 20 deras
551 293 68 26 ställe,
635 293 27 21 då
678 293 96 21 deremot
789 294 116 21 dödsstraf-

83 322 37 26 fet,
136 329 34 13 om
186 321 35 21 det
237 321 97 27 qvarstår
349 321 34 20 för
398 321 26 21 de
440 321 58 21 brott
513 321 163 27 propositionen
688 323 127 24 omnämner,
830 322 75 21 endast

83 350 7 20 i
105 350 66 27 några
186 351 78 25 ytterst
280 349 21 20 få
316 350 36 20 fall
368 350 80 26 årligen
463 350 98 20 kommer
577 351 32 19 att
625 350 93 20 ådömas.

152 378 11 20 I
178 378 65 27 öfrigt
258 379 24 19 är
297 377 36 21 det
349 384 26 14 en
391 378 56 20 känd
463 378 45 26 sak,
524 379 32 19 att
571 378 26 20 de
613 377 149 22 allrasvåraste
778 378 126 27 förbrytare,

84 406 97 21 mördare
197 406 39 20 och
252 405 143 27 mörderskor,
411 406 55 21 visat
481 406 32 27 sig
532 413 52 14 vara
605 406 127 28 mottagliga
746 406 33 21 för
794 413 25 14 en
834 406 70 21 föräd-

83 434 62 21 lande
160 434 103 21 inverkan
282 441 77 20 genom
382 434 73 21 andra.
485 434 44 21 För
545 436 32 19 att
592 434 21 27 ej
630 435 86 20 sträcka
731 435 51 20 våra
797 434 106 21 forsknin-

83 469 38 21 gar
136 463 7 20 i
159 462 60 21 detta
237 461 123 22 hänseende
383 462 85 21 utöfver
488 464 49 26 eget
552 463 61 20 lands
637 464 95 26 gränser,
756 464 38 26 gör
809 463 36 20 det
861 463 43 28 mig

83 493 32 18 ett
130 491 49 27 nöje
198 492 31 19 att
244 491 39 20 här
301 492 78 19 nämna
402 491 179 27 spinnhushjonet
604 490 69 21 Maria
695 491 110 20 Paakkola
820 491 7 20 i
843 491 60 20 Will-

83 519 132 26 manstrand,
231 519 63 20 dömd
309 519 33 20 för
358 519 60 20 mord
433 519 12 20 å
461 519 32 21 sin
508 526 57 20 man,
580 526 46 14 som
642 519 5 20 i
664 519 27 21 30
706 519 34 21 års
759 519 31 20 tid
804 519 100 28 iakttagit

84 549 31 19 ett
131 547 152 27 exemplariskt
298 547 141 28 uppförande,
455 547 8 21 i
478 548 27 20 20
521 548 23 20 år
561 547 105 21 handhaft
685 547 219 28 barnaundervisning

83 576 57 21 inom
155 575 126 28 spinnhuset
296 576 40 20 och
351 575 122 22 äfvenledes
489 576 6 20 i
511 576 50 27 lång
575 575 32 21 tid
621 576 38 21 der
670 576 56 27 gjort
736 576 168 27 klockaretjenst

84 603 66 22 under
165 603 156 28 gudstjensten.
351 603 57 21 Hela
430 605 81 20 hennes
527 606 42 19 sätt
591 606 31 19 att
641 611 52 14 vara
707 604 38 28 gaf
758 604 103 21 tillkänna
876 611 26 14 en

83 639 88 20 person,
187 639 45 14 som
248 632 54 21 efter
317 632 63 21 svära
392 633 124 27 pröfningar
533 633 40 20 och
588 632 78 21 strider
681 632 89 21 kommit
780 632 31 21 till
822 633 81 20 sinnes-

83 661 50 27 lugn
149 661 40 20 och
204 661 48 19 frid.
283 661 104 25 Slutligen
403 661 57 20 mina
475 661 84 20 herrar:
578 660 62 21 Huru
656 661 68 20 skulle
735 661 20 20 vi
766 661 71 20 kunna
847 661 56 20 före-

83 688 81 22 skrifva
179 688 116 22 dödsstraff
308 689 7 20 i
330 690 32 19 ett
372 688 56 25 land,
444 689 38 21 der
497 688 43 27 det,
556 689 70 21 säsom
641 689 7 20 i
664 688 100 27 Finland,
778 688 47 22 icke
835 688 67 21 finnes

83 717 66 27 några
165 717 89 21 bödlar?
284 717 11 20 I
310 717 47 21 vårt
372 717 50 21 land
437 717 61 21 torde
517 717 83 27 knappt
615 717 69 21 finnas
699 718 68 26 någon
784 724 58 19 man,
858 724 45 14 som

83 746 57 26 gjort
155 745 36 21 det
207 745 31 21 till
254 747 30 19 ett
300 746 52 27 yrke
369 747 31 18 att
416 746 27 26 pä
457 745 66 27 laglig
542 747 41 25 väg
604 747 51 25 taga
673 745 59 21 lifvet
748 745 24 21 af
784 745 46 21 sina
845 744 57 22 med-

82 774 129 20 menniskor.
240 773 155 21 Betecknande
417 774 34 20 för
473 774 75 26 frägan
564 775 23 19 är
603 774 37 20 det
656 774 69 26 äfven,
741 775 31 19 att
788 773 61 21 dessa
859 773 43 21 för-

82 802 156 27 rättningsmän
261 802 51 20 eller
334 802 147 27 skarprättare
505 802 52 20 stätt
580 802 7 20 i
606 802 23 20 sä
645 802 65 27 däligt
733 808 39 20 rop
795 802 38 20 hos
857 801 45 21 sina

83 830 178 26 medmenniskor,
278 832 32 18 att
325 830 26 20 de
368 830 69 21 blifvit
453 832 65 26 tagna
533 830 7 20 i
556 830 92 21 kronans
664 830 105 26 särskilda
783 830 56 27 hägn
851 830 51 20 eller

83 860 32 19 att
130 858 36 20 det
181 858 144 28 uttryckligen
341 858 69 21 blifvit
426 858 107 28 stadgadt,
550 860 31 19 att
597 858 26 21 de
639 859 19 27 ej
671 858 60 21 skola
742 858 103 21 uteslutas
855 858 47 20 frän

83 886 81 21 antalet
185 886 24 21 af
229 886 105 28 hederligt
356 886 51 22 folk.
437 887 77 27 Nägon
537 887 57 27 gäng
612 887 7 20 i
635 886 65 21 slutet
720 886 22 21 af
758 886 57 21 förra
834 886 68 21 seklet

83 922 64 20 synas
171 915 25 21 de
218 915 69 21 blifvit
310 914 111 22 väldförda
443 916 51 20 eller
511 915 50 20 med
579 915 59 27 hugg
653 915 39 20 och
708 915 45 27 slag
768 914 93 21 anfallna
875 914 29 27 pä

83 942 76 28 sjelfva
181 943 167 27 afrättsplatsen.
382 944 50 20 Men
448 944 38 27 jag
504 944 73 20 slutar.
608 943 113 21 Utskottet
739 944 37 19 har
794 942 109 21 bibehållit

84 971 135 21 dödsstraffet
237 972 33 20 för
285 971 49 21 våld
350 974 57 18 emot
430 974 113 25 regenten,
567 972 72 20 såsom
661 971 37 21 det
713 972 95 20 svåraste
823 970 59 21 brott
896 970 8 20 i

84 999 121 27 samhället,
221 1000 39 20 och
278 1000 59 27 gjort
354 1000 36 20 det
406 1000 70 20 säsom
492 1002 31 18 ett
539 1000 57 26 slags
619 999 95 26 nödrätt,
737 999 88 20 likasom
841 998 62 21 döds-

84 1027 83 21 straffet
183 1029 20 26 ej
218 1028 68 20 heller
301 1028 6 20 i
323 1028 48 27 krig
386 1029 43 19 kan
444 1027 102 22 afskaffas
561 1027 34 21 för
611 1027 96 21 sväraste
723 1029 33 18 art
770 1027 23 20 af
800 1025 104 22 förräderi

85 1055 39 21 och
138 1055 190 22 insubordination.

153 1083 99 22 Friherre
268 1085 29 20 de
312 1084 24 21 la
352 1084 133 27 Chapelle:
501 1083 43 21 Vid
559 1086 87 18 senaste
661 1083 145 21 ständermöte
821 1089 37 14 var
866 1082 38 27 jag

85 1112 64 21 bland
158 1111 61 22 deras
230 1113 64 26 antal,
306 1119 46 14 som
361 1112 82 27 yrkade
454 1111 150 22 dödsstraffets
613 1111 135 22 uteslutande
754 1111 47 21 frän
811 1110 26 21 de
847 1110 57 21 inom

85 1140 92 21 Finland
192 1140 98 28 gällande
307 1141 125 26 straffarter,
449 1142 55 19 samt
519 1140 39 21 har
568 1140 48 21 icke
627 1140 123 21 sedermera
760 1139 69 21 funnit
840 1139 66 27 några

85 1169 56 27 skäl,
161 1176 46 13 som
225 1169 68 21 skulle
311 1169 132 27 ädagalägga
462 1168 188 27 nödvändigheten
666 1168 23 21 af
702 1167 168 22 äterinförandet
885 1167 23 20 af

85 1197 69 27 detta,
173 1204 28 13 nu
220 1199 59 19 snart
297 1199 32 19 ett
348 1197 54 20 halft
420 1197 58 20 sekel
496 1197 38 20 hos
550 1203 35 14 oss
600 1196 92 21 faktiskt
707 1195 117 22 afskaffade
840 1195 66 21 straff.

85 1225 44 28 Jag
149 1233 62 14 anser
230 1227 32 19 att
281 1225 25 21 de
322 1225 53 26 skäl,
392 1232 45 13 som
453 1225 36 20 vid
505 1227 86 18 senaste
605 1225 103 26 landtdag
730 1225 38 20 här
790 1223 116 21 framstälts

86 1254 33 20 för
140 1253 148 22 dödsstraffets
304 1253 161 28 upphäfvande,
477 1253 63 20 hafva
552 1253 55 20 varit
622 1253 24 20 sä
658 1252 152 26 uttömmande,
826 1253 32 19 att
871 1251 37 28 jag

86 1281 47 22 icke
149 1282 6 21 i
171 1282 59 21 detta
250 1281 100 21 afseende
370 1281 39 21 har
427 1282 66 27 något
511 1283 31 18 att
563 1281 94 28 tillägga,
673 1281 56 20 helst
752 1281 49 20 herr
817 1279 91 20 Groten-

86 1310 47 27 felt,
143 1311 33 25 A.,
187 1310 39 21 här
236 1310 125 28 ytterligare
373 1309 114 21 framhållit
499 1309 107 27 åtskilliga
618 1309 182 27 omständigheter
810 1307 7 21 i
829 1314 80 14 samma

87 1339 63 26 syfte.
180 1339 165 27 Lagutskottets
361 1338 81 27 förslag
458 1340 31 18 att
505 1337 106 21 fastställa
627 1337 117 21 dödsstraff
756 1337 34 20 för
801 1335 107 27 väldsger-

87 1367 51 27 ning
153 1368 56 19 emot
232 1368 115 26 regentens
370 1373 78 20 person
469 1368 23 18 är
513 1365 119 21 emellertid
650 1364 114 22 afvikande
785 1364 47 20 från
855 1363 55 20 före-

87 1395 92 20 nämnda
195 1394 39 21 och
247 1395 81 27 jemväl
344 1394 22 21 af
381 1394 115 20 ständerna
511 1393 58 21 förut
585 1393 95 21 uttalade
695 1393 61 27 äsigt.
787 1392 43 20 Det
841 1391 23 32 af
877 1392 33 19 ut-

87 1422 82 22 skottet
191 1423 125 27 begagnade
340 1422 53 27 skäl,
416 1424 32 19 att
471 1422 71 27 någon
565 1422 55 20 finsk
636 1428 48 14 man
707 1421 47 21 icke
774 1420 137 21 härförinnan
