1078 1678
840 74 40 20 329

87 132 32 19 för
135 130 141 21 afskaffandet
290 130 23 21 af
327 131 85 20 skatten
429 130 33 20 för
476 130 155 26 utminutering
642 130 6 19 i
660 129 53 21 stad.
745 129 9 20 I
770 129 41 20 alla
822 129 86 21 händel-

88 166 33 13 ser
138 159 100 20 framstår
251 158 37 21 det
304 158 64 27 klart,
392 160 32 19 att
446 165 35 13 om
500 158 86 21 ståndet
602 157 94 21 beslutat
712 157 32 27 sig
759 157 33 20 för
807 164 26 13 en
849 157 59 21 skatt

87 188 27 26 på
129 187 153 26 utminutering
297 187 6 20 i
320 187 56 25 stad,
394 187 40 20 den
451 186 86 21 skatten
554 187 69 19 måste
635 185 65 21 blifva
710 185 97 28 ytterligt
818 185 89 28 obetyd-

87 215 37 27 lig,
141 217 23 25 ty
180 215 62 27 eljest
257 215 96 20 kommer
370 217 31 18 att
418 215 78 26 uppstå
512 214 85 21 skilnad
613 214 6 20 i
635 213 136 27 minutpriset
786 214 8 20 i
809 213 48 21 stad
868 214 39 21 och

87 244 28 27 på
130 243 71 20 landet
216 243 39 20 och
271 242 27 21 då
313 243 27 27 gå
355 243 141 20 stadsboerne
512 244 32 19 att
560 243 56 26 köpa
632 242 37 20 sitt
686 242 87 20 bränvin
789 243 27 26 på
827 242 79 21 landet.

87 271 42 28 Jag
144 271 39 20 har
198 271 87 20 dermed
303 271 47 20 icke
371 273 58 25 sagt,
449 273 32 18 att
502 271 39 27 jag
564 271 68 20 skulle
648 270 54 27 yrka
718 270 26 27 på
760 277 26 13 en
801 271 58 20 skatt
874 270 34 20 för

88 299 154 27 utminutering
256 299 6 20 i
279 299 56 26 stad,
358 299 36 20 det
408 301 23 18 är
447 299 55 20 blott
517 299 33 20 för
566 301 32 18 att
614 298 86 21 komma
715 298 46 20 från
777 299 65 20 saken
859 299 48 20 med

88 328 78 20 minsta
189 328 85 26 möjliga
297 328 122 26 uppoffring
435 334 45 13 som
497 327 38 27 jag
550 328 39 26 går
603 327 22 19 in
641 327 27 26 på
683 326 145 21 fastställande
844 327 22 19 af
880 333 26 13 en

88 363 25 13 en
129 355 66 21 sådan
212 355 67 27 skatt,
295 355 77 21 medan
386 356 38 26 jag
439 356 28 26 på
481 355 36 21 det
533 355 145 21 bestämdaste
694 354 107 28 afstyrker
812 361 27 13 en
849 354 59 21 skatt

87 384 33 20 för
136 384 260 26 utminuteringsrörelsen
412 384 27 26 på
453 383 80 21 landet.

157 411 56 21 Herr
229 411 141 21 Molander:
386 412 42 27 Jag
442 411 86 21 förenar
544 412 43 27 mig
603 411 49 20 med
666 411 49 20 herr
726 411 121 20 Ehrnrooth
859 411 47 20 der-

90 440 30 20 uti
143 442 32 18 att
197 440 153 27 utminutering
366 441 19 26 ej
401 440 65 20 borde
482 439 21 21 få
517 439 62 21 idkas
596 440 27 27 på
639 441 97 19 närmare
752 439 83 21 afstånd
851 441 27 19 än
894 440 12 19 5

90 470 57 19 verst
163 468 46 20 från
224 468 108 27 fabriken,
356 470 54 19 samt
430 470 31 19 att
479 468 47 20 icke
542 468 70 27 någon
629 467 145 22 minuthandel
790 468 6 20 i
811 467 96 21 kommu-

89 503 40 14 nen
145 496 39 21 bör
199 496 21 21 få
236 503 40 21 ega
291 503 57 18 rum,
371 497 89 20 såframt
476 496 36 21 det
528 497 47 20 icke
592 498 23 19 är
631 496 48 20 med
696 496 139 21 kommunens
853 503 53 14 sam-

89 525 72 27 tycke,
178 525 99 27 antingen
293 525 93 20 beslutet
402 525 73 20 fattats
491 524 22 21 af
528 525 213 20 kommunalstämma
756 524 51 20 eller
818 524 89 21 sockne-

88 555 99 24 stämma,
204 553 70 20 derest
291 553 253 27 kommunalförvaltning
555 555 56 18 ännu
627 553 47 20 icke
686 554 24 19 är
720 552 98 21 inrättad.
843 552 63 21 Hvad

89 581 65 20 sedan
178 581 88 28 afgiften
282 581 33 21 för
331 581 181 27 utminuteringen
530 581 108 26 beträffar,
656 581 24 20 så
696 588 62 13 anser
770 581 38 27 jag
824 583 32 18 att
871 581 36 20 nå-

88 617 42 20 gon
146 609 65 21 sådan
227 611 27 26 på
268 609 74 21 landet
357 610 47 21 icke
421 609 65 21 borde
502 609 97 28 stadgas,
616 609 89 21 emedan
714 609 38 27 jag
762 612 45 17 tror
817 611 32 18 att
859 609 47 21 icke

89 638 68 27 någon
174 638 34 20 vid
224 638 75 21 sådant
314 638 132 21 förhållande
464 638 33 20 vill
513 638 64 27 åtaga
596 638 32 27 sig
647 637 191 28 utminuteringen,
855 637 51 21 hvil-

89 666 50 25 ken,
155 672 34 14 om
201 666 39 20 den
252 666 62 27 ärligt
326 666 116 26 bedrifves,
456 672 50 14 vore
517 666 85 27 önsklig
613 667 32 19 att
656 665 165 22 åstadkommas.
845 665 61 21 Fast-

88 694 73 20 ställes
177 701 25 13 en
217 694 61 28 afgift
288 695 40 20 och
340 694 119 26 dessutom,
476 695 70 19 såsom
563 694 107 20 utskottet
684 694 119 27 föreslagit,
814 694 92 20 utminu-

89 722 97 27 teringen
203 722 100 28 utbjudes
319 723 28 27 på
362 722 97 26 auktion,
477 722 89 20 hvarvid
581 722 51 26 den,
648 729 46 13 som
710 722 74 27 åtager
799 722 33 26 sig
845 722 62 27 afgift

89 750 34 20 för
145 750 36 20 det
204 750 76 28 högsta
304 751 121 26 kanntalet,
449 750 90 21 erhåller
562 750 306 27 utminuteringsrättigheten,
884 751 24 19 så

89 778 86 21 komme
191 778 58 21 detta
265 781 31 19 att
311 779 97 21 medföra
424 780 77 26 många
517 779 147 27 svårigheter,
674 780 22 26 ty
714 778 26 20 då
754 778 39 21 bör
808 785 48 13 man
872 785 36 14 en-

91 807 48 20 dast
154 806 45 21 afse
214 807 26 20 de
256 807 76 27 högsta
348 807 105 21 anbuden.
485 807 42 27 Jag
542 814 63 14 anser
619 809 37 24 att,
668 807 34 20 vid
713 806 119 28 antagande
843 807 23 20 af
874 809 33 18 ut-

90 835 123 27 minutörer,
235 835 75 21 främst
332 836 101 20 afseende
456 836 39 20 bör
509 836 68 20 fästas
594 836 26 26 på
637 842 140 20 personernas
796 835 112 27 tjenlighet

89 863 52 21 eller
163 863 54 20 huru
240 864 105 20 välkända
360 864 26 20 de
403 865 44 25 äro,
464 864 100 20 hvarföre
577 864 38 27 jag
631 864 66 20 håller
712 863 51 26 före,
780 864 31 20 att
827 863 32 21 för
874 866 32 18 ut-

89 892 129 27 minutering
234 892 26 26 på
276 892 72 20 landet
363 892 47 21 icke
422 892 69 28 någon
503 892 62 28 afgift
577 892 66 20 borde
655 898 51 14 vara
716 891 103 21 bestämd.
843 891 64 21 Hvad

89 920 46 20 åter
152 920 101 20 beträffar
268 920 154 28 utminutering
436 921 6 20 i
459 920 56 27 stad,
533 921 23 20 så
571 920 130 21 förbehåller
715 920 37 27 jag
766 920 42 27 mig
819 921 31 19 att
861 919 46 21 der-

89 954 34 14 om
139 948 21 20 få
175 950 58 25 yttra
248 948 43 27 mig
309 948 121 22 framdeles.

159 976 99 21 Friherre
274 976 99 22 Wrede:
397 977 73 21 Skulle
491 977 38 27 jag
545 978 6 19 i
568 977 67 21 likhet
650 977 48 21 med
714 977 48 20 herr
778 982 40 15 von
834 976 74 21 Wille-

91 1004 68 20 brand
175 1004 71 21 kunna
262 1007 39 24 tro,
318 1007 32 18 att
366 1007 30 18 ett
413 1006 76 20 sådant
505 1005 184 20 oskuldstillstånd
702 1005 56 20 inom
769 1005 69 26 någon
849 1004 58 21 kom-

90 1039 49 14 mun
155 1033 6 19 i
177 1031 90 22 Finland
289 1033 128 24 existerade,
441 1036 32 18 att
499 1033 54 20 både
572 1033 69 28 fylleri
661 1033 39 20 och
720 1033 120 26 lönkrögeri
856 1039 50 14 vore

89 1060 137 26 fremmande,
243 1061 24 20 så
282 1061 68 20 skulle
363 1061 39 28 jag
417 1061 126 28 obetingadt
558 1062 27 27 gå
599 1061 22 20 in
636 1062 58 27 uppå
710 1061 48 20 herr
774 1060 133 21 Ehrnrooths

89 1088 80 27 förslag
185 1090 31 19 att
232 1089 126 21 tillerkänna
373 1089 130 21 kommunen
519 1090 41 20 den
576 1089 167 28 fullkomligaste
753 1089 102 27 rättighet
866 1091 41 24 att,

90 1116 71 21 derest
183 1116 53 21 både
256 1117 105 21 nämnden
378 1118 40 20 och
433 1119 105 19 stämman
555 1117 102 27 enhälligt
672 1125 52 14 vore
740 1119 57 19 emot
813 1117 95 28 offentlig

89 1145 236 28 bränvinsförsäljning,
341 1145 100 28 förbjuda
456 1146 149 21 etablerandet
620 1146 23 20 af
656 1153 27 14 en
699 1145 69 21 sådan.
801 1145 50 21 Men
866 1145 41 21 den

89 1175 48 18 tron
153 1173 38 20 har
204 1173 38 28 jag
257 1173 47 21 icke
322 1175 26 26 på
363 1174 65 27 något
444 1176 43 19 sätt
503 1174 81 21 kunnat
600 1174 86 21 erhålla.
712 1173 41 28 Jag
764 1174 38 20 har
813 1173 53 21 dock
879 1174 29 20 vi-

90 1203 53 18 stats
159 1202 28 27 på
202 1202 38 20 bra
255 1202 77 27 många
356 1202 76 21 ställen
447 1203 7 20 i
469 1202 102 26 Finland,
591 1202 55 21 både
662 1209 46 14 som
723 1203 129 27 tjensteman
868 1202 39 21 och

90 1229 71 28 privat
183 1236 84 21 person.
297 1231 43 26 Jag
361 1231 75 26 tycker
455 1230 33 21 för
504 1231 42 20 min
563 1231 44 26 del,
623 1233 32 18 att
671 1231 139 20 kommunens
826 1231 42 20 rätt
884 1232 24 19 är

90 1257 122 28 tillräckligt
227 1258 121 27 iakttagen,
365 1265 34 14 om
416 1259 25 20 de
457 1258 143 28 stadganden,
612 1265 44 14 som
668 1265 28 14 nu
707 1258 114 21 förefinnas
832 1258 6 20 i
849 1258 59 21 detta

89 1286 90 27 förslag,
202 1286 21 21 få
241 1287 97 26 qvarstå,
354 1287 108 28 nemligen
477 1289 42 23 att,
535 1287 7 20 i
557 1287 102 20 händelse
676 1287 54 20 blott
746 1287 87 25 endera,
849 1286 59 21 kom-

89 1314 179 21 munalnämnden
277 1315 51 20 eller
336 1315 236 26 kommunalstämman,
581 1315 46 20 icke
637 1317 84 26 vägrar,
730 1315 65 20 saken
804 1315 27 20 då
840 1314 67 21 skulle

89 1342 22 20 få
127 1342 140 21 öfverlemnas
284 1342 21 20 åt
320 1344 142 26 guvernören.
489 1342 63 21 Hvad
568 1343 86 21 skatten
666 1343 138 26 vidkommer,
816 1342 24 20 så
850 1342 57 20 med-

89 1370 70 27 gifver
171 1370 38 28 jag
223 1377 76 20 gerna,
314 1373 32 18 att
359 1371 39 27 jag
413 1371 47 21 icke
475 1371 80 21 förstår
567 1371 74 27 riktigt
652 1371 54 21 huru
717 1371 37 21 det
766 1370 53 22 skall
829 1370 27 27 gå
866 1370 41 26 till,

90 1405 34 13 om
139 1398 36 20 det
191 1398 53 21 skall
259 1399 52 21 bära
334 1399 32 27 sig
382 1399 51 20 eller
448 1399 47 21 icke
514 1399 33 20 för
563 1399 48 21 dem
628 1401 32 19 att
675 1399 71 21 betala
762 1399 63 21 skatt.
857 1398 50 20 Men

87 1426 38 28 jag
141 1428 81 26 tycker,
239 1426 26 21 då
278 1427 39 27 jag
332 1434 42 20 ser,
390 1429 32 18 att
438 1434 25 14 en
484 1427 147 21 minuthandel
644 1427 87 21 alldeles
747 1427 57 21 invid
821 1434 24 12 en
859 1434 50 20 gros

91 1454 76 22 handel
183 1454 38 21 bär
236 1455 42 27 sig,
294 1455 40 21 och
347 1455 39 27 jag
401 1455 68 21 tillika
483 1456 58 20 inser
557 1456 40 21 och
613 1458 35 18 vet
664 1456 79 27 precist
759 1458 31 18 att
805 1454 64 28 ingen
880 1456 28 26 på
