1078 1678
816 67 41 20 415

63 123 31 20 till
114 123 122 27 besittning,
256 122 90 21 emedan
366 121 80 21 åboens
464 121 184 21 efterkommande
665 121 65 27 enligt
746 121 34 28 lag
795 122 91 21 tillkom-

64 158 45 14 mer
127 151 173 27 besittningsrätt
320 150 87 27 sålänge
425 150 122 20 hemmanet
563 151 23 18 är
602 150 33 19 väl
651 149 98 27 häfdadt;
766 150 68 21 dertill
851 151 35 20 be-

63 179 74 21 höfves
154 179 106 28 pröfning.
290 179 41 20 Att
346 179 91 20 besvära
452 177 175 22 häradsrätterna
642 178 48 20 med
706 178 79 21 sådana
797 179 89 21 ärender

63 209 24 19 är
102 208 19 27 ej
138 208 102 27 lämpligt.
271 207 40 21 Att
326 207 85 20 utfärda
426 206 149 21 missionsbref
589 207 22 20 åt
627 206 62 21 dessa
701 206 108 21 hemmans
820 207 66 21 åboer

63 235 129 22 tillkommer
214 236 47 21 icke
279 235 67 21 heller
364 235 181 20 häradsrätterna.
577 235 87 20 Således
684 235 65 20 borde
764 235 120 22 häradsrätt

63 265 53 20 först
132 265 118 20 bestämma
270 271 35 13 om
320 263 211 28 besittningsrätten,
548 263 39 20 och
603 263 65 20 sedan
685 263 110 28 uppdraga
810 265 21 20 åt
847 272 37 21 gu-

64 294 103 19 vernören
187 295 31 18 att
237 292 85 21 utfärda
342 291 152 21 missionsbref.
525 291 82 21 Sädant
625 293 23 19 är
662 291 48 21 icke
726 292 105 28 lämpligt;
847 300 37 21 gu-

64 323 104 19 vernören
185 321 42 20 kan
244 321 19 27 ej
280 320 66 20 blifva
360 320 186 20 häradsrätternas
563 320 121 26 expeditör;
701 327 42 21 nog
758 321 23 19 är
792 321 35 21 det
838 322 47 20 bäst

64 351 32 18 att
111 349 36 20 det
162 349 75 21 förblir
252 350 70 20 såsom
340 348 34 21 det
390 348 39 21 har
445 348 64 27 varit,
525 350 32 18 att
573 348 119 20 åbotvister
709 355 33 13 om
759 348 125 22 kronohem-

64 384 47 14 man
135 377 117 21 behandlas
274 378 39 20 och
336 376 85 28 afgöres
444 377 27 27 på
491 378 43 19 sätt
556 376 75 21 hittills
652 376 66 28 skett,
735 377 39 21 och
790 380 30 18 att
836 378 48 21 hela

65 405 95 28 punkten
176 405 112 21 uteslutes.

131 433 101 22 Friherre
249 441 48 14 von
314 433 78 20 Born:
414 432 43 29 Jag
475 433 124 20 instämmer
614 433 6 20 i
636 433 26 21 de
681 433 80 28 åsigter
780 441 45 14 som
843 435 40 21 den

63 462 130 27 föregående
216 463 82 20 talaren
320 462 28 27 pä
369 461 69 28 grund
461 461 23 21 af
500 461 50 28 lång
568 461 122 21 erfarenhet
708 461 37 21 har
760 462 124 28 framhällit,

64 491 39 20 och
120 491 37 20 ber
172 491 76 20 endast
271 492 32 19 att
321 490 21 21 få
357 490 88 27 tillägga
461 492 31 19 att
505 491 39 26 jag
559 490 85 21 befarar
659 492 32 19 att
706 490 62 21 dessa
784 491 100 22 ärenders

64 519 172 21 öfverlemnande
260 519 30 20 till
310 518 175 21 häradsrätterna
503 519 68 20 skulle
587 518 48 21 leda
650 519 31 20 till
696 520 69 19 större
781 519 103 28 långsam-

64 547 36 21 het
117 547 33 21 vid
166 547 62 21 deras
245 546 136 28 behandling,
398 547 22 20 så
435 547 62 27 länge
514 547 129 20 åtminstone
663 553 45 14 som
725 547 19 20 vi
760 547 46 21 icke
821 548 63 21 hafva

63 575 53 21 flera
131 577 26 19 än
173 577 36 20 två
224 576 124 27 häradsting
364 582 34 13 om
414 576 55 26 året,
486 575 39 21 och
541 577 32 19 att
589 575 36 21 det
639 575 45 21 från
696 575 69 21 denna
776 577 108 26 synpunkt

65 604 122 21 betraktadt
207 611 50 14 vore
276 604 22 21 af
316 604 44 27 vigt
379 606 31 18 att
427 604 18 27 ej
462 604 98 27 fråntaga
576 604 154 27 länestyrelsen
747 604 62 21 dessa
823 606 60 20 ären-

64 632 48 21 ders
128 633 165 27 handläggning.
324 632 42 27 Jag
384 632 97 21 förordar
499 632 83 21 således
598 632 62 21 äfven
676 634 33 19 att
723 632 160 28 ifrågavarande

65 664 92 18 moment
173 662 67 19 måtte
256 661 44 20 helt
316 661 38 20 och
371 661 64 20 hållet
451 661 57 27 utgå.

132 688 58 22 Herr
206 689 139 21 Molander:
368 688 113 21 Utskottet
500 689 39 20 har
554 688 110 28 föreslagit
680 690 32 19 att
726 689 157 21 kronorusthåll

65 718 38 20 och
120 718 187 20 hemmanstvister
323 718 67 22 skulle
405 717 114 21 framdeles
533 717 141 21 öfverlemnas
686 718 30 20 till
728 718 156 28 handläggning

63 746 22 20 af
99 746 26 20 de
146 746 105 21 allmänna
274 746 152 26 domstolarne,
449 746 38 20 och
511 746 70 20 såsom
601 746 65 20 motiv
682 746 72 20 härför
769 746 114 21 framhållit

63 776 42 24 att,
128 774 27 21 då
177 774 40 21 den
238 774 35 28 lag
296 781 46 14 som
365 774 117 20 innehåller
505 774 76 27 sjelfva
599 774 161 28 rättsgrunden,
781 775 101 21 hvarutur

63 802 94 22 åboerne
180 803 87 20 härleda
287 803 31 20 sin
338 803 182 27 besittningsrätt,
538 802 48 21 icke
603 802 71 21 vidare
691 803 70 20 tillhör
777 803 39 21 den
833 804 49 20 eko-

63 831 97 21 nomiska
176 831 171 27 lagstiftningen,
364 831 44 20 lära
424 832 19 26 ej
459 831 66 21 heller
536 830 76 21 tvister
623 838 33 13 om
667 831 69 21 denna
747 832 135 28 besittnings-

63 861 42 19 rätt
127 866 87 14 numera:
238 860 129 27 följdriktigt
389 859 72 21 kunna
484 860 71 20 såsom
574 859 141 21 ekonomimål
731 867 61 13 anses
808 860 39 20 och
862 860 24 21 af

63 888 25 20 de
105 888 139 20 ekonomiska
259 888 178 27 myndigheterna
453 888 139 27 handläggas,
609 890 50 18 utan
676 888 51 20 böra
738 889 69 20 såsom
819 890 63 19 rätts-

61 916 72 27 frågor
155 916 32 21 till
211 916 25 21 de
259 916 106 21 allmänna
383 916 155 20 domstolarnes
557 916 139 27 upptagande
713 917 38 20 och
768 917 115 27 afgörande

62 944 162 21 Ofverlemnas'.
255 944 43 28 Jag
321 944 34 21 vill
379 945 19 27 ej
418 944 95 21 bestrida
532 946 31 19 att
584 944 45 21 häri
646 944 68 28 ligger
728 945 91 27 mycken
835 952 47 14 san-

61 973 57 27 ning,
134 980 48 14 men
196 974 37 27 jag
252 975 46 18 tror
316 975 31 19 att
364 972 69 21 denna
448 973 61 27 fråga
525 973 65 21 också
605 980 26 13 ur
646 980 25 14 en
688 980 68 14 annan
774 974 108 27 synpunkt

63 1001 37 20 bör
123 1001 116 20 betraktas.
270 1001 174 20 Kronohemman
468 1003 23 18 är
514 1008 25 14 en
562 1002 83 19 kronan
667 1001 132 20 förbehållen
819 1008 63 21 egen-

61 1029 59 26 dom,
141 1030 72 20 derom
232 1030 68 20 åboen
317 1029 19 27 ej
353 1036 50 21 eger
422 1029 120 27 disponera.
574 1029 82 21 Genom
676 1029 72 28 kungl.
764 1029 118 22 förordnin-

61 1064 40 21 gen
121 1058 23 20 af
161 1058 40 20 den
217 1059 24 20 21
259 1057 105 21 Februari
384 1058 54 20 1789
457 1059 24 18 är
501 1058 53 21 dock
571 1058 41 21 den
628 1057 112 22 försäkran
756 1058 70 27 gifven
843 1058 40 21 alla

62 1086 65 20 äboer
142 1087 12 20 &
170 1086 178 27 kronohemman,
365 1088 31 19 att
412 1087 23 20 sä
452 1086 62 27 länge
530 1086 26 21 de
571 1087 32 20 till
622 1087 38 20 hus
676 1086 40 21 och
729 1087 48 27 jord
794 1087 32 20 väl
843 1087 38 21 och

61 1114 139 28 försvarligen
224 1115 64 20 häfda
311 1115 61 20 deras
396 1114 96 21 äboende
510 1115 110 26 hemman,
640 1115 26 20 de
690 1115 38 20 och
746 1115 61 20 deras
830 1115 51 20 barn

61 1143 60 20 skola
137 1143 51 20 derä
204 1143 81 21 odrifne
301 1143 51 20 sitta
368 1150 47 13 man
432 1143 55 20 efter
502 1150 59 19 man,
577 1143 30 20 uti
624 1143 40 21 den
681 1143 90 28 ordning
781 1150 45 14 som
838 1145 43 19 sär-

61 1171 64 20 skildt
141 1171 5 20 i
163 1171 65 21 näder
248 1171 68 21 blifvit
336 1171 107 28 stadgadt.
475 1171 103 20 Närmare
595 1171 161 21 bestämmelser
771 1172 109 27 angäende

60 1199 49 20 &bo-
129 1200 39 20 och
187 1200 200 27 besittningsrätten
407 1200 30 20 till
455 1199 166 21 kronohemman
638 1200 135 21 meddelades
789 1200 92 21 derefter

59 1227 6 20 i
85 1227 85 28 kejserl.
193 1228 142 27 kungörelsen
359 1228 40 21 den
422 1229 27 20 30
471 1228 43 21 Juli
539 1229 60 20 1811.
630 1228 72 21 Jemte
725 1229 157 20 fastställandet

59 1256 24 20 af
96 1256 136 28 stadgandet,
249 1259 31 18 att
304 1257 40 20 den
362 1257 77 25 bonde,
459 1263 44 14 som
523 1257 84 20 beflitar
622 1257 33 27 sig
670 1259 32 18 att
718 1257 32 20 väl
767 1257 62 20 häfda
845 1257 36 20 sitt

59 1284 96 21 äboende
179 1285 177 26 kronohemman,
380 1285 53 20 skall
457 1285 33 20 för
513 1285 33 27 sig
569 1285 38 21 och
632 1286 46 19 sina
698 1285 183 21 efterkommande

58 1313 61 27 njuta
134 1313 40 21 den
191 1313 99 21 säkerhet
306 1315 32 18 att
354 1313 107 28 framgent
480 1313 34 20 vid
531 1314 122 20 hemmanet
669 1313 66 21 varda
750 1313 130 27 bibehällne,

57 1340 139 22 förordnades
213 1342 62 20 bland
292 1344 65 18 annat
373 1342 104 26 följande:
495 1341 59 25 ,,Dör
570 1342 180 20 kronohemmans
766 1342 47 26 äbo,
829 1344 50 18 utan

46 1371 43 19 .att
105 1370 69 20 lemna
189 1370 55 20 efter
259 1370 33 27 sig
307 1370 56 20 enka
378 1377 44 13 som
439 1370 35 20 vill
491 1370 120 27 äboskapet
626 1373 119 25 emottaga,
756 1370 51 20 eller
821 1370 59 20 kom-

57 1404 46 14 mer
122 1398 41 21 han
183 1399 22 19 sä
222 1398 23 20 af
258 1399 32 26 sig
306 1400 31 18 att
352 1398 41 20 han
411 1399 20 26 ej
447 1398 41 20 kan
507 1398 121 21 hemmanet
644 1398 90 26 förestä,
750 1398 38 20 bör
803 1398 77 21 krono-

56 1426 77 27 fogden
159 1427 72 20 härom
255 1427 30 20 till
304 1426 176 28 landshöfdingen
500 1426 117 26 inberätta,
637 1429 54 19 samt
709 1427 68 20 tillika
791 1426 89 21 insända

56 1454 153 22 instrumentet
224 1455 60 20 öfver
300 1455 40 20 den
356 1456 12 20 &
384 1455 123 20 hemmanet
523 1455 148 21 dessförinnan
683 1455 132 21 anställande
830 1461 50 21 syn,
