1078 1678
806 63 58 33 271

72 121 51 27 föga
138 127 26 14 en
181 121 69 20 sämre
274 119 121 21 hushållare
415 119 25 20 än
461 118 42 21 den
519 117 70 22 finska
605 117 115 28 allmogen,
735 125 48 14 men
799 118 96 23 kommer

72 149 36 21 det
124 156 27 13 an
167 149 27 27 på
210 150 32 19 att
258 148 57 27 gifva
330 150 24 18 ut
370 154 25 14 en
412 147 64 27 penni
495 147 34 20 för
545 147 46 24 det,
611 147 24 20 så
650 146 67 21 håller
736 147 41 20 han
793 147 6 20 i
815 147 40 21 den
872 149 23 20 så

72 178 61 27 länge
157 177 40 20 han
221 177 41 20 kan
283 176 38 21 och
341 176 36 20 vill
395 175 46 21 icke
460 175 59 28 gifva
534 177 24 18 ut
577 175 48 20 den.
656 174 35 21 Då
706 175 41 20 han
762 175 82 21 således
860 177 34 20 vid

71 205 188 27 fabriksbränning
275 204 138 27 ovilkorligen
430 205 68 20 måste
514 203 71 20 tillösa
600 203 33 27 sig
652 210 64 13 varan
727 203 33 21 för
770 205 124 27 penningar,

72 235 96 19 kommer
183 234 41 20 han
241 233 87 27 mycket
344 233 65 20 sällan
420 234 32 19 att
463 233 53 26 göra
532 231 45 27 det,
589 231 26 21 då
627 231 40 21 han
684 231 106 28 deremot,
801 240 33 13 om
851 233 43 20 lön-

72 263 123 20 bränneriet
209 262 48 21 icke
273 261 81 27 stäfjas,
364 261 38 20 har
417 260 91 21 tusende
523 262 90 25 utvägar
624 262 32 18 att
666 262 50 19 utan
728 260 115 23 kontanter
853 261 41 22 för-

72 290 68 21 skaffa
156 291 32 27 sig
204 290 90 21 bränvin
310 289 40 21 och
366 289 27 21 då
408 289 112 21 befordras
536 289 6 20 i
557 289 39 20 och
608 289 48 20 med
667 288 118 21 detsamma
795 289 99 29 fylleriet.

141 319 57 20 Herr
214 319 155 25 Schauman,
392 317 26 21 B.
435 317 33 21 O.:
491 317 43 27 Jag
550 317 68 20 skulle
642 317 54 20 blott
720 317 83 21 anhålla
825 321 31 18 att
873 319 22 21 få

72 347 74 21 förena
162 347 43 27 mig
221 347 5 20 i
243 347 25 20 de
284 346 24 21 af
320 346 91 20 friherre
428 353 39 13 von
485 346 58 20 Born
555 344 95 22 uttalade
662 340 85 33 äsifter,
759 346 88 21 emedan
857 348 38 26 jag

72 376 47 20 icke
135 376 42 20 kan
193 376 46 20 inse
254 376 32 20 att
302 374 30 21 uti
344 374 36 21 det
392 381 75 14 senare
479 374 138 20 alternativet
628 374 121 20 företräden
761 374 67 21 skulle
838 375 56 28 ligga

73 406 31 18 att
121 404 70 21 bättre
216 404 85 20 hämma
322 403 167 20 lönbränneriet.
520 402 119 21 Dessutom
651 409 64 13 anser
726 402 38 27 jag
774 403 67 20 första
852 404 42 20 må-

73 432 29 21 let
117 432 34 21 för
165 431 163 28 ifrågavarande
344 431 134 27 lagstiftning
494 438 51 13 vara
561 430 138 21 hämmandet
715 431 23 20 af
751 431 92 27 superiet
855 432 39 21 och

73 460 48 21 dess
137 461 97 26 skadliga
250 460 76 27 följder
342 459 49 27 och,
408 459 26 21 då
449 460 38 27 jag
503 462 45 17 tror
564 461 32 18 att
611 459 59 20 förra
685 459 136 22 alternativet
836 467 58 14 mera

74 489 99 27 bidrager
188 489 31 20 till
235 488 281 21 bränvinskonsumtionens
529 487 130 28 minskning,
675 488 68 20 måste
756 488 37 27 jag
809 489 85 21 förorda

74 517 61 21 detta
150 517 121 21 alternativ.

142 545 70 21 Sedan
228 545 149 21 diskussionen
394 544 51 21 härå
459 545 117 20 förklarats
592 544 99 27 afslutad,
707 544 122 22 framstälde
845 546 49 20 herr

74 574 196 21 landtmarskalken
287 573 31 21 till
334 573 133 21 besvarande
483 573 95 28 följande
595 573 143 27 proposition:

143 619 10 9 »
156 603 43 25 Vill
222 602 150 27 ridderskapet
395 602 39 21 och
453 601 62 21 adeln
533 601 31 21 till
583 601 68 28 grund
667 601 33 20 för
716 602 45 20 sina
776 602 117 21 öfverlägg-

74 632 75 27 ningar
171 631 30 21 uti
224 630 162 28 ifrågavarande
410 632 61 19 ämne
490 632 52 26 taga
557 630 36 21 det
609 630 23 20 af
649 630 107 21 utskottet
770 610 124 42 framstälda

75 661 66 19 första
157 659 127 22 alternativ?

144 705 10 9 ,»
158 688 82 21 Vinner
262 688 45 26 nej,
330 687 107 27 företages
455 687 119 21 utskottets
590 686 66 22 andra
672 686 113 22 alternativ
801 688 31 20 till
847 690 46 19 när-

75 724 58 13 mare
148 716 153 28 granskning."

144 745 107 21 Häröfver
274 744 108 21 anstäldes
402 745 27 27 pä
447 744 95 27 begäran
563 744 98 27 votering
677 744 39 20 och
732 744 73 21 utföllo
821 744 72 22 dervid

76 775 97 19 rösterna
192 774 58 20 inom

298 802 52 20 1:sta
366 801 27 21 kl.
410 801 48 21 med
474 802 12 20 6
499 801 24 27 ja
539 802 39 20 och
595 802 11 20 7
623 802 45 26 nej,

297 830 59 32 Bd
375 846 12 9 s
434 846 12 9 x
472 830 13 20 8
551 846 12 9 s
596 830 52 25 On

297 858 56 21 8:dje
377 874 11 9 »
437 875 12 9 »
475 859 48 24 6»
555 858 54 26 »15
637 874 11 9 >

75 888 38 20 och
129 888 27 20 dä
171 888 35 27 nej
223 886 83 22 säledes
321 887 57 20 inom
394 887 41 21 alla
450 886 83 21 klasser
547 888 78 26 segrat,
642 886 68 21 skulle
723 886 65 22 andra
803 887 90 21 alterna-

75 916 54 20 tivet
144 916 102 27 punktvis
262 916 122 26 genomgäs.

143 944 65 20 Emot
224 944 60 20 detta
299 944 70 20 beslut
385 943 140 30 reserverade
541 943 33 27 sig
589 943 130 21 friherrarne
734 950 40 15 von
786 944 56 20 Born
855 944 38 21 och

75 972 96 21 Aminoff
184 974 54 19 samt
254 972 100 21 herrarne
370 979 41 13 von
428 971 58 21 Born
503 972 40 20 och
560 972 130 27 Schauman,
711 972 24 20 B.
752 972 25 21 O.

142 1000 42 21 Vid
200 1000 94 21 härefter
310 1000 111 27 företagen
437 1000 133 27 granskning
586 1000 23 21 af
623 1000 116 21 utskottets
750 1000 80 27 förslag
841 1001 5 20 i
858 1000 34 21 de-

74 1029 38 27 talj
127 1031 76 25 antogs
220 1029 9 20 1
247 1029 33 27 8:n
297 1031 50 18 utan
364 1029 127 20 diskussion.

144 1057 138 21 Beträffande
299 1057 11 27 &
326 1058 13 19 2
354 1057 86 28 yttrade
457 1057 32 27 sig

142 1085 101 21 Friherre
259 1092 47 14 von
322 1085 79 21 Born:
418 1085 41 28 Jag
475 1092 63 14 anser
553 1087 31 19 att
595 1085 149 22 diskussionen
756 1093 33 13 om
800 1085 41 22 den
852 1085 41 22 för-

75 1113 94 22 ändrade
184 1113 124 27 redaktion,
323 1113 107 22 utskottet
441 1113 61 28 gifvit
514 1114 71 21 denna
596 1115 23 26 8,
630 1114 122 27 lämpligast
762 1114 70 21 kunde
841 1121 53 22 upp-

75 1142 82 27 skjutas
173 1142 42 21 tills
227 1143 43 26 $3,
287 1149 45 14 som
349 1144 104 26 upptager
469 1142 249 28 tillverkningsskattens
730 1143 83 28 belopp,
824 1143 70 20 blifvit

75 1171 22 20 af
111 1171 86 20 ständet
213 1171 95 27 afgjord,
325 1171 89 20 emedan
431 1171 35 20 det
482 1172 23 19 är
521 1171 59 20 svärt
596 1173 32 18 att
643 1171 109 27 disputera
766 1178 33 14 om
815 1171 79 28 förhöj-

74 1199 51 28 ning
141 1199 23 21 af
176 1206 25 14 en
218 1199 68 26 skatt,
303 1199 63 20 hvars
382 1199 79 28 belopp
477 1201 56 19 ännu
549 1199 48 21 icke
613 1201 23 19 är
652 1199 74 28 gifvet.

143 1227 58 21 Herr
216 1227 26 21 af
255 1227 141 26 Forselles,
412 1227 33 21 O.:
469 1227 44 21 För
535 1228 43 20 min
597 1227 34 21 del
646 1228 69 21 skulle
728 1229 38 26 jag
781 1228 67 21 önska
862 1229 32 20 att

74 1256 68 21 första
164 1258 117 19 momentet
297 1256 5 20 i
318 1255 41 21 den
383 1256 71 27 gamla
472 1256 153 28 förordningen
645 1263 35 14 om
696 1258 32 19 att
742 1257 151 27 författningen

75 1285 53 20 skall
151 1284 56 27 gälla
222 1285 30 20 tio
268 1285 22 20 är
306 1284 72 21 kunde
394 1285 57 26 utgä.
482 1284 43 27 Jag
540 1287 45 18 tror
601 1287 31 18 att
648 1285 20 20 vi
685 1285 62 28 eljest
762 1285 85 20 komma
862 1287 32 19 att

75 1313 54 27 begå
145 1319 80 14 samma
241 1313 27 20 fel
284 1319 46 14 som
346 1313 34 20 vid
391 1312 57 21 förra
459 1312 112 29 landtdag
570 1308 10 37 ,
583 1313 100 27 emedan,
695 1321 34 13 om
740 1313 152 28 författningen

75 1341 68 20 skulle
166 1341 95 20 befinnas
285 1341 111 27 olämplig,
420 1348 48 13 man
492 1342 47 20 åter
557 1341 35 21 vid
608 1348 26 14 en
650 1342 128 20 kommande
794 1341 101 27 landtdag

75 1369 68 21 mäste
159 1369 65 21 ändra
240 1369 48 21 den.

143 1397 58 21 Herr
215 1397 105 27 Linder,
343 1397 32 21 E.:
398 1397 43 28 Jag
460 1398 37 20 ber
515 1400 32 18 att
561 1398 21 20 fä
595 1398 75 21 förena
686 1398 44 28 mig
745 1398 48 21 med
808 1398 50 20 herr
873 1397 23 21 af

75 1425 113 21 Forselles.
219 1426 115 20 Dessutom
351 1426 48 20 ville
412 1426 39 27 jag
462 1426 103 20 anmärka
575 1428 31 19 ett
618 1427 46 20 litet
676 1426 161 26 redaktionsfel,
849 1432 45 14 som

75 1454 66 20 borde
157 1456 73 18 rättas.
262 1454 42 20 Det
321 1455 23 19 är
360 1454 105 27 nemligen
482 1455 118 27 oegentligt
615 1457 32 18 att
660 1455 37 20 det
707 1455 6 20 i
725 1455 67 21 första
801 1460 93 15 momen-
