1078 1678
862 61 42 20 375

108 113 74 21 hittills
205 114 55 19 varit
280 113 126 27 vedertaget
422 113 55 21 bruk
497 115 42 25 att,
556 121 33 13 om
609 115 63 26 ingen
690 115 54 20 varit
760 115 112 27 tillstädes,
889 117 41 20 den

108 142 113 20 uteblifnes
245 141 109 28 exemplar
378 141 23 21 af
421 142 77 20 domen
517 149 77 20 genom
618 145 135 24 guvernören
777 143 93 21 tillstälts
890 145 40 20 den

108 170 103 21 uteblifna
226 172 85 25 parten,
328 170 39 21 och
383 170 53 20 hans
452 171 43 19 rätt
507 170 38 20 har
557 171 88 20 sålunda
655 171 47 20 icke
714 171 68 20 blifvit
792 171 137 22 försummad.

177 198 55 21 Herr
248 199 26 20 af
287 198 155 27 Björksten,
453 198 21 21 J.
483 199 35 20 A.:
529 198 11 21 I
556 199 115 27 anledning
686 199 23 21 af
722 199 56 21 hvad
789 200 87 21 friberre
888 207 40 14 von

107 226 58 21 Born
177 227 98 20 anmärkt
291 227 73 20 derom
380 228 32 19 att
428 227 106 20 svarande
545 229 58 25 part,
615 227 27 20 då
653 227 41 21 han
705 228 78 20 uteblir
792 228 46 21 från
851 229 78 21 hofrät-

108 257 45 24 ten,
165 255 47 20 icke
228 255 66 21 borde
306 262 52 13 vara
369 255 84 27 skyldig
465 257 31 18 att
507 255 46 20 lösa
564 256 110 26 exemplar
686 255 22 21 af
718 256 85 27 domen,
814 257 38 21 ber
860 257 38 28 jag
909 257 21 21 få

107 283 102 21 anmärka
232 286 32 18 att
286 283 68 21 under
376 283 41 20 den
438 283 30 20 tid
484 284 40 27 jag
542 284 144 27 tjenstgjorde
704 285 3 20 i
722 277 49 28 Åbo
787 285 88 26 hofrätt,
892 285 37 21 der

108 312 39 21 den
168 312 72 27 praxis
258 311 77 27 följdes
354 313 32 19 att
406 311 47 21 icke
470 312 65 26 något
550 312 110 27 exemplar
676 313 153 27 expedierades
846 315 21 20 åt
883 316 45 18 ute-

108 340 78 20 blifven
203 342 53 25 part,
273 340 77 20 hördes
366 340 41 20 den
420 339 87 28 klagan,
524 342 31 18 att
573 347 26 13 en
615 340 66 21 sådan
697 341 158 21 uraktlåtenhet
870 340 58 22 med-

107 368 60 21 förde
183 370 57 19 stora
257 368 121 21 kostnader.
409 367 63 22 Hade
489 368 41 21 han
548 369 74 20 vunnit
638 369 6 19 i
660 369 147 27 underrätten,
823 370 24 20 så
860 370 67 21 måste

108 397 39 20 han
164 397 62 20 hafva
243 391 157 32 ett”exemplar
415 396 33 20 för
463 399 32 18 att
511 398 52 25 göra
579 397 31 20 sin
627 399 43 18 rätt
685 398 103 26 gällande,
800 398 39 20 och
854 398 32 20 för
896 400 32 18 att

107 425 67 20 skaffa
191 425 32 27 sig
242 427 30 18 ett
292 425 76 20 sådant
386 425 68 20 måste
469 425 42 20 han
528 425 66 20 anlita
609 425 69 27 någon
695 432 77 21 person
788 426 6 20 i
810 426 117 26 hofrätten,

107 453 32 21 för
154 456 32 17 att
202 453 97 21 tillsända
314 453 78 21 honom
408 453 85 20 afskrift
509 453 23 20 af
546 453 86 26 domen,
648 453 39 21 och
704 453 35 21 det
751 453 80 22 medför
842 455 86 26 mycket

107 482 68 27 dryga
197 481 121 27 kostnader,
341 481 100 21 hvarföre
462 482 39 27 jag
520 481 68 21 skulle
608 482 26 27 på
652 482 36 20 det
706 482 74 27 högsta
795 483 85 20 förorda
896 485 32 18 att

107 510 80 21 hofrätt
203 511 91 20 tvärtom
312 510 65 21 borde
394 510 144 27 förständigas
555 512 40 24 att,
612 511 6 19 i
634 510 40 21 alla
690 510 26 21 de
732 510 35 21 fall
783 511 26 20 då
824 511 103 21 svarande

107 542 48 23 part
171 539 84 26 uteblir,
271 539 31 20 till
318 539 78 20 honom
411 538 86 21 utfärda
513 538 131 27 expedition.

175 567 99 21 Friherre
291 574 47 13 von
356 567 77 20 Born:
457 566 42 27 Jag
522 573 63 14 anser
607 569 32 18 att
658 566 36 21 det
712 567 65 20 borde
797 567 20 20 få
833 567 50 21 bero
900 568 27 27 på

106 595 105 21 svarande
233 597 76 26 parten
333 597 40 24 att,
392 602 34 14 om
445 595 40 20 han
506 595 102 20 behöfver
624 595 45 26 det,
685 595 22 20 få
716 593 50 23 mot
781 595 60 28 afgift
856 595 71 21 tillösa

106 624 32 27 sig
162 623 84 22 afskrift
268 624 23 20 af
311 623 77 21 domen
406 623 40 21 och
465 625 32 19 att
515 623 41 20 han
573 623 47 21 icke
638 623 64 21 borde
718 631 51 13 vara
784 626 94 25 tvungen
894 626 32 18 att

106 652 69 21 tillösa
191 653 32 26 sig
239 652 35 21 det
290 652 53 27 dyra
358 652 119 26 originalet.
508 651 43 27 Jag
569 652 99 20 betviflar
684 653 32 19 att
731 659 26 13 en
772 652 64 20 sådan
853 653 73 26 praxis

106 680 69 21 blifvit
190 680 51 28 följd
257 680 6 20 i
280 680 114 27 kejserliga
416 682 99 24 senaten,
532 682 31 18 att
582 680 148 27 expeditioner
745 680 6 20 i
768 680 71 27 dylika
854 680 72 28 frågor

106 708 69 21 blifvit
190 708 98 21 tillsända
304 708 104 20 svarande
424 710 82 25 parten.
538 708 33 20 De
586 708 139 21 medlemmar
740 708 22 20 af
777 708 148 28 ridderskapet

105 737 40 20 och
161 737 71 26 adeln,
249 744 45 13 som
310 736 63 21 hafva
389 736 32 28 sig
432 736 66 21 saken
510 737 98 20 närmare
620 736 88 27 bekant,
720 736 60 21 torde
791 736 72 21 kunna
872 744 53 20 upp-

106 765 45 27 lysa
167 765 83 27 derom,
266 772 47 13 men
326 765 38 27 jag
380 764 68 21 skulle
469 767 33 19 tro
521 767 32 18 att
568 765 77 21 endast
660 764 34 21 vid
710 764 131 22 hofrätterna
857 763 69 22 denna

105 793 137 27 betungande
258 793 72 27 praxis
347 793 69 21 blifvit
431 793 118 27 tillämpad.

173 821 57 21 Herr
245 821 27 21 af
285 821 148 28 Björksten,
445 821 20 21 J.
477 821 34 21 A.:
525 821 42 28 Jag
577 828 109 21 upprepar
696 823 56 19 ännu
763 828 25 14 en
799 821 57 28 gång
867 821 56 21 livad

102 850 38 28 jag
153 850 38 20 sist
202 850 91 27 yttrade,
310 850 39 20 och
363 850 39 27 jag
417 852 44 18 tror
478 850 43 27 mig
532 850 53 20 böra
601 856 41 21 ega
658 850 80 20 vitsord
748 850 6 20 i
766 850 75 26 saken,
853 850 25 20 då
887 850 38 27 jag

105 878 96 28 skäligen
220 878 61 28 länge
300 878 69 28 tjenat
388 878 30 20 uti
437 878 115 21 hofrätten.
583 878 64 20 Hvad
663 878 101 20 beträffar
778 878 90 20 friherre
882 884 41 14 von

105 906 70 22 Borns
188 906 122 28 påstående,
322 908 31 19 att
369 906 35 21 det
420 906 68 21 skulle
505 906 65 21 blifva
585 913 59 14 mera
660 906 135 28 betungande
805 906 33 20 för
849 908 75 25 parten

105 937 31 18 att
158 935 45 21 lösa
226 935 76 21 domen
324 935 47 20 från
394 934 120 27 hofrätten,
533 936 25 19 än
580 936 32 19 att
631 934 64 21 anlita
710 934 119 27 fullmäktig
845 934 32 20 för
892 936 32 19 att

105 963 68 21 skaffa
189 963 31 28 sig
236 963 93 26 afskrift,
346 964 23 20 så
384 963 87 21 hindrar
483 963 26 28 ju
525 963 54 21 intet
595 963 107 21 hofrätten
719 964 31 19 att
766 962 22 21 af
801 962 40 21 den
858 962 67 21 andra

104 994 75 23 parten
195 992 6 20 i
216 992 75 20 domen
314 992 88 27 tillägga
425 991 41 20 den
489 991 104 21 uteblifna
616 991 119 20 svaranden
754 990 118 27 ersättning
890 990 34 21 för

105 1020 51 20 hans
179 1020 110 27 exemplar
310 1019 22 21 af
353 1019 87 27 domen,
463 1019 40 21 och
527 1019 88 21 dermed
634 1021 23 19 är
675 1019 41 20 den
732 1018 135 28 svårigheten
886 1025 37 14 un-

104 1048 96 27 danröjd.

172 1076 58 21 Herr
245 1076 123 28 Pipping,
383 1076 92 21 Fridolf:
491 1075 10 21 I
517 1075 117 28 anledning
649 1075 62 21 deraf
731 1077 31 19 att
777 1075 90 21 friherre
882 1081 41 14 von

104 1104 57 21 Born
178 1105 80 20 äskade
274 1105 130 27 upplysning
419 1111 34 14 om
466 1104 55 21 huru
532 1104 36 21 det
579 1104 91 21 förfares
680 1104 7 20 i
698 1103 114 28 kejserliga
823 1105 101 19 senatens

101 1133 233 27 justitiedepartement
347 1132 48 21 med
407 1133 58 20 lösen
477 1132 24 21 af
509 1132 84 29 domen,
605 1133 27 20 då
643 1132 104 21 svarande
759 1134 73 25 parten
844 1131 46 21 icke
901 1133 24 18 är

104 1161 114 26 tillstädes,
236 1163 22 19 är
271 1162 38 27 jag
324 1161 6 20 i
347 1161 82 21 tillfälle
445 1163 31 18 att
492 1161 92 27 upplysa
599 1163 32 18 att
646 1160 68 27 aldrig
729 1160 110 27 exemplar
853 1159 23 20 af
888 1159 36 21 do-

104 1197 48 13 men
176 1189 95 21 utfärdas
294 1191 22 20 åt
338 1189 117 21 uteblifven
479 1189 106 21 svarande
610 1191 58 25 part,
688 1189 39 20 och
745 1188 68 21 tillika
832 1188 40 20 kan
886 1188 38 27 jag

104 1220 77 19 nämna
197 1220 31 18 att
243 1218 67 28 priset
325 1219 28 26 på
368 1218 77 21 domen
459 1217 126 28 visserligen
601 1217 32 21 till
648 1224 26 14 en
691 1217 33 21 del
740 1218 24 19 är
779 1215 107 22 beroende
897 1217 27 26 på

104 1246 35 21 det
159 1246 172 28 penningevärde
351 1247 87 20 hvarom
455 1246 86 27 tvistas,
557 1253 48 14 men
623 1248 30 18 att
670 1253 48 13 man
734 1245 97 27 vanligen
848 1244 76 21 beräk-

104 1282 37 13 nar
157 1275 27 20 20
200 1275 59 20 mark
275 1275 34 20 för
324 1281 26 14 en
366 1275 58 26 dom,
441 1274 39 21 och
500 1276 31 19 att
547 1274 26 21 då
589 1274 77 21 endast
680 1273 85 22 afskrift
780 1273 61 21 deraf
855 1275 69 24 tages,

105 1310 46 13 man
174 1303 48 21 icke
246 1303 102 21 behöfver
370 1303 71 20 betala
465 1303 73 20 vidare
561 1304 26 19 än
607 1303 71 27 fattig-
695 1302 38 21 och
750 1301 174 27 arbetshusafgift

104 1331 48 21 med
167 1332 13 20 3
195 1331 59 21 mark
269 1332 27 20 44
312 1332 70 26 penni.
611 1337 2 2 :
904 1356 4 4 N

172 1359 58 21 Herr
246 1359 131 28 Pipping,
402 1359 24 21 F.
451 1359 31 21 J.:
508 1358 42 28 Jag
573 1358 95 22 anhäller
690 1360 31 19 att
743 1358 21 20 fä
786 1357 74 21 förena
882 1364 43 20 mig

87 1410 4 3 .
103 1388 49 20 med
174 1388 90 20 friherre
287 1395 41 13 von
351 1388 68 26 Born,
439 1388 40 20 och
499 1387 38 21 ber
553 1388 31 20 att
599 1386 49 21 med
664 1386 98 21 anledning
792 1386 23 20 af
829 1386 31 19 att
875 1384 50 21 herr

103 1416 24 19 af
139 1415 117 28 Björksten
272 1416 91 21 nämnde
379 1422 33 14 om
430 1418 32 18 att
477 1416 135 20 hofrätterna
627 1414 115 28 expediera
772 1420 59 14 domar
847 1413 21 20 ät
878 1420 46 14 sva-

103 1444 66 20 rande
185 1446 72 25 parter
273 1444 21 21 få
308 1446 88 24 nämna,
412 1446 33 18 att
458 1444 38 27 jag
511 1444 88 27 mycket
615 1443 33 21 väl
664 1445 36 19 vet
716 1443 53 20 huru
781 1441 86 27 mycket
878 1448 47 14 sva-
