1078 1678
208 76 41 20 396

180 133 66 27 några
269 133 69 20 röster
361 132 48 28 höja
428 133 32 26 sig
479 132 104 26 deremot,
603 133 39 20 och
658 132 36 21 det
710 133 28 26 på
752 132 46 21 skäl
815 139 45 14 som
876 139 64 22 synas
957 133 43 27 mig

180 161 84 27 ganska
279 161 46 20 litet
341 161 100 20 hållbara.
471 161 49 20 Man
537 161 35 20 vill
587 167 52 14 anse
654 163 32 18 att
702 167 25 14 en
744 161 30 20 tid
790 161 23 20 af
825 161 28 20 60
868 161 66 28 dagar
950 168 50 13 vore

180 196 42 20 nog
245 189 48 20 kort
312 191 32 18 att
361 189 89 27 fullfölja
469 189 56 20 talan
549 191 58 18 emot
627 189 91 20 hofrätts
735 189 81 27 åtgärd.
846 189 42 27 Jag
903 190 61 20 torde
980 190 20 27 ej

181 217 93 21 behöfva
293 217 127 27 vederlägga
439 217 59 20 detta
513 217 49 20 med
578 219 65 18 annat
658 219 26 18 än
701 224 25 13 en
743 217 110 20 framstäld
868 217 69 27 fråga,
954 225 46 13 som

178 246 39 27 jag
240 247 45 18 tror
304 247 32 18 att
358 245 79 21 enhvar
456 246 67 20 måste
539 245 96 27 jakande
653 245 99 26 besvara,
769 245 103 21 huruvida
888 253 48 13 man
952 246 48 21 icke

182 274 54 20 1868
252 273 28 27 på
296 273 26 20 60
338 274 65 27 dagar
419 273 52 21 skall
488 273 115 21 medhinna
618 273 36 21 det
670 281 45 13 som
731 281 48 13 man
793 274 52 20 1734
857 274 105 21 medhann
973 275 27 26 på

183 302 39 20 120
241 301 81 27 dagar?
345 301 41 28 Jag
404 304 45 18 tror
467 304 31 18 att
516 302 238 20 kommunikationerna
770 303 23 20 så
808 302 86 27 mycket
909 302 91 20 förbätt-

181 332 53 23 rats,
258 330 24 20 så
304 332 32 18 att
358 330 79 20 enhvar
456 330 53 20 skall
527 330 92 20 besvara
637 330 74 27 frågan
728 330 47 20 med
789 331 29 26 ja.
849 331 41 26 Jag
906 330 95 20 anhåller

181 358 132 20 fördenskull
330 360 30 18 att
375 358 22 20 få
412 358 106 27 tillstyrka
535 358 57 26 bifall
608 358 31 20 till
655 358 117 20 utskottets
789 358 141 21 betänkande.

250 386 57 20 Herr
323 386 156 26 Grotenfelt,
495 386 36 20 A.:
555 386 70 21 Afven
646 386 38 27 jag
707 386 67 20 skulle
793 387 6 19 i
817 386 67 21 likhet
907 386 48 21 med
974 386 26 21 de

181 415 52 20 sista
248 414 65 21 ärade
329 415 81 20 talarne
426 421 50 14 anse
492 415 26 20 60
533 415 67 26 dagar
615 414 128 27 fullkomligt
759 414 126 27 tillräckliga
900 415 33 20 för
949 415 51 20 våra

181 442 123 21 nuvarande
319 442 151 21 förhållanden.
495 442 42 21 Det
552 443 24 19 är
587 442 20 27 ej
619 442 62 27 sagdt
692 444 32 19 att
735 445 76 24 parten
824 442 101 21 behöfver
936 443 64 20 vänta

181 471 25 20 21
224 471 72 26 dagar,
319 470 41 21 han
379 471 51 26 kan,
449 471 26 20 då
493 471 41 20 han
550 471 33 20 får
597 471 165 25 underrättelse,
778 470 85 21 hvilken
879 471 41 20 han
937 471 61 20 äfven

181 500 75 26 genast
277 498 41 21 kan
336 498 30 27 få,
382 499 24 20 så
421 499 80 27 hastigt
516 505 45 14 som
577 499 83 27 möjligt
679 498 87 28 vidtaga
784 499 45 20 sina
845 499 99 27 åtgärder
960 499 39 20 och

181 534 51 13 vara
250 526 70 28 färdig
337 527 56 20 inom
412 528 24 19 21
457 527 72 27 dagar.
560 526 48 21 Han
625 527 41 20 kan
683 527 87 27 mycket
785 527 33 20 väl
834 527 114 20 medhinna
964 527 36 20 det

181 562 45 14 som
242 555 78 20 honom
336 555 86 27 åligger.

250 583 56 21 Herr
324 590 44 14 von
384 583 77 21 Born:
483 583 42 27 Jag
541 583 35 20 vill
592 583 53 20 visst
660 583 20 27 ej
696 583 95 20 bestrida
806 585 31 19 att
852 583 147 20 kommunika-

181 612 97 21 tionerna
299 619 28 13 nu
350 611 32 21 för
400 611 58 21 tiden
477 611 72 21 kunna
567 618 52 13 vara
637 611 86 28 mycket
744 611 69 21 bättre
829 613 27 18 än
871 611 33 21 för
921 612 39 20 100
976 612 24 20 år

181 640 75 26 sedan,
278 647 47 14 men
344 640 20 20 vi
383 640 63 20 hafva
461 640 47 20 icke
521 640 116 27 jernvägar
653 647 45 13 som
714 640 27 27 gå
756 640 32 20 till
803 639 94 27 Torneå,
914 639 84 28 Kajana

181 669 52 20 eller
256 667 94 28 Kuopio,
367 668 20 20 vi
402 668 21 20 få
439 669 20 25 ej
475 668 50 20 våra
546 668 142 20 dokumenter
711 668 71 20 alltför
801 668 86 26 hastigt.
918 667 80 21 Posten

181 697 38 27 går
234 696 31 20 till
281 703 26 13 en
323 698 44 18 stor
382 696 33 20 del
431 696 23 20 af
468 698 57 18 orter
541 696 76 20 endast
632 702 26 14 en
674 696 56 27 gång
746 696 5 20 i
768 695 87 21 veckan.
879 695 48 28 Nog
938 698 62 25 tager

181 726 36 19 det
232 724 50 27 lång
297 724 31 20 tid
342 724 62 20 innan
422 724 100 20 ombudet
538 724 75 20 hinner
629 724 97 21 meddela
742 724 32 27 sig
790 724 47 20 med
853 727 81 23 parten.
957 724 43 28 Jag

181 754 38 20 har
242 752 58 21 alltid
324 752 47 21 sökt
389 752 94 21 förfäkta
499 752 40 22 och
555 752 95 21 försvara
666 752 40 21 den
723 752 86 28 fattiges
825 754 52 24 rätt;
890 752 38 28 jag
944 753 54 20 skall

181 781 65 21 blifva
265 781 52 20 hans
336 780 109 21 sakförare
461 780 7 20 i
483 780 40 21 alla
540 780 61 27 tider,
618 781 38 20 och
673 781 37 20 det
726 782 23 19 är
764 781 6 19 i
786 780 53 20 hans
855 781 90 20 intresse
959 781 39 27 jag

181 810 57 27 gjort
254 809 68 20 denna
339 809 160 27 framställning,
517 810 24 26 ty
560 809 36 21 det
614 810 23 19 är
652 809 41 20 han
710 816 45 13 som
771 809 32 20 får
818 808 117 21 vidkännas
951 810 46 19 svå-

180 838 132 27 righeterna,
328 844 44 13 som
389 837 44 21 ofta
448 837 66 20 måste
530 838 102 20 realisera
647 837 37 21 sitt
699 837 34 25 bo,
749 837 33 21 för
798 839 31 18 att
845 837 96 21 anskaffa
956 836 40 21 den

180 865 190 27 revisionsskilling
383 872 45 14 som
443 865 109 21 behöfves.
575 865 43 21 Det
633 867 23 19 är
672 866 59 20 svårt
746 866 32 20 för
794 865 76 20 honom
884 867 32 18 att
926 865 70 21 åstad-

181 894 85 21 komma
282 894 36 20 det
333 894 27 26 på
375 900 26 14 en
417 894 85 20 kortare
517 894 40 26 tid;
574 894 39 20 och
629 900 33 14 om
679 894 39 20 han
736 894 64 20 också
816 893 67 21 skulle
894 893 72 21 kunna
976 893 22 21 få

181 922 218 27 revisionsskillingen
417 922 141 27 ihopsamlad,
578 922 23 20 så
619 923 24 19 är
661 922 37 20 det
713 922 86 27 mycket
814 923 65 19 annat
894 928 46 14 som
955 922 41 20 han

181 950 54 21 skall
250 950 106 27 iakttaga,
375 950 74 27 styrka
465 950 37 20 och
518 950 81 20 bevisa.
630 950 43 20 Det
688 952 24 18 är
726 950 6 20 i
748 950 40 20 den
804 949 86 27 fattiges
905 950 91 20 intresse

178 979 38 27 jag
232 979 111 26 uppträdt,
359 978 39 21 och
414 978 35 20 det
465 978 52 20 skall
531 978 38 28 jag
583 978 59 20 alltid
657 980 59 26 göra.

249 1006 57 21 Herr
321 1006 136 21 Järnefelt:
481 1006 120 27 Vanligtvis
615 1007 81 20 lemnar
712 1006 41 21 den
768 1006 138 20 rättsökande
922 1008 74 25 parten

181 1035 22 20 åt
218 1035 37 20 sitt
271 1034 78 21 ombud
364 1035 6 20 i
386 1035 97 27 uppdrag
497 1036 42 24 att,
555 1035 7 20 i
577 1034 102 21 händelse
694 1034 22 20 af
730 1034 77 27 vidrigt
824 1034 74 27 utslag,
915 1034 83 21 anmäla

182 1063 100 27 missnöje
306 1062 96 21 deremot
420 1063 51 20 eller
489 1063 26 27 ej.
546 1063 67 20 Detta
628 1064 38 25 gör
682 1063 65 20 redan
763 1069 27 14 nu
806 1061 86 21 enhvar.
925 1063 72 20 Skulle

181 1091 36 20 det
240 1097 52 14 vara
313 1091 69 27 någon
401 1091 90 26 småsak,
510 1097 46 14 som
572 1092 41 19 han
629 1091 79 20 önskar
723 1091 63 27 klaga
802 1090 65 24 öfver,
884 1091 23 20 så
922 1091 75 20 under-

180 1120 74 20 kastar
276 1119 41 20 han
339 1119 33 27 sig
393 1119 47 20 icke
459 1119 26 20 de
503 1120 78 26 många
598 1119 116 27 omgångar
732 1125 46 14 som
794 1118 41 21 han
851 1118 37 20 har
904 1121 31 18 att
950 1119 46 20 full-

180 1149 58 26 göra.
270 1147 115 20 Dessutom
403 1147 75 21 hinner
496 1147 40 20 han
557 1148 86 27 mycket
662 1147 34 20 väl
711 1147 116 20 verkställa
842 1147 55 20 hvad
914 1154 45 13 som
975 1149 23 18 är

180 1176 78 20 honom
274 1176 29 20 uti
319 1175 161 28 ifrågavarande
496 1175 121 21 hänseende
633 1175 145 26 föreskrifvet,
794 1177 23 24 ty
833 1175 35 20 det
884 1177 23 18 är
922 1175 76 21 endast

181 1203 23 21 af
216 1204 71 20 nöden
303 1206 30 18 att
349 1203 40 20 han
406 1204 99 20 värderar
522 1204 31 20 sin
568 1203 114 28 egendom,
701 1203 83 21 hvilket
801 1203 41 20 kan
859 1203 37 20 ske
912 1203 86 26 mycket

180 1232 90 27 hastigt,
286 1232 39 20 och
340 1231 102 28 beedigar
458 1232 151 27 värderingens
625 1231 102 28 riktighet
743 1231 34 20 vid
794 1231 40 20 den
850 1231 90 21 domstol
953 1231 45 20 hof-

180 1261 70 20 rätten
267 1260 135 20 bestämmer.
433 1260 94 21 Dermed
543 1260 75 21 hinner
633 1260 41 20 han
690 1260 87 27 mycket
792 1259 41 21 väl.

251 1287 56 22 Herr
323 1288 141 21 Molander:
480 1288 41 21 Till
537 1288 36 21 det
589 1288 22 21 af
621 1288 91 20 friherre
723 1295 41 13 von
776 1287 57 21 Born
843 1287 88 21 anförda
942 1287 56 27 skäl,

180 1318 31 19 att
236 1317 234 20 kommunikationerna
492 1317 69 20 blifvit
584 1317 23 20 så
629 1316 140 26 förbättrade,
789 1318 31 18 att
838 1315 26 21 då
880 1323 47 13 man
945 1317 53 20 1734

179 1344 109 20 föreskref
311 1345 39 20 120
373 1344 70 28 dagar,
463 1345 23 20 så
504 1344 68 21 skulle
588 1344 68 20 under
671 1344 124 20 nuvarande
810 1344 145 20 förhållanden
972 1351 26 13 en

180 1372 30 20 tid
226 1372 22 20 af
263 1373 27 20 60
306 1372 65 27 dagar
387 1380 50 13 vara
453 1372 118 28 tillräcklig,
588 1372 38 21 ber
639 1372 38 28 jag
692 1374 31 18 att
739 1372 21 20 få
775 1372 87 27 tillägga
878 1374 30 18 att
919 1372 79 20 hofrät-

180 1402 71 19 ternas
268 1400 57 21 antal
340 1401 68 20 blifvit
424 1400 74 27 ökadt,
515 1401 39 20 och
570 1403 31 18 att
617 1400 135 21 distanserna
767 1400 31 20 till
809 1400 132 20 hofrätterna
952 1400 46 21 der-

181 1428 44 21 före
240 1430 38 19 äro
294 1428 81 21 mindre
390 1430 26 20 än
433 1429 26 20 de
475 1436 50 14 voro
540 1429 27 20 då
584 1430 53 20 1734
653 1429 34 20 års
703 1429 35 27 lag
754 1428 76 20 skrefs.
861 1428 33 21 Då
910 1435 37 14 var
962 1428 36 21 det
