1078 1678
836 70 41 20 385

83 125 62 21 döma
168 125 27 27 på
218 125 69 20 denna
309 125 63 20 skrift
388 125 6 20 i
410 125 35 20 fall
461 125 37 21 det
513 125 49 20 med
583 125 118 21 svaranden
718 125 186 22 kommunicerade

83 153 132 28 exemplaret
230 153 19 28 ej
266 153 126 21 återställes.

152 181 56 21 Herr
223 181 134 21 Forsman:
380 181 42 28 Jag
439 182 88 20 förenar
545 182 44 27 mig
607 181 48 21 med
674 181 49 21 herr
739 188 40 14 von
795 182 108 28 Knorring

82 211 6 19 i
105 210 40 20 alla
161 210 68 27 öfriga
252 209 64 27 delar,
340 212 59 19 utom
421 209 103 28 förslaget
539 211 32 19 att
587 210 105 20 besvären
708 209 68 22 skulle
792 211 5 20 i
813 210 89 21 tvefaldt

83 238 110 27 exemplar
208 238 110 20 inlemnas.
391 259 10 6 «

151 266 57 21 Herr
224 273 47 14 von
287 266 77 21 Born:
386 266 71 21 Afven
470 267 39 26 jag
525 266 69 21 finner
607 266 26 21 de
649 266 23 21 af
685 266 49 21 herr
744 273 40 14 von
795 267 108 28 Knorring

82 294 118 27 framlagda
216 295 73 20 skälen
305 294 93 21 talande.
428 294 41 28 Jag
487 297 36 18 vet
542 295 33 20 väl
591 296 32 19 att
639 294 35 21 det
689 295 7 20 i
711 295 66 20 andra
791 295 73 22 länder
879 298 23 19 är

81 323 137 19 föreskrifvet
234 325 38 23 att,
288 323 27 20 dä
330 323 223 27 ändringsansökning
568 323 104 20 inlemnas
688 323 29 20 till
729 323 110 27 öfverrätt,
847 325 55 20 skall

82 351 40 20 den
138 351 102 20 inlemnas
256 350 98 26 tvefaldt,
370 358 48 13 men
433 351 6 20 i
454 350 69 21 likhet
539 350 48 21 med
607 350 49 21 herr
671 350 104 22 Forsman
790 358 61 15 anser
864 353 38 27 jag

82 381 31 18 att
129 378 76 21 sädant
219 379 48 20 icke
282 386 29 13 nu
328 379 37 21 bör
381 378 98 28 päyrkas,
496 379 90 21 emedan
603 378 36 21 det
653 379 7 20 i
675 379 27 21 de
715 379 62 21 flesta
788 380 34 20 fall
834 380 68 20 skulle

82 407 96 20 medföra
202 407 68 20 ökade
290 407 116 20 kostnader
421 407 32 20 för
468 407 42 20 den
525 407 146 20 rättsökande.
701 407 43 27 Jag
758 409 61 26 tager
828 408 33 21 för
872 408 29 21 af-

81 435 73 27 gjordt
177 437 32 18 att
232 436 64 26 nägot
317 435 94 27 koncept
430 435 31 20 till
481 435 148 27 ansökningen
653 435 59 21 alltid
734 435 113 22 förefinnes
870 438 31 19 att

82 463 66 28 tillgä,
165 470 33 14 om
213 463 120 21 svaranden
352 463 68 21 skulle
439 463 119 21 försumma
573 465 32 19 att
620 463 108 21 inkomma
743 464 48 21 med
806 471 49 14 svar
869 465 32 20 till

82 491 114 21 hofrätten.
227 491 11 20 I
260 492 69 27 öfriga
352 492 59 21 delar
433 492 23 21 af
476 492 51 21 herr
550 499 41 13 von
616 492 116 27 Knorrings
747 492 155 29 framställning

83 520 37 20 ber
133 521 38 26 jag
187 520 96 21 deremot
300 523 31 18 att
346 520 22 21 fä
383 521 120 20 instämma.

150 548 57 21 Herr
222 549 140 20 Järnefelt:
384 548 112 21 Utskottet
515 549 38 20 har
571 548 115 27 ingalunda
705 549 54 27 tagit
778 549 35 20 det
832 550 23 20 sä
870 549 30 20 af-

81 576 72 28 gjordt
175 584 45 13 som
240 577 40 20 den
296 577 129 28 föregående
443 577 93 26 talaren,
555 579 32 18 att
603 579 31 18 ett
650 577 91 27 koncept
757 577 31 20 till
804 577 96 20 besvärs-

82 605 90 20 skriften
188 605 59 21 alltid
265 605 68 20 skulle
352 605 68 21 finnas
435 607 32 18 att
482 605 70 27 tillgå;
575 606 93 19 tvärtom
691 605 60 20 torde
770 605 46 21 icke
839 606 61 20 skrif-

82 633 51 20 eller
148 633 140 28 lagkunniga,
311 633 72 21 hvilka
407 633 64 21 anlita
490 633 79 21 ombud
585 633 36 20 vid
636 633 177 28 uppsättningen,
841 634 59 21 alltid

82 661 85 21 komma
183 664 32 18 att
230 661 66 21 tänka
311 662 27 27 pä
354 664 31 18 att
400 664 50 24 taga
465 661 86 21 afskrift
567 662 23 20 af
604 661 138 21 dokumentet
753 662 39 20 och
803 662 40 20 den
855 669 44 13 som

81 689 85 21 skrifvit
190 690 146 27 ansökningen
361 690 61 20 torde
443 690 50 26 föga
517 690 79 20 bevara
614 690 80 28 sädana
709 690 121 27 koncepter.
861 690 38 20 Ut-

81 718 81 20 skottet
178 718 38 20 har
231 718 87 20 härmed
335 718 63 21 afsett
414 718 35 20 det
464 718 44 26 fall,
525 720 32 18 att
565 725 26 13 en
603 718 113 26 vederpart
726 718 49 20 med
786 718 51 20 eller
847 721 51 18 utan

81 746 64 26 afsigt
160 746 80 20 förstör
255 746 152 28 handlingarne
426 746 39 21 och
485 753 34 14 om
539 746 41 20 den
600 746 132 20 besvärande
748 748 74 25 parten
838 746 26 21 dä
880 747 19 27 ej

81 774 68 20 skulle
164 774 72 21 kunna
252 774 85 21 komma
351 775 21 20 in
388 774 48 21 med
452 776 31 19 ett
499 776 48 26 nytt
563 774 83 27 besvär,
663 775 23 20 sä
700 774 68 21 skulle
780 774 51 21 hans
842 775 56 20 talan

81 809 51 13 vara
155 802 98 21 sfskuren
276 804 52 19 utan
351 803 52 20 hans
423 805 49 25 eget
491 802 139 21 förvällande.
661 802 62 21 Hvad
740 802 39 21 den
796 803 103 20 svarande

82 833 75 25 parten
174 831 108 26 beträffar,
298 832 23 20 sä
337 832 33 20 mä
386 831 40 21 han
443 831 69 27 skylla
523 831 33 27 sig
571 830 56 28 sjelf,
639 838 33 13 om
682 830 42 21 han
735 830 72 21 dömes
826 831 72 27 ohörd,

82 858 27 21 dä
124 859 41 20 han
183 859 20 27 ej
220 860 70 20 bättre
305 860 75 20 värdat
396 859 160 27 handlingarne.

149 887 57 21 Herr
222 887 160 27 Grotenfelt,
398 888 35 20 A.:
459 888 34 20 Dä
509 887 26 21 de
551 887 64 21 ärade
632 887 76 26 talare,
724 894 45 14 som
785 889 67 25 yttrat
867 888 33 26 sig

82 915 5 20 i
103 915 74 27 frägan
194 916 46 20 före
256 916 49 20 herr
320 915 110 25 Järnefelt,
442 916 21 27 ej
474 916 58 20 velat
548 916 76 27 älägga
635 915 131 21 hofrätterna
778 916 122 27 skyldighet

81 945 32 18 att
129 945 49 26 taga
195 944 83 20 afskrift
294 944 22 20 af
330 944 113 26 besvären,
459 944 65 20 innan
541 944 25 20 de
583 944 177 24 kommuniceras,
780 944 67 20 ehuru
862 944 36 20 det

81 972 52 20 visst
150 972 27 27 ej,
193 972 69 20 säsom
285 973 49 20 herr
358 979 40 13 von
413 972 58 21 Born
495 974 83 24 nämnt,
594 973 24 19 är
633 974 31 18 att
680 972 80 20 förutse
782 974 31 18 att
837 972 61 20 dessa

80 1000 77 19 besvär
173 1000 60 21 skola
248 1000 67 21 finnas
331 1000 6 20 i
354 1000 68 21 behäll
446 1001 38 19 hos
508 1000 157 26 besväranden,
680 1000 24 20 sä
719 1000 41 20 kan
773 1000 38 27 jag
826 1000 21 27 ej
862 1007 36 13 an-

80 1030 37 18 nat
133 1028 45 20 inse
195 1030 25 19 än
237 1030 31 18 att
284 1028 42 26 det,
343 1029 26 26 pä
386 1029 42 20 sätt
443 1029 49 20 herr
507 1028 106 21 Järnefelt
636 1028 123 26 framhällit,
782 1027 37 21 bör
834 1027 65 21 blifva

81 1055 159 22 besvärandens
256 1057 102 26 rättighet
374 1058 31 19 att
420 1057 109 20 inkomma
544 1056 49 21 med
609 1063 41 20 nya
666 1056 82 21 besvär.
780 1055 69 21 Sådan
860 1056 38 21 har

79 1083 63 21 äfven
163 1084 71 27 praxis
258 1085 55 21 varit
335 1085 67 20 under
420 1085 40 20 den
479 1085 102 20 förflutna
596 1084 64 21 tiden.
692 1084 112 21 Hofrätten
821 1084 40 21 kan
878 1085 20 26 ej

79 1112 138 25 kontrollera,
234 1119 33 14 om
291 1113 103 21 besvären
416 1115 36 18 äro
472 1120 43 20 nya
533 1113 52 20 eller
603 1113 76 26 gamla.
709 1112 10 20 I
735 1113 39 20 sak
789 1112 68 21 mäste
871 1112 27 21 de

79 1140 54 21 ändä
150 1140 65 21 blifva
230 1141 116 26 desamma,
362 1148 33 13 om
413 1141 25 20 de
455 1141 65 21 ocksä
536 1141 5 20 i
558 1141 65 27 detalj
639 1141 71 20 afvika
725 1141 46 20 frän
786 1141 24 20 de
821 1141 76 26 gamla.

79 1169 34 20 Då
128 1168 84 21 således
236 1169 146 21 betänkandet
404 1171 24 19 är
450 1169 100 21 affattadt
569 1169 6 20 i
594 1169 118 27 fullkomlig
734 1169 163 20 öfverensstäm-

79 1197 66 20 melse
161 1197 47 20 med
224 1204 28 13 nu
268 1198 97 27 gällande
381 1198 82 27 praxis,
479 1198 24 20 sä
519 1198 41 19 kan
574 1198 39 27 jag
629 1197 19 27 ej
664 1197 57 20 finna
736 1197 70 27 nägon
821 1196 54 21 väda
891 1197 6 20 i

79 1225 55 20 hvad
150 1225 105 21 utskottet
271 1226 110 27 föreslagit
396 1225 39 22 och
455 1225 68 21 skulle
543 1225 84 21 derföre
642 1225 7 20 1
664 1227 89 19 motsats
776 1225 31 20 till
825 1225 26 20 de
866 1227 31 18 ta-

78 1253 51 26 lare,
146 1261 45 13 som
207 1256 67 25 yttrat
290 1254 32 27 sig
337 1254 45 26 före
397 1254 48 20 herr
460 1254 115 24 Järnefelt,
592 1254 74 20 förena
680 1254 42 27 mig
737 1253 6 20 i
759 1254 48 20 herr
821 1253 76 21 Järne-

77 1281 50 21 felts
143 1282 56 27 äsigt
215 1283 39 20 och
270 1282 108 27 tillstyrka
393 1282 117 21 utskottets
527 1282 142 21 betänkande.

147 1309 56 21 Herr
219 1317 47 14 von
284 1310 137 27 Knorring:
445 1310 41 21 Om
505 1310 36 21 det
565 1311 68 20 mäste
655 1317 52 13 vara
726 1309 62 21 hvart
807 1309 39 21 och
866 1311 31 18 ett

78 1338 113 20 samhälles
215 1339 122 20 sträfvande
353 1340 31 18 att
399 1339 22 19 få
439 1339 90 26 ordning
551 1339 39 19 och
609 1338 51 20 reda
674 1338 8 20 i
697 1338 199 27 rättegängsväsen-

77 1366 42 26 det,
136 1367 23 19 sä
175 1367 68 19 mäste
259 1366 106 21 derunder
383 1366 62 21 äfven
463 1366 124 28 inbegripas
603 1366 35 21 det
654 1368 30 18 att
700 1366 128 27 sakegaren,
851 1371 45 14 som

77 1401 51 20 eger
144 1396 31 18 att
190 1394 90 28 fullfölja
296 1395 68 26 talan,
384 1394 72 21 dervid
472 1395 54 20 skall
544 1397 48 18 veta
608 1396 31 18 att
654 1394 97 27 iakttaga
766 1394 69 27 nägon
849 1392 47 21 ord-

77 1422 56 27 ning.
164 1422 49 21 Man
229 1423 38 20 har
282 1423 104 27 &beropat
402 1423 35 20 det
452 1423 86 27 vanliga
549 1422 147 26 förhällandet,
708 1424 31 18 att
750 1420 146 23 besväranden

76 1450 123 22 underläter
213 1453 33 19 att
261 1453 50 25 taga
326 1451 93 25 afskrift;
442 1451 40 21 han
503 1451 54 21 skall
578 1451 45 20 lära
637 1451 32 27 sig
688 1452 31 19 att
738 1450 84 21 förvara
844 1448 52 22 kon-

808 1490 20 16 25
