1078 1678
857 68 27 21 65

89 123 148 20 remitterades
260 123 106 27 nemligen
389 122 57 21 olika
468 122 117 27 petitioner
603 122 55 21 efter
677 122 63 21 deras
762 123 150 21 beskaffenhet

89 151 31 20 till
141 151 56 20 olika
220 151 90 20 utskott.
342 151 70 21 Afven
431 151 38 20 hos
486 157 35 14 oss
537 150 64 21 hafva
617 151 115 26 petitioner
747 157 45 14 som
807 151 53 27 gällt
876 159 35 13 an-

89 180 46 27 slag
150 179 70 20 blifvit
236 179 116 20 hänvisade
368 179 30 20 till
415 181 64 18 stats-
496 179 40 20 och
552 179 241 27 bevillningsutskottet.
823 179 42 28 Jag
876 180 35 20 vill

89 207 56 21 dock
161 207 48 21 icke
225 214 62 13 svara
302 208 28 27 på
345 207 118 21 utskottets
486 209 87 25 vägnar,
593 207 70 20 såsom
679 207 49 20 herr
744 207 126 28 Schauman,
885 207 26 21 B.

90 237 33 26 O.,
140 243 124 20 uppmanar.

157 263 58 22 Herr
231 271 47 13 von
294 263 79 22 Born:
397 263 74 21 Skulle
491 263 41 21 den
549 263 22 20 af
585 263 50 20 herr
650 263 107 20 Nassokin
780 263 131 22 framställda

89 293 164 28 uppfattningen
270 292 62 21 hafva
348 293 31 19 sin
396 292 109 27 riktighet,
522 292 24 20 sä
561 291 68 21 skulle
642 292 64 20 också
724 292 26 27 $$
768 293 84 20 35—39
864 293 48 20 bort

90 321 95 27 undergå
207 321 69 27 någon
299 321 132 26 förändring,
454 320 90 20 emedan
567 319 93 21 nämnda
678 320 25 26 $$
722 321 89 20 omfatta
829 321 82 21 fackut-

89 349 99 21 skottens
204 348 136 21 verksamhet
356 348 40 21 och
412 348 29 20 uti
458 348 64 27 ingen
539 348 23 20 af
571 347 48 21 dem
630 349 87 19 nämnes
729 348 120 27 petitioner.
870 349 42 27 Jag

89 384 63 14 anser
167 377 62 21 deraf
242 384 52 13 vara
309 376 55 21 klart
380 378 32 19 att
427 376 49 21 med
492 376 36 20 det
543 376 95 27 utskott,
659 383 45 13 som
719 376 7 20 i
739 376 72 21 denna
827 378 12 26 &
855 378 56 26 åsyf-

89 407 40 25 tas,
145 405 40 21 bör
200 405 78 20 förstås
294 407 30 18 ett
341 405 87 20 allmänt
443 404 181 21 besvärsutskott.

159 433 57 21 Herr
232 433 153 26 Schauman,
401 433 26 20 B.
443 432 38 21 O.:
505 433 42 27 Jag
569 433 69 20 skulle
653 434 56 19 ännu
725 433 51 27 vilja
790 433 57 20 fästa
862 433 50 21 herr

90 462 120 20 Nassokins
234 461 188 28 uppmärksamhet
440 461 27 27 på
483 468 49 21 pag.
549 461 26 20 22
592 461 21 20 af
627 461 116 20 utskottets
766 461 145 28 betänkande,

90 490 37 21 der
143 490 111 27 ingenting
269 490 143 21 förekommer
427 496 34 14 om
477 490 66 27 något
558 489 144 26 fackutskott,
720 492 53 18 utan
789 497 63 20 synes
869 491 43 27 mig

91 519 69 20 såsom
177 519 67 20 skulle
260 525 48 14 man
324 518 65 21 afsett
404 520 31 19 ett
451 518 102 21 särskildt
569 518 183 26 besvärsutskott,
771 518 87 21 hvarom
874 519 38 20 der

91 547 62 20 äfven
169 548 95 19 nämnes.

159 575 57 20 Herr
232 575 26 20 af
271 575 141 27 Forselles,
428 574 37 21 O.:
490 574 44 21 För
554 576 31 19 att
601 574 95 21 undvika
710 574 40 21 den
767 575 144 27 tvetydighet,

91 604 87 20 hvarom
195 603 37 21 här
248 603 64 21 redan
331 603 62 28 länge
415 603 74 25 talats,
513 603 68 20 skulle
599 603 38 26 jag
655 603 49 27 vilja
720 603 78 20 föreslä
813 603 40 21 den
870 604 42 20 lilla

91 632 257 27 redaktionsförändring,
367 634 31 18 att
414 631 35 21 det
465 631 69 21 skulle
550 631 51 21 heta
616 631 86 20 allmänt
718 631 172 22 besvärsutskott
906 633 6 20 i

91 660 70 20 stället
177 660 34 20 för
226 660 87 20 allmänt
328 660 94 24 utskott,
438 660 27 20 dä
481 667 51 13 vore
549 659 36 21 det
601 659 77 27 tydligt
697 666 41 20 nog
754 659 54 21 hvad
825 660 86 21 dermed

90 695 81 14 menas.

159 716 58 21 Herr
231 716 139 21 Nassokin:
394 716 32 21 Pä
441 723 47 21 pag.
505 716 28 20 22
549 716 23 20 af
585 716 117 20 utskottets
719 716 134 21 betänkande
868 717 44 20 stär

89 745 50 27 just,
156 746 32 19 att
207 744 35 21 det
261 745 105 20 allmänna
386 744 197 21 besvärsutskottet
606 744 69 20 blifvit
690 744 82 27 tillsatt,
791 740 17 36 ,,
803 752 47 13 men
866 745 46 21 det-

91 780 81 13 samma
193 773 48 21 icke
264 775 82 19 ansetts
369 772 71 21 kunna
462 775 51 25 taga
528 772 121 27 befattning
667 772 48 20 med
730 773 69 27 nägon
814 773 98 27 petition,

91 808 45 14 som
153 802 18 26 ej
188 801 70 21 blifvit
272 801 24 21 af
309 801 41 21 alla
364 801 48 27 fyra
426 800 91 21 stånden
533 803 130 25 upptagen."
684 800 67 21 Detta
766 801 61 21 torde
843 802 69 20 utvisa

91 832 32 18 att
137 832 31 18 ett
183 830 62 20 ständ
265 830 47 20 icke
333 830 32 20 fär
388 830 89 20 hänvisa
499 836 26 14 en
544 829 61 27 fräga
623 829 32 20 till
671 829 104 21 allmänna
791 830 121 20 besvärsut-

92 858 88 26 skottet,
197 864 48 15 men
261 858 33 20 väl
310 858 31 20 till
356 858 141 20 fackutskott.

160 886 57 20 Herr
234 886 151 26 Schauman,
401 886 25 20 B.
443 886 36 20 O.:
504 885 63 21 Hvad
591 885 49 21 herr
662 886 106 20 Nassokin
788 888 72 18 senast
876 894 36 12 an-

92 915 53 25 fört,
161 914 38 21 har
219 915 104 20 allmänna
342 914 197 24 besvärsutskottet
554 915 69 25 yttrat
646 916 56 18 emot
726 914 72 20 hittills
814 914 98 27 gällande

92 943 79 26 praxis,
188 950 48 13 men
252 943 105 21 utskottet
368 942 113 21 anmärker
493 942 74 26 tillika,
579 944 32 18 att
622 942 74 21 remiss
708 942 30 20 till
750 942 58 20 detta
818 943 94 26 utskott,

92 971 65 20 sedan
174 972 41 20 alla
230 971 47 27 fyra
293 971 61 21 stånd
373 971 98 27 upptagit
496 970 127 28 petitionen,
640 971 54 20 varit
710 970 131 28 öfverfilödig.
871 971 41 27 Jag

91 1000 89 19 föreslär
197 1000 89 25 derföre,
310 1001 31 18 att
365 1000 114 26 petitioner
502 1001 76 25 genast
599 999 22 20 af
638 998 87 21 ständen
745 1000 34 19 mä
794 999 71 20 kunna
881 1000 30 19 till

92 1027 92 21 nämnda
199 1028 84 20 utskott
298 1027 127 21 remitteras.
739 1049 2 2 .

160 1056 100 21 Friherre
275 1062 47 14 von
338 1055 78 26 Troil,
429 1055 20 20 S.
462 1055 45 20 W.:
531 1055 42 26 Jag
589 1055 94 21 anhåller
698 1057 31 18 att
745 1055 21 21 få
776 1055 86 25 föreslå,
875 1055 35 21 det

93 1091 75 14 senare
177 1086 117 19 momentet
303 1084 20 20 af
336 1084 8 27 8
354 1085 25 20 53
389 1084 65 20 måtte
463 1083 80 21 erhålla
551 1083 94 28 följande
654 1083 91 28 lydelse:
756 1100 4 8 ,
763 1083 44 25 har
815 1084 97 26 petition,

92 1112 90 21 rörande
198 1113 76 20 allmän
290 1113 67 26 fråga,
372 1113 56 20 inom
446 1112 65 27 något
532 1112 62 20 stånd
617 1112 69 20 blifvit
702 1112 119 27 föreslagen
838 1112 38 21 och
893 1113 22 20 af

92 1143 32 18 tre
141 1140 62 21 stånd
218 1143 102 25 antagen,
344 1141 41 20 kan
408 1141 73 26 frågan
499 1140 79 27 jemväl
599 1140 31 20 till
646 1141 128 26 behandling
790 1140 23 20 af
826 1140 86 21 allmänt

92 1169 83 20 utskott
191 1169 119 20 hänvisas'*.

160 1197 57 20 Herr
232 1197 143 21 Molander:
398 1197 42 27 Jag
455 1197 70 20 skulle
540 1199 45 18 mot
601 1197 39 20 den
657 1197 23 20 af
692 1197 90 20 friherre
798 1204 41 13 von
855 1197 57 21 Troil

92 1225 121 28 föreslagna
236 1226 140 20 redaktionen
396 1225 50 28 vilja
461 1227 53 25 göra
530 1225 41 20 den
587 1225 178 28 anmärkningen,
780 1227 31 18 att
827 1233 34 13 om
877 1226 35 21 det

92 1254 85 21 komme
193 1256 31 18 att
240 1255 50 20 heta
306 1254 37 25 ,,af
357 1256 31 18 tre
405 1253 61 21 stånd
483 1255 114 26 antagen,'*
614 1254 23 20 sä
652 1254 71 20 kunde
740 1254 35 20 det
790 1253 66 21 blifva
868 1256 45 19 tve-

93 1282 77 27 tydigt,
185 1282 104 21 huruvida
305 1283 37 20 det
357 1283 23 19 är
397 1282 125 27 meningen,
538 1284 31 18 att
585 1282 26 20 de
627 1284 33 19 tre
676 1282 90 21 stånden
782 1282 82 21 förenat
881 1283 32 26 sig

92 1317 33 14 om
142 1313 31 18 att
189 1311 109 20 remittera
314 1311 40 20 den
374 1310 30 21 till
422 1309 127 28 behandling
565 1310 23 21 af
602 1310 88 21 allmänt
706 1311 88 26 utskott,
811 1311 51 20 eller
878 1318 34 13 om

92 1339 25 19 de
134 1339 82 27 antagit
231 1339 119 27 petitionen
366 1339 6 19 i
389 1339 39 20 och
443 1339 32 19 för
491 1338 39 27 sig.

161 1367 153 20 Diskussionen
336 1366 132 22 förklarades
489 1366 93 21 afslutad
598 1367 39 20 och
654 1367 48 20 herr
717 1366 195 21 landtmarskalken

92 1395 130 21 framställde
240 1395 50 21 härå
304 1395 171 27 propositionen:

161 1440 12 8 »
175 1423 41 20 Vill
240 1423 149 27 ridderskapet
406 1423 39 20 och
465 1423 62 20 adeln
551 1424 79 26 antaga
646 1424 11 26 $
674 1424 26 20 53
716 1423 23 20 af
752 1423 161 25 ifrågavarande

92 1452 80 26 förslag
188 1452 30 20 till
234 1451 204 27 landtdagsordning
453 1450 143 22 oförändrad?

836 1493 9 15 5
