1078 1678
825 80 40 20 411

71 137 110 21 framhälla
200 139 31 19 att
248 138 38 27 jag
304 137 111 27 föreslagit
431 137 36 20 det
481 137 221 28 häradshöfdingarne
721 137 33 20 för
769 136 70 21 denna
855 136 39 21 till-

72 166 79 26 ökning
167 165 5 20 i
188 165 118 21 inkomster
324 165 64 21 borde
407 165 132 21 underkasta
559 166 32 27 sig
611 165 26 21 de
653 165 131 27 regleringar
800 164 23 21 af
837 165 59 20 dom-

73 200 97 21 sagorna,
194 201 53 20 som,
270 194 32 20 för
325 193 206 28 tillvägabringande
553 194 23 21 af
593 195 69 19 större
686 193 153 28 skyndsamhet
861 192 34 21 vid

72 221 162 28 lagskipningen
251 223 27 26 pä
293 222 78 26 landet,
388 222 70 21 kunde
474 223 103 26 päkallas.
608 222 67 21 Detta
695 229 63 20 synes
774 222 42 27 mig
832 222 62 21 äfven

73 250 88 21 omfatta
177 250 27 21 all
220 251 40 20 den
282 251 115 27 reglering,
421 257 46 14 som
491 251 41 20 kan
556 251 87 20 komma
645 246 15 36 i
679 250 66 27 fråga.
776 250 41 21 Om
833 251 24 20 sä
871 251 24 19 är

73 279 100 27 önskligt,
189 279 24 20 sä
228 279 41 20 kan
285 279 37 21 det
336 279 112 20 förändras
465 279 94 26 sälunda,
575 281 32 18 att
623 279 36 20 det
675 279 67 20 skulle
754 278 59 21 heta:
831 278 63 26 ,,med

73 307 69 20 vilkor
161 309 31 18 att
211 307 25 21 de
252 307 132 21 underkasta
410 307 32 28 sig
462 307 25 20 de
503 307 161 28 bestämningar
686 314 34 13 om
743 307 153 28 domsagornas

73 335 86 27 omfäng
175 335 40 21 och
230 336 184 26 rättskipningens
430 335 98 28 utöfning
544 342 45 14 som
605 336 34 20 för
654 335 206 27 tillvägabringande
874 335 23 21 af

73 365 68 19 större
165 364 154 27 skyndsamhet
342 364 74 20 dervid
439 364 65 20 blifva
526 364 99 27 nödiga."
656 363 152 27 Ersättningen
827 364 67 20 skulle

73 392 82 20 således
171 392 75 20 endast
262 392 126 27 vilkorligen
404 392 81 20 tillfalla
497 392 62 27 dem;
575 392 60 21 detta
646 394 64 25 utgör
721 392 82 20 således
815 399 26 13 en
852 392 42 20 för-

72 420 90 27 ändring
177 420 6 20 i
199 420 89 21 friherre
303 427 41 14 von
361 420 69 21 Borns
446 420 85 27 förslag.

141 448 58 21 Herr
214 448 140 22 Molander:
371 449 43 27 Jag
429 448 84 21 förenar
529 449 43 28 mig
587 449 32 20 till
635 448 150 28 hufvudsaklig
801 449 34 21 del
846 449 48 20 med

73 477 89 20 friherre
178 484 41 13 von
235 477 58 21 Born
309 478 7 20 i
331 477 101 21 afseende
448 477 61 27 derä,
526 479 32 19 att
573 485 50 13 man
639 477 47 21 icke
696 484 27 13 nu
735 477 66 21 borde
811 477 85 21 besluta

73 506 66 26 nägot
163 505 106 21 definitivt
292 506 54 20 huru
369 505 284 28 lagmanstingsgästningen
672 505 53 21 skall
741 506 108 21 användas
864 505 31 21 till

73 535 32 19 ett
121 533 51 22 eller
188 536 70 24 annat,
274 537 51 18 utan
341 534 42 21 låta
399 534 59 21 detta
473 534 66 21 blifva
554 534 108 21 beroende
677 534 43 20 tills
730 534 66 20 andra
807 534 88 21 dermed

73 562 207 28 sammanhängande
302 563 74 26 frägor
398 563 95 27 afgöras,
517 563 100 20 hvarföre
641 563 36 20 det
699 562 68 21 skulle
790 563 51 20 heta
863 565 32 18 att

73 590 62 21 dessa
150 591 118 20 inkomster
291 591 85 20 komma
399 593 31 18 att
454 597 123 15 reserveras
593 591 34 21 för
642 593 32 18 att
689 591 107 20 användas
812 591 31 20 till
859 591 35 20 be-

74 619 109 20 stridande
199 619 23 21 af
236 619 25 21 de
278 619 115 21 kostnader
409 620 39 20 och
465 619 130 28 vidtagande
606 619 23 21 af
639 619 26 21 de
677 619 106 28 ätgärder,
799 626 45 14 som
858 626 36 14 an-

73 654 34 13 ses
130 647 78 27 nödiga
229 648 33 21 för
284 650 32 19 att
338 648 111 27 päskynda
473 649 141 27 rättegängen
638 648 36 21 vid
693 648 127 20 häradsrätt.
851 648 43 21 Det

73 676 98 20 närmare
187 676 171 21 bestämmandet
374 676 67 20 skulle
457 676 82 21 lemnas
555 676 31 21 till
601 678 63 18 nästa
679 676 107 27 landtdag.

141 704 99 21 Friherre
256 712 47 13 von
319 704 77 21 Born:
420 704 69 22 Sedan
512 705 89 20 friherre
621 706 25 19 de
662 704 21 21 la
699 704 100 27 Chapelle
816 704 78 22 omfor-

72 732 91 20 mulerat
186 733 36 20 sitt
245 732 204 28 redaktionsförslag
473 733 95 21 biträder
585 734 39 26 jag
643 733 118 21 detsamma
776 733 38 21 och
831 740 63 14 anser

72 760 36 20 det
124 762 14 18 t.
155 767 18 14 o.
190 768 27 13 m.
233 761 70 21 bättre
322 762 26 20 än
364 761 36 21 det
416 762 38 27 jag
474 761 121 28 föreslagit,
620 762 90 20 emedan
730 762 36 20 det
788 762 106 27 tydligare

72 789 96 27 päkallar
184 791 32 19 att
232 790 101 27 anslagen
350 790 20 27 ej
387 790 84 20 komma
487 790 221 28 häradshöfdingarne
720 790 30 20 till
761 790 62 27 godo,
834 790 59 21 förän

73 824 26 13 en
115 817 123 28 förändring
253 818 6 20 i
275 818 253 27 lagskipningsväsendet
550 818 69 21 skulle
642 818 72 20 kunna
730 818 163 21 ästadkommas.

72 845 43 27 Jag
130 845 86 21 förenar
231 846 43 28 mig
288 846 83 21 derföre
387 846 48 21 med
449 846 92 21 friherre
557 847 26 20 de
598 847 21 21 la
630 846 100 28 Chapelle
742 854 34 13 om
788 847 40 21 den
838 847 55 20 före-

73 874 74 27 slagna
163 874 139 21 redaktionen
319 875 39 20 och
375 882 63 14 anser
453 875 36 21 det
505 876 56 20 klart
576 875 40 21 och
632 875 78 27 tydligt
725 877 31 18 att
767 875 126 27 regeringen

73 908 121 15 reserveras
208 903 281 27 tingsgästningskapparne
505 904 42 20 tills
563 904 49 20 med
624 904 48 21 dem
683 904 69 27 nägon
764 904 129 27 förbättring

73 930 42 21 kan
131 931 166 27 ästadkommas;
313 932 37 20 det
365 933 23 19 är
404 932 107 26 sjelffallet
527 932 40 20 och
583 932 104 21 behöfver
703 932 19 27 ej
738 932 102 27 päpekas.

141 959 58 21 Herr
214 960 26 20 af
252 960 143 26 Forselles,
412 960 35 20 L.:
470 960 43 28 Jag
535 961 47 20 åter
604 960 39 21 ber
668 962 31 18 att
714 960 21 21 få
755 960 139 28 understödja

72 987 89 21 friherre
177 988 91 21 Wredes
285 988 38 21 och
340 988 49 20 herr
405 988 100 27 Linders,
522 989 31 24 E.,
573 988 87 28 förslag,
677 990 31 19 att
730 988 163 28 lagmanstings-

72 1015 128 28 gästningen
216 1016 68 20 skulle
299 1023 123 14 reserveras
438 1017 32 20 för
486 1017 107 20 vinnande
610 1017 23 20 af
646 1023 127 21 permanens
788 1017 33 20 för
835 1017 58 21 dom-

73 1043 72 21 stolar.
177 1044 132 27 Visserligen
332 1045 38 20 har
388 1044 49 21 herr
453 1045 22 20 af
488 1045 117 27 Björksten
625 1045 93 28 påpekat
734 1047 31 18 att
780 1045 113 21 domarnes

72 1073 27 26 på
114 1071 72 21 landet
201 1073 118 20 inkomster
335 1073 67 20 skulle
419 1073 52 20 ökas
489 1080 77 20 genom
583 1073 39 21 den
640 1073 78 28 nådiga
732 1073 160 28 propositionen

72 1106 34 14 om
122 1100 189 28 häradshöfdinge-
328 1101 39 20 och
382 1101 296 28 lagmanstingsgästningens
694 1102 130 27 utgörande,
845 1109 48 14 men

72 1128 40 21 den
129 1129 23 20 är
167 1130 56 19 ännu
239 1129 19 28 ej
274 1129 90 28 afgjord,
381 1130 23 20 så
420 1132 30 18 att
467 1137 48 14 man
531 1131 20 26 ej
568 1132 35 19 vet
619 1131 54 20 huru
690 1130 36 20 det
736 1131 38 27 går
786 1131 49 20 med
845 1131 47 20 den.

72 1157 73 20 Skulle
161 1157 36 20 det
213 1164 49 15 vara
279 1159 65 26 några
359 1158 138 21 medlemmar
513 1159 22 20 af
549 1159 193 27 domarekorpsen,
765 1159 83 20 hvilkas
863 1159 30 20 af-

72 1185 72 27 löning
167 1185 66 21 borde
252 1186 62 27 ökas,
330 1187 23 20 så
372 1193 50 14 vore
438 1187 35 20 det
489 1187 102 20 domarne
607 1188 28 26 på
650 1187 78 21 landet.
758 1187 69 20 Deras
843 1187 50 21 aflö-

72 1213 50 28 ning
137 1214 64 27 utgår
216 1215 6 20 i
238 1215 37 20 säd
292 1214 38 21 och
347 1215 40 20 den
406 1215 39 20 har
463 1215 106 21 minskats
587 1223 78 20 genom
686 1215 141 28 sädesprisets
843 1215 50 21 ned-

72 1241 104 28 sättning,
193 1242 111 21 hvaremot
319 1243 270 21 hofrättsmedlemmarnes
605 1244 61 21 löner
681 1244 59 27 stigit
755 1251 76 20 genom
843 1251 50 21 pen-

72 1270 89 27 ningens
177 1271 66 27 högre
260 1271 70 21 värde.

140 1299 49 20 Med
205 1299 101 21 afseende
322 1300 12 20 å
349 1299 27 21 de
391 1302 76 18 treune
487 1300 106 21 särskilda
609 1301 108 27 förslagen
733 1301 32 20 till
781 1301 111 20 redaktion

71 1326 124 22 framstälde
218 1328 49 20 herr
289 1328 196 20 landtmarskalken
509 1329 54 19 först
586 1329 31 20 till
641 1329 95 21 ståndets
760 1329 133 21 besvarande

71 1354 96 28 följande
183 1355 115 27 behörigen
314 1356 114 27 godkända
444 1357 143 26 proposition:

140 1399 11 8 »
154 1383 42 24 Vill
219 1384 151 27 ridderskapet
393 1384 39 21 och
457 1384 62 21 adeln
543 1387 58 19 emot
624 1386 118 20 utskottets
758 1385 135 21 betänkande

71 1411 110 27 angående
198 1412 140 21 användande
358 1413 22 20 af
397 1413 258 28 lagmanstingsgästning
671 1414 31 20 till
718 1413 174 27 kontraproposi-

70 1439 44 20 tion
131 1441 78 26 antaga
224 1440 48 21 herr
289 1441 119 20 Snellmans
427 1441 89 27 förslag,
532 1444 32 18 att
579 1442 42 20 den
637 1442 118 28 besparade
778 1442 114 27 tingsgäst-

70 1467 78 27 ningen
165 1468 35 21 må
218 1468 54 21 intill
290 1470 63 20 nästa
375 1469 102 28 landtdag
491 1470 24 21 af
529 1470 106 28 styrelsen
650 1470 22 21 få
687 1470 108 22 användas
810 1470 32 20 till
857 1470 36 21 be-
