1078 1678
210 62 40 20 100

505 117 25 27 88
547 118 26 20 65
589 117 41 21 och
646 118 33 20 66.

249 157 57 21 Herr
318 157 121 32 Pipping,
449 157 24 20 F.
485 157 27 20 J.:
524 157 10 20 I
545 157 118 20 utskottets
674 156 135 21 betänkande
818 156 67 21 finnes
894 159 109 30 upptagna

177 189 79 18 tvenne
272 185 139 21 alternativer
427 185 48 26 och,
492 185 27 26 på
535 185 26 20 de
577 185 46 20 skäl
639 185 106 20 utskottet
761 185 78 26 anfört,
856 184 96 21 förordar
964 185 39 27 jag

177 214 132 27 antagandet
325 214 23 20 af
360 214 36 20 det
413 215 54 19 1:sta
482 213 143 21 alternativet.

247 242 100 21 Friherre
363 249 47 13 von
427 241 78 21 Born:
521 241 42 28 Jag
573 241 125 21 instämmer
709 242 6 19 i
720 241 56 32 herr
787 241 103 28 Pippings
902 241 100 28 yttrande

177 271 84 26 derom,
277 272 32 19 att
327 271 53 20 1:sta
396 270 145 26 alternativet,
558 276 46 14 som
620 271 23 19 är
659 263 233 27 öfverensstämmande
903 270 48 20 med
962 269 40 21 den

177 287 84 39 nådiga
274 299 171 26 propositionen,
461 298 66 27 måtte
536 282 104 47 ”antagas.

246 326 58 21 Herr
319 327 104 24 Linder,
440 315 35 31 E.:
491 320 70 26 Äfven
576 327 38 27 jag
631 327 94 20 biträder
736 327 40 20 den
788 327 76 27 nådiga
877 326 125 27 propositio-

177 362 41 14 nen
236 355 6 20 i
258 354 71 21 denna
344 354 41 21 del.

246 382 58 22 Herr
327 383 195 21 landtmarskalken
545 383 131 21 framställde
695 383 52 31 derå
762 383 93 27 följande
871 382 131 27 proposition

177 412 32 21 till
226 411 144 21 besvarande:

248 439 146 26 »Godkänner
409 439 148 28 ridderskapet
573 439 40 21 och
629 439 196 21 adeln-utskottets
838 440 53 19 1:sta
903 438 48 21 med
962 438 40 20 den

177 468 79 27 nådiga
264 468 160 27 propositionen
433 467 233 21 öfverensstämmande
676 468 115 21 alternativ
802 467 31 20 till
842 468 24 26 8$
878 468 26 20 65
915 467 39 20 och
963 467 41 20 66?

247 513 11 8 ,,
261 496 83 21 Vinner
359 497 47 26 nej,
422 498 88 25 antages
527 496 36 20 det
579 503 75 13 senare
671 496 161 20 alternativet''.

250 524 166 27 Propositionen
431 525 128 20 besvarades
576 524 102 27 enhälligt
691 524 106 27 jakande,
814 525 38 20 och
869 531 37 13 var
921 523 82 21 säledes

179 553 121 20 utskottets
317 553 54 21 1:sta
386 553 114 20 alternativ
515 555 95 24 antaget.

248 581 25 27 $$
288 582 33 26 67,
338 582 36 25 68,
390 582 27 20 69
432 581 40 21 och
488 582 26 20 70
530 581 70 21 blefvo
617 581 22 20 af
653 581 85 20 ståndet
750 583 93 25 antagna
854 580 146 21 oförändrade.

561 627 11 26 8
590 627 31 20 71.

246 665 58 21 Herr
321 672 46 14 von
383 665 153 26 Haartman,
553 665 23 20 C.
593 665 37 20 D.:
648 665 44 21 Här
707 667 23 19 är
746 666 100 27 stadgadt
859 668 31 18 att
906 665 36 26 de,
958 672 44 13 som

178 694 97 20 befinnas
298 693 142 21 öfverlastade
460 693 23 21 af
496 693 73 21 starka
585 693 92 27 drycker
694 694 52 20 eller
766 694 61 27 eljest
844 693 136 28 synbarligen
997 694 5 19 i

179 722 74 26 oredig
276 722 208 26 sinnesförfattning,
504 722 51 20 böra
574 722 47 20 frän
641 722 188 21 nattvardsbordet
852 722 84 20 afvisas.
968 721 35 21 Mä

179 751 36 20 det
230 750 47 21 icke
293 750 68 20 skulle
378 750 47 20 leda
439 750 31 20 till
487 750 97 26 skandal,
601 756 34 14 om
646 750 26 20 de
684 750 47 20 icke
743 750 65 21 redan
823 750 57 21 förut
891 751 27 27 pä
929 750 74 27 nägot-

179 779 32 20 vis
226 778 69 20 blifvit
311 778 123 27 aflägsnade
449 778 46 20 från
511 778 94 27 kyrkan,
617 778 27 20 dä
655 785 47 13 man
720 781 46 24 vet,
778 779 54 20 huru
842 778 78 21 sådana
932 785 70 20 perso-

179 814 37 14 ner
235 807 72 20 kunna
326 806 51 20 bära
400 807 31 27 sig
447 806 22 21 ät
485 806 39 21 och
539 807 55 19 huru
609 807 88 27 menligt
714 809 31 18 ett
761 807 108 21 afvisande
885 807 45 20 frän
947 809 55 17 natt-

179 834 140 22 vardsbordet
335 834 68 21 skulle
420 834 65 21 verka
500 835 27 27 pä
541 834 49 21 dem
606 834 82 28 sjelfva.

248 863 32 20 Pä
290 863 155 27 framställning
456 862 23 21 af
487 862 49 21 herr
548 862 199 22 landtmarskalken
759 865 75 25 antogs
846 864 11 26 $
868 863 134 20 oförändrad.

549 909 13 20 9
578 908 58 28 Kap.

564 954 11 26 8
593 954 33 20 72.

249 987 55 21 Herr
325 987 106 26 Linder,
450 987 35 20 E.:
504 987 11 20 I
534 987 36 21 det
589 988 151 26 ursprungliga
758 988 209 27 kyrkolagförslaget
983 988 22 20 af

180 1017 24 20 år
222 1016 52 20 1863
291 1015 60 28 lyder
367 1015 69 20 denna
452 1015 23 27 8,
490 1017 31 19 att
533 1015 51 27 ,,de,
597 1015 71 21 hvilka
679 1018 30 18 ett
720 1015 94 28 kyrkligt
825 1016 118 27 äktenskap
954 1016 48 20 med

180 1044 118 21 hvarandra
313 1044 50 27 ingå
379 1044 50 27 vilja
444 1050 19 13 o.
475 1051 16 13 s.
503 1046 33 18 v.'*
560 1045 40 26 Jag
615 1044 68 21 finner
699 1043 48 21 icke
761 1045 64 26 något
837 1044 55 26 skäl,
904 1044 98 20 hvarföre

179 1073 66 20 orden
263 1074 45 23 ,ett
323 1072 108 27 kyrkligt"
448 1073 36 19 äro
500 1072 142 21 utelemnade.
669 1072 42 27 Jag
727 1072 33 20 för
775 1073 42 20 min
829 1072 33 20 del
873 1072 68 21 skulle
953 1073 50 26 vilja

179 1101 107 20 bibehälla
299 1100 55 21 dem.

248 1128 57 21 Herr
322 1128 127 27 Pipping,
465 1128 24 21 F.
501 1128 30 21 J.:
548 1128 71 21 Dessa
634 1128 38 21 ord
684 1130 37 19 äro
732 1129 23 20 af
764 1129 237 27 granskningskomitGn

179 1157 135 21 utelemnade
334 1157 28 27 pä
380 1157 41 20 den
437 1157 78 26 grund,
531 1159 32 18 att
582 1157 39 20 hos
637 1164 35 13 oss
688 1157 62 20 civila
766 1157 119 27 äktenskap
902 1157 47 20 icke
966 1159 36 18 äro

179 1186 88 20 tillåtna.
290 1185 42 28 Jag
342 1191 62 14 anser
416 1185 81 20 således
507 1185 61 21 ordet
579 1185 124 27 ,,kyrkligt'
716 1185 86 20 alldeles
817 1185 135 28 öfverflödigt
964 1185 37 20 och

178 1214 62 21 ordet
255 1230 12 9 ,,
270 1213 132 27 äktenskap"
419 1213 100 27 uttrycka
534 1213 47 20 fullt
597 1216 33 22 ut,
647 1213 55 21 hvad
718 1221 46 13 som
781 1213 108 21 behöfves.

247 1242 59 20 Härå
322 1241 46 21 blef
381 1241 11 27 8
410 1242 25 20 72
451 1242 26 26 på
492 1241 49 21 herr
557 1241 209 21 landtmarskalkens
782 1242 154 27 framställning
948 1241 55 21 oför-

179 1271 81 20 ändrad
275 1271 99 26 antagen.

247 1299 26 26 88
290 1299 36 26 73,
344 1299 34 24 74,
396 1298 35 26 75,
448 1299 35 25 76,
501 1299 25 19 77
546 1298 39 21 och
603 1299 26 20 78
648 1298 71 21 blefvo
743 1301 92 24 antagna
855 1298 147 21 oförändrade.

541 1344 28 20 10
585 1343 58 28 Kap.

503 1383 25 27 85
545 1384 26 19 79
588 1382 39 21 och
643 1383 34 20 80.

246 1417 58 21 Herr
318 1416 108 27 Linder,
443 1416 35 21 E.:
494 1416 32 20 Pä
542 1416 26 21 de
584 1416 94 28 grunder
694 1417 107 20 utskottet
815 1417 114 20 framhällit
941 1424 63 14 anser

175 1446 49 27 jag,
241 1448 31 19 att
289 1446 48 20 hela
353 1445 49 27 kap.
418 1445 71 21 kunde
506 1446 57 26 utgä.
