<?xml version="1.0" encoding="UTF-8"?>
<alto xmlns="http://www.loc.gov/standards/alto/ns-v3#" xmlns:xlink="http://www.w3.org/1999/xlink" xmlns:xsi="http://www.w3.org/2001/XMLSchema-instance" xsi:schemaLocation="http://www.loc.gov/standards/alto/ns-v3# http://www.loc.gov/alto/v3/alto-3-0.xsd">
	<Description>
		<MeasurementUnit>pixel</MeasurementUnit>
		<sourceImageInformation>
			<fileName>/tmp/tess_ws861g5s_input.PNG</fileName>
		</sourceImageInformation>
		<OCRProcessing ID="OCR_0">
			<ocrProcessingStep>
				<processingSoftware>
					<softwareName>tesseract 5.3.4</softwareName>
				</processingSoftware>
			</ocrProcessingStep>
		</OCRProcessing>
	</Description>
	<Layout>
		<Page WIDTH="1078" HEIGHT="1678" PHYSICAL_IMG_NR="0" ID="page_0">
			<PrintSpace HPOS="0" VPOS="0" WIDTH="1078" HEIGHT="1678">
				<ComposedBlock ID="cblock_0" HPOS="855" VPOS="99" WIDTH="27" HEIGHT="21">
					<TextBlock ID="block_0" HPOS="855" VPOS="99" WIDTH="27" HEIGHT="21">
						<TextLine ID="line_0" HPOS="855" VPOS="99" WIDTH="27" HEIGHT="21">
							<String ID="string_0" HPOS="855" VPOS="99" WIDTH="27" HEIGHT="21" WC="0.95" CONTENT="35"/>
						</TextLine>
					</TextBlock>
				</ComposedBlock>
				<ComposedBlock ID="cblock_1" HPOS="82" VPOS="154" WIDTH="827" HEIGHT="1385">
					<TextBlock ID="block_1" HPOS="85" VPOS="154" WIDTH="824" HEIGHT="990">
						<TextLine ID="line_1" HPOS="85" VPOS="154" WIDTH="823" HEIGHT="29">
							<String ID="string_1" HPOS="85" VPOS="154" WIDTH="89" HEIGHT="21" WC="0.88" CONTENT="I.17:de"/><SP WIDTH="23" VPOS="154" HPOS="174"/>
							<String ID="string_2" HPOS="197" VPOS="155" WIDTH="95" HEIGHT="28" WC="0.96" CONTENT="punkten"/><SP WIDTH="17" VPOS="155" HPOS="292"/>
							<String ID="string_3" HPOS="309" VPOS="155" WIDTH="23" HEIGHT="20" WC="0.93" CONTENT="af"/><SP WIDTH="13" VPOS="155" HPOS="332"/>
							<String ID="string_4" HPOS="345" VPOS="154" WIDTH="176" HEIGHT="22" WC="0.92" CONTENT="bankutskottets"/><SP WIDTH="24" VPOS="154" HPOS="521"/>
							<String ID="string_5" HPOS="545" VPOS="155" WIDTH="137" HEIGHT="20" WC="0.96" CONTENT="betänkande"/><SP WIDTH="18" VPOS="155" HPOS="682"/>
							<String ID="string_6" HPOS="700" VPOS="155" WIDTH="23" HEIGHT="20" WC="0.93" CONTENT="är"/><SP WIDTH="18" VPOS="155" HPOS="723"/>
							<String ID="string_7" HPOS="741" VPOS="155" WIDTH="92" HEIGHT="27" WC="0.92" CONTENT="200,000"/><SP WIDTH="14" VPOS="155" HPOS="833"/>
							<String ID="string_8" HPOS="847" VPOS="155" WIDTH="61" HEIGHT="21" WC="0.96" CONTENT="mark"/>
						</TextLine>
						<TextLine ID="line_2" HPOS="86" VPOS="183" WIDTH="821" HEIGHT="28">
							<String ID="string_9" HPOS="86" VPOS="183" WIDTH="138" HEIGHT="21" WC="0.92" CONTENT="föreskrifvet"/><SP WIDTH="15" VPOS="183" HPOS="224"/>
							<String ID="string_10" HPOS="239" VPOS="183" WIDTH="69" HEIGHT="20" WC="0.96" CONTENT="såsom"/><SP WIDTH="18" VPOS="183" HPOS="308"/>
							<String ID="string_11" HPOS="326" VPOS="183" WIDTH="36" HEIGHT="20" WC="0.96" CONTENT="det"/><SP WIDTH="19" VPOS="183" HPOS="362"/>
							<String ID="string_12" HPOS="381" VPOS="183" WIDTH="77" HEIGHT="27" WC="0.96" CONTENT="högsta"/><SP WIDTH="23" VPOS="183" HPOS="458"/>
							<String ID="string_13" HPOS="481" VPOS="183" WIDTH="84" HEIGHT="28" WC="0.93" CONTENT="belopp,"/><SP WIDTH="25" VPOS="183" HPOS="565"/>
							<String ID="string_14" HPOS="590" VPOS="183" WIDTH="114" HEIGHT="21" WC="0.92" CONTENT="hvaröfver"/><SP WIDTH="23" VPOS="183" HPOS="704"/>
							<String ID="string_15" HPOS="727" VPOS="190" WIDTH="80" HEIGHT="14" WC="0.96" CONTENT="samma"/><SP WIDTH="23" VPOS="190" HPOS="807"/>
							<String ID="string_16" HPOS="830" VPOS="191" WIDTH="77" HEIGHT="20" WC="0.94" CONTENT="person"/>
						</TextLine>
						<TextLine ID="line_3" HPOS="86" VPOS="211" WIDTH="821" HEIGHT="27">
							<String ID="string_17" HPOS="86" VPOS="211" WIDTH="71" HEIGHT="20" WC="0.93" CONTENT="såsom"/><SP WIDTH="16" VPOS="211" HPOS="157"/>
							<String ID="string_18" HPOS="173" VPOS="213" WIDTH="104" HEIGHT="24" WC="0.92" CONTENT="trassent,"/><SP WIDTH="23" VPOS="213" HPOS="277"/>
							<String ID="string_19" HPOS="300" VPOS="211" WIDTH="116" HEIGHT="21" WC="0.91" CONTENT="endossent"/><SP WIDTH="16" VPOS="211" HPOS="416"/>
							<String ID="string_20" HPOS="432" VPOS="211" WIDTH="39" HEIGHT="20" WC="0.92" CONTENT="och"/><SP WIDTH="16" VPOS="211" HPOS="471"/>
							<String ID="string_21" HPOS="487" VPOS="213" WIDTH="114" HEIGHT="25" WC="0.91" CONTENT="acceptant"/><SP WIDTH="15" VPOS="213" HPOS="601"/>
							<String ID="string_22" HPOS="616" VPOS="211" WIDTH="49" HEIGHT="21" WC="0.96" CONTENT="icke"/><SP WIDTH="16" VPOS="211" HPOS="665"/>
							<String ID="string_23" HPOS="681" VPOS="211" WIDTH="31" HEIGHT="20" WC="0.96" CONTENT="får"/><SP WIDTH="16" VPOS="211" HPOS="712"/>
							<String ID="string_24" HPOS="728" VPOS="211" WIDTH="59" HEIGHT="21" WC="0.96" CONTENT="häfta"/><SP WIDTH="14" VPOS="211" HPOS="787"/>
							<String ID="string_25" HPOS="801" VPOS="212" WIDTH="6" HEIGHT="21" WC="0.96" CONTENT="i"/><SP WIDTH="17" VPOS="212" HPOS="807"/>
							<String ID="string_26" HPOS="824" VPOS="212" WIDTH="83" HEIGHT="21" WC="0.96" CONTENT="banken"/>
						</TextLine>
						<TextLine ID="line_4" HPOS="86" VPOS="239" WIDTH="822" HEIGHT="28">
							<String ID="string_27" HPOS="86" VPOS="240" WIDTH="27" HEIGHT="26" WC="0.92" CONTENT="på"/><SP WIDTH="16" VPOS="240" HPOS="113"/>
							<String ID="string_28" HPOS="129" VPOS="240" WIDTH="80" HEIGHT="20" WC="0.90" CONTENT="vexlar."/><SP WIDTH="31" VPOS="240" HPOS="209"/>
							<String ID="string_29" HPOS="240" VPOS="240" WIDTH="73" HEIGHT="27" WC="0.95" CONTENT="Enligt"/><SP WIDTH="23" VPOS="240" HPOS="313"/>
							<String ID="string_30" HPOS="336" VPOS="240" WIDTH="42" HEIGHT="20" WC="0.93" CONTENT="min"/><SP WIDTH="24" VPOS="240" HPOS="378"/>
							<String ID="string_31" HPOS="402" VPOS="239" WIDTH="145" HEIGHT="28" WC="0.91" CONTENT="öfvertygelse"/><SP WIDTH="20" VPOS="239" HPOS="547"/>
							<String ID="string_32" HPOS="567" VPOS="242" WIDTH="23" HEIGHT="19" WC="0.96" CONTENT="är"/><SP WIDTH="19" VPOS="242" HPOS="590"/>
							<String ID="string_33" HPOS="609" VPOS="239" WIDTH="36" HEIGHT="21" WC="0.97" CONTENT="det"/><SP WIDTH="18" VPOS="239" HPOS="645"/>
							<String ID="string_34" HPOS="663" VPOS="240" WIDTH="63" HEIGHT="27" WC="0.96" CONTENT="högst"/><SP WIDTH="16" VPOS="240" HPOS="726"/>
							<String ID="string_35" HPOS="742" VPOS="239" WIDTH="118" HEIGHT="28" WC="0.95" CONTENT="olämpligt,"/><SP WIDTH="16" VPOS="239" HPOS="860"/>
							<String ID="string_36" HPOS="876" VPOS="242" WIDTH="32" HEIGHT="19" WC="0.96" CONTENT="att"/>
						</TextLine>
						<TextLine ID="line_5" HPOS="85" VPOS="268" WIDTH="823" HEIGHT="27">
							<String ID="string_37" HPOS="85" VPOS="270" WIDTH="32" HEIGHT="18" WC="0.96" CONTENT="ett"/><SP WIDTH="16" VPOS="270" HPOS="117"/>
							<String ID="string_38" HPOS="133" VPOS="268" WIDTH="76" HEIGHT="21" WC="0.96" CONTENT="sådant"/><SP WIDTH="15" VPOS="268" HPOS="209"/>
							<String ID="string_39" HPOS="224" VPOS="268" WIDTH="118" HEIGHT="27" WC="0.95" CONTENT="stadgande"/><SP WIDTH="15" VPOS="268" HPOS="342"/>
							<String ID="string_40" HPOS="357" VPOS="268" WIDTH="39" HEIGHT="20" WC="0.96" CONTENT="här"/><SP WIDTH="16" VPOS="268" HPOS="396"/>
							<String ID="string_41" HPOS="412" VPOS="268" WIDTH="31" HEIGHT="20" WC="0.96" CONTENT="får"/><SP WIDTH="15" VPOS="268" HPOS="443"/>
							<String ID="string_42" HPOS="458" VPOS="268" WIDTH="56" HEIGHT="27" WC="0.96" CONTENT="ingå."/><SP WIDTH="31" VPOS="268" HPOS="514"/>
							<String ID="string_43" HPOS="545" VPOS="268" WIDTH="43" HEIGHT="21" WC="0.96" CONTENT="Det"/><SP WIDTH="16" VPOS="268" HPOS="588"/>
							<String ID="string_44" HPOS="604" VPOS="268" WIDTH="66" HEIGHT="21" WC="0.96" CONTENT="borde"/><SP WIDTH="16" VPOS="268" HPOS="670"/>
							<String ID="string_45" HPOS="686" VPOS="275" WIDTH="51" HEIGHT="13" WC="0.93" CONTENT="vara"/><SP WIDTH="15" VPOS="275" HPOS="737"/>
							<String ID="string_46" HPOS="752" VPOS="268" WIDTH="156" HEIGHT="21" WC="0.90" CONTENT="öfverlemnadt"/>
						</TextLine>
						<TextLine ID="line_6" HPOS="86" VPOS="296" WIDTH="822" HEIGHT="28">
							<String ID="string_47" HPOS="86" VPOS="297" WIDTH="21" HEIGHT="19" WC="0.96" CONTENT="åt"/><SP WIDTH="24" VPOS="297" HPOS="107"/>
							<String ID="string_48" HPOS="131" VPOS="297" WIDTH="127" HEIGHT="27" WC="0.95" CONTENT="regeringen"/><SP WIDTH="24" VPOS="297" HPOS="258"/>
							<String ID="string_49" HPOS="282" VPOS="296" WIDTH="39" HEIGHT="21" WC="0.92" CONTENT="och"/><SP WIDTH="23" VPOS="296" HPOS="321"/>
							<String ID="string_50" HPOS="344" VPOS="296" WIDTH="192" HEIGHT="28" WC="0.91" CONTENT="bankfullmäktige"/><SP WIDTH="23" VPOS="296" HPOS="536"/>
							<String ID="string_51" HPOS="559" VPOS="298" WIDTH="32" HEIGHT="19" WC="0.96" CONTENT="att"/><SP WIDTH="15" VPOS="298" HPOS="591"/>
							<String ID="string_52" HPOS="606" VPOS="296" WIDTH="6" HEIGHT="20" WC="0.96" CONTENT="i"/><SP WIDTH="17" VPOS="296" HPOS="612"/>
							<String ID="string_53" HPOS="629" VPOS="296" WIDTH="36" HEIGHT="21" WC="0.96" CONTENT="det"/><SP WIDTH="23" VPOS="296" HPOS="665"/>
							<String ID="string_54" HPOS="688" VPOS="296" WIDTH="100" HEIGHT="21" WC="0.96" CONTENT="afseende"/><SP WIDTH="23" VPOS="296" HPOS="788"/>
							<String ID="string_55" HPOS="811" VPOS="297" WIDTH="97" HEIGHT="20" WC="0.96" CONTENT="meddela"/>
						</TextLine>
						<TextLine ID="line_7" HPOS="85" VPOS="324" WIDTH="822" HEIGHT="28">
							<String ID="string_56" HPOS="85" VPOS="324" WIDTH="142" HEIGHT="27" WC="0.96" CONTENT="föreskrifter,"/><SP WIDTH="23" VPOS="324" HPOS="227"/>
							<String ID="string_57" HPOS="250" VPOS="325" WIDTH="100" HEIGHT="27" WC="0.96" CONTENT="lämpliga"/><SP WIDTH="18" VPOS="325" HPOS="350"/>
							<String ID="string_58" HPOS="368" VPOS="324" WIDTH="32" HEIGHT="20" WC="0.96" CONTENT="för"/><SP WIDTH="15" VPOS="324" HPOS="400"/>
							<String ID="string_59" HPOS="415" VPOS="324" WIDTH="74" HEIGHT="27" WC="0.96" CONTENT="hvarje"/><SP WIDTH="24" VPOS="324" HPOS="489"/>
							<String ID="string_60" HPOS="513" VPOS="324" WIDTH="102" HEIGHT="20" WC="0.95" CONTENT="särskildt"/><SP WIDTH="22" VPOS="324" HPOS="615"/>
							<String ID="string_61" HPOS="637" VPOS="325" WIDTH="81" HEIGHT="19" WC="0.96" CONTENT="tillfälle"/><SP WIDTH="20" VPOS="325" HPOS="718"/>
							<String ID="string_62" HPOS="738" VPOS="325" WIDTH="2" HEIGHT="19" WC="0.96" CONTENT="i"/><SP WIDTH="16" VPOS="325" HPOS="740"/>
							<String ID="string_63" HPOS="756" VPOS="325" WIDTH="49" HEIGHT="20" WC="0.96" CONTENT="mån"/><SP WIDTH="15" VPOS="325" HPOS="805"/>
							<String ID="string_64" HPOS="820" VPOS="325" WIDTH="23" HEIGHT="20" WC="0.93" CONTENT="af"/><SP WIDTH="15" VPOS="325" HPOS="843"/>
							<String ID="string_65" HPOS="858" VPOS="326" WIDTH="49" HEIGHT="20" WC="0.92" CONTENT="ban-"/>
						</TextLine>
						<TextLine ID="line_8" HPOS="86" VPOS="352" WIDTH="821" HEIGHT="28">
							<String ID="string_66" HPOS="86" VPOS="352" WIDTH="53" HEIGHT="21" WC="0.96" CONTENT="kens"/><SP WIDTH="15" VPOS="352" HPOS="139"/>
							<String ID="string_67" HPOS="154" VPOS="353" WIDTH="120" HEIGHT="27" WC="0.96" CONTENT="tillgångar,"/><SP WIDTH="17" VPOS="353" HPOS="274"/>
							<String ID="string_68" HPOS="291" VPOS="352" WIDTH="23" HEIGHT="21" WC="0.96" CONTENT="af"/><SP WIDTH="13" VPOS="352" HPOS="314"/>
							<String ID="string_69" HPOS="327" VPOS="352" WIDTH="103" HEIGHT="21" WC="0.95" CONTENT="trafikens"/><SP WIDTH="17" VPOS="352" HPOS="430"/>
							<String ID="string_70" HPOS="447" VPOS="352" WIDTH="40" HEIGHT="21" WC="0.96" CONTENT="och"/><SP WIDTH="15" VPOS="352" HPOS="487"/>
							<String ID="string_71" HPOS="502" VPOS="352" WIDTH="117" HEIGHT="21" WC="0.93" CONTENT="industrins"/><SP WIDTH="17" VPOS="352" HPOS="619"/>
							<String ID="string_72" HPOS="636" VPOS="352" WIDTH="70" HEIGHT="21" WC="0.88" CONTENT="behof."/><SP WIDTH="30" VPOS="352" HPOS="706"/>
							<String ID="string_73" HPOS="736" VPOS="352" WIDTH="28" HEIGHT="20" WC="0.94" CONTENT="Vi"/><SP WIDTH="10" VPOS="352" HPOS="764"/>
							<String ID="string_74" HPOS="774" VPOS="353" WIDTH="64" HEIGHT="21" WC="0.93" CONTENT="hafva"/><SP WIDTH="11" VPOS="353" HPOS="838"/>
							<String ID="string_75" HPOS="849" VPOS="353" WIDTH="58" HEIGHT="21" WC="0.92" CONTENT="dess-"/>
						</TextLine>
						<TextLine ID="line_9" HPOS="86" VPOS="380" WIDTH="821" HEIGHT="28">
							<String ID="string_76" HPOS="86" VPOS="383" WIDTH="59" HEIGHT="18" WC="0.96" CONTENT="utom"/><SP WIDTH="17" VPOS="383" HPOS="145"/>
							<String ID="string_77" HPOS="162" VPOS="381" WIDTH="64" HEIGHT="21" WC="0.95" CONTENT="redan"/><SP WIDTH="17" VPOS="381" HPOS="226"/>
							<String ID="string_78" HPOS="243" VPOS="382" WIDTH="23" HEIGHT="20" WC="0.96" CONTENT="så"/><SP WIDTH="15" VPOS="382" HPOS="266"/>
							<String ID="string_79" HPOS="281" VPOS="380" WIDTH="111" HEIGHT="28" WC="0.93" CONTENT="betydliga"/><SP WIDTH="21" VPOS="380" HPOS="392"/>
							<String ID="string_80" HPOS="413" VPOS="380" WIDTH="125" HEIGHT="22" WC="0.91" CONTENT="industriela"/><SP WIDTH="19" VPOS="380" HPOS="538"/>
							<String ID="string_81" HPOS="557" VPOS="380" WIDTH="111" HEIGHT="27" WC="0.95" CONTENT="anstalter,"/><SP WIDTH="20" VPOS="380" HPOS="668"/>
							<String ID="string_82" HPOS="688" VPOS="383" WIDTH="32" HEIGHT="18" WC="0.96" CONTENT="att"/><SP WIDTH="16" VPOS="383" HPOS="720"/>
							<String ID="string_83" HPOS="736" VPOS="380" WIDTH="61" HEIGHT="21" WC="0.91" CONTENT="deras"/><SP WIDTH="16" VPOS="380" HPOS="797"/>
							<String ID="string_84" HPOS="813" VPOS="382" WIDTH="94" HEIGHT="20" WC="0.91" CONTENT="tillverk-"/>
						</TextLine>
						<TextLine ID="line_10" HPOS="86" VPOS="408" WIDTH="820" HEIGHT="29">
							<String ID="string_85" HPOS="86" VPOS="409" WIDTH="76" HEIGHT="27" WC="0.96" CONTENT="ningar"/><SP WIDTH="20" VPOS="409" HPOS="162"/>
							<String ID="string_86" HPOS="182" VPOS="409" WIDTH="72" HEIGHT="28" WC="0.96" CONTENT="uppgå"/><SP WIDTH="22" VPOS="409" HPOS="254"/>
							<String ID="string_87" HPOS="276" VPOS="409" WIDTH="55" HEIGHT="20" WC="0.95" CONTENT="ända"/><SP WIDTH="21" VPOS="409" HPOS="331"/>
							<String ID="string_88" HPOS="352" VPOS="409" WIDTH="31" HEIGHT="20" WC="0.93" CONTENT="till"/><SP WIDTH="22" VPOS="409" HPOS="383"/>
							<String ID="string_89" HPOS="405" VPOS="409" WIDTH="111" HEIGHT="26" WC="0.90" CONTENT="2,000,000"/><SP WIDTH="23" VPOS="409" HPOS="516"/>
							<String ID="string_90" HPOS="539" VPOS="409" WIDTH="61" HEIGHT="20" WC="0.94" CONTENT="mark"/><SP WIDTH="23" VPOS="409" HPOS="600"/>
							<String ID="string_91" HPOS="623" VPOS="409" WIDTH="87" HEIGHT="27" WC="0.94" CONTENT="årligen."/><SP WIDTH="31" VPOS="409" HPOS="710"/>
							<String ID="string_92" HPOS="741" VPOS="408" WIDTH="43" HEIGHT="21" WC="0.96" CONTENT="För"/><SP WIDTH="15" VPOS="408" HPOS="784"/>
							<String ID="string_93" HPOS="799" VPOS="416" WIDTH="25" HEIGHT="13" WC="0.96" CONTENT="en"/><SP WIDTH="17" VPOS="416" HPOS="824"/>
							<String ID="string_94" HPOS="841" VPOS="409" WIDTH="65" HEIGHT="22" WC="0.96" CONTENT="sådan"/>
						</TextLine>
						<TextLine ID="line_11" HPOS="86" VPOS="436" WIDTH="821" HEIGHT="29">
							<String ID="string_95" HPOS="86" VPOS="437" WIDTH="81" HEIGHT="20" WC="0.96" CONTENT="rörelse"/><SP WIDTH="16" VPOS="437" HPOS="167"/>
							<String ID="string_96" HPOS="183" VPOS="444" WIDTH="63" HEIGHT="20" WC="0.96" CONTENT="synes"/><SP WIDTH="15" VPOS="444" HPOS="246"/>
							<String ID="string_97" HPOS="261" VPOS="436" WIDTH="36" HEIGHT="22" WC="0.96" CONTENT="det"/><SP WIDTH="14" VPOS="436" HPOS="297"/>
							<String ID="string_98" HPOS="311" VPOS="437" WIDTH="122" HEIGHT="27" WC="0.96" CONTENT="föreslagna"/><SP WIDTH="13" VPOS="437" HPOS="433"/>
							<String ID="string_99" HPOS="446" VPOS="437" WIDTH="77" HEIGHT="27" WC="0.96" CONTENT="belopp"/><SP WIDTH="16" VPOS="437" HPOS="523"/>
							<String ID="string_100" HPOS="539" VPOS="444" WIDTH="52" HEIGHT="13" WC="0.96" CONTENT="vara"/><SP WIDTH="12" VPOS="444" HPOS="591"/>
							<String ID="string_101" HPOS="603" VPOS="437" WIDTH="83" HEIGHT="28" WC="0.96" CONTENT="ganska"/><SP WIDTH="16" VPOS="437" HPOS="686"/>
							<String ID="string_102" HPOS="702" VPOS="437" WIDTH="66" HEIGHT="27" WC="0.92" CONTENT="ringa,"/><SP WIDTH="15" VPOS="437" HPOS="768"/>
							<String ID="string_103" HPOS="783" VPOS="437" WIDTH="124" HEIGHT="28" WC="0.91" CONTENT="isynnerhet"/>
						</TextLine>
						<TextLine ID="line_12" HPOS="87" VPOS="465" WIDTH="820" HEIGHT="28">
							<String ID="string_104" HPOS="87" VPOS="472" WIDTH="45" HEIGHT="13" WC="0.96" CONTENT="som"/><SP WIDTH="17" VPOS="472" HPOS="132"/>
							<String ID="string_105" HPOS="149" VPOS="465" WIDTH="37" HEIGHT="20" WC="0.96" CONTENT="här"/><SP WIDTH="15" VPOS="465" HPOS="186"/>
							<String ID="string_106" HPOS="201" VPOS="465" WIDTH="6" HEIGHT="20" WC="0.96" CONTENT="i"/><SP WIDTH="16" VPOS="465" HPOS="207"/>
							<String ID="string_107" HPOS="223" VPOS="465" WIDTH="69" HEIGHT="21" WC="0.96" CONTENT="denna"/><SP WIDTH="15" VPOS="465" HPOS="292"/>
							<String ID="string_108" HPOS="307" VPOS="465" WIDTH="69" HEIGHT="28" WC="0.96" CONTENT="punkt"/><SP WIDTH="15" VPOS="465" HPOS="376"/>
							<String ID="string_109" HPOS="391" VPOS="467" WIDTH="23" HEIGHT="18" WC="0.93" CONTENT="är"/><SP WIDTH="16" VPOS="467" HPOS="414"/>
							<String ID="string_110" HPOS="430" VPOS="465" WIDTH="71" HEIGHT="28" WC="0.91" CONTENT="sagdt,"/><SP WIDTH="16" VPOS="465" HPOS="501"/>
							<String ID="string_111" HPOS="517" VPOS="467" WIDTH="32" HEIGHT="19" WC="0.93" CONTENT="att"/><SP WIDTH="19" VPOS="467" HPOS="549"/>
							<String ID="string_112" HPOS="568" VPOS="465" WIDTH="74" HEIGHT="21" WC="0.92" CONTENT="dervid"/><SP WIDTH="18" VPOS="465" HPOS="642"/>
							<String ID="string_113" HPOS="660" VPOS="465" WIDTH="55" HEIGHT="21" WC="0.93" CONTENT="skall"/><SP WIDTH="18" VPOS="465" HPOS="715"/>
							<String ID="string_114" HPOS="733" VPOS="466" WIDTH="174" HEIGHT="21" WC="0.91" CONTENT="sammanräknas"/>
						</TextLine>
						<TextLine ID="line_13" HPOS="86" VPOS="493" WIDTH="820" HEIGHT="28">
							<String ID="string_115" HPOS="86" VPOS="500" WIDTH="117" HEIGHT="20" WC="0.96" CONTENT="personens"/><SP WIDTH="23" VPOS="500" HPOS="203"/>
							<String ID="string_116" HPOS="226" VPOS="494" WIDTH="134" HEIGHT="27" WC="0.89" CONTENT="egenskaper"/><SP WIDTH="26" VPOS="494" HPOS="360"/>
							<String ID="string_117" HPOS="386" VPOS="494" WIDTH="69" HEIGHT="20" WC="0.93" CONTENT="såsom"/><SP WIDTH="24" VPOS="494" HPOS="455"/>
							<String ID="string_118" HPOS="479" VPOS="496" WIDTH="105" HEIGHT="24" WC="0.91" CONTENT="trassent,"/><SP WIDTH="17" VPOS="496" HPOS="584"/>
							<String ID="string_119" HPOS="601" VPOS="493" WIDTH="116" HEIGHT="21" WC="0.93" CONTENT="endossent"/><SP WIDTH="16" VPOS="493" HPOS="717"/>
							<String ID="string_120" HPOS="733" VPOS="493" WIDTH="39" HEIGHT="20" WC="0.93" CONTENT="och"/><SP WIDTH="16" VPOS="493" HPOS="772"/>
							<String ID="string_121" HPOS="788" VPOS="496" WIDTH="118" HEIGHT="25" WC="0.92" CONTENT="acceptant."/>
						</TextLine>
						<TextLine ID="line_14" HPOS="87" VPOS="521" WIDTH="820" HEIGHT="29">
							<String ID="string_122" HPOS="87" VPOS="521" WIDTH="74" HEIGHT="21" WC="0.96" CONTENT="Skulle"/><SP WIDTH="16" VPOS="521" HPOS="161"/>
							<String ID="string_123" HPOS="177" VPOS="522" WIDTH="59" HEIGHT="21" WC="0.93" CONTENT="detta"/><SP WIDTH="16" VPOS="522" HPOS="236"/>
							<String ID="string_124" HPOS="252" VPOS="522" WIDTH="54" HEIGHT="27" WC="0.96" CONTENT="gälla"/><SP WIDTH="16" VPOS="522" HPOS="306"/>
							<String ID="string_125" HPOS="322" VPOS="522" WIDTH="76" HEIGHT="21" WC="0.96" CONTENT="endast"/><SP WIDTH="15" VPOS="522" HPOS="398"/>
							<String ID="string_126" HPOS="413" VPOS="529" WIDTH="45" HEIGHT="14" WC="0.93" CONTENT="som"/><SP WIDTH="17" VPOS="529" HPOS="458"/>
							<String ID="string_127" HPOS="475" VPOS="525" WIDTH="122" HEIGHT="24" WC="0.92" CONTENT="acceptant,"/><SP WIDTH="17" VPOS="525" HPOS="597"/>
							<String ID="string_128" HPOS="614" VPOS="523" WIDTH="23" HEIGHT="20" WC="0.96" CONTENT="sä"/><SP WIDTH="15" VPOS="523" HPOS="637"/>
							<String ID="string_129" HPOS="652" VPOS="522" WIDTH="71" HEIGHT="20" WC="0.96" CONTENT="kunde"/><SP WIDTH="16" VPOS="522" HPOS="723"/>
							<String ID="string_130" HPOS="739" VPOS="521" WIDTH="101" HEIGHT="28" WC="0.93" CONTENT="beloppet"/><SP WIDTH="15" VPOS="521" HPOS="840"/>
							<String ID="string_131" HPOS="855" VPOS="523" WIDTH="52" HEIGHT="27" WC="0.90" CONTENT="möj-"/>
						</TextLine>
						<TextLine ID="line_15" HPOS="87" VPOS="549" WIDTH="819" HEIGHT="29">
							<String ID="string_132" HPOS="87" VPOS="549" WIDTH="55" HEIGHT="28" WC="0.96" CONTENT="ligen"/><SP WIDTH="17" VPOS="549" HPOS="142"/>
							<String ID="string_133" HPOS="159" VPOS="557" WIDTH="62" HEIGHT="14" WC="0.96" CONTENT="anses"/><SP WIDTH="16" VPOS="557" HPOS="221"/>
							<String ID="string_134" HPOS="237" VPOS="551" WIDTH="6" HEIGHT="20" WC="0.92" CONTENT="i"/><SP WIDTH="16" VPOS="551" HPOS="243"/>
							<String ID="string_135" HPOS="259" VPOS="551" WIDTH="70" HEIGHT="27" WC="0.96" CONTENT="någon"/><SP WIDTH="23" VPOS="551" HPOS="329"/>
							<String ID="string_136" HPOS="352" VPOS="551" WIDTH="49" HEIGHT="20" WC="0.96" CONTENT="män"/><SP WIDTH="19" VPOS="551" HPOS="401"/>
							<String ID="string_137" HPOS="420" VPOS="557" WIDTH="50" HEIGHT="14" WC="0.92" CONTENT="vara"/><SP WIDTH="23" VPOS="557" HPOS="470"/>
							<String ID="string_138" HPOS="493" VPOS="550" WIDTH="204" HEIGHT="21" WC="0.48" CONTENT="tillfredsställande."/><SP WIDTH="31" VPOS="550" HPOS="697"/>
							<String ID="string_139" HPOS="728" VPOS="550" WIDTH="48" HEIGHT="21" WC="0.96" CONTENT="Men"/><SP WIDTH="17" VPOS="550" HPOS="776"/>
							<String ID="string_140" HPOS="793" VPOS="551" WIDTH="26" HEIGHT="20" WC="0.93" CONTENT="dä"/><SP WIDTH="16" VPOS="551" HPOS="819"/>
							<String ID="string_141" HPOS="835" VPOS="551" WIDTH="71" HEIGHT="26" WC="0.92" CONTENT="belop-"/>
						</TextLine>
						<TextLine ID="line_16" HPOS="86" VPOS="578" WIDTH="821" HEIGHT="28">
							<String ID="string_142" HPOS="86" VPOS="580" WIDTH="44" HEIGHT="25" WC="0.96" CONTENT="pet,"/><SP WIDTH="15" VPOS="580" HPOS="130"/>
							<String ID="string_143" HPOS="145" VPOS="578" WIDTH="33" HEIGHT="21" WC="0.93" CONTENT="för"/><SP WIDTH="16" VPOS="578" HPOS="178"/>
							<String ID="string_144" HPOS="194" VPOS="579" WIDTH="81" HEIGHT="20" WC="0.91" CONTENT="hvilket"/><SP WIDTH="15" VPOS="579" HPOS="275"/>
							<String ID="string_145" HPOS="290" VPOS="586" WIDTH="26" HEIGHT="13" WC="0.96" CONTENT="en"/><SP WIDTH="16" VPOS="586" HPOS="316"/>
							<String ID="string_146" HPOS="332" VPOS="579" WIDTH="41" HEIGHT="20" WC="0.96" CONTENT="och"/><SP WIDTH="16" VPOS="579" HPOS="373"/>
							<String ID="string_147" HPOS="389" VPOS="585" WIDTH="80" HEIGHT="14" WC="0.96" CONTENT="samma"/><SP WIDTH="19" VPOS="585" HPOS="469"/>
							<String ID="string_148" HPOS="488" VPOS="585" WIDTH="78" HEIGHT="21" WC="0.92" CONTENT="person"/><SP WIDTH="19" VPOS="585" HPOS="566"/>
							<String ID="string_149" HPOS="585" VPOS="579" WIDTH="46" HEIGHT="20" WC="0.92" CONTENT="stär"/><SP WIDTH="14" VPOS="579" HPOS="631"/>
							<String ID="string_150" HPOS="645" VPOS="579" WIDTH="6" HEIGHT="20" WC="0.93" CONTENT="i"/><SP WIDTH="17" VPOS="579" HPOS="651"/>
							<String ID="string_151" HPOS="668" VPOS="579" WIDTH="82" HEIGHT="20" WC="0.92" CONTENT="banken"/><SP WIDTH="18" VPOS="579" HPOS="750"/>
							<String ID="string_152" HPOS="768" VPOS="579" WIDTH="69" HEIGHT="20" WC="0.92" CONTENT="säsom"/><SP WIDTH="16" VPOS="579" HPOS="837"/>
							<String ID="string_153" HPOS="853" VPOS="581" WIDTH="54" HEIGHT="18" WC="0.92" CONTENT="tras-"/>
						</TextLine>
						<TextLine ID="line_17" HPOS="87" VPOS="607" WIDTH="819" HEIGHT="28">
							<String ID="string_154" HPOS="87" VPOS="609" WIDTH="53" HEIGHT="22" WC="0.93" CONTENT="sent,"/><SP WIDTH="17" VPOS="609" HPOS="140"/>
							<String ID="string_155" HPOS="157" VPOS="607" WIDTH="115" HEIGHT="20" WC="0.91" CONTENT="endossent"/><SP WIDTH="16" VPOS="607" HPOS="272"/>
							<String ID="string_156" HPOS="288" VPOS="607" WIDTH="38" HEIGHT="21" WC="0.93" CONTENT="och"/><SP WIDTH="16" VPOS="607" HPOS="326"/>
							<String ID="string_157" HPOS="342" VPOS="609" WIDTH="113" HEIGHT="25" WC="0.92" CONTENT="acceptant"/><SP WIDTH="16" VPOS="609" HPOS="455"/>
							<String ID="string_158" HPOS="471" VPOS="607" WIDTH="52" HEIGHT="20" WC="0.93" CONTENT="skall"/><SP WIDTH="18" VPOS="607" HPOS="523"/>
							<String ID="string_159" HPOS="541" VPOS="607" WIDTH="145" HEIGHT="26" WC="0.91" CONTENT="sammansläs,"/><SP WIDTH="17" VPOS="607" HPOS="686"/>
							<String ID="string_160" HPOS="703" VPOS="607" WIDTH="23" HEIGHT="20" WC="0.96" CONTENT="sä"/><SP WIDTH="16" VPOS="607" HPOS="726"/>
							<String ID="string_161" HPOS="742" VPOS="614" WIDTH="63" HEIGHT="13" WC="0.96" CONTENT="anser"/><SP WIDTH="12" VPOS="614" HPOS="805"/>
							<String ID="string_162" HPOS="817" VPOS="607" WIDTH="38" HEIGHT="28" WC="0.93" CONTENT="jag"/><SP WIDTH="16" VPOS="607" HPOS="855"/>
							<String ID="string_163" HPOS="871" VPOS="607" WIDTH="35" HEIGHT="20" WC="0.92" CONTENT="be-"/>
						</TextLine>
						<TextLine ID="line_18" HPOS="86" VPOS="635" WIDTH="821" HEIGHT="28">
							<String ID="string_164" HPOS="86" VPOS="635" WIDTH="73" HEIGHT="27" WC="0.92" CONTENT="loppet"/><SP WIDTH="17" VPOS="635" HPOS="159"/>
							<String ID="string_165" HPOS="176" VPOS="635" WIDTH="37" HEIGHT="20" WC="0.96" CONTENT="allt"/><SP WIDTH="15" VPOS="635" HPOS="213"/>
							<String ID="string_166" HPOS="228" VPOS="635" WIDTH="34" HEIGHT="21" WC="0.93" CONTENT="för"/><SP WIDTH="15" VPOS="635" HPOS="262"/>
							<String ID="string_167" HPOS="277" VPOS="636" WIDTH="66" HEIGHT="27" WC="0.88" CONTENT="ringa."/><SP WIDTH="31" VPOS="636" HPOS="343"/>
							<String ID="string_168" HPOS="374" VPOS="635" WIDTH="43" HEIGHT="21" WC="0.96" CONTENT="För"/><SP WIDTH="16" VPOS="635" HPOS="417"/>
							<String ID="string_169" HPOS="433" VPOS="635" WIDTH="35" HEIGHT="21" WC="0.96" CONTENT="det"/><SP WIDTH="19" VPOS="635" HPOS="468"/>
							<String ID="string_170" HPOS="487" VPOS="635" WIDTH="68" HEIGHT="21" WC="0.96" CONTENT="andra"/><SP WIDTH="15" VPOS="635" HPOS="555"/>
							<String ID="string_171" HPOS="570" VPOS="636" WIDTH="38" HEIGHT="20" WC="0.96" CONTENT="ber"/><SP WIDTH="13" VPOS="636" HPOS="608"/>
							<String ID="string_172" HPOS="621" VPOS="636" WIDTH="39" HEIGHT="27" WC="0.96" CONTENT="jag"/><SP WIDTH="15" VPOS="636" HPOS="660"/>
							<String ID="string_173" HPOS="675" VPOS="637" WIDTH="31" HEIGHT="19" WC="0.93" CONTENT="att"/><SP WIDTH="16" VPOS="637" HPOS="706"/>
							<String ID="string_174" HPOS="722" VPOS="635" WIDTH="68" HEIGHT="21" WC="0.93" CONTENT="likasä"/><SP WIDTH="14" VPOS="635" HPOS="790"/>
							<String ID="string_175" HPOS="804" VPOS="635" WIDTH="21" HEIGHT="21" WC="0.93" CONTENT="fä"/><SP WIDTH="16" VPOS="635" HPOS="825"/>
							<String ID="string_176" HPOS="841" VPOS="636" WIDTH="66" HEIGHT="20" WC="0.92" CONTENT="uttala"/>
						</TextLine>
						<TextLine ID="line_19" HPOS="87" VPOS="663" WIDTH="819" HEIGHT="28">
							<String ID="string_177" HPOS="87" VPOS="665" WIDTH="31" HEIGHT="18" WC="0.93" CONTENT="ett"/><SP WIDTH="16" VPOS="665" HPOS="118"/>
							<String ID="string_178" HPOS="134" VPOS="663" WIDTH="136" HEIGHT="25" WC="0.92" CONTENT="tvifvelsmäl,"/><SP WIDTH="24" VPOS="663" HPOS="270"/>
							<String ID="string_179" HPOS="294" VPOS="663" WIDTH="105" HEIGHT="21" WC="0.96" CONTENT="huruvida"/><SP WIDTH="19" VPOS="663" HPOS="399"/>
							<String ID="string_180" HPOS="418" VPOS="664" WIDTH="37" HEIGHT="20" WC="0.96" CONTENT="det"/><SP WIDTH="18" VPOS="664" HPOS="455"/>
							<String ID="string_181" HPOS="473" VPOS="665" WIDTH="24" HEIGHT="19" WC="0.96" CONTENT="är"/><SP WIDTH="18" VPOS="665" HPOS="497"/>
							<String ID="string_182" HPOS="515" VPOS="664" WIDTH="98" HEIGHT="27" WC="0.96" CONTENT="lämpligt"/><SP WIDTH="16" VPOS="664" HPOS="613"/>
							<String ID="string_183" HPOS="629" VPOS="666" WIDTH="31" HEIGHT="18" WC="0.96" CONTENT="att"/><SP WIDTH="16" VPOS="666" HPOS="660"/>
							<String ID="string_184" HPOS="676" VPOS="663" WIDTH="26" HEIGHT="21" WC="0.93" CONTENT="de"/><SP WIDTH="15" VPOS="663" HPOS="702"/>
							<String ID="string_185" HPOS="717" VPOS="663" WIDTH="108" HEIGHT="21" WC="0.87" CONTENT="blifvande"/><SP WIDTH="16" VPOS="663" HPOS="825"/>
							<String ID="string_186" HPOS="841" VPOS="664" WIDTH="65" HEIGHT="20" WC="0.92" CONTENT="bank-"/>
						</TextLine>
						<TextLine ID="line_20" HPOS="86" VPOS="691" WIDTH="821" HEIGHT="29">
							<String ID="string_187" HPOS="86" VPOS="691" WIDTH="133" HEIGHT="28" WC="0.92" CONTENT="fullmäktige"/><SP WIDTH="17" VPOS="691" HPOS="219"/>
							<String ID="string_188" HPOS="236" VPOS="692" WIDTH="86" HEIGHT="27" WC="0.92" CONTENT="äläggas"/><SP WIDTH="16" VPOS="692" HPOS="322"/>
							<String ID="string_189" HPOS="338" VPOS="694" WIDTH="31" HEIGHT="18" WC="0.96" CONTENT="att"/><SP WIDTH="16" VPOS="694" HPOS="369"/>
							<String ID="string_190" HPOS="385" VPOS="692" WIDTH="98" HEIGHT="20" WC="0.96" CONTENT="utarbeta"/><SP WIDTH="18" VPOS="692" HPOS="483"/>
							<String ID="string_191" HPOS="501" VPOS="692" WIDTH="81" HEIGHT="27" WC="0.96" CONTENT="förslag"/><SP WIDTH="15" VPOS="692" HPOS="582"/>
							<String ID="string_192" HPOS="597" VPOS="692" WIDTH="31" HEIGHT="20" WC="0.93" CONTENT="till"/><SP WIDTH="17" VPOS="692" HPOS="628"/>
							<String ID="string_193" HPOS="645" VPOS="694" WIDTH="31" HEIGHT="18" WC="0.90" CONTENT="ott"/><SP WIDTH="15" VPOS="694" HPOS="676"/>
							<String ID="string_194" HPOS="691" VPOS="692" WIDTH="133" HEIGHT="28" WC="0.93" CONTENT="fullständigt"/><SP WIDTH="16" VPOS="692" HPOS="824"/>
							<String ID="string_195" HPOS="840" VPOS="692" WIDTH="67" HEIGHT="27" WC="0.93" CONTENT="regle-"/>
						</TextLine>
						<TextLine ID="line_21" HPOS="86" VPOS="720" WIDTH="821" HEIGHT="28">
							<String ID="string_196" HPOS="86" VPOS="721" WIDTH="71" HEIGHT="19" WC="0.93" CONTENT="mente"/><SP WIDTH="16" VPOS="721" HPOS="157"/>
							<String ID="string_197" HPOS="173" VPOS="720" WIDTH="34" HEIGHT="20" WC="0.93" CONTENT="för"/><SP WIDTH="16" VPOS="720" HPOS="207"/>
							<String ID="string_198" HPOS="223" VPOS="720" WIDTH="91" HEIGHT="26" WC="0.92" CONTENT="banken,"/><SP WIDTH="16" VPOS="720" HPOS="314"/>
							<String ID="string_199" HPOS="330" VPOS="720" WIDTH="34" HEIGHT="21" WC="0.96" CONTENT="för"/><SP WIDTH="15" VPOS="720" HPOS="364"/>
							<String ID="string_200" HPOS="379" VPOS="722" WIDTH="31" HEIGHT="19" WC="0.96" CONTENT="att"/><SP WIDTH="16" VPOS="722" HPOS="410"/>
							<String ID="string_201" HPOS="426" VPOS="720" WIDTH="64" HEIGHT="21" WC="0.93" CONTENT="sedan"/><SP WIDTH="20" VPOS="720" HPOS="490"/>
							<String ID="string_202" HPOS="510" VPOS="720" WIDTH="127" HEIGHT="21" WC="0.91" CONTENT="ständernas"/><SP WIDTH="19" VPOS="720" HPOS="637"/>
							<String ID="string_203" HPOS="656" VPOS="720" WIDTH="130" HEIGHT="28" WC="0.91" CONTENT="granskning"/><SP WIDTH="16" VPOS="720" HPOS="786"/>
							<String ID="string_204" HPOS="802" VPOS="720" WIDTH="105" HEIGHT="21" WC="0.92" CONTENT="underka-"/>
						</TextLine>
						<TextLine ID="line_22" HPOS="87" VPOS="747" WIDTH="819" HEIGHT="29">
							<String ID="string_205" HPOS="87" VPOS="750" WIDTH="50" HEIGHT="18" WC="0.91" CONTENT="stas."/><SP WIDTH="31" VPOS="750" HPOS="137"/>
							<String ID="string_206" HPOS="168" VPOS="747" WIDTH="37" HEIGHT="22" WC="0.92" CONTENT="Ett"/><SP WIDTH="24" VPOS="747" HPOS="205"/>
							<String ID="string_207" HPOS="229" VPOS="748" WIDTH="77" HEIGHT="28" WC="0.90" CONTENT="sädant"/><SP WIDTH="22" VPOS="748" HPOS="306"/>
							<String ID="string_208" HPOS="328" VPOS="751" WIDTH="48" HEIGHT="25" WC="0.93" CONTENT="nytt"/><SP WIDTH="23" VPOS="751" HPOS="376"/>
							<String ID="string_209" HPOS="399" VPOS="749" WIDTH="142" HEIGHT="27" WC="0.92" CONTENT="reglemente,"/><SP WIDTH="25" VPOS="749" HPOS="541"/>
							<String ID="string_210" HPOS="566" VPOS="749" WIDTH="77" HEIGHT="20" WC="0.91" CONTENT="liksom"/><SP WIDTH="23" VPOS="749" HPOS="643"/>
							<String ID="string_211" HPOS="666" VPOS="749" WIDTH="73" HEIGHT="27" WC="0.90" CONTENT="hvarje"/><SP WIDTH="23" VPOS="749" HPOS="739"/>
							<String ID="string_212" HPOS="762" VPOS="748" WIDTH="144" HEIGHT="28" WC="0.92" CONTENT="förändring"/><SP WIDTH="-13" VPOS="748" HPOS="906"/>
							<String ID="string_213" HPOS="893" VPOS="743" WIDTH="17" HEIGHT="38" WC="0.96" CONTENT="i"/>
						</TextLine>
						<TextLine ID="line_23" HPOS="86" VPOS="776" WIDTH="823" HEIGHT="28">
							<String ID="string_214" HPOS="86" VPOS="776" WIDTH="97" HEIGHT="20" WC="0.91" CONTENT="bankens"/><SP WIDTH="24" VPOS="776" HPOS="183"/>
							<String ID="string_215" HPOS="207" VPOS="777" WIDTH="122" HEIGHT="20" WC="0.92" CONTENT="nuvarande"/><SP WIDTH="23" VPOS="777" HPOS="329"/>
							<String ID="string_216" HPOS="352" VPOS="777" WIDTH="141" HEIGHT="27" WC="0.88" CONTENT="reglemente,"/><SP WIDTH="23" VPOS="777" HPOS="493"/>
							<String ID="string_217" HPOS="516" VPOS="777" WIDTH="97" HEIGHT="21" WC="0.95" CONTENT="kommer"/><SP WIDTH="19" VPOS="777" HPOS="613"/>
							<String ID="string_218" HPOS="632" VPOS="779" WIDTH="32" HEIGHT="19" WC="0.93" CONTENT="att"/><SP WIDTH="16" VPOS="779" HPOS="664"/>
							<String ID="string_219" HPOS="680" VPOS="777" WIDTH="64" HEIGHT="20" WC="0.90" CONTENT="blifva"/><SP WIDTH="19" VPOS="777" HPOS="744"/>
							<String ID="string_220" HPOS="763" VPOS="777" WIDTH="107" HEIGHT="21" WC="0.93" CONTENT="beroende"/><SP WIDTH="16" VPOS="777" HPOS="870"/>
							<String ID="string_221" HPOS="886" VPOS="777" WIDTH="23" HEIGHT="20" WC="0.97" CONTENT="af"/>
						</TextLine>
						<TextLine ID="line_24" HPOS="87" VPOS="804" WIDTH="818" HEIGHT="29">
							<String ID="string_222" HPOS="87" VPOS="804" WIDTH="61" HEIGHT="21" WC="0.92" CONTENT="Hans"/><SP WIDTH="27" VPOS="804" HPOS="148"/>
							<String ID="string_223" HPOS="175" VPOS="804" WIDTH="111" HEIGHT="28" WC="0.96" CONTENT="Majestäts"/><SP WIDTH="24" VPOS="804" HPOS="286"/>
							<String ID="string_224" HPOS="310" VPOS="805" WIDTH="76" HEIGHT="27" WC="0.96" CONTENT="nådiga"/><SP WIDTH="23" VPOS="805" HPOS="386"/>
							<String ID="string_225" HPOS="409" VPOS="806" WIDTH="64" HEIGHT="20" WC="0.95" CONTENT="bifall."/><SP WIDTH="31" VPOS="806" HPOS="473"/>
							<String ID="string_226" HPOS="504" VPOS="805" WIDTH="74" HEIGHT="21" WC="0.78" CONTENT="Skulle"/><SP WIDTH="19" VPOS="805" HPOS="578"/>
							<String ID="string_227" HPOS="597" VPOS="805" WIDTH="191" HEIGHT="28" WC="0.92" CONTENT="bankfullmäktige"/><SP WIDTH="19" VPOS="805" HPOS="788"/>
							<String ID="string_228" HPOS="807" VPOS="806" WIDTH="98" HEIGHT="20" WC="0.96" CONTENT="utarbeta"/>
						</TextLine>
						<TextLine ID="line_25" HPOS="87" VPOS="834" WIDTH="819" HEIGHT="28">
							<String ID="string_229" HPOS="87" VPOS="835" WIDTH="31" HEIGHT="18" WC="0.96" CONTENT="ett"/><SP WIDTH="16" VPOS="835" HPOS="118"/>
							<String ID="string_230" HPOS="134" VPOS="834" WIDTH="49" HEIGHT="26" WC="0.96" CONTENT="nytt"/><SP WIDTH="15" VPOS="834" HPOS="183"/>
							<String ID="string_231" HPOS="198" VPOS="834" WIDTH="131" HEIGHT="26" WC="0.96" CONTENT="reglemente"/><SP WIDTH="17" VPOS="834" HPOS="329"/>
							<String ID="string_232" HPOS="346" VPOS="834" WIDTH="38" HEIGHT="20" WC="0.97" CONTENT="och"/><SP WIDTH="16" VPOS="834" HPOS="384"/>
							<String ID="string_233" HPOS="400" VPOS="834" WIDTH="118" HEIGHT="28" WC="0.96" CONTENT="framlägga"/><SP WIDTH="17" VPOS="834" HPOS="518"/>
							<String ID="string_234" HPOS="535" VPOS="834" WIDTH="36" HEIGHT="20" WC="0.96" CONTENT="det"/><SP WIDTH="15" VPOS="834" HPOS="571"/>
							<String ID="string_235" HPOS="586" VPOS="834" WIDTH="33" HEIGHT="20" WC="0.96" CONTENT="för"/><SP WIDTH="16" VPOS="834" HPOS="619"/>
							<String ID="string_236" HPOS="635" VPOS="834" WIDTH="124" HEIGHT="26" WC="0.96" CONTENT="ständerna,"/><SP WIDTH="19" VPOS="834" HPOS="759"/>
							<String ID="string_237" HPOS="778" VPOS="836" WIDTH="23" HEIGHT="18" WC="0.96" CONTENT="är"/><SP WIDTH="16" VPOS="836" HPOS="801"/>
							<String ID="string_238" HPOS="817" VPOS="835" WIDTH="32" HEIGHT="19" WC="0.92" CONTENT="att"/><SP WIDTH="15" VPOS="835" HPOS="849"/>
							<String ID="string_239" HPOS="864" VPOS="834" WIDTH="42" HEIGHT="20" WC="0.92" CONTENT="för-"/>
						</TextLine>
						<TextLine ID="line_26" HPOS="87" VPOS="862" WIDTH="820" HEIGHT="28">
							<String ID="string_240" HPOS="87" VPOS="863" WIDTH="56" HEIGHT="23" WC="0.96" CONTENT="utse,"/><SP WIDTH="24" VPOS="863" HPOS="143"/>
							<String ID="string_241" HPOS="167" VPOS="864" WIDTH="32" HEIGHT="18" WC="0.96" CONTENT="att"/><SP WIDTH="23" VPOS="864" HPOS="199"/>
							<String ID="string_242" HPOS="222" VPOS="862" WIDTH="62" HEIGHT="20" WC="0.95" CONTENT="Hans"/><SP WIDTH="19" VPOS="862" HPOS="284"/>
							<String ID="string_243" HPOS="303" VPOS="862" WIDTH="102" HEIGHT="28" WC="0.93" CONTENT="Majestät"/><SP WIDTH="23" VPOS="862" HPOS="405"/>
							<String ID="string_244" HPOS="428" VPOS="862" WIDTH="106" HEIGHT="21" WC="0.90" CONTENT="inhemtar"/><SP WIDTH="19" VPOS="862" HPOS="534"/>
							<String ID="string_245" HPOS="553" VPOS="865" WIDTH="101" HEIGHT="18" WC="0.96" CONTENT="senatens"/><SP WIDTH="16" VPOS="865" HPOS="654"/>
							<String ID="string_246" HPOS="670" VPOS="862" WIDTH="85" HEIGHT="27" WC="0.96" CONTENT="mening"/><SP WIDTH="16" VPOS="862" HPOS="755"/>
							<String ID="string_247" HPOS="771" VPOS="862" WIDTH="81" HEIGHT="25" WC="0.96" CONTENT="derom,"/><SP WIDTH="17" VPOS="862" HPOS="852"/>
							<String ID="string_248" HPOS="869" VPOS="862" WIDTH="38" HEIGHT="20" WC="0.96" CONTENT="der"/>
						</TextLine>
						<TextLine ID="line_27" HPOS="87" VPOS="890" WIDTH="818" HEIGHT="28">
							<String ID="string_249" HPOS="87" VPOS="890" WIDTH="57" HEIGHT="20" WC="0.93" CONTENT="olika"/><SP WIDTH="22" VPOS="890" HPOS="144"/>
							<String ID="string_250" HPOS="166" VPOS="890" WIDTH="80" HEIGHT="27" WC="0.92" CONTENT="åsigter"/><SP WIDTH="18" VPOS="890" HPOS="246"/>
							<String ID="string_251" HPOS="264" VPOS="890" WIDTH="7" HEIGHT="20" WC="0.96" CONTENT="i"/><SP WIDTH="20" VPOS="890" HPOS="271"/>
							<String ID="string_252" HPOS="291" VPOS="891" WIDTH="77" HEIGHT="27" WC="0.96" CONTENT="många"/><SP WIDTH="22" VPOS="891" HPOS="368"/>
							<String ID="string_253" HPOS="390" VPOS="891" WIDTH="93" HEIGHT="27" WC="0.96" CONTENT="punkter"/><SP WIDTH="22" VPOS="891" HPOS="483"/>
							<String ID="string_254" HPOS="505" VPOS="890" WIDTH="72" HEIGHT="21" WC="0.96" CONTENT="kunde"/><SP WIDTH="26" VPOS="890" HPOS="577"/>
							<String ID="string_255" HPOS="603" VPOS="892" WIDTH="84" HEIGHT="26" WC="0.95" CONTENT="uppstå."/><SP WIDTH="33" VPOS="892" HPOS="687"/>
							<String ID="string_256" HPOS="720" VPOS="890" WIDTH="44" HEIGHT="21" WC="0.95" CONTENT="Det"/><SP WIDTH="22" VPOS="890" HPOS="764"/>
							<String ID="string_257" HPOS="786" VPOS="890" WIDTH="119" HEIGHT="28" WC="0.96" CONTENT="föreslagna"/>
						</TextLine>
						<TextLine ID="line_28" HPOS="87" VPOS="918" WIDTH="819" HEIGHT="28">
							<String ID="string_258" HPOS="87" VPOS="919" WIDTH="65" HEIGHT="19" WC="0.96" CONTENT="sättet"/><SP WIDTH="16" VPOS="919" HPOS="152"/>
							<String ID="string_259" HPOS="168" VPOS="920" WIDTH="32" HEIGHT="18" WC="0.93" CONTENT="att"/><SP WIDTH="15" VPOS="920" HPOS="200"/>
							<String ID="string_260" HPOS="215" VPOS="918" WIDTH="79" HEIGHT="21" WC="0.91" CONTENT="förfara"/><SP WIDTH="17" VPOS="918" HPOS="294"/>
							<String ID="string_261" HPOS="311" VPOS="925" WIDTH="49" HEIGHT="14" WC="0.96" CONTENT="vore"/><SP WIDTH="16" VPOS="925" HPOS="360"/>
							<String ID="string_262" HPOS="376" VPOS="918" WIDTH="5" HEIGHT="20" WC="0.96" CONTENT="i"/><SP WIDTH="17" VPOS="918" HPOS="381"/>
							<String ID="string_263" HPOS="398" VPOS="919" WIDTH="43" HEIGHT="20" WC="0.96" CONTENT="min"/><SP WIDTH="16" VPOS="919" HPOS="441"/>
							<String ID="string_264" HPOS="457" VPOS="919" WIDTH="65" HEIGHT="20" WC="0.96" CONTENT="tanke"/><SP WIDTH="16" VPOS="919" HPOS="522"/>
							<String ID="string_265" HPOS="538" VPOS="920" WIDTH="31" HEIGHT="19" WC="0.95" CONTENT="ett"/><SP WIDTH="17" VPOS="920" HPOS="569"/>
							<String ID="string_266" HPOS="586" VPOS="920" WIDTH="43" HEIGHT="19" WC="0.96" CONTENT="sätt"/><SP WIDTH="15" VPOS="920" HPOS="629"/>
							<String ID="string_267" HPOS="644" VPOS="921" WIDTH="31" HEIGHT="19" WC="0.96" CONTENT="att"/><SP WIDTH="10" VPOS="921" HPOS="675"/>
							<String ID="string_268" HPOS="685" VPOS="918" WIDTH="94" HEIGHT="28" WC="0.93" CONTENT="fördröja"/><SP WIDTH="10" VPOS="918" HPOS="779"/>
							<String ID="string_269" HPOS="789" VPOS="919" WIDTH="117" HEIGHT="27" WC="0.91" CONTENT="reglemen-"/>
						</TextLine>
						<TextLine ID="line_29" HPOS="87" VPOS="946" WIDTH="819" HEIGHT="28">
							<String ID="string_270" HPOS="87" VPOS="948" WIDTH="41" HEIGHT="18" WC="0.93" CONTENT="tets"/><SP WIDTH="17" VPOS="948" HPOS="128"/>
							<String ID="string_271" HPOS="145" VPOS="946" WIDTH="86" HEIGHT="28" WC="0.96" CONTENT="slutliga"/><SP WIDTH="15" VPOS="946" HPOS="231"/>
							<String ID="string_272" HPOS="246" VPOS="947" WIDTH="127" HEIGHT="27" WC="0.95" CONTENT="antagande."/><SP WIDTH="30" VPOS="947" HPOS="373"/>
							<String ID="string_273" HPOS="403" VPOS="947" WIDTH="42" HEIGHT="27" WC="0.95" CONTENT="Jag"/><SP WIDTH="23" VPOS="947" HPOS="445"/>
							<String ID="string_274" HPOS="468" VPOS="948" WIDTH="68" HEIGHT="20" WC="0.93" CONTENT="skulle"/><SP WIDTH="19" VPOS="948" HPOS="536"/>
							<String ID="string_275" HPOS="555" VPOS="947" WIDTH="85" HEIGHT="21" WC="0.92" CONTENT="derföre"/><SP WIDTH="16" VPOS="947" HPOS="640"/>
							<String ID="string_276" HPOS="656" VPOS="954" WIDTH="50" HEIGHT="14" WC="0.96" CONTENT="anse"/><SP WIDTH="16" VPOS="954" HPOS="706"/>
							<String ID="string_277" HPOS="722" VPOS="947" WIDTH="36" HEIGHT="20" WC="0.96" CONTENT="det"/><SP WIDTH="15" VPOS="947" HPOS="758"/>
							<String ID="string_278" HPOS="773" VPOS="947" WIDTH="133" HEIGHT="27" WC="0.96" CONTENT="lämpligare,"/>
						</TextLine>
						<TextLine ID="line_30" HPOS="86" VPOS="974" WIDTH="820" HEIGHT="29">
							<String ID="string_279" HPOS="86" VPOS="981" WIDTH="34" HEIGHT="13" WC="0.93" CONTENT="om"/><SP WIDTH="14" VPOS="981" HPOS="120"/>
							<String ID="string_280" HPOS="134" VPOS="974" WIDTH="191" HEIGHT="29" WC="0.92" CONTENT="bankfullmäktige"/><SP WIDTH="16" VPOS="974" HPOS="325"/>
							<String ID="string_281" HPOS="341" VPOS="976" WIDTH="125" HEIGHT="26" WC="0.92" CONTENT="visserligen"/><SP WIDTH="17" VPOS="976" HPOS="466"/>
							<String ID="string_282" HPOS="483" VPOS="976" WIDTH="80" HEIGHT="20" WC="0.88" CONTENT="erhölle"/><SP WIDTH="15" VPOS="976" HPOS="563"/>
							<String ID="string_283" HPOS="578" VPOS="976" WIDTH="121" HEIGHT="26" WC="0.95" CONTENT="uppdraget"/><SP WIDTH="15" VPOS="976" HPOS="699"/>
							<String ID="string_284" HPOS="714" VPOS="977" WIDTH="31" HEIGHT="19" WC="0.96" CONTENT="att"/><SP WIDTH="16" VPOS="977" HPOS="745"/>
							<String ID="string_285" HPOS="761" VPOS="975" WIDTH="99" HEIGHT="21" WC="0.96" CONTENT="utarbeta"/><SP WIDTH="15" VPOS="975" HPOS="860"/>
							<String ID="string_286" HPOS="875" VPOS="978" WIDTH="31" HEIGHT="18" WC="0.97" CONTENT="ett"/>
						</TextLine>
						<TextLine ID="line_31" HPOS="85" VPOS="1002" WIDTH="821" HEIGHT="29">
							<String ID="string_287" HPOS="85" VPOS="1002" WIDTH="80" HEIGHT="27" WC="0.96" CONTENT="förslag"/><SP WIDTH="16" VPOS="1002" HPOS="165"/>
							<String ID="string_288" HPOS="181" VPOS="1003" WIDTH="32" HEIGHT="20" WC="0.95" CONTENT="till"/><SP WIDTH="15" VPOS="1003" HPOS="213"/>
							<String ID="string_289" HPOS="228" VPOS="1005" WIDTH="49" HEIGHT="25" WC="0.92" CONTENT="nytt"/><SP WIDTH="23" VPOS="1005" HPOS="277"/>
							<String ID="string_290" HPOS="300" VPOS="1004" WIDTH="136" HEIGHT="27" WC="0.89" CONTENT="reglemente,"/><SP WIDTH="23" VPOS="1004" HPOS="436"/>
							<String ID="string_291" HPOS="459" VPOS="1010" WIDTH="48" HEIGHT="14" WC="0.96" CONTENT="men"/><SP WIDTH="23" VPOS="1010" HPOS="507"/>
							<String ID="string_292" HPOS="530" VPOS="1004" WIDTH="35" HEIGHT="20" WC="0.96" CONTENT="för"/><SP WIDTH="19" VPOS="1004" HPOS="565"/>
							<String ID="string_293" HPOS="584" VPOS="1006" WIDTH="32" HEIGHT="18" WC="0.93" CONTENT="att"/><SP WIDTH="16" VPOS="1006" HPOS="616"/>
							<String ID="string_294" HPOS="632" VPOS="1004" WIDTH="88" HEIGHT="20" WC="0.91" CONTENT="dermed"/><SP WIDTH="15" VPOS="1004" HPOS="720"/>
							<String ID="string_295" HPOS="735" VPOS="1004" WIDTH="49" HEIGHT="26" WC="0.90" CONTENT="ingä"/><SP WIDTH="15" VPOS="1004" HPOS="784"/>
							<String ID="string_296" HPOS="799" VPOS="1003" WIDTH="31" HEIGHT="20" WC="0.94" CONTENT="till"/><SP WIDTH="16" VPOS="1003" HPOS="830"/>
							<String ID="string_297" HPOS="846" VPOS="1003" WIDTH="60" HEIGHT="20" WC="0.96" CONTENT="Hans"/>
						</TextLine>
						<TextLine ID="line_32" HPOS="87" VPOS="1031" WIDTH="819" HEIGHT="28">
							<String ID="string_298" HPOS="87" VPOS="1031" WIDTH="100" HEIGHT="26" WC="0.92" CONTENT="Majestät"/><SP WIDTH="15" VPOS="1031" HPOS="187"/>
							<String ID="string_299" HPOS="202" VPOS="1031" WIDTH="39" HEIGHT="21" WC="0.93" CONTENT="och"/><SP WIDTH="17" VPOS="1031" HPOS="241"/>
							<String ID="string_300" HPOS="258" VPOS="1031" WIDTH="83" HEIGHT="22" WC="0.92" CONTENT="anhälla"/><SP WIDTH="15" VPOS="1031" HPOS="341"/>
							<String ID="string_301" HPOS="356" VPOS="1039" WIDTH="34" HEIGHT="13" WC="0.93" CONTENT="om"/><SP WIDTH="17" VPOS="1039" HPOS="390"/>
							<String ID="string_302" HPOS="407" VPOS="1031" WIDTH="63" HEIGHT="28" WC="0.92" CONTENT="nädig"/><SP WIDTH="23" VPOS="1031" HPOS="470"/>
							<String ID="string_303" HPOS="493" VPOS="1032" WIDTH="133" HEIGHT="27" WC="0.96" CONTENT="proposition"/><SP WIDTH="15" VPOS="1032" HPOS="626"/>
							<String ID="string_304" HPOS="641" VPOS="1032" WIDTH="7" HEIGHT="20" WC="0.93" CONTENT="i"/><SP WIDTH="16" VPOS="1032" HPOS="648"/>
							<String ID="string_305" HPOS="664" VPOS="1033" WIDTH="81" HEIGHT="25" WC="0.92" CONTENT="ämnet,"/><SP WIDTH="24" VPOS="1033" HPOS="745"/>
							<String ID="string_306" HPOS="769" VPOS="1031" WIDTH="137" HEIGHT="27" WC="0.91" CONTENT="hvarigenom"/>
						</TextLine>
						<TextLine ID="line_33" HPOS="85" VPOS="1059" WIDTH="821" HEIGHT="27">
							<String ID="string_307" HPOS="85" VPOS="1061" WIDTH="31" HEIGHT="18" WC="0.93" CONTENT="ett"/><SP WIDTH="16" VPOS="1061" HPOS="116"/>
							<String ID="string_308" HPOS="132" VPOS="1059" WIDTH="147" HEIGHT="21" WC="0.92" CONTENT="fastställande"/><SP WIDTH="17" VPOS="1059" HPOS="279"/>
							<String ID="string_309" HPOS="296" VPOS="1060" WIDTH="22" HEIGHT="21" WC="0.93" CONTENT="af"/><SP WIDTH="14" VPOS="1060" HPOS="318"/>
							<String ID="string_310" HPOS="332" VPOS="1060" WIDTH="117" HEIGHT="21" WC="0.92" CONTENT="detsamma"/><SP WIDTH="23" VPOS="1060" HPOS="449"/>
							<String ID="string_311" HPOS="472" VPOS="1061" WIDTH="77" HEIGHT="20" WC="0.89" CONTENT="lättare"/><SP WIDTH="18" VPOS="1061" HPOS="549"/>
							<String ID="string_312" HPOS="567" VPOS="1060" WIDTH="72" HEIGHT="21" WC="0.93" CONTENT="kunde"/><SP WIDTH="15" VPOS="1060" HPOS="639"/>
							<String ID="string_313" HPOS="654" VPOS="1060" WIDTH="168" HEIGHT="26" WC="0.91" CONTENT="ästadkommas,"/><SP WIDTH="17" VPOS="1060" HPOS="822"/>
							<String ID="string_314" HPOS="839" VPOS="1059" WIDTH="26" HEIGHT="21" WC="0.95" CONTENT="dä"/><SP WIDTH="15" VPOS="1059" HPOS="865"/>
							<String ID="string_315" HPOS="880" VPOS="1060" WIDTH="26" HEIGHT="20" WC="0.96" CONTENT="de"/>
						</TextLine>
						<TextLine ID="line_34" HPOS="85" VPOS="1087" WIDTH="821" HEIGHT="28">
							<String ID="string_316" HPOS="85" VPOS="1087" WIDTH="57" HEIGHT="20" WC="0.92" CONTENT="olika"/><SP WIDTH="15" VPOS="1087" HPOS="142"/>
							<String ID="string_317" HPOS="157" VPOS="1087" WIDTH="108" HEIGHT="28" WC="0.90" CONTENT="äsigterna"/><SP WIDTH="17" VPOS="1087" HPOS="265"/>
							<String ID="string_318" HPOS="282" VPOS="1088" WIDTH="63" HEIGHT="21" WC="0.96" CONTENT="under"/><SP WIDTH="17" VPOS="1088" HPOS="345"/>
							<String ID="string_319" HPOS="362" VPOS="1089" WIDTH="58" HEIGHT="20" WC="0.96" CONTENT="tiden"/><SP WIDTH="13" VPOS="1089" HPOS="420"/>
							<String ID="string_320" HPOS="433" VPOS="1088" WIDTH="70" HEIGHT="21" WC="0.93" CONTENT="kunde"/><SP WIDTH="12" VPOS="1088" HPOS="503"/>
							<String ID="string_321" HPOS="515" VPOS="1088" WIDTH="77" HEIGHT="27" WC="0.92" CONTENT="stadga"/><SP WIDTH="11" VPOS="1088" HPOS="592"/>
							<String ID="string_322" HPOS="603" VPOS="1089" WIDTH="39" HEIGHT="26" WC="0.93" CONTENT="sig,"/><SP WIDTH="12" VPOS="1089" HPOS="642"/>
							<String ID="string_323" HPOS="654" VPOS="1088" WIDTH="123" HEIGHT="27" WC="0.93" CONTENT="ömsesidigt"/><SP WIDTH="13" VPOS="1088" HPOS="777"/>
							<String ID="string_324" HPOS="790" VPOS="1088" WIDTH="116" HEIGHT="21" WC="0.92" CONTENT="kommuni-"/>
						</TextLine>
						<TextLine ID="line_35" HPOS="85" VPOS="1116" WIDTH="319" HEIGHT="28">
							<String ID="string_325" HPOS="85" VPOS="1123" WIDTH="60" HEIGHT="13" WC="0.92" CONTENT="seras"/><SP WIDTH="16" VPOS="1123" HPOS="145"/>
							<String ID="string_326" HPOS="161" VPOS="1116" WIDTH="39" HEIGHT="20" WC="0.93" CONTENT="och"/><SP WIDTH="17" VPOS="1116" HPOS="200"/>
							<String ID="string_327" HPOS="217" VPOS="1116" WIDTH="83" HEIGHT="21" WC="0.91" CONTENT="kanske"/><SP WIDTH="12" VPOS="1116" HPOS="300"/>
							<String ID="string_328" HPOS="312" VPOS="1117" WIDTH="92" HEIGHT="27" WC="0.92" CONTENT="jemkas."/>
						</TextLine>
					</TextBlock>
					<TextBlock ID="block_2" HPOS="82" VPOS="1143" WIDTH="824" HEIGHT="227">
						<TextLine ID="line_36" HPOS="153" VPOS="1143" WIDTH="753" HEIGHT="28">
							<String ID="string_329" HPOS="153" VPOS="1143" WIDTH="58" HEIGHT="21" WC="0.93" CONTENT="Herr"/><SP WIDTH="18" VPOS="1143" HPOS="211"/>
							<String ID="string_330" HPOS="229" VPOS="1144" WIDTH="195" HEIGHT="22" WC="0.92" CONTENT="landtmarskalken"/><SP WIDTH="17" VPOS="1144" HPOS="424"/>
							<String ID="string_331" HPOS="441" VPOS="1145" WIDTH="132" HEIGHT="21" WC="0.92" CONTENT="framställde"/><SP WIDTH="16" VPOS="1145" HPOS="573"/>
							<String ID="string_332" HPOS="589" VPOS="1145" WIDTH="32" HEIGHT="20" WC="0.93" CONTENT="till"/><SP WIDTH="16" VPOS="1145" HPOS="621"/>
							<String ID="string_333" HPOS="637" VPOS="1145" WIDTH="91" HEIGHT="26" WC="0.93" CONTENT="ständet,"/><SP WIDTH="16" VPOS="1145" HPOS="728"/>
							<String ID="string_334" HPOS="744" VPOS="1144" WIDTH="105" HEIGHT="21" WC="0.93" CONTENT="huruvida"/><SP WIDTH="15" VPOS="1144" HPOS="849"/>
							<String ID="string_335" HPOS="864" VPOS="1145" WIDTH="42" HEIGHT="20" WC="0.91" CONTENT="rid-"/>
						</TextLine>
						<TextLine ID="line_37" HPOS="85" VPOS="1172" WIDTH="821" HEIGHT="29">
							<String ID="string_336" HPOS="85" VPOS="1172" WIDTH="116" HEIGHT="27" WC="0.91" CONTENT="derskapet"/><SP WIDTH="15" VPOS="1172" HPOS="201"/>
							<String ID="string_337" HPOS="216" VPOS="1173" WIDTH="40" HEIGHT="20" WC="0.93" CONTENT="och"/><SP WIDTH="16" VPOS="1173" HPOS="256"/>
							<String ID="string_338" HPOS="272" VPOS="1173" WIDTH="61" HEIGHT="21" WC="0.91" CONTENT="adeln"/><SP WIDTH="20" VPOS="1173" HPOS="333"/>
							<String ID="string_339" HPOS="353" VPOS="1174" WIDTH="49" HEIGHT="20" WC="0.96" CONTENT="ville"/><SP WIDTH="16" VPOS="1174" HPOS="402"/>
							<String ID="string_340" HPOS="418" VPOS="1174" WIDTH="29" HEIGHT="20" WC="0.92" CONTENT="till"/><SP WIDTH="18" VPOS="1174" HPOS="447"/>
							<String ID="string_341" HPOS="465" VPOS="1174" WIDTH="26" HEIGHT="20" WC="0.93" CONTENT="de"/><SP WIDTH="19" VPOS="1174" HPOS="491"/>
							<String ID="string_342" HPOS="510" VPOS="1174" WIDTH="109" HEIGHT="27" WC="0.90" CONTENT="uppdrag,"/><SP WIDTH="20" VPOS="1174" HPOS="619"/>
							<String ID="string_343" HPOS="639" VPOS="1173" WIDTH="165" HEIGHT="21" WC="0.92" CONTENT="bankutskottet"/><SP WIDTH="15" VPOS="1173" HPOS="804"/>
							<String ID="string_344" HPOS="819" VPOS="1173" WIDTH="87" HEIGHT="20" WC="0.93" CONTENT="föresla-"/>
						</TextLine>
						<TextLine ID="line_38" HPOS="85" VPOS="1201" WIDTH="821" HEIGHT="28">
							<String ID="string_345" HPOS="85" VPOS="1201" WIDTH="30" HEIGHT="26" WC="0.93" CONTENT="git"/><SP WIDTH="12" VPOS="1201" HPOS="115"/>
							<String ID="string_346" HPOS="127" VPOS="1201" WIDTH="33" HEIGHT="20" WC="0.93" CONTENT="för"/><SP WIDTH="9" VPOS="1201" HPOS="160"/>
							<String ID="string_347" HPOS="169" VPOS="1201" WIDTH="201" HEIGHT="28" WC="0.92" CONTENT="bankfullmäktige,"/><SP WIDTH="12" VPOS="1201" HPOS="370"/>
							<String ID="string_348" HPOS="382" VPOS="1202" WIDTH="86" HEIGHT="27" WC="0.89" CONTENT="tillägga"/><SP WIDTH="11" VPOS="1202" HPOS="468"/>
							<String ID="string_349" HPOS="479" VPOS="1203" WIDTH="37" HEIGHT="20" WC="0.94" CONTENT="det"/><SP WIDTH="11" VPOS="1203" HPOS="516"/>
							<String ID="string_350" HPOS="527" VPOS="1202" WIDTH="23" HEIGHT="20" WC="0.93" CONTENT="af"/><SP WIDTH="9" VPOS="1202" HPOS="550"/>
							<String ID="string_351" HPOS="559" VPOS="1203" WIDTH="48" HEIGHT="20" WC="0.92" CONTENT="herr"/><SP WIDTH="11" VPOS="1203" HPOS="607"/>
							<String ID="string_352" HPOS="618" VPOS="1202" WIDTH="100" HEIGHT="27" WC="0.92" CONTENT="Pipping,"/><SP WIDTH="12" VPOS="1202" HPOS="718"/>
							<String ID="string_353" HPOS="730" VPOS="1201" WIDTH="31" HEIGHT="26" WC="0.91" CONTENT="F.,"/><SP WIDTH="11" VPOS="1201" HPOS="761"/>
							<String ID="string_354" HPOS="772" VPOS="1201" WIDTH="134" HEIGHT="27" WC="0.92" CONTENT="uppkastade"/>
						</TextLine>
						<TextLine ID="line_39" HPOS="85" VPOS="1229" WIDTH="821" HEIGHT="28">
							<String ID="string_355" HPOS="85" VPOS="1229" WIDTH="37" HEIGHT="20" WC="0.93" CONTENT="och"/><SP WIDTH="13" VPOS="1229" HPOS="122"/>
							<String ID="string_356" HPOS="135" VPOS="1229" WIDTH="23" HEIGHT="20" WC="0.92" CONTENT="af"/><SP WIDTH="9" VPOS="1229" HPOS="158"/>
							<String ID="string_357" HPOS="167" VPOS="1229" WIDTH="49" HEIGHT="21" WC="0.96" CONTENT="herr"/><SP WIDTH="11" VPOS="1229" HPOS="216"/>
							<String ID="string_358" HPOS="227" VPOS="1237" WIDTH="41" HEIGHT="13" WC="0.96" CONTENT="von"/><SP WIDTH="10" VPOS="1237" HPOS="268"/>
							<String ID="string_359" HPOS="278" VPOS="1230" WIDTH="125" HEIGHT="25" WC="0.93" CONTENT="Haartman,"/><SP WIDTH="9" VPOS="1230" HPOS="403"/>
							<String ID="string_360" HPOS="412" VPOS="1230" WIDTH="33" HEIGHT="25" WC="0.82" CONTENT="V.,"/><SP WIDTH="10" VPOS="1230" HPOS="445"/>
							<String ID="string_361" HPOS="455" VPOS="1230" WIDTH="146" HEIGHT="21" WC="0.96" CONTENT="understödda"/><SP WIDTH="11" VPOS="1230" HPOS="601"/>
							<String ID="string_362" HPOS="612" VPOS="1231" WIDTH="90" HEIGHT="26" WC="0.93" CONTENT="förslag,"/><SP WIDTH="10" VPOS="1231" HPOS="702"/>
							<String ID="string_363" HPOS="712" VPOS="1230" WIDTH="109" HEIGHT="27" WC="0.93" CONTENT="angående"/><SP WIDTH="11" VPOS="1230" HPOS="821"/>
							<String ID="string_364" HPOS="832" VPOS="1230" WIDTH="74" HEIGHT="27" WC="0.89" CONTENT="uppfö-"/>
						</TextLine>
						<TextLine ID="line_40" HPOS="86" VPOS="1257" WIDTH="820" HEIGHT="29">
							<String ID="string_365" HPOS="86" VPOS="1257" WIDTH="75" HEIGHT="21" WC="0.92" CONTENT="randet"/><SP WIDTH="16" VPOS="1257" HPOS="161"/>
							<String ID="string_366" HPOS="177" VPOS="1258" WIDTH="22" HEIGHT="20" WC="0.96" CONTENT="af"/><SP WIDTH="14" VPOS="1258" HPOS="199"/>
							<String ID="string_367" HPOS="213" VPOS="1260" WIDTH="31" HEIGHT="19" WC="0.96" CONTENT="ett"/><SP WIDTH="16" VPOS="1260" HPOS="244"/>
							<String ID="string_368" HPOS="260" VPOS="1261" WIDTH="48" HEIGHT="25" WC="0.93" CONTENT="nytt"/><SP WIDTH="16" VPOS="1261" HPOS="308"/>
							<String ID="string_369" HPOS="324" VPOS="1259" WIDTH="109" HEIGHT="25" WC="0.92" CONTENT="bankhus,"/><SP WIDTH="16" VPOS="1259" HPOS="433"/>
							<String ID="string_370" HPOS="449" VPOS="1262" WIDTH="56" HEIGHT="17" WC="0.96" CONTENT="samt"/><SP WIDTH="16" VPOS="1262" HPOS="505"/>
							<String ID="string_371" HPOS="521" VPOS="1259" WIDTH="36" HEIGHT="20" WC="0.96" CONTENT="det"/><SP WIDTH="16" VPOS="1259" HPOS="557"/>
							<String ID="string_372" HPOS="573" VPOS="1259" WIDTH="23" HEIGHT="20" WC="0.93" CONTENT="af"/><SP WIDTH="14" VPOS="1259" HPOS="596"/>
							<String ID="string_373" HPOS="610" VPOS="1259" WIDTH="48" HEIGHT="20" WC="0.92" CONTENT="herr"/><SP WIDTH="19" VPOS="1259" HPOS="658"/>
							<String ID="string_374" HPOS="677" VPOS="1259" WIDTH="156" HEIGHT="26" WC="0.96" CONTENT="Montgomerie"/><SP WIDTH="7" VPOS="1259" HPOS="833"/>
							<String ID="string_375" HPOS="840" VPOS="1253" WIDTH="10" HEIGHT="37" WC="0.96" CONTENT="i"/><SP WIDTH="20" VPOS="1253" HPOS="850"/>
							<String ID="string_376" HPOS="870" VPOS="1258" WIDTH="36" HEIGHT="20" WC="0.96" CONTENT="sitt"/>
						</TextLine>
						<TextLine ID="line_41" HPOS="85" VPOS="1286" WIDTH="821" HEIGHT="29">
							<String ID="string_377" HPOS="85" VPOS="1286" WIDTH="135" HEIGHT="27" WC="0.92" CONTENT="andragande"/><SP WIDTH="17" VPOS="1286" HPOS="220"/>
							<String ID="string_378" HPOS="237" VPOS="1287" WIDTH="121" HEIGHT="27" WC="0.93" CONTENT="föreslagna"/><SP WIDTH="18" VPOS="1287" HPOS="358"/>
							<String ID="string_379" HPOS="376" VPOS="1287" WIDTH="107" HEIGHT="28" WC="0.92" CONTENT="uppdrag,"/><SP WIDTH="24" VPOS="1287" HPOS="483"/>
							<String ID="string_380" HPOS="507" VPOS="1287" WIDTH="82" HEIGHT="21" WC="0.92" CONTENT="hvilket"/><SP WIDTH="16" VPOS="1287" HPOS="589"/>
							<String ID="string_381" HPOS="605" VPOS="1287" WIDTH="23" HEIGHT="20" WC="0.93" CONTENT="af"/><SP WIDTH="14" VPOS="1287" HPOS="628"/>
							<String ID="string_382" HPOS="642" VPOS="1287" WIDTH="85" HEIGHT="20" WC="0.92" CONTENT="ständet"/><SP WIDTH="20" VPOS="1287" HPOS="727"/>
							<String ID="string_383" HPOS="747" VPOS="1287" WIDTH="44" HEIGHT="20" WC="0.91" CONTENT="blef"/><SP WIDTH="13" VPOS="1287" HPOS="791"/>
							<String ID="string_384" HPOS="804" VPOS="1286" WIDTH="102" HEIGHT="27" WC="0.93" CONTENT="enhälligt"/>
						</TextLine>
						<TextLine ID="line_42" HPOS="82" VPOS="1314" WIDTH="823" HEIGHT="28">
							<String ID="string_385" HPOS="82" VPOS="1314" WIDTH="95" HEIGHT="27" WC="0.91" CONTENT="jakande"/><SP WIDTH="16" VPOS="1314" HPOS="177"/>
							<String ID="string_386" HPOS="193" VPOS="1315" WIDTH="125" HEIGHT="27" WC="0.92" CONTENT="besvaradt;"/><SP WIDTH="17" VPOS="1315" HPOS="318"/>
							<String ID="string_387" HPOS="335" VPOS="1315" WIDTH="39" HEIGHT="21" WC="0.96" CONTENT="och"/><SP WIDTH="16" VPOS="1315" HPOS="374"/>
							<String ID="string_388" HPOS="390" VPOS="1315" WIDTH="68" HEIGHT="21" WC="0.96" CONTENT="skulle"/><SP WIDTH="19" VPOS="1315" HPOS="458"/>
							<String ID="string_389" HPOS="477" VPOS="1323" WIDTH="33" HEIGHT="13" WC="0.96" CONTENT="om"/><SP WIDTH="17" VPOS="1323" HPOS="510"/>
							<String ID="string_390" HPOS="527" VPOS="1315" WIDTH="60" HEIGHT="21" WC="0.96" CONTENT="detta"/><SP WIDTH="16" VPOS="1315" HPOS="587"/>
							<String ID="string_391" HPOS="603" VPOS="1316" WIDTH="71" HEIGHT="20" WC="0.96" CONTENT="beslut"/><SP WIDTH="16" VPOS="1316" HPOS="674"/>
							<String ID="string_392" HPOS="690" VPOS="1315" WIDTH="26" HEIGHT="21" WC="0.93" CONTENT="de"/><SP WIDTH="16" VPOS="1315" HPOS="716"/>
							<String ID="string_393" HPOS="732" VPOS="1315" WIDTH="66" HEIGHT="27" WC="0.91" CONTENT="öfriga"/><SP WIDTH="17" VPOS="1315" HPOS="798"/>
							<String ID="string_394" HPOS="815" VPOS="1315" WIDTH="90" HEIGHT="20" WC="0.92" CONTENT="ständen"/>
						</TextLine>
						<TextLine ID="line_43" HPOS="84" VPOS="1342" WIDTH="402" HEIGHT="28">
							<String ID="string_395" HPOS="84" VPOS="1349" WIDTH="77" HEIGHT="20" WC="0.93" CONTENT="genom"/><SP WIDTH="16" VPOS="1349" HPOS="161"/>
							<String ID="string_396" HPOS="177" VPOS="1342" WIDTH="151" HEIGHT="28" WC="0.91" CONTENT="deputationer"/><SP WIDTH="16" VPOS="1342" HPOS="328"/>
							<String ID="string_397" HPOS="344" VPOS="1343" WIDTH="142" HEIGHT="21" WC="0.92" CONTENT="underrättas."/>
						</TextLine>
					</TextBlock>
					<TextBlock ID="block_3" HPOS="83" VPOS="1370" WIDTH="824" HEIGHT="114">
						<TextLine ID="line_44" HPOS="152" VPOS="1370" WIDTH="753" HEIGHT="29">
							<String ID="string_398" HPOS="152" VPOS="1370" WIDTH="58" HEIGHT="21" WC="0.96" CONTENT="Herr"/><SP WIDTH="15" VPOS="1370" HPOS="210"/>
							<String ID="string_399" HPOS="225" VPOS="1371" WIDTH="163" HEIGHT="28" WC="0.95" CONTENT="Furuhjelm,"/><SP WIDTH="18" VPOS="1371" HPOS="388"/>
							<String ID="string_400" HPOS="406" VPOS="1372" WIDTH="24" HEIGHT="20" WC="0.93" CONTENT="O."/><SP WIDTH="17" VPOS="1372" HPOS="430"/>
							<String ID="string_401" HPOS="447" VPOS="1372" WIDTH="46" HEIGHT="20" WC="0.92" CONTENT="W.:"/><SP WIDTH="23" VPOS="1372" HPOS="493"/>
							<String ID="string_402" HPOS="516" VPOS="1372" WIDTH="43" HEIGHT="27" WC="0.96" CONTENT="Jag"/><SP WIDTH="16" VPOS="1372" HPOS="559"/>
							<String ID="string_403" HPOS="575" VPOS="1372" WIDTH="38" HEIGHT="20" WC="0.95" CONTENT="ber"/><SP WIDTH="16" VPOS="1372" HPOS="613"/>
							<String ID="string_404" HPOS="629" VPOS="1374" WIDTH="32" HEIGHT="18" WC="0.38" CONTENT="att"/><SP WIDTH="10" VPOS="1374" HPOS="661"/>
							<String ID="string_405" HPOS="671" VPOS="1372" WIDTH="23" HEIGHT="20" WC="0.96" CONTENT="få"/><SP WIDTH="14" VPOS="1372" HPOS="694"/>
							<String ID="string_406" HPOS="708" VPOS="1372" WIDTH="74" HEIGHT="20" WC="0.96" CONTENT="förena"/><SP WIDTH="13" VPOS="1372" HPOS="782"/>
							<String ID="string_407" HPOS="795" VPOS="1371" WIDTH="42" HEIGHT="26" WC="0.83" CONTENT="mig"/><SP WIDTH="11" VPOS="1371" HPOS="837"/>
							<String ID="string_408" HPOS="848" VPOS="1370" WIDTH="5" HEIGHT="20" WC="0.83" CONTENT="i"/><SP WIDTH="12" VPOS="1370" HPOS="853"/>
							<String ID="string_409" HPOS="865" VPOS="1370" WIDTH="40" HEIGHT="20" WC="0.96" CONTENT="den"/>
						</TextLine>
						<TextLine ID="line_45" HPOS="85" VPOS="1398" WIDTH="821" HEIGHT="27">
							<String ID="string_410" HPOS="85" VPOS="1400" WIDTH="141" HEIGHT="25" WC="0.96" CONTENT="reservation,"/><SP WIDTH="12" VPOS="1400" HPOS="226"/>
							<String ID="string_411" HPOS="238" VPOS="1407" WIDTH="45" HEIGHT="13" WC="0.93" CONTENT="som"/><SP WIDTH="12" VPOS="1407" HPOS="283"/>
							<String ID="string_412" HPOS="295" VPOS="1400" WIDTH="49" HEIGHT="21" WC="0.96" CONTENT="herr"/><SP WIDTH="16" VPOS="1400" HPOS="344"/>
							<String ID="string_413" HPOS="360" VPOS="1400" WIDTH="107" HEIGHT="21" WC="0.96" CONTENT="Snellman"/><SP WIDTH="16" VPOS="1400" HPOS="467"/>
							<String ID="string_414" HPOS="483" VPOS="1400" WIDTH="38" HEIGHT="20" WC="0.93" CONTENT="har"/><SP WIDTH="16" VPOS="1400" HPOS="521"/>
							<String ID="string_415" HPOS="537" VPOS="1400" WIDTH="77" HEIGHT="21" WC="0.96" CONTENT="uttalat"/><SP WIDTH="16" VPOS="1400" HPOS="614"/>
							<String ID="string_416" HPOS="630" VPOS="1400" WIDTH="6" HEIGHT="20" WC="0.96" CONTENT="i"/><SP WIDTH="17" VPOS="1400" HPOS="636"/>
							<String ID="string_417" HPOS="653" VPOS="1400" WIDTH="35" HEIGHT="20" WC="0.93" CONTENT="det"/><SP WIDTH="20" VPOS="1400" HPOS="688"/>
							<String ID="string_418" HPOS="708" VPOS="1406" WIDTH="74" HEIGHT="14" WC="0.95" CONTENT="senare"/><SP WIDTH="17" VPOS="1406" HPOS="782"/>
							<String ID="string_419" HPOS="799" VPOS="1398" WIDTH="107" HEIGHT="27" WC="0.96" CONTENT="afseende,"/>
						</TextLine>
						<TextLine ID="line_46" HPOS="84" VPOS="1427" WIDTH="823" HEIGHT="29">
							<String ID="string_420" HPOS="84" VPOS="1428" WIDTH="105" HEIGHT="26" WC="0.92" CONTENT="nemligen"/><SP WIDTH="16" VPOS="1428" HPOS="189"/>
							<String ID="string_421" HPOS="205" VPOS="1435" WIDTH="34" HEIGHT="13" WC="0.93" CONTENT="om"/><SP WIDTH="16" VPOS="1435" HPOS="239"/>
							<String ID="string_422" HPOS="255" VPOS="1428" WIDTH="203" HEIGHT="28" WC="0.92" CONTENT="bankfullmäktiges"/><SP WIDTH="23" VPOS="1428" HPOS="458"/>
							<String ID="string_423" HPOS="481" VPOS="1428" WIDTH="124" HEIGHT="28" WC="0.96" CONTENT="skyldighet"/><SP WIDTH="19" VPOS="1428" HPOS="605"/>
							<String ID="string_424" HPOS="624" VPOS="1431" WIDTH="32" HEIGHT="18" WC="0.96" CONTENT="att"/><SP WIDTH="19" VPOS="1431" HPOS="656"/>
							<String ID="string_425" HPOS="675" VPOS="1428" WIDTH="31" HEIGHT="21" WC="0.96" CONTENT="till"/><SP WIDTH="23" VPOS="1428" HPOS="706"/>
							<String ID="string_426" HPOS="729" VPOS="1428" WIDTH="61" HEIGHT="20" WC="0.93" CONTENT="Hans"/><SP WIDTH="15" VPOS="1428" HPOS="790"/>
							<String ID="string_427" HPOS="805" VPOS="1427" WIDTH="102" HEIGHT="27" WC="0.92" CONTENT="Majestät"/>
						</TextLine>
						<TextLine ID="line_47" HPOS="83" VPOS="1456" WIDTH="681" HEIGHT="28">
							<String ID="string_428" HPOS="83" VPOS="1456" WIDTH="108" HEIGHT="20" WC="0.91" CONTENT="inkomma"/><SP WIDTH="16" VPOS="1456" HPOS="191"/>
							<String ID="string_429" HPOS="207" VPOS="1456" WIDTH="48" HEIGHT="21" WC="0.90" CONTENT="möd"/><SP WIDTH="16" VPOS="1456" HPOS="255"/>
							<String ID="string_430" HPOS="271" VPOS="1457" WIDTH="79" HEIGHT="27" WC="0.96" CONTENT="förslag"/><SP WIDTH="16" VPOS="1457" HPOS="350"/>
							<String ID="string_431" HPOS="366" VPOS="1464" WIDTH="33" HEIGHT="14" WC="0.96" CONTENT="om"/><SP WIDTH="15" VPOS="1464" HPOS="399"/>
							<String ID="string_432" HPOS="414" VPOS="1459" WIDTH="47" HEIGHT="25" WC="0.93" CONTENT="nytt"/><SP WIDTH="16" VPOS="1459" HPOS="461"/>
							<String ID="string_433" HPOS="477" VPOS="1457" WIDTH="131" HEIGHT="27" WC="0.87" CONTENT="reglemente"/><SP WIDTH="16" VPOS="1457" HPOS="608"/>
							<String ID="string_434" HPOS="624" VPOS="1458" WIDTH="32" HEIGHT="19" WC="0.93" CONTENT="för"/><SP WIDTH="17" VPOS="1458" HPOS="656"/>
							<String ID="string_435" HPOS="673" VPOS="1456" WIDTH="91" HEIGHT="21" WC="0.96" CONTENT="banken."/>
						</TextLine>
					</TextBlock>
					<TextBlock ID="block_4" HPOS="153" VPOS="1483" WIDTH="753" HEIGHT="29">
						<TextLine ID="line_48" HPOS="153" VPOS="1483" WIDTH="753" HEIGHT="29">
							<String ID="string_436" HPOS="153" VPOS="1484" WIDTH="56" HEIGHT="20" WC="0.85" CONTENT="Terr"/><SP WIDTH="16" VPOS="1484" HPOS="209"/>
							<String ID="string_437" HPOS="225" VPOS="1485" WIDTH="123" HEIGHT="27" WC="0.96" CONTENT="Pipping,"/><SP WIDTH="18" VPOS="1485" HPOS="348"/>
							<String ID="string_438" HPOS="366" VPOS="1485" WIDTH="86" HEIGHT="20" WC="0.93" CONTENT="Fridolf:"/><SP WIDTH="25" VPOS="1485" HPOS="452"/>
							<String ID="string_439" HPOS="477" VPOS="1485" WIDTH="31" HEIGHT="20" WC="0.96" CONTENT="På"/><SP WIDTH="16" VPOS="1485" HPOS="508"/>
							<String ID="string_440" HPOS="524" VPOS="1486" WIDTH="26" HEIGHT="20" WC="0.96" CONTENT="de"/><SP WIDTH="11" VPOS="1486" HPOS="550"/>
							<String ID="string_441" HPOS="561" VPOS="1486" WIDTH="46" HEIGHT="20" WC="0.96" CONTENT="skäl"/><SP WIDTH="10" VPOS="1486" HPOS="607"/>
							<String ID="string_442" HPOS="617" VPOS="1486" WIDTH="37" HEIGHT="26" WC="0.96" CONTENT="jag"/><SP WIDTH="11" VPOS="1486" HPOS="654"/>
							<String ID="string_443" HPOS="665" VPOS="1485" WIDTH="64" HEIGHT="20" WC="0.93" CONTENT="redan"/><SP WIDTH="17" VPOS="1485" HPOS="729"/>
							<String ID="string_444" HPOS="746" VPOS="1484" WIDTH="80" HEIGHT="26" WC="0.96" CONTENT="anfört,"/><SP WIDTH="13" VPOS="1484" HPOS="826"/>
							<String ID="string_445" HPOS="839" VPOS="1483" WIDTH="67" HEIGHT="21" WC="0.96" CONTENT="skulle"/>
						</TextLine>
					</TextBlock>
					<TextBlock ID="block_5" HPOS="816" VPOS="1524" WIDTH="23" HEIGHT="15">
						<TextLine ID="line_49" HPOS="816" VPOS="1524" WIDTH="23" HEIGHT="15">
							<String ID="string_446" HPOS="816" VPOS="1524" WIDTH="23" HEIGHT="15" WC="0.83" CONTENT="3*"/>
						</TextLine>
					</TextBlock>
				</ComposedBlock>
			</PrintSpace>
		</Page>
	</Layout>
</alto>
