1086 1678
197 65 13 19 8

169 120 55 21 hålla
249 120 136 27 myntvärdet
400 120 6 20 i
423 120 82 26 landet,
525 127 47 13 men
592 119 27 21 då
634 120 23 20 af
670 120 26 21 de
712 120 160 27 upplysningar,
896 127 44 14 som
957 121 31 20 åt-

168 148 52 28 följa
235 148 117 21 utskottets
375 148 141 26 betänkande,
533 155 75 20 synes,
629 150 31 19 att
676 148 201 27 hypotheksfonden
894 149 94 20 befinner

169 177 32 26 sig
216 177 7 19 i
239 177 41 20 den
296 176 91 27 lyckliga
403 177 108 26 ställning,
527 178 31 19 att
574 176 85 21 banken
675 176 43 21 kan
733 177 107 20 honorera
855 177 46 20 sina
912 177 76 27 sedlar,

168 206 51 19 utan
244 205 68 26 någon
336 204 143 27 förändring
470 200 14 35 i
496 204 107 27 primitiva
622 204 90 21 fondens
732 205 147 26 verksamhet,
903 205 86 21 förenar

167 233 37 27 jag
220 234 43 25 mig
278 233 66 20 också
363 233 34 20 för
413 233 42 20 min
475 232 33 21 del
524 233 6 19 i
545 233 90 20 friherre
651 233 26 20 de
693 233 20 20 la
728 233 113 26 Chapelles
856 233 84 28 förslag,
957 236 31 18 att

170 261 107 26 primitiva
299 261 78 20 fonden
400 261 66 20 måtte
488 262 57 19 ännu
567 261 117 21 tillsvidare
707 261 108 20 användas
831 262 69 20 såsom
916 262 34 21 lån
966 263 22 20 åt

167 289 151 27 jordbrukare,
334 289 39 20 och
388 290 31 19 att
436 289 97 20 anhållan
549 289 66 20 borde
623 291 75 25 göras,
710 289 35 21 det
756 289 61 20 Hans
830 289 99 28 Majestät
940 290 48 21 ville

169 317 33 20 för
218 317 249 20 nästsammanträdande
490 317 86 20 ständer
599 317 42 21 låta
663 317 118 27 framlägga
800 318 79 26 förslag
895 318 30 20 till
941 320 48 25 nytt

170 345 132 27 reglemente
317 345 6 19 i
340 344 58 22 detta
421 345 107 21 afseende.
559 344 64 21 Hvad
646 345 96 21 deremot
758 346 101 20 beträffar
875 347 65 19 sättet
955 346 34 20 för

170 373 44 20 låns
231 372 124 28 utgifvande
370 373 46 21 från
433 374 69 20 denna
517 373 51 21 fond
582 373 31 20 till
629 373 177 21 nästkommande
817 374 105 28 landtdag,
934 374 54 20 före-

171 408 37 13 nar
220 401 38 26 jag
273 401 43 27 mig
331 402 6 19 i
352 401 89 20 friherre
465 408 40 13 von
529 402 69 20 Borns
621 401 136 28 andragande
781 402 72 20 derom
873 404 31 18 att
924 402 65 20 bank-

171 429 133 27 fullmäktige
320 429 65 20 mätte
401 429 6 20 i
423 430 74 27 frägan
513 429 49 28 ingä
577 429 48 21 med
648 429 79 28 förslag
743 430 30 20 till
789 430 135 27 regeringen,
944 437 44 14 som

171 457 68 20 skulle
262 457 119 20 detsamma
403 457 111 21 fastställa.
547 457 169 21 Vidkommande
739 465 74 13 senare
833 458 61 21 delen
910 458 22 21 af
945 465 44 14 mo-

171 487 81 18 mentet
267 485 51 20 eller
334 485 141 21 förhållandet
497 485 90 21 emellan
611 486 95 21 bankens
725 486 70 21 sedlar
811 486 39 21 och
866 487 79 24 valuta,
966 487 24 20 sä

171 513 86 21 förenar
270 513 38 27 jag
325 513 41 28 mig
382 521 33 13 om
432 513 36 21 det
483 514 23 20 af
520 514 106 20 utskottet
641 514 133 21 framställda
789 514 85 28 förslag.

240 541 100 21 Friberre
355 542 86 27 Boije:
463 541 35 21 Då
521 541 66 21 redan
605 542 26 21 de
651 543 62 20 flesta
736 543 77 25 talare,
837 543 71 20 hvilka
927 543 5 20 i
948 543 42 27 dag

172 569 112 28 uppträdt,
306 569 126 22 understödt
451 570 36 21 det
502 570 32 20 uti
549 570 89 21 friherre
654 571 26 20 de
693 571 21 20 la
729 571 114 27 Chapelles
858 571 131 20 reservation

171 597 131 21 framställda
318 597 85 28 förslag,
419 599 39 20 har
471 598 37 27 jag
523 598 33 21 för
572 599 42 20 min
630 598 34 21 del
676 599 75 20 endast
762 601 31 18 att
805 599 74 20 förena
888 599 42 27 mig
941 599 49 20 med

172 626 48 20 dem
236 626 48 20 med
300 626 161 21 återhemtande
475 626 22 21 af
511 627 26 20 de
553 626 52 25 skäl,
628 633 46 14 som
696 627 33 20 för
752 627 70 20 denna
844 627 55 28 åsigt
921 627 69 21 blifvit

171 653 95 21 anförda.
297 654 42 27 Jag
352 654 53 20 hade
419 655 62 19 äfven
497 656 61 18 ernat
574 655 85 20 bemöta
674 655 36 20 det
721 655 22 21 af
752 655 49 20 herr
812 655 92 27 Pipping
914 655 76 27 gjorda

172 682 100 26 inkastet,
289 684 31 18 att
342 683 5 26 &
363 683 12 19 2
391 682 23 20 af
427 682 201 28 bankreglementet
644 682 93 28 stadgar,
749 685 31 19 att
791 683 106 27 primitiva
912 683 77 21 fonden

172 710 34 20 vid
222 710 150 27 förmånligare
389 710 157 28 konjunkturer
565 710 65 21 borde
646 711 108 21 användas
770 711 34 21 för
819 711 170 28 silfveruppköp,

172 745 47 13 men
244 738 48 20 herr
315 745 41 13 von
376 738 57 21 Born
457 739 39 20 har
519 738 68 21 deruti
612 739 65 21 redan
694 739 135 21 förekommit
845 739 42 28 mig
903 740 38 20 och
958 740 30 20 till

171 766 49 21 herr
236 766 93 27 Pipping
351 766 113 21 framställt
479 766 81 28 frågan,
576 767 105 21 huruvida
697 768 49 20 herr
761 768 94 27 Pipping
870 775 62 13 anser
948 768 39 20 den

172 794 131 21 närvarande
319 794 58 21 tiden
392 795 33 21 för
438 794 127 28 jordbruket
588 796 39 20 och
648 796 171 27 jordbrukarena
840 803 49 13 vara
905 803 25 13 en
946 796 42 20 för-

172 822 78 28 månlig
266 822 137 27 konjunktur.
434 823 73 21 Under
523 824 119 26 gårdagens
666 824 81 20 session
767 824 96 27 yttrades
879 824 62 21 äfven
958 826 31 18 att

173 851 83 20 banken
272 850 48 21 icke
335 850 66 22 borde
418 858 51 14 vara
483 852 70 27 någon
568 852 178 21 välfärdsanstalt.
777 852 41 28 Jag
829 854 22 18 är
862 852 127 28 fullkomligt

172 879 22 20 af
215 885 81 14 samma
318 879 71 25 tanke,
413 886 47 14 men
480 879 26 21 då
525 886 27 14 nu
571 880 74 27 frågan
664 880 47 21 icke
726 882 23 19 är
765 888 35 13 om
815 883 32 18 att
861 880 57 28 gifva
931 882 57 26 jord-

172 907 77 20 bruket
265 908 65 26 något
345 908 126 24 understöd,
487 910 52 18 utan
554 910 92 19 tvärtom
663 910 31 19 att
710 909 97 27 fråntaga
820 909 170 27 jordbrukarena

172 935 25 21 de
213 935 41 25 lån,
271 935 102 21 hvarmed
389 936 26 20 de
432 936 68 20 blifvit
516 943 60 17 vana,
593 937 21 20 så
631 939 45 18 tror
689 937 38 27 jag
742 937 47 21 icke
806 937 41 20 den
857 937 132 21 närvarande

172 963 57 21 tiden
252 970 52 14 vara
325 964 88 28 lämplig
434 964 34 20 för
489 964 167 28 genomförande
674 965 24 21 af
720 972 25 14 en
769 965 65 21 sådan
850 972 28 21 ny
894 966 95 20 oförsökt

172 991 53 21 teori
240 991 8 20 i
263 991 139 27 bankfrågan.

240 1019 100 21 Friherre
357 1020 104 21 Linder:
481 1020 42 28 Jag
539 1021 37 20 har
592 1021 75 27 begärt
683 1021 68 26 ordet,
767 1021 74 26 ehuru,
858 1021 65 27 enligt
935 1021 54 21 hvad

169 1048 37 27 jag
222 1054 28 14 nu
266 1047 73 27 finner,
355 1049 52 20 flera
425 1049 49 20 med
496 1049 43 27 mig
554 1049 6 20 i
576 1049 90 21 ärendet
688 1049 139 21 liktänkande
843 1050 65 19 talare
924 1049 65 21 redan

171 1075 111 28 uppträdt,
305 1076 89 21 emedan
415 1077 38 26 jag
477 1084 62 13 anser
562 1077 36 21 det
622 1085 50 13 vara
691 1078 48 21 med
758 1078 42 20 min
819 1077 170 28 medborgerliga

171 1104 53 27 pligt
239 1103 101 28 förenligt
363 1107 31 18 att
417 1105 64 27 yrka,
497 1105 36 20 det
552 1106 106 27 primitiva
680 1106 79 21 fonden
776 1107 65 20 måtte
858 1106 30 20 till
904 1107 36 20 sitt
956 1113 32 14 ur-

171 1132 123 27 sprungliga
317 1133 107 26 ändamål,
449 1133 105 28 nemligen
579 1134 30 19 till
627 1134 138 27 jordbrukets
789 1134 66 21 behof
875 1135 113 20 användas.

172 1162 37 19 Att
225 1160 89 27 indraga
330 1161 70 20 denna
415 1161 60 26 fond,
495 1166 51 16 vore
566 1163 31 19 att
616 1163 57 26 gifva
690 1163 125 20 dödsstöten
832 1163 21 20 åt
869 1163 67 20 denna
952 1165 36 18 nä-

169 1189 54 27 ring,
240 1195 44 14 som
301 1189 63 20 likväl
388 1189 88 21 framför
500 1190 41 21 alla
563 1191 66 21 andra
651 1191 54 20 skall
727 1191 112 20 framkalla
854 1191 25 20 lif
892 1191 38 20 och
947 1191 41 20 väl-

170 1216 62 21 stånd
255 1217 57 20 inom
335 1217 117 21 samhället.
483 1218 81 21 Fabeln
583 1225 33 14 om
636 1226 77 20 magen
729 1219 38 20 och
784 1219 115 20 lemmarne
916 1219 37 20 bör
968 1219 23 20 af

170 1252 34 13 oss
220 1244 47 21 icke
282 1245 111 27 glömmas.
425 1246 87 21 Liksom
529 1247 126 20 lemmarnes
672 1247 93 28 tynande
782 1247 24 20 lif
820 1247 69 20 blefve
901 1254 25 14 en
937 1247 51 28 följd

169 1273 22 20 af
205 1279 87 20 magens
310 1273 52 20 brist
378 1275 27 26 på
421 1275 82 26 näring,
520 1275 67 20 likaså
603 1275 60 21 skola
677 1278 58 18 snart
747 1276 25 20 de
784 1275 68 27 öfriga
863 1276 126 27 näringarne

169 1301 39 20 och
231 1301 63 20 bland
319 1301 47 21 dem
391 1302 152 22 bankrörelsen
566 1303 57 21 finna
641 1305 158 26 verkningarne
818 1304 22 20 af
851 1303 138 28 jordbrukets

168 1329 131 27 undergång.
331 1330 127 21 Samhällets
482 1331 47 21 hela
552 1332 81 20 välfärd
657 1333 31 19 får
711 1333 46 19 icke
781 1332 106 27 förspillas
909 1333 31 19 för
958 1334 31 18 ett

169 1357 143 21 missförstådt
336 1358 155 22 bankintresse.
523 1360 43 20 För
586 1363 47 17 sent
653 1360 53 20 skall
725 1360 114 28 misstaget
849 1360 65 26 inses;
941 1360 48 21 dess

169 1385 128 27 verkningar
312 1386 60 20 skola
388 1387 47 20 icke
451 1394 58 14 mera
525 1388 72 21 kunna
613 1389 150 20 törekommas.
796 1388 34 21 Mä
846 1388 37 26 de,
898 1396 44 13 som
960 1389 28 20 bi-

168 1413 69 27 dragit
252 1414 31 20 till
300 1414 36 21 sitt
352 1415 60 20 lands
429 1416 69 25 ofärd,
522 1416 63 21 äfven
609 1417 96 27 uppbära
723 1417 106 27 följderna
844 1417 65 21 deraf.
940 1417 48 21 Men

167 1442 47 27 nej!
233 1442 23 20 sä
274 1442 75 28 plägar
370 1444 20 27 ej
409 1444 48 27 sko;
480 1444 25 21 de
525 1445 111 28 oskyldiga
657 1445 60 21 skola
736 1446 43 20 lida
794 1446 33 20 för
843 1446 26 20 de
885 1445 103 27 skyldiga.
