1078 1678
220 76 41 21 204

189 133 65 20 lunda
264 134 32 19 att
306 133 40 20 den
357 133 102 26 aflöning,
470 139 45 14 som
526 133 7 20 i
543 133 94 21 nämnda
648 133 101 21 händelse
760 134 72 21 kunde
843 134 166 28 ifrägakomma,

189 161 69 21 skulle
281 162 51 27 utgå
350 161 33 21 för
401 161 124 21 underbefäl
542 161 31 20 uti
593 164 31 18 ett
644 162 22 21 år
685 161 40 21 och
746 162 34 21 för
798 163 158 28 gemenskapen
977 165 32 18 tre

191 189 109 21 månader.

259 217 163 28 Deputationen
437 217 130 22 betackades
583 218 40 21 och
639 218 104 21 afträdde.

258 274 35 21 Då
312 274 75 27 frågan
406 281 33 14 om
458 274 109 21 bildandet
586 275 23 20 af
626 276 31 19 ett
674 275 204 28 justeringsutskott
894 276 6 20 i
916 276 38 27 går
970 277 38 19 hos

189 303 149 27 ridderskapet
354 302 38 21 och
408 303 60 20 adeln
483 303 92 26 förevar,
587 303 54 20 hade
653 303 47 20 icke
712 303 68 21 blifvit
791 304 103 27 afgjordt,
905 304 104 21 huruvida

190 331 96 21 ståndets
303 331 27 20 då
345 331 80 21 fattade
441 331 69 20 beslut
522 331 65 21 borde
598 331 90 21 medelst
700 331 125 27 deputation
837 332 102 27 delgifvas
951 333 58 20 med-

189 360 100 26 stånden,
306 359 39 21 och
361 359 124 21 hemställde
500 359 49 21 herr
565 359 198 21 landtmarskalken
779 367 38 19 nu,
829 367 33 13 om
872 360 48 21 icke
935 367 26 13 en
973 360 35 20 de-

189 388 99 27 putation
302 388 7 19 i
325 387 76 21 sådant
417 387 98 20 afseende
531 388 67 20 borde
614 390 65 17 utses.

258 415 77 21 Denna
354 415 125 20 hemställan
499 415 128 22 besvarades
641 415 106 28 jakande,
764 415 49 22 derå
829 416 49 21 herr
894 416 114 21 landtmar-

189 443 90 21 skalken
295 444 103 27 namngaf
412 443 25 21 de
452 443 138 22 medlemmar
605 443 24 21 af
642 443 150 28 ridderskapet
803 444 39 21 och
853 444 71 25 adeln,
937 444 71 21 hvilka

189 472 66 21 borde
274 472 32 20 till
326 471 138 22 medstånden
483 472 102 21 framföra
604 472 156 21 underrättelse
776 479 34 14 om
826 473 96 21 ståndets
936 473 71 21 förbe-

190 501 63 20 rörda
269 500 82 27 åtgärd.

256 557 49 20 Den
321 557 99 20 afbrutna
436 557 147 20 diskussionen
599 557 111 21 fortsattes
727 557 52 21 härå
794 557 39 20 och
845 560 74 25 antogs
931 557 75 22 dervid

191 586 11 27 8
218 586 27 20 44
261 587 52 19 utan
329 585 145 27 anmärkning.

256 613 32 21 På
304 613 125 21 hemställan
444 614 23 20 af
479 613 49 20 herr
545 613 133 21 Molander
694 613 39 21 och
749 613 88 21 friherre
853 614 29 21 de
901 614 23 21 la
940 614 67 21 Cha-

188 642 67 27 pelle
272 642 69 20 beslöt
356 641 84 21 ståndet
455 643 41 25 att,
512 641 6 20 i
533 641 223 22 öfverensstämmelse
772 641 48 21 med
835 642 48 21 dess
899 643 57 20 förut
966 643 40 20 fat-

188 670 49 20 tade
253 670 80 26 beslut,
349 670 31 20 uti
396 676 74 14 senare
486 672 117 18 momentet
619 670 23 20 af
656 671 11 25 &
683 671 27 19 45
726 670 76 20 orden:
815 671 79 27 ,,enligt
905 671 25 27 $$
942 671 12 19 4
966 671 39 20 och

189 699 25 20 7'
231 698 69 20 skulle
316 698 86 27 utbytas
418 700 65 18 emot:
499 698 81 28 ,,enligt
596 698 11 27 &
624 699 33 20 6*.

258 727 12 26 &
286 727 27 20 46
329 728 76 26 antogs
421 726 134 21 oförändrad.

567 772 11 26 8
594 772 34 20 47.

257 810 82 21 Härvid
354 810 84 28 yttrade
454 811 40 27 sig:

255 839 58 20 Herr
324 846 40 13 von
381 838 138 29 Knorring:
535 839 34 21 Då
580 839 26 21 de
617 838 109 22 såkallade
737 839 78 27 fysiskt
826 839 104 21 affliktiva
941 840 65 20 straf-

187 868 34 20 fen
237 867 113 21 efterhand
365 867 40 21 och
420 868 6 19 i
440 868 47 20 män
503 868 22 20 af
539 867 40 21 den
596 868 106 20 allmänna
712 867 168 27 upplysningens
891 868 114 26 spridande

187 896 159 20 utmönstrades
363 896 46 20 frän
429 895 25 21 de
473 896 128 26 europeiska
624 896 179 20 kulturstaternas
823 896 123 27 strafflagar
965 896 40 20 och

187 924 37 21 der
244 926 91 18 ersattes
355 924 23 20 af
395 924 147 26 frihetsstraff,
563 924 71 20 blefvo
654 924 63 20 dessa
732 924 106 20 inrättade
854 924 22 20 af
894 924 56 20 olika
969 925 35 20 be-

187 952 123 21 skaffenhet
326 952 39 20 och
381 952 82 27 grader,
479 952 32 20 för
527 954 32 18 att
575 952 85 20 straffet
676 952 68 20 skulle
760 952 81 26 kunna,
857 952 47 21 icke
915 952 89 20 allenast

187 981 47 21 med
253 980 167 28 fängelsetidens
439 980 63 28 längd
521 983 51 18 utan
591 980 62 21 äfven
669 980 6 20 i
692 980 107 21 anseende
819 981 30 20 till
868 980 76 27 sjelfva
958 980 46 21 fän-

186 1009 79 27 gelsets
281 1011 33 17 art
329 1010 102 25 utmätas,
447 1009 23 20 sä
485 1010 31 19 att
532 1009 119 20 detsamma
664 1008 50 20 stod
724 1008 6 20 i
742 1008 120 28 möjligaste
873 1009 78 26 riktiga
961 1008 43 20 för-

186 1037 96 20 hållande
301 1037 31 20 till
351 1037 85 20 brottet.
466 1037 48 20 Den
533 1037 96 20 svåraste
650 1039 62 18 arten
728 1036 23 20 af
764 1036 26 21 de
806 1037 88 20 sålunda
910 1038 94 26 antagna

185 1065 136 27 fängelserna
335 1065 39 20 har
389 1065 6 20 i
411 1065 118 20 Frankrike
546 1065 37 20 sitt
602 1064 234 28 igenkänningstecken
852 1065 6 20 i
874 1065 26 20 de
916 1065 87 20 dermed

184 1093 102 21 förenade
310 1097 90 16 travaux
414 1093 79 28 forces,
509 1093 101 27 urskiljas
631 1093 5 20 i
656 1092 99 27 England
773 1100 77 20 genom
868 1093 40 21 den
926 1093 77 28 sjelfva

185 1121 84 21 straffet
284 1121 58 27 gifna
358 1121 153 28 benämningen
527 1121 23 21 af
558 1121 66 28 penal
635 1121 115 24 servitude,
761 1128 45 14 som
817 1121 41 21 kan
870 1121 130 28 ordagrannt

185 1149 128 21 öfversättas
337 1149 48 21 med
408 1149 162 27 straffträldom,
595 1149 39 21 och
656 1149 68 21 kallas
746 1149 6 20 i
772 1149 26 21 de
821 1150 63 27 tyska
907 1151 95 19 staterna

187 1178 130 24 Zuchthaus,
333 1177 101 21 hvarmed
450 1177 25 21 då
490 1178 59 20 alltid
565 1178 160 27 Zwangsarbeit
740 1179 24 19 är
778 1177 104 21 förenadt.

253 1206 47 21 Hos
320 1212 35 15 oss
374 1207 117 20 motsvaras
507 1206 71 21 denna
594 1205 160 28 fängelsegrad,
771 1206 65 20 enligt
851 1205 151 28 förordningen

190 1241 34 14 om
239 1233 163 28 verkställighet
418 1234 22 20 af
453 1233 140 22 frihetsstraff
605 1233 85 22 utfärdad
720 1233 42 21 den
773 1234 27 21 26
832 1234 100 21 November
944 1234 60 27 1866,

185 1263 23 20 af
222 1263 83 20 tukthus
320 1262 48 21 med
384 1262 36 20 det
435 1262 70 21 dertill
521 1263 95 20 hörande
633 1263 154 26 tvångsarbete,
798 1262 72 21 hvilka
880 1262 123 21 benämnin-

184 1298 38 20 gar
232 1291 83 20 således
326 1297 78 20 genom
413 1291 84 20 verbala
508 1291 182 26 öfversättningar
701 1292 36 19 äro
749 1290 99 21 hemtade
859 1290 46 21 från
918 1290 84 27 tyskan.

184 1319 33 20 En
236 1318 123 27 medelgrad
380 1318 105 21 derunder
506 1321 23 18 är
549 1318 194 28 fängelsestraffet,
759 1318 151 21 motsvarande
925 1318 79 21 hvad
990 1314 18 36 i

185 1347 26 20 de
230 1346 102 21 moderna
352 1346 64 27 tyska
433 1346 187 28 lagstiftningarne
636 1346 116 21 benämnas
768 1347 82 20 ömsom
866 1342 136 56 Gefängniss,

184 1375 148 23 Arbeitshaus,
349 1375 126 20 Arresthaus
491 1375 39 21 och
545 1375 200 21 Korrektionshaus.
768 1374 114 21 Utskottet
907 1381 24 14 har
942 1374 61 28 tyckt

185 1404 32 27 sig
235 1404 47 20 icke
304 1403 58 20 finna
381 1403 69 27 nägon
469 1403 110 27 synnerlig
597 1402 83 21 skilnad
699 1402 90 21 emellan
805 1402 26 21 de
846 1403 89 21 sälunda
950 1409 53 21 upp-

184 1432 76 20 ställda
276 1431 57 21 olika
347 1430 106 28 graderna
468 1432 23 20 af
504 1431 90 21 tukthus
610 1431 39 21 och
664 1431 107 27 fängelse,
787 1432 55 20 samt
857 1431 61 21 anför
932 1431 70 21 såsom

184 1459 46 22 skäl
252 1460 78 26 derför,
346 1460 32 20 att
400 1475 4 10 ,
406 1459 157 28 skyldigheten
583 1461 31 19 att
631 1460 100 28 förrätta
750 1458 69 22 arbete
841 1460 23 20 är
883 1459 7 20 i
910 1459 12 27 &
940 1460 27 20 36
981 1460 23 20 af
