1078 1678
854 66 41 21 243

101 120 214 21 konsiderationerna
331 120 104 25 utanföre,
451 122 56 19 samt
522 121 47 20 föra
584 119 49 22 med
649 120 33 27 sig
697 120 54 21 blott
767 121 36 20 det
817 121 56 21 kalla
888 123 37 20 be-

101 148 110 21 räknande
226 148 130 27 förståndet;
372 149 39 20 och
427 150 23 19 är
466 149 36 20 det
517 149 68 20 under
601 148 123 21 hörsamhet
738 148 33 21 för
784 149 69 21 denna
864 150 60 21 klok-

102 177 106 26 hetsregel
221 177 39 26 jag
275 176 66 21 bildat
357 177 43 27 mig
416 179 31 18 ett
460 177 99 20 omdöme
575 177 6 20 i
596 176 83 27 frågan.

171 204 112 21 Huruvida
306 205 39 20 den
366 205 247 27 evangelisk-lutherska
632 204 82 27 kyrkan
730 205 6 20 i
752 205 91 22 Finland
870 207 55 20 skall

102 240 40 20 ega
157 234 28 26 på
201 240 67 13 sanna
283 233 139 27 grundsatser
445 233 64 20 stödd
531 233 105 27 rättighet
651 235 42 24 att,
710 233 120 22 oberoende
846 235 22 20 af
883 237 42 19 sta-

101 263 47 25 ten,
167 261 96 28 lagstifta
282 261 33 21 för
333 261 33 27 sig
381 261 58 27 sjelf,
456 263 24 19 är
496 268 26 14 en
538 261 67 27 fråga,
621 261 6 20 i
643 261 64 21 hvars
728 261 83 29 lösning
823 263 39 28 jag
877 263 47 21 icke

101 296 29 14 nu
145 289 36 21 vill
196 289 100 28 fördjupa
311 289 49 28 mig,
377 289 54 21 helst
447 296 27 14 en
491 291 98 19 närmare
605 289 161 28 undersökning
781 290 62 21 deraf
855 291 68 22 skulle

101 317 70 21 inleda
186 318 43 27 mig
244 319 7 19 i
268 325 25 13 en
309 317 142 28 vidlyftighet,
468 325 46 13 som
531 319 20 26 ej
566 317 99 28 lämpade
682 318 32 26 sig
724 318 32 20 för
766 318 98 22 tillfället.
889 319 35 21 Då

99 346 38 28 jag
151 346 79 21 uttalat
244 346 37 20 det
297 345 98 27 anförda,
412 346 37 20 har
465 346 39 27 jag
524 346 136 27 naturligtvis
682 346 81 27 antagit
788 348 32 19 att
835 349 31 19 ett
882 350 42 25 ytt-

102 374 65 21 rande
183 374 6 21 i
205 374 59 21 detta
280 376 61 19 ämne
356 374 42 20 kan
415 374 91 28 afgifvas
522 374 63 22 äfven
601 376 52 18 utan
669 380 27 14 en
710 374 39 20 slik
764 374 90 29 lösning.
882 376 42 27 Jag

101 402 82 21 lemnar
199 403 82 20 således
297 402 48 21 hela
363 402 41 21 den
423 402 75 27 frågan
522 402 106 27 oafgjord,
651 402 40 21 och
707 402 35 21 vill
758 402 76 21 beröra
849 404 75 20 endast

101 430 36 21 det
152 437 28 14 nu
195 430 147 28 föreliggande
357 430 107 21 konkreta
479 430 60 21 fallet
558 431 3 20 i
577 430 154 28 sammanhang
752 431 46 21 med
815 431 27 21 de
857 432 67 21 andra

101 459 96 27 orsaker,
213 466 44 13 som
274 459 28 27 på
317 459 49 20 dess
383 459 134 20 bedömande
534 459 72 20 kunna
621 459 75 20 utöfva
711 459 124 28 inflytande,

169 487 61 21 Såväl
246 487 5 20 i
268 487 40 21 den
324 487 31 20 till
371 487 116 21 ständerna
503 487 36 21 vid
554 487 71 20 denna
640 487 102 28 landtdag
756 488 79 21 aflåtna
845 489 79 28 nådiga

101 515 160 28 propositionen
285 522 44 14 som
354 515 39 21 ock
413 516 30 20 uti
461 515 239 28 kyrkolagsutskottets
723 515 98 22 deröfver
845 517 79 27 afgifna

102 544 142 27 betänkande,
260 544 38 21 har
314 544 148 27 kyrkomötets
482 543 194 28 sammansättning
690 543 69 22 blifvit
774 544 96 21 bestämd
886 552 38 13 un-

101 572 38 20 der
154 572 116 28 inflytande
286 572 23 21 af
322 572 36 21 det
374 572 128 28 antagande,
519 574 32 19 att
567 573 59 20 detta
648 572 98 21 samfund
766 572 53 28 egde
835 573 88 21 allenast

101 601 38 20 hos
155 601 168 20 statsmakterna
337 601 80 20 föreslå
428 600 258 28 lagstiftningsätgärder,
702 601 71 20 hvilka
788 601 64 21 sedan
867 601 56 28 finge

101 629 23 20 af
138 629 48 20 dem
202 629 86 28 pröfvas
304 629 39 21 och
358 629 132 28 godkännas.
522 629 154 20 Förhållandet
692 629 87 21 emellan
791 629 26 21 de
828 629 5 21 i
845 629 78 28 kyrko-

103 659 66 18 mötet
192 657 104 27 ingående
312 658 36 20 två
368 657 56 21 olika
443 658 119 20 elementer
585 657 23 20 af
628 657 100 27 kyrkliga
750 657 38 21 och
811 657 113 28 okyrkliga

101 685 126 27 ledamöter,
244 686 50 20 eller
309 687 84 26 prester
410 685 39 21 och
465 685 98 27 lekmän,
582 685 39 21 har
636 685 28 20 då
674 685 66 27 enligt
750 685 116 21 utskottets
882 686 41 20 för-

101 714 46 27 slag
170 714 68 20 blifvit
261 714 75 26 sådan,
359 716 31 18 att
413 716 58 18 emot
487 714 27 20 34
533 715 85 26 prester
641 713 68 21 skulle
728 713 43 21 deri
788 714 84 20 inträda
894 715 27 19 46

101 742 92 27 lekmän,
207 742 66 28 jemte
290 742 36 20 det
340 742 106 21 utskottet
465 742 92 27 antagit,
576 744 33 18 att
625 742 36 20 det
676 743 48 19 rent
738 742 126 27 presterliga
880 742 42 21 ele-

101 772 81 19 mentet
198 770 84 20 komme
295 772 31 18 att
341 770 74 21 utöfva
430 772 32 19 ett
479 786 4 9 ,
486 770 131 27 tillräckligt
633 770 116 27 inflytande
765 770 27 27 pä
803 770 118 21 besluten.''

102 798 40 21 Om
159 798 59 22 detta
233 798 131 21 förhällande
380 800 23 19 är
418 800 49 25 rätt,
485 798 27 21 dä
527 799 37 20 det
580 798 66 27 gäller
662 798 54 20 blott
731 799 145 27 prerogativet
891 801 31 19 att

101 826 79 22 föreslå
195 827 41 27 lag,
252 828 24 20 sä
291 827 103 27 gestaltar
409 827 32 27 sig
457 826 67 21 saken
540 826 45 21 helt
601 826 140 27 annorlunda,
755 828 37 19 när
807 826 60 28 fråga
883 827 39 21 blir

101 862 34 14 om
151 857 32 19 att
199 856 21 20 ät
236 862 25 14 en
278 855 88 21 sälunda
382 857 146 23 sammansatt,
545 855 34 20 för
594 861 26 14 en
633 855 148 20 inskränktare
793 855 129 27 befogenhet

102 884 108 20 beräknad
225 883 131 27 församling,
372 884 105 26 inrymma
493 883 48 21 icke
557 883 55 21 blott
627 883 99 27 förslags-
743 885 50 18 utan
808 884 62 20 äfven
879 884 44 27 lag-

102 912 186 27 stiftningsrätten.
318 911 174 27 Presteständet,
517 918 45 14 som
581 911 67 27 enligt
663 918 28 14 nu
707 911 96 27 gällande
819 912 104 27 grundlag

102 940 53 20 bäde
172 940 5 20 i
194 940 106 27 verdsliga
316 940 38 20 och
371 940 98 27 kyrkliga
484 940 63 20 saker
563 940 100 27 bidrager
679 939 31 21 till
725 940 96 20 besluten
836 940 48 20 med
896 947 26 14 en

101 968 104 27 fjerdedel
220 968 23 21 af
257 968 120 26 röstetalet,
397 968 68 21 skulle
481 968 27 20 dä
524 968 86 20 komma
626 970 31 18 att
673 968 113 27 disponera
801 968 60 20 öfver
877 969 46 27 17/4,

102 996 52 21 eller
169 998 52 19 nära
237 1004 41 19 nog
294 996 79 21 hälften
389 996 65 20 deraf.
485 996 10 20 I
506 996 36 21 fall
554 996 41 20 den
607 996 255 26 evangeliskt-lutherska
872 996 50 27 kyr-

102 1025 41 20 kan
159 1024 5 20 i
181 1024 91 21 Finland
295 1024 53 21 skall
371 1024 150 28 principenligt
545 1031 63 14 anses
631 1023 121 28 berättigad
774 1025 31 19 att
827 1023 95 28 lagstifta

101 1053 34 20 för
149 1053 34 26 sig
198 1053 54 27 sjelf,
269 1053 85 20 hvilken
370 1053 60 27 fråga
446 1065 24 2 —
486 1053 39 27 jag
543 1059 108 20 upprepar
674 1051 37 22 det
730 1053 55 19 ännu
801 1064 26 3 —
843 1052 23 20 af
879 1053 44 27 mig

101 1083 89 25 antages
206 1088 51 13 vara
272 1081 30 20 till
318 1081 142 27 grundsatsen
476 1081 109 27 oafgjord,
598 1081 23 20 sä
636 1081 69 20 mäste
720 1080 41 21 den
776 1080 88 21 sälunda
879 1081 43 27 lag-

101 1109 102 20 stiftande
226 1109 84 27 kyrkan
333 1116 51 13 vara
406 1109 33 20 för
461 1109 60 20 detta
544 1109 49 20 värf
614 1109 24 20 sä
660 1108 168 28 representerad,
844 1110 32 19 att
891 1111 31 18 ett

101 1137 96 28 lämpligt
215 1137 130 21 förhällande
362 1137 88 21 emellan
466 1137 49 20 dess
531 1137 99 28 kyrkliga
645 1137 39 20 och
702 1137 112 27 verldsliga
831 1137 91 20 elemen-

102 1167 33 19 ter
149 1165 121 21 förefinnes.
302 1165 36 21 Ett
362 1165 75 21 sädant
459 1165 135 21 förhällande
619 1165 78 21 saknas
722 1165 37 20 der
777 1172 28 13 nu
823 1165 44 20 helt
883 1165 39 21 och

102 1194 71 26 hållet,
188 1194 81 21 hvilket
284 1195 56 20 visar
356 1194 32 27 sig
404 1195 23 20 sä
441 1194 88 27 mycket
545 1200 60 14 mera
619 1194 131 27 uppenbart,
766 1200 44 13 som
827 1193 94 21 hvarken

102 1223 158 26 propositionen
294 1223 52 20 eller
378 1222 107 21 utskottet
514 1222 49 20 med
589 1222 150 27 kyrkomötets
774 1223 149 19 sammansätt-

102 1251 50 27 ning
175 1251 79 27 äsyftat
273 1252 31 19 att
324 1251 56 27 gifva
401 1251 35 20 det
452 1250 41 21 den
517 1250 133 21 vidsträckta
671 1250 137 27 befogenhet,
832 1256 44 14 som
894 1257 27 13 nu

102 1279 126 27 föreslagits,
244 1280 51 20 utan
312 1285 25 14 en
355 1278 104 28 betydligt
475 1278 163 26 inskränktare,
657 1279 85 20 hvilken
760 1278 26 21 dä
802 1279 68 20 mäste
886 1285 36 13 an-

101 1313 34 14 ses
151 1307 64 21 hafva
230 1307 54 20 varit
300 1307 40 20 den
357 1307 89 20 ledande
463 1307 90 27 princip,
570 1307 55 20 efter
641 1307 86 20 hvilken
738 1306 184 21 sammansättnin-

101 1342 40 20 gen
158 1337 84 19 rättats.
272 1335 42 27 Jag
332 1336 68 20 mäste
419 1335 84 20 derföre
519 1335 6 20 i
541 1335 79 20 sakens
640 1334 132 21 närvarande
788 1334 60 20 skick
864 1336 58 18 rösta

101 1363 32 20 för
152 1363 116 27 afböjande
288 1363 22 21 af
327 1363 39 21 den
385 1363 76 27 gjorda
479 1362 166 28 inbjudningen,
666 1362 48 21 med
734 1362 139 26 anmärkning
891 1364 31 18 att

101 1391 40 21 den
157 1392 87 26 reform,
265 1398 45 14 som
334 1391 85 21 dermed
443 1391 92 27 äsyftas,
557 1391 69 21 liknar
642 1398 59 14 mera
716 1398 26 13 en
758 1389 165 28 statshvälfning

101 1421 25 18 än
143 1426 25 14 en
185 1420 247 27 kyrkolagsförändring.

169 1448 45 20 Det
229 1448 38 20 har
283 1448 70 20 blifvit
368 1448 126 26 framhället,
511 1449 32 19 att
559 1447 36 21 det
611 1454 27 14 nu
651 1454 51 14 vore
714 1447 32 20 för
756 1447 67 20 första
832 1446 92 28 gängen,

821 1486 34 16 16*
