1078 1678
1 759 2 42 |

224 67 26 20 76

194 123 38 28 går
248 123 47 20 från
310 123 61 21 Hans
388 123 100 28 Majestät
504 122 119 27 Kejsarens
639 125 49 26 eget
703 123 83 20 iniativ.
817 123 74 28 Enligt
906 124 43 21 min
965 124 55 27 åsigt

193 151 85 21 fordras
293 151 76 21 härvid
384 159 26 13 en
426 151 93 21 särdoles
535 151 137 28 försigtighet
688 151 46 20 frän
746 151 125 21 ständernas
886 152 55 26 sida,
953 152 26 21 dä
989 152 31 21 till

194 179 61 21 Hans
271 179 103 28 Majestät
390 180 85 27 bringas
491 179 82 21 önskan
590 182 31 18 att
638 180 107 27 åtskilliga
756 180 114 27 ändringar
880 180 6 20 i
897 180 122 27 landtdags-

195 208 119 27 ordningen
330 208 60 21 skola
408 209 73 26 göras,
495 207 40 21 och
552 208 38 27 jag
609 208 67 20 skulle
699 215 51 13 anse
768 208 178 27 förändringarne
965 209 55 20 helst

195 237 73 20 kunna
286 237 70 20 säsom
372 236 159 27 önskningsmäl
546 236 139 25 framställas,
702 238 23 25 ty
741 243 34 13 om
792 237 114 20 ständerna
922 238 51 25 säga
988 239 32 18 att

195 265 26 20 de
236 265 34 20 för
286 265 31 20 sin
333 264 34 21 del
382 264 87 21 beslutit
485 265 24 20 sä
524 264 39 21 och
579 265 34 26 sä,
629 265 23 20 sä
667 265 43 20 kan
722 264 36 21 det
770 265 79 26 hända,
861 266 32 19 att
904 265 60 20 Hans
975 265 44 20 Ma-

193 293 67 27 jestät
276 292 48 21 icke
339 293 65 20 funne
420 292 33 21 för
469 292 50 27 godt
535 294 32 19 att
583 292 70 21 dertill
670 293 82 26 bifalla,
767 293 39 20 oeh
818 295 31 18 att
860 293 21 20 vi
892 293 128 21 ätminstone

194 321 49 20 icke
262 321 36 19 vid
317 321 69 20 denna
405 321 102 27 landtdag
525 321 80 20 erhölle
624 321 68 20 denna
710 321 212 27 landtdagsordning,
938 321 82 21 hvilket

195 349 21 20 vi
232 348 84 21 likvisst
332 349 41 20 alla
384 350 23 20 sä
417 349 117 27 innerligen
552 349 73 20 önska.
649 349 43 21 Det
708 356 51 14 vore
775 349 32 21 väl
819 350 70 20 bättre
900 351 31 19 att
943 349 77 21 cedera

196 378 46 20 litet
263 377 27 27 pä
309 377 93 26 formen,
417 377 33 21 för
465 379 32 19 att
515 377 64 21 hafva
595 379 68 19 större
681 378 67 26 utsigt
769 380 31 18 att
821 378 63 20 vinna
902 378 117 26 framgäng.

197 405 73 20 Skulle
286 405 85 20 ständet
386 405 64 21 hafva
465 406 46 26 gätt
526 405 20 20 in
563 405 28 28 pä
606 405 36 20 det
657 405 91 28 förslag,
762 406 38 27 jag
814 405 54 21 först
883 407 37 26 tog
931 405 42 27 mig
983 405 36 20 fri-

196 433 64 21 heten
279 433 129 26 framställa,
425 435 31 19 att
472 433 116 21 ständerna
604 434 66 20 mätte
686 437 79 24 antaga
781 433 56 21 hvad
847 433 60 21 Hans
920 433 100 28 Majestät

194 461 123 28 föreslagit,
334 461 26 21 dä
375 461 54 21 hade
445 461 35 21 det
490 461 125 28 lämpligare
626 462 46 27 gätt
682 462 34 20 för
727 462 33 27 sig
770 464 32 19 att
813 462 69 20 säsom
894 462 125 27 önsknings-

195 489 42 21 mäl
253 489 118 21 framställa
386 490 26 21 de
428 490 30 20 uti
473 490 104 27 förslaget
593 490 75 27 gjorda
684 489 149 28 ändringarne.
864 490 42 27 Jag
921 492 35 19 vet
971 490 48 21 icke

196 525 33 13 om
249 517 36 21 det
304 525 89 14 numera
412 519 54 20 läter
485 519 52 26 göra
556 519 40 26 sig,
618 521 22 24 ty
657 525 89 14 numera
762 519 38 20 har
815 519 84 20 ständet
915 518 104 21 definitivt

196 546 88 21 beslutit
299 547 42 26 sig,
358 553 49 14 men
423 546 81 21 känske
520 547 115 20 ständerna
651 547 73 20 kunde
739 547 89 20 likasom
844 547 35 20 vid
895 547 74 26 frägan
985 553 33 14 om

195 574 291 28 tryckfrihetsförordningen
505 575 35 20 vid
561 577 85 18 senaste
665 574 113 28 landtdag,
800 575 70 22 ehuru
883 575 35 20 det
933 575 47 20 icke
996 576 23 19 är

195 603 69 26 precis
280 610 82 13 samma
376 603 45 26 fall,
437 603 30 20 uti
483 603 36 20 det
534 603 147 28 underdäniga
698 606 72 17 svaret
786 603 42 21 läta
843 603 75 27 inflyta
932 605 40 24 att,
984 610 33 13 om

196 631 60 20 Hans
273 631 101 28 Majestät
390 631 64 21 ocksä
469 631 47 21 icke
532 632 65 20 funne
613 631 51 28 godt
679 631 74 21 bifalla
768 631 26 20 de
803 632 121 26 föreslagna
935 631 82 20 ändrin-

195 666 74 20 garne,
287 659 115 21 ständerna
417 659 54 21 ändä
487 659 68 21 skulle
570 660 50 26 nöja
636 660 31 26 sig
682 659 49 21 med
746 659 127 27 författning
888 659 7 20 i
910 659 36 20 det
961 659 55 27 syfte

196 688 40 20 den
251 688 79 26 nädiga
344 688 159 27 propositionen
519 688 124 20 innehäller.

264 716 100 20 Friherre
380 723 47 13 von
443 716 79 20 Born:
539 716 34 20 Då
583 716 36 20 det
631 716 59 20 torde
702 722 52 14 vara
764 716 168 27 otvifvelaktigt,
944 718 31 18 att
986 718 31 18 ett

196 744 106 21 definitivt
323 744 70 20 beslut
408 744 23 20 af
445 744 114 21 ständerna
576 744 6 20 i
597 752 26 12 en
639 744 60 28 fräga
718 744 65 20 sädan
805 751 44 13 som
866 744 68 20 denna
950 745 67 24 mäste

195 772 75 26 fattas,
290 772 38 20 har
343 772 39 28 jag
396 775 57 18 emot
469 772 40 20 den
526 772 23 20 af
563 772 106 21 utskottet
685 772 122 28 föreslagna
822 772 81 21 formen
918 772 48 21 icke
982 780 35 12 an-

196 803 36 18 nat
248 803 32 18 att
295 801 112 26 anmärka,
424 802 26 19 än
467 803 31 18 att
511 801 38 27 jag
563 801 31 20 uti
604 801 111 27 ingressen
726 801 79 20 saknar
815 801 74 27 hvarje
900 800 118 28 antydning

195 830 75 26 derpä,
288 831 32 19 att
336 829 70 21 denna
424 829 81 27 vigtiga
520 829 126 27 författning
668 829 122 21 tillkommit
805 829 6 20 i
827 829 113 27 anledning
955 829 23 20 af
991 836 25 13 en

196 858 23 20 af
235 856 61 22 Hans
316 852 102 37 Majestät
429 858 102 26 förelagd
552 858 64 27 nädig
632 858 139 27 proposition.
801 857 42 27 Jag
859 864 61 14 anser
936 859 31 19 ett
983 857 33 20 til-

195 886 49 27 lägg
260 886 6 20 i
282 886 59 20 detta
356 886 56 27 syfte
431 892 51 14 vara
498 886 107 26 sjelffallet
618 886 38 20 och
668 886 24 20 af
700 886 196 27 grannlagenheten
910 885 108 27 päkalladt

195 914 39 20 och
252 914 90 20 föreslär
357 914 6 20 i
379 914 75 21 sädant
470 914 110 26 afseende,
596 916 31 18 att
643 914 11 20 &
669 914 103 20 nästsista
791 914 64 20 raden
872 913 23 21 af
908 914 109 27 ingressen

195 943 54 25 efter
272 942 66 21 orden
364 958 4 9 ,
372 942 117 25 utfärdade
517 944 50 18 äro"
589 949 26 13 en
641 942 164 28 mellanmening
828 942 20 25 ,i
866 942 113 27 anledning
997 942 23 20 af

195 970 73 21 derom
284 970 68 21 skedd
367 970 64 28 nådig
447 971 146 27 proposition"
610 971 66 20 måtte
690 971 98 20 insättas.

264 998 57 21 Herr
341 999 201 27 Montgomerie:
561 999 43 20 Det
623 1000 23 19 af
658 999 90 20 friherre
765 1006 40 13 von
821 998 58 21 Born
895 998 123 27 föreslagna

196 1027 96 28 tillägget
308 1034 63 20 synes
391 1027 43 27 mig
449 1027 97 27 onödigt,
563 1027 26 20 då
605 1027 35 20 det
656 1027 33 20 väl
704 1027 48 20 icke
768 1027 41 20 kan
826 1027 84 20 komma
924 1027 7 20 i
946 1027 70 27 fråga,

196 1057 31 19 att
246 1055 116 21 ständerna
377 1055 67 21 skulle
459 1055 54 20 fatta
529 1058 31 18 ett
577 1056 69 20 beslut
662 1055 111 28 angående
789 1055 114 28 grundlag,
918 1057 50 18 utan
985 1057 31 18 att

198 1084 58 20 Hans
276 1083 103 28 Majestät
398 1084 72 20 derom
488 1084 114 20 framställt
618 1084 141 27 proposition,
776 1084 39 20 och
835 1083 26 20 då
878 1083 36 21 det
934 1083 82 21 således

196 1113 68 20 mäste
280 1112 64 20 hafva
359 1113 57 20 skett
432 1112 55 21 efter
502 1112 118 21 framställd
636 1112 63 27 nådig
710 1112 132 27 proposition
852 1112 6 20 i
869 1113 77 19 ämnet.
968 1111 48 21 Den

195 1141 23 20 af
232 1141 105 20 utskottet
356 1140 117 27 tillstyrkta
490 1141 82 20 formen
589 1142 23 19 är
627 1141 118 26 urgammal
764 1141 34 20 vid
817 1140 139 27 grundlagars
972 1140 44 21 stif-

195 1169 73 24 tande,
284 1169 100 20 hvarföre
398 1169 37 26 jag
451 1169 125 27 obetingadt
592 1169 118 27 tillstyrker
726 1169 130 20 densamma.

264 1197 100 20 Friherre
381 1197 25 20 af
420 1197 132 20 Schultén:
569 1197 64 20 Emot
648 1197 57 20 hvad
719 1197 49 20 herr
779 1197 153 27 Montgomerie
944 1198 73 19 nämnt

196 1225 35 21 vill
244 1225 39 28 jag
298 1227 52 25 göra
366 1225 40 20 den
424 1226 149 27 anmärkning,
590 1227 31 19 att
637 1225 40 20 den
693 1226 23 19 af
730 1226 105 20 utskottet
846 1225 120 27 föreslagna
976 1225 42 20 for-

196 1259 48 15 men
260 1253 126 27 visserligen
402 1253 67 21 finnes
485 1256 91 25 antagen
587 1254 7 20 i
607 1255 53 19 1772
676 1254 34 20 års
727 1253 174 28 regeringsform,
912 1260 48 13 men
971 1253 47 20 der-

196 1282 47 20 med
260 1289 38 13 var
314 1283 31 19 ett
361 1282 87 20 alldeles
464 1282 101 21 särskildt
580 1282 139 21 förhållande.
745 1282 43 21 Vid
798 1281 187 28 genomläsningen
998 1282 22 19 af

195 1311 109 26 ingressen.
321 1310 31 20 till
363 1311 54 20 1772
428 1310 34 20 års
473 1311 165 26 regeringsform
650 1310 68 21 finner
728 1317 49 14 man
789 1310 115 27 nemligen,
915 1311 31 19 att
958 1309 59 21 Hans

195 1338 101 27 Majestät
315 1338 120 27 Konungen
451 1339 5 19 i
473 1339 88 27 Sverige
581 1339 50 27 sjelf
647 1339 101 27 uppgjort
767 1339 103 26 förslaget
890 1338 69 20 dertill
978 1338 39 20 och

195 1368 31 18 att
246 1366 35 20 det
302 1366 68 20 blifvit
392 1366 101 28 enhälligt
513 1368 100 26 antaget,
631 1368 49 19 utan
701 1367 66 27 några
782 1366 174 21 amendementer
971 1366 46 20 från

196 1394 124 21 ständernas
340 1394 55 27 sida,
413 1395 40 20 och
471 1394 84 21 derföre
576 1395 70 20 kunde
665 1395 36 20 det
721 1402 50 13 vara
786 1395 46 20 skäl
849 1396 31 19 att
896 1394 36 20 der
948 1395 70 27 nyttja

196 1422 94 30 besagda
304 1423 60 21 form.
382 1422 48 21 Men
446 1423 6 20 i
470 1424 53 20 1789
539 1424 34 20 års
588 1423 118 28 förenings-
723 1423 39 21 och
774 1422 149 22 säkerhetsakt
933 1422 84 21 förefin-
