1078 1678
839 56 40 21 337

156 109 57 20 Herr
228 108 144 21 Molander:
395 108 41 27 Jag
452 109 99 20 deremot
567 109 130 26 hemställer,
716 116 33 14 om
766 110 36 20 det
817 111 46 20 icke
879 119 29 13 nu

91 137 71 20 kunde
185 137 95 28 afgöras,
303 137 105 21 huruvida
433 137 62 27 afgift
511 137 32 20 för
559 137 155 28 utminutering
736 138 52 20 skall
811 139 97 27 erläggas

90 165 51 20 eller
156 165 55 21 icke.
242 165 62 20 Flere
322 165 67 20 talare
410 165 27 20 ha
456 165 98 20 förordat
573 165 143 27 päläggandet
731 165 23 21 af
767 166 65 21 sädan
847 167 61 27 afgift

88 193 75 21 endast
179 193 6 20 i
201 193 71 21 städer
288 189 40 24 och
343 193 47 21 icke
406 193 27 27 pä
448 193 80 21 landet.
559 193 247 28 Utminuteringsfrägan
823 195 38 20 och
875 197 33 18 ut-

87 221 207 28 skänkningsfrägan
310 221 72 21 kunna
398 221 64 20 skildt
478 221 123 21 afhandlas.

155 249 58 21 Herr
227 249 198 21 landtmarskalken
441 249 124 21 framstälde
581 249 94 28 följande
691 251 141 26 proposition:

156 294 10 9 »
169 278 43 20 Vill
227 278 149 27 ridderskapet
392 278 39 21 och
447 278 62 20 adeln
525 280 32 19 att
572 278 222 28 minutförsäljningen
810 280 23 21 af
846 280 62 21 brän-

87 306 34 21 vin
138 307 27 26 pä
180 306 72 21 landet
268 306 54 21 skall
338 306 101 27 beläggas
456 307 49 20 med
521 306 72 21 skatt?

155 350 4 9 »
163 334 88 24 Vinner
265 335 45 27 nej,
326 334 129 20 bestämmes
464 335 49 20 icke
521 335 71 27 någon
604 335 58 20 skatt
672 335 34 20 för
716 335 192 29 minutförsäljning

87 362 27 27 pä
129 362 93 20 landet.

155 390 42 21 Vid
213 391 51 20 härä
278 390 84 21 anstäld
378 391 97 27 votering
490 391 75 20 utföllo
581 392 98 19 rösterna
695 398 44 13 som
755 392 71 27 följer:

291 419 7 20 i
315 419 53 20 1:sta
383 418 28 21 kl.
427 419 49 20 med
491 419 14 20 4
519 419 22 27 ja
557 420 39 19 och
617 414 15 36 5
655 419 45 27 nej,

292 447 7 32 i
315 446 59 33 2:dra
393 463 12 9 ,
453 463 11 9 n
491 448 49 24 dn
571 463 12 9 n
626 448 54 24 2»

292 482 7 13 i
314 475 56 27 8:de
394 491 12 9 »
455 491 11 10 n
494 476 47 25 Tn
573 492 12 9 »
618 476 25 20 10
670 492 12 9 7

155 503 71 20 Sedan
242 503 70 21 denna
331 503 132 27 proposition
484 503 70 21 blifvit
570 503 89 21 sälunda
680 503 97 22 nekande
794 505 113 26 besvarad,

87 531 68 21 skulle
170 531 194 28 minutförsäljning
380 532 27 27 pä
422 532 73 21 landet
510 532 48 21 icke
577 532 101 27 beläggas
695 532 47 20 med
758 533 68 26 nägon
843 533 64 21 skatt.

156 559 57 21 Herr
228 559 27 21 af
268 559 144 27 Forselles,
428 560 35 25 L.,
480 560 140 21 reserverade
637 561 32 26 sig
684 562 57 19 emot
757 561 58 20 detta
832 561 75 20 beslut.

156 587 56 22 Herr
235 587 195 22 landtmarskalken
453 588 125 21 framstälde
601 589 52 20 härä
675 588 123 28 ytterligare
817 596 26 14 en
859 596 48 20 pro-

89 616 102 27 position:

131 656 2 3 +
156 661 10 8 5
169 644 44 21 Vill
228 644 148 27 ridderskapet
392 644 40 21 och
448 645 62 20 adeln
527 647 32 18 att
574 645 194 27 minutförsäljning
783 645 23 21 af
819 646 88 20 bränvin

87 672 5 20 i
109 672 47 20 stad
172 672 53 21 skall
241 672 101 28 beläggas
357 672 49 20 med
422 672 71 21 skatt?

156 700 96 26 »Vinner
266 701 42 27 nej,
326 700 127 21 bestämmes
469 701 48 21 icke
528 702 70 26 någon
610 702 58 20 skatt
680 702 26 26 pä
717 702 191 26 minutförsäljuing

86 729 7 20 i
109 728 68 21 stad*.

156 756 43 21 Vid
214 756 83 21 anstäld
313 757 98 27 votering
427 757 73 21 utföllo
517 758 99 20 rösterna
631 758 27 26 på
674 757 92 28 följande
783 759 52 19 sätt:

151 796 2 2 :
291 785 7 20 i
316 786 52 20 1:sta
384 785 28 20 kl.
428 785 47 21 med
494 786 13 20 5
521 786 24 26 ja
561 786 39 20 och
629 786 14 20 4
658 786 46 26 nej,

292 814 7 20 i
314 813 60 21 2:dra
392 830 12 8 »
445 830 12 8 »
492 814 47 25 3»,
573 830 12 9 »
631 814 49 25 I»

292 842 7 19 i
314 841 57 27 8:dje
394 858 11 8 +»
445 858 12 9 »
494 842 46 26 5»
575 858 11 9 »
619 843 62 24 10»

156 870 34 20 Då
205 869 82 21 således
303 870 159 26 propositionen
481 870 132 21 besvarades
631 870 103 27 jakande,
753 870 52 20 hade
821 871 85 20 ståndet

89 898 93 20 bestämt
197 898 59 20 skatt
271 897 32 21 för
320 898 153 27 utminutering
488 898 6 20 i
511 899 54 19 stad.

157 925 57 21 Herr
229 932 49 14 von
294 926 78 20 Born:
395 926 42 27 Jag
454 926 115 27 nedlägger
585 926 42 20 min
644 926 132 20 reservation
792 928 43 18 mot
849 927 59 20 detta

88 954 160 27 ridderskapets
264 954 38 20 och
320 954 72 20 adelns
409 954 75 26 beslut,
501 954 82 20 hvilket
599 954 44 20 står
658 954 6 20 i
680 954 52 20 strid
748 955 47 19 med
806 954 45 27 det,
862 962 45 13 som

88 982 33 20 för
136 982 67 27 några
218 982 114 27 ögonblick
347 982 38 20 har
400 982 81 20 fattats.
513 982 44 27 Mig
580 982 113 20 förundrar
716 982 34 20 det
771 982 63 21 likväl
851 983 56 24 icke,

88 1010 27 20 då
127 1010 25 27 ju
167 1010 118 21 utskottets
300 1009 78 28 förslag
394 1010 128 20 öfverflödar
538 1011 23 20 af
574 1010 188 27 inkonseqvenser.

157 1037 58 22 Herr
230 1038 154 26 Ehrnrooth,
401 1037 23 21 C.
440 1038 37 20 A.:
501 1037 11 21 I
535 1038 222 21 öfverensstämmelse
776 1038 47 20 med
840 1038 69 21 beslu-

88 1068 32 18 tet
136 1066 41 20 kan
194 1066 35 21 det
244 1073 89 14 numera
349 1066 47 21 icke
412 1066 28 20 bli
455 1066 62 27 fråga
533 1073 34 14 om
583 1066 100 26 auktion,
700 1068 49 18 utan
766 1066 95 21 kommer
877 1069 31 18 att

88 1094 100 21 förblifva
203 1094 34 21 vid
254 1095 11 26 &
280 1095 28 20 46
324 1094 22 21 af
360 1101 27 14 nu
403 1094 98 27 gällande
520 1094 126 27 förordning
666 1094 131 21 beträffande
817 1095 91 20 utminu-

89 1123 70 26 tering
174 1123 27 26 pä
216 1122 78 21 landet.
873 1123 2 2 |

158 1150 100 21 Friherre
274 1157 46 14 von
336 1150 79 21 Born:
438 1150 97 21 Emedan
557 1151 71 27 någon
652 1151 61 27 afgift
730 1151 47 20 icke
793 1151 95 20 kommer
903 1152 6 19 i

89 1179 61 27 fråga
173 1179 32 20 för
227 1179 153 27 utminutering
403 1179 27 26 på
452 1179 82 26 landet,
559 1180 23 19 så
605 1181 36 18 äro
662 1179 65 20 också
745 1179 26 20 de
790 1178 119 27 auktioner,

89 1207 73 21 hvilka
177 1209 36 18 äro
230 1207 131 28 föreslagna,
378 1207 48 20 icke
445 1207 114 28 behöfliga.
590 1207 42 28 Jag
650 1214 62 14 anser
728 1207 81 20 således
825 1207 84 20 ordnin-

89 1242 42 21 gen
147 1235 44 20 helt
210 1235 72 21 enkelt
305 1235 53 20 böra
376 1235 65 20 blifva
461 1235 76 26 sådan,
563 1238 32 18 att
621 1235 64 21 sedan
710 1235 152 27 utminutering
886 1237 24 19 är

90 1263 152 21 sanktionerad
266 1263 23 21 af
309 1263 165 27 länestyrelsen,
497 1263 231 21 kommunalnämnden
751 1264 34 20 må
802 1270 108 21 uppmana

90 1291 58 27 dem,
165 1299 44 13 som
225 1291 68 21 önska
311 1291 112 28 öfvertaga
443 1299 25 13 en
485 1292 66 20 sådan
568 1292 112 27 rättighet,
697 1294 31 18 att
746 1293 51 26 göra
813 1292 45 19 sina
874 1299 36 12 an-

90 1319 42 20 bud
155 1320 79 26 derom,
251 1319 108 21 hvarefter
374 1320 105 20 nämnden
503 1327 58 19 eger,
577 1320 49 20 med
649 1319 100 21 afseende
768 1321 12 19 å
799 1326 111 20 personer-

90 1354 37 14 nas
143 1348 122 27 tjenlighet,
278 1347 69 21 dertill
358 1349 48 19 utse
422 1348 51 26 den,
483 1354 46 14 som
541 1348 40 20 den
593 1348 68 20 finner
672 1348 120 26 lämpligast
803 1348 38 20 och
854 1347 56 27 bäst,

91 1378 22 24 ty
130 1376 105 20 nämnden
254 1376 82 20 känner
354 1376 70 20 bättre
445 1377 25 19 än
489 1378 136 25 guvernören
645 1376 25 20 de
686 1375 162 27 ifrägavarande
863 1382 47 19 per-

91 1410 101 14 sonernas
209 1404 139 27 egenskaper.
378 1403 11 20 I
404 1404 154 27 sammanhang
574 1404 88 20 härmed
678 1404 38 20 och
733 1404 25 20 dä
772 1404 37 26 jag
825 1403 37 20 har
878 1410 32 12 or-

91 1432 42 25 det,
150 1432 95 20 anhäller
258 1432 38 27 jag
311 1434 31 18 att
358 1431 21 21 fä
394 1432 57 20 fästa
469 1432 162 27 ridderskapets
650 1432 39 20 och
708 1432 73 20 adelns
797 1431 113 26 uppmärk-

821 1472 21 14 22
