1078 1678
205 46 40 20 162
849 63 6 6 x

176 103 84 24 uttalat,
276 102 40 21 har
328 102 39 27 jag
382 102 47 21 icke
444 101 73 21 vidare
534 102 5 19 i
555 101 79 21 sakens
649 101 131 28 behandling
799 101 99 28 deltagit,
921 101 81 21 hvilket

173 133 39 26 jag
228 131 96 21 anhåller
340 133 32 18 att
388 130 21 20 få
426 130 31 20 till
472 129 131 28 protokollet
619 130 137 20 antecknadt.

246 159 58 20 Herr
319 158 133 28 Hisinger,
469 158 46 26 Fr.,
531 157 104 21 förenade
650 158 33 27 sig
698 158 6 20 i
720 158 71 21 denna
810 159 49 20 herr
875 165 40 14 von
931 158 70 20 Borns

177 183 141 37 reservation.
487 208 10 5 a

246 215 59 21 Herr
321 215 139 21 Molander:
483 214 70 21 Afven
571 215 38 27 jag
625 214 38 21 ber
679 217 31 18 att
726 215 21 20 få
762 215 132 21 antecknadt
908 215 7 20 i
930 217 72 25 proto-

178 245 72 26 kollet,
267 246 32 18 att
312 244 38 27 jag
365 243 7 21 i
387 243 50 20 flere
453 243 58 20 delar
527 243 70 20 finner
612 243 70 20 denna
696 243 73 28 frågas
784 244 84 27 lösning
885 243 47 21 icke
950 249 52 14 vara

177 271 203 23 tillfredsställande.

247 300 101 21 Friherre
364 300 30 20 de
410 300 23 20 la
448 299 134 28 Chapelle:
605 299 43 28 Jag
670 300 38 21 ber
732 302 32 19 att
782 300 22 21 få
823 301 31 20 till
872 299 130 28 protokollet

179 327 142 28 antecknadt,
344 330 32 18 att
390 328 38 27 jag
442 328 47 20 icke
507 328 118 20 öfvervarit
644 328 150 21 diskussionen
809 329 7 19 i
831 329 85 20 ståndet
937 327 65 27 angå-

178 357 54 21 ende
248 356 26 28 88
290 358 9 19 1
317 356 40 21 och
372 357 20 20 2.

247 385 33 20 På
295 384 156 27 framställning
467 384 23 20 af
503 384 50 21 herr
568 384 198 21 landtmarskalken
782 385 69 20 beslöt
868 384 91 25 ståndet,
970 385 32 19 att

178 413 141 21 medstånden
343 419 77 20 genom
443 412 126 27 deputation
593 412 69 21 skulle
682 413 137 20 underrättas
838 419 34 15 om
887 412 36 21 det
939 411 63 21 önsk-

178 441 106 28 ningsmål
299 440 150 28 ridderskapet
464 441 39 20 och
519 441 63 20 adeln
598 443 71 18 ansett
685 441 32 27 sig
732 441 63 26 böra,
812 441 66 28 enligt
889 441 48 20 herr
948 439 53 21 Nas-

179 470 73 21 sokins
268 469 90 27 förslag,
374 469 31 20 uti
421 469 36 20 det
472 469 147 28 underdåniga
637 471 73 19 svaret
726 470 27 27 på
768 476 29 14 nu
812 468 138 22 förhandlade
967 468 35 20 nå-

179 499 49 27 diga
244 497 132 28 proposition
392 497 74 27 uttala,
483 497 110 21 äfvensom
609 497 198 28 protokollsutdrag
823 497 98 21 deröfver
936 496 66 21 borde

179 526 109 22 meddelas
304 525 58 22 såväl
378 526 139 21 medstånden
533 533 45 13 som
595 526 231 27 grundlagsutskottet.

248 555 58 20 Herr
320 554 196 21 landtmarskalken
531 554 112 26 förmälde,
659 557 31 18 att
706 554 153 21 elektorerna
852 549 12 35 i
872 554 59 21 2:dra
946 553 56 21 klas-

179 591 37 14 sen
232 585 69 18 utsett
317 582 31 21 till
364 583 113 26 suppleant
491 583 7 20 i
513 584 64 19 stats-
594 583 39 20 och
650 583 234 27 bevillningsutskottet
900 582 49 21 herr
960 589 40 13 von

179 612 130 25 Haartman,
325 610 34 27 V.,
375 611 33 20 för
423 611 172 21 Lilliebrunnska
611 612 69 25 ätten,
696 614 56 17 samt
770 611 6 20 i
795 611 205 21 ekonomiutskottet

179 641 50 20 herr
244 639 121 28 Jägerhorn
382 639 22 20 af
418 639 89 27 Spurila.

249 667 173 21 Sammanträdet
437 667 94 21 slutades
547 667 27 20 kl.
592 669 9 19 1
619 674 18 14 e.
654 674 26 14 m.

786 720 21 15 In
820 720 62 15 fidem:

702 764 72 20 Victor
789 765 25 19 de
829 764 22 20 la
867 763 103 27 Chapelle.

405 916 49 26 Den
472 916 27 26 12
517 916 72 33 April
606 916 34 26 kl,
658 916 28 26 12
704 916 17 26 £.
740 924 30 18 m.

248 980 58 21 Herr
320 978 197 22 landtmarskalken
540 978 142 28 tillkännagaf
700 980 43 25 att,
763 979 65 20 sedan
847 979 85 21 ständet
948 979 52 21 slut-

179 1011 41 20 fört
240 1007 156 28 behandlingen
412 1007 23 20 af
451 1007 235 27 kyrkolagsutskottets
702 1007 147 26 betänkande,
865 1007 6 20 i
887 1007 113 27 anledning

179 1039 23 20 af
216 1036 161 29 propositionen
397 1035 108 28 angäende
522 1035 39 20 den
578 1042 42 20 nya
638 1035 134 27 kyrkolagen
788 1035 7 20 i
810 1035 64 27 öfrigt
889 1037 59 18 utom
964 1035 36 20 be-

179 1065 105 22 träffande
300 1065 118 26 ingressen,
433 1071 26 13 en
469 1064 22 20 af
499 1063 95 21 ständets
606 1064 144 25 medlemmar,
763 1064 48 20 herr
819 1063 103 28 Pipping,
935 1064 24 20 F.
972 1064 27 26 J.,

179 1095 66 20 lofvat
260 1093 92 27 upplysa
367 1092 85 21 ständet
467 1099 34 13 om
517 1091 26 21 de
559 1092 104 20 särskilda
679 1092 90 27 lagrum,
785 1092 88 21 hvilka
865 1087 13 37 i
887 1093 113 24 anledning

179 1123 22 21 af
215 1122 66 27 sagda
296 1121 90 26 förslags
402 1120 119 27 antagande
538 1120 65 21 borde
623 1121 98 27 upphöra
740 1123 32 18 att
787 1121 64 26 gälla,
871 1121 65 20 hvarä
951 1121 49 20 herr

178 1149 198 23 landtmarskalken
399 1149 118 20 anmodade
538 1149 49 21 herr
606 1148 94 28 Pipping
720 1150 30 19 att
770 1149 79 27 afgifva
866 1149 66 26 sagda
947 1155 53 21 upp-

179 1180 91 25 lysning.

187 1187 13 20 7
247 1207 58 20 Herr
320 1205 121 28 Pipping,
457 1205 23 20 F.
499 1205 31 20 J.:
554 1205 43 21 Vid
612 1205 161 27 ridderskapets
789 1206 39 20 och
843 1205 73 21 adelns
932 1205 68 20 öfver-

178 1235 101 28 läggning
295 1235 41 20 den
353 1235 26 20 10
394 1233 143 22 innevarande
552 1233 63 28 April
625 1233 92 21 rörande
732 1233 42 21 den
790 1233 34 21 del
839 1233 23 21 af
875 1233 125 28 kyrkolags-

179 1265 117 20 utskottets
312 1262 146 26 betänkande,
474 1261 60 21 hvari
550 1262 104 27 föreslogs
670 1264 32 18 att
718 1262 26 20 de
760 1269 28 13 nu
802 1261 129 22 församlade
943 1263 56 18 stän-

179 1293 66 20 derna
260 1292 55 24 ville,
329 1291 67 27 jemte
412 1290 99 28 yttrande
528 1297 34 14 om
578 1290 211 27 kyrkolagförslaget
804 1290 6 20 i
827 1291 30 20 sin
869 1290 83 25 helhet,
963 1290 37 20 hos

178 1321 29 20 H.
223 1320 27 21 K.
267 1319 101 27 Majestät
384 1319 6 20 i
405 1318 169 28 underdänighet
597 1318 85 21 anhålla
705 1325 34 14 om
761 1318 150 27 upphäfvande
930 1318 23 21 af
969 1319 31 20 åt-

179 1348 84 28 skilliga
279 1348 89 26 lagrum,
384 1346 71 21 hvilka
478 1346 61 27 lägga
559 1346 76 21 hinder
650 1346 6 20 i
672 1348 70 25 vägen
758 1346 34 20 för
807 1346 41 20 den
863 1346 137 27 religionsfri-

179 1378 43 26 het,
238 1383 46 14 som
299 1376 125 20 förutsättes
439 1375 6 19 i
461 1374 26 22 de
502 1374 90 21 ledande
607 1374 137 28 principerna
760 1375 23 20 af
795 1374 109 28 förslaget,
920 1375 39 20 har
974 1381 26 14 en

179 1406 22 20 af
215 1404 96 22 ståndets
327 1403 64 21 ärade
406 1403 124 27 ledamöter,
546 1403 49 21 herr
611 1410 41 14 von
664 1403 70 26 Born,
744 1402 126 28 uppfordrat
881 1402 120 21 ridderska-

179 1436 47 24 pets
241 1432 139 22 medlemmar
396 1432 22 20 af
431 1431 229 27 kyrkolagsutskottet,
676 1433 32 19 att
724 1431 20 27 ej
760 1431 89 21 allenast
865 1431 70 21 lemna
950 1430 51 21 hän-
