1078 1678
215 79 41 22 138

185 136 35 21 för
238 137 32 20 att
288 135 7 21 i
314 135 135 22 omförmäldt
464 136 56 27 syfte
539 136 130 21 omarbetas.
700 136 44 21 För
760 136 64 28 öfrigt
840 137 67 20 skulle
922 137 38 28 jag
975 139 33 19 tro

185 166 32 19 att
232 164 8 21 i
255 165 31 20 ett
305 164 33 21 väl
356 164 91 21 ordnadt
466 164 112 27 samhälle,
597 164 38 21 der
656 165 175 20 institutionerna
847 165 47 20 icke
910 167 36 19 äro
961 166 47 20 från

185 192 121 28 gårdagen,
325 194 51 19 utan
395 193 63 20 hafva
477 193 32 20 sin
525 193 69 26 grund
610 193 6 20 i
635 193 47 20 hela
699 193 123 20 samhällets
838 193 117 28 organism,
972 194 37 21 det

186 221 48 21 icke
253 222 24 19 är
292 222 32 19 att
340 222 88 26 antaga,
445 223 32 18 att
495 221 79 20 sådana
590 221 134 27 väsendtliga
740 221 40 21 och
796 222 66 20 totala
878 222 131 28 rubbningar

185 249 6 20 i
209 249 123 20 samhällets
348 249 137 21 verksamhet
501 249 93 21 behöfva
610 249 108 27 vidtagas,
735 251 31 19 att
783 249 225 28 tjenstebefattningar

186 277 45 21 ofta
246 277 70 20 måste
331 277 109 28 indragas;
458 279 91 19 tvärtom
566 279 44 19 tror
619 278 47 27 jag,
678 279 32 19 att
718 278 25 27 ju
754 285 58 14 mera
823 278 185 21 samhällsskicket

186 305 112 21 utvecklar
319 305 41 28 sig,
380 305 60 22 desto
459 313 58 14 mera
537 306 54 20 skall
611 313 49 13 man
676 305 58 22 finna
749 306 113 27 tillökning
877 307 23 20 af
914 307 94 20 embets-

185 333 146 27 befattningar
347 334 39 20 och
402 334 107 27 reglering
524 334 22 20 af
560 334 123 27 göromålen
704 333 49 21 dem
769 334 91 20 emellan
875 335 71 19 kunna
962 335 46 20 ske.

187 362 41 20 Om
247 361 66 21 också
331 362 128 27 indragning
474 363 22 19 af
509 362 66 28 något
591 362 53 20 verk
659 362 42 20 kan
717 362 86 20 komma
817 362 7 20 i
839 362 69 28 fråga,
926 362 82 21 hvilket

185 390 6 20 i
207 390 41 20 alla
263 390 36 19 fall
315 390 39 20 hör
369 390 33 20 till
418 390 145 27 undantagen,
580 390 24 20 så
619 392 45 18 tror
677 390 39 27 jag
731 392 32 19 att
779 390 38 21 bra
832 390 46 21 litet
893 391 32 20 för
936 392 70 19 staten

186 425 52 14 vore
258 419 31 19 att
309 417 92 27 riskera,
422 418 89 21 emedan
529 418 145 21 kostnaderna
689 418 49 21 icke
754 419 72 20 kunna
841 419 67 26 blifva
921 419 87 26 mycket

186 448 68 24 stora,
274 453 34 13 om
329 446 170 27 tjenstemännen
519 446 117 21 bibehållas
659 446 34 20 vid
708 446 41 21 den
766 446 46 21 dem
828 446 6 21 i
851 447 156 27 grundlagarne

185 473 158 22 tillförsäkrade
366 475 128 27 tryggheten
519 474 33 21 vid
572 475 47 20 sina
639 474 152 27 befattningar,
813 475 39 21 och
875 475 74 28 frägan
972 482 35 14 om

185 502 146 21 kostnaderna
346 503 24 20 är
384 503 64 20 likväl
464 503 21 20 af
494 502 150 21 underordnad
656 503 51 26 vigt.
732 503 47 20 Den
792 503 55 20 enda
858 503 79 28 följden
947 503 63 21 deraf

186 537 51 14 vore
260 530 52 26 den,
332 532 31 19 att
382 531 125 27 regeringen
527 531 47 20 icke
596 531 107 20 inrättade
722 538 44 20 nya
784 531 151 26 institutioner,
955 534 51 19 utan

185 561 33 18 att
233 565 56 21 noga
306 559 92 21 betänka
414 559 41 27 sig,
471 559 104 20 huruvida
591 559 26 20 de
634 559 72 20 kunna
722 559 64 21 hafva
796 559 146 28 varaktighet,
955 560 52 21 eller

187 594 34 13 om
238 587 26 20 de
279 587 79 26 måste,
375 587 70 21 såsom
459 587 58 21 fallet
533 587 31 20 lär
580 594 52 14 vara
646 587 49 21 med
711 588 67 27 några
793 588 85 27 nyligen
889 588 117 27 inrättade,

186 621 63 15 anses
266 622 51 14 vara
336 615 23 20 af
375 615 40 21 den
435 615 158 27 beskaffenhet,
613 617 32 19 att
660 615 27 21 de
703 615 48 21 icke
770 615 72 22 kunna
857 616 63 21 hafva
936 617 70 27 någon

186 643 87 21 framtid
288 643 34 20 för
336 643 38 28 sig.

254 671 58 21 Herr
336 672 141 20 Molander:
500 671 42 28 Jag
565 671 95 21 anhåller
678 672 78 20 endast
774 673 32 20 att
824 672 31 26 få,
874 672 132 21 beträffande

185 701 118 19 momentet
321 699 11 21 I
350 700 23 20 af
390 700 12 27 8
422 700 20 25 1,
461 700 22 20 få
497 700 140 27 understödja
650 700 41 20 den
707 700 24 20 af
743 700 126 28 regeringen
885 700 121 28 föreslagna

185 728 79 28 nådiga
279 728 160 28 propositionen
458 728 39 21 och
517 728 86 26 önskar,
619 730 31 18 att
666 729 11 26 $
694 728 77 27 måtte,
786 729 28 27 pä
829 728 68 28 grund
913 728 23 21 af
948 730 58 20 stän-

185 756 77 21 dernas
280 756 58 20 förut
356 756 94 21 uttalade
470 756 55 28 åsigt
540 757 7 19 i
563 757 81 26 ämnet,
660 758 90 26 antagas
769 756 66 28 enligt
858 756 47 21 dess
923 757 81 27 lydelse

185 785 6 20 i
208 784 168 28 propositionen.

254 812 57 21 Herr
323 820 46 14 von
380 812 118 22 Numers:
513 813 42 27 Jag
567 813 95 21 anhåller
673 813 55 21 blott
740 812 61 22 att
781 808 24 37 få
809 812 139 28 understödja
956 813 49 21 herr

185 848 41 14 von
238 840 70 21 Borns
319 843 174 26 samvetsgranna
506 842 40 20 och
559 848 34 14 om
602 841 130 21 rättskänsla
741 841 111 21 vittnande
860 841 144 27 andragande.

255 869 57 21 Herr
328 869 116 21 Blåfield
459 870 102 20 förenade
576 870 33 27 sig
624 869 49 21 med
688 869 75 27 grefve
778 869 100 21 Aminoff.

254 897 57 21 Herr
326 897 119 28 Pipping,
462 898 90 20 Fridolf:
569 898 56 20 Herr
640 904 41 14 von
692 898 58 20 Born
762 898 98 27 uppläste
872 904 50 21 nyss
933 904 26 14 en
970 898 35 21 del

185 926 24 20 af
220 926 126 20 ständernas
362 933 49 14 svar
426 926 34 20 vid
476 928 84 18 senaste
575 926 103 28 landtdag
693 926 27 27 på
731 926 61 20 Hans
804 925 112 28 Majestäts
927 926 77 48 nådiga

185 954 133 28 proposition
333 954 6 20 i
355 956 81 25 ämnet,
452 954 39 21 och
507 954 62 20 deraf
583 960 63 22 synes
662 954 136 27 visserligen,
809 956 32 19 att
852 954 114 20 ständerna
993 955 12 20 då

185 982 83 21 anhöllo
285 989 33 13 om
334 982 150 27 föreläggande
495 982 23 21 af
527 989 28 20 ny
570 982 133 27 proposition
714 982 7 20 i
732 982 36 22 det
780 982 65 27 syfte,
856 984 31 18 att
898 982 40 20 alla
949 983 55 26 tjen-

185 1012 93 25 stemän,
296 1011 83 20 hvilkas
395 1011 144 27 befattningar
555 1011 109 27 indragas,
681 1011 62 20 äfven
759 1010 113 21 framdeles
888 1010 116 27 tryggades

185 1039 35 20 vid
238 1039 46 20 sina
302 1039 51 20 fulla
372 1039 175 26 löneinkomster;
567 1045 48 14 men
637 1039 26 20 då
678 1038 61 21 Hans
757 1039 100 27 Majestät
872 1038 47 21 icke
935 1039 69 20 funnit

185 1067 75 20 sådant
278 1067 102 28 förenligt
402 1067 47 20 med
465 1069 80 19 statens
561 1067 72 26 bästa,
648 1068 52 19 utan
716 1069 72 19 ansett
803 1066 26 21 de
845 1067 27 27 på
887 1073 75 14 senare
979 1067 25 20 ti-

185 1095 37 20 der
238 1095 40 20 tidt
294 1095 39 20 och
349 1096 44 20 ofta
408 1095 111 21 inträffade
535 1095 180 28 indragningarne
732 1095 22 20 af
767 1096 97 27 tjenster,
879 1095 125 27 isynnerhet

184 1123 36 21 vid
238 1123 116 27 militären,
374 1123 63 21 hafva
456 1123 151 21 åstadkommit
626 1123 71 21 alltför
715 1125 58 19 stora
788 1123 88 28 utgifter
891 1123 33 21 för
939 1125 64 19 stats-

184 1151 84 25 verket,
290 1152 24 20 så
329 1154 36 19 vet
379 1152 38 27 jag
434 1152 58 26 icke,
509 1154 31 18 att
555 1152 62 20 Hans
633 1151 101 28 Majestät
750 1152 55 21 varit
821 1151 90 21 hindrad
926 1153 32 19 att
974 1151 29 21 af-

184 1179 58 28 gifva
256 1179 142 22 förevarande
421 1180 142 27 proposition,
583 1180 115 20 afvikande
719 1180 47 21 från
782 1179 127 21 ständernas
928 1179 76 28 åsigt
994 1175 14 37 i

185 1209 77 20 ämnet.
294 1207 63 21 Hvad
373 1209 46 20 åter
433 1208 102 21 beträffar
550 1209 50 20 herr
616 1215 40 14 von
671 1207 71 22 Borns
758 1208 101 28 yttrande
874 1207 82 27 derom,
972 1209 32 19 att

185 1236 30 21 uti
231 1236 127 21 ständernas
374 1236 120 27 åberopade
510 1243 48 14 svar
574 1236 69 21 skulle
658 1236 74 27 gifvits
747 1237 112 23 tillkänna,
875 1238 32 19 att
922 1243 82 13 samma

183 1264 108 21 förmåner
309 1265 62 20 äfven
392 1265 67 20 borde
474 1265 119 20 tillkomma
611 1266 83 19 tromän
716 1265 39 20 och
771 1265 80 20 sådana
866 1264 137 21 innehafvare

184 1292 23 21 af
220 1292 59 27 lägre
298 1293 96 27 tjenster,
416 1293 72 20 hvilka
507 1293 72 20 kunna
595 1293 24 20 af
632 1292 161 21 vederbörande
809 1292 149 27 myndigheter
974 1292 30 21 af-

184 1321 77 25 sättas,
278 1321 23 20 så
316 1321 143 20 förekommer
474 1321 6 20 i
496 1321 126 21 ständernas
638 1328 48 13 svar
702 1321 73 20 derom
787 1320 75 21 orden:
875 1337 11 8 ,,
888 1321 48 20 med
947 1320 57 20 vissa

183 1348 110 28 undantag
317 1348 33 21 för
377 1349 107 21 såkallade
510 1351 105 19 tromans-
638 1348 39 22 och
700 1348 302 28 uppbördsmannatjenster,'

183 1376 77 22 hvaraf
273 1377 61 20 torde
354 1377 87 27 framgå,
460 1379 32 19 att
511 1377 116 21 ständerna
645 1377 47 21 icke
708 1378 57 20 velat
781 1377 87 27 tillägga
883 1376 62 21 dessa
960 1378 43 18 tro-

183 1406 49 20 män
248 1405 52 21 eller
315 1405 58 27 lägre
388 1406 128 26 tjenstemän
532 1405 73 27 dylika
619 1405 113 27 förmåner,
745 1412 45 14 som
801 1405 23 21 af
833 1404 68 28 öfriga
911 1404 92 21 embets-

184 1434 46 20 män
248 1434 104 27 åtnjutas,
368 1434 51 20 eller
433 1433 49 21 med
498 1433 67 21 andra
580 1433 39 21 ord
634 1434 70 20 bättre
720 1434 40 20 lott
775 1435 26 19 än
817 1433 26 21 de
854 1432 58 21 förra
921 1432 82 22 härför-

183 1461 65 21 innan
267 1464 43 25 egt.
340 1461 34 28 Ty
390 1468 25 14 en
431 1464 83 18 troman
534 1461 52 22 eller
606 1462 139 20 innehafvare
764 1462 23 20 af
803 1461 69 27 öfriga
890 1461 38 21 här
946 1461 56 28 åsyf-
