1078 1678
818 69 41 21 285

65 128 23 21 af
102 128 92 20 skatten.
225 126 57 21 Herr
298 126 108 21 Snellman
421 125 39 21 har
475 126 69 26 yttrat
562 126 33 19 att
610 131 26 14 en
653 124 67 21 sådan
735 124 153 30 skatteförhöj-

66 157 50 26 ning
132 156 47 20 icke
195 155 68 20 skulle
280 154 65 21 verka
360 155 28 26 på
403 153 176 27 konsumtionen,
595 159 48 14 men
659 153 56 20 hvad
726 159 45 14 som
782 155 23 19 är
816 155 72 20 säkert

66 187 30 24 är,
113 186 31 18 att
160 183 41 21 den
216 183 97 20 kommer
327 184 32 19 att
370 182 65 21 verka
446 182 28 27 på
485 181 167 27 produktionen,
664 181 39 20 och
716 181 82 21 således
809 182 6 21 i
827 184 61 19 verk-

66 213 94 26 ligheten
185 213 76 26 utgöra
284 212 31 19 ett
334 210 74 21 hinder
426 210 32 21 för
475 210 49 20 dess
541 209 70 21 alltför
627 212 59 18 stora
701 209 132 28 tilltagande,
849 211 39 21 och

67 241 27 20 då
109 241 90 27 mången
215 240 61 20 torde
293 239 53 27 hysa
361 239 40 20 den
417 238 90 27 farhåga
525 240 32 18 att
572 237 34 21 för
621 237 87 28 mycket
724 238 87 22 bränvin
829 239 59 21 kom-

67 275 45 14 mer
127 271 31 18 att
174 267 120 26 tillverkas,
314 269 44 18 tror
374 267 38 27 jag
427 267 36 20 det
479 273 53 14 vara
548 265 124 22 välbetänkt
687 268 32 19 att
734 266 68 22 införa
818 269 70 27 någon

67 297 106 27 lugnande
189 295 141 27 bestämning,
350 302 45 13 som
414 295 42 20 kan
472 294 69 21 verka
556 294 89 26 derhän,
662 296 32 19 att
708 294 180 29 författningsför-

67 325 69 27 slaget
154 327 100 24 antages,
270 324 8 20 i
294 323 70 21 stället
383 323 33 20 för
434 325 32 18 att
486 323 37 20 det
539 323 62 27 eljest
617 322 67 20 skulle
700 323 85 20 komma
799 327 32 17 att
845 325 42 20 för-

68 353 79 21 kastas.
177 353 42 27 Jag
234 352 69 20 måste
321 351 107 28 tillstyrka
442 351 60 21 bifall
517 351 32 20 till
565 350 117 21 utskottets
698 350 142 28 betänkande,
857 353 31 20 så-

68 381 44 21 vidt
135 381 36 21 det
193 382 35 19 rör
251 380 60 20 detta
329 382 103 24 moment,
451 379 50 21 med
519 378 139 28 iakttagande
674 378 23 22 af
710 379 40 21 den
765 380 124 28 förändring

69 409 106 21 utskottet
190 409 45 20 deri
250 408 64 27 gjort.

137 437 56 21 Herr
210 436 156 26 Ehrnrooth,
382 435 23 21 OC.
422 436 36 20 A.:
477 435 44 28 Jag
537 435 95 21 anhåller
647 437 32 19 att
694 435 6 20 i
716 435 85 22 korthet
816 436 23 21 få
853 437 35 20 be-

69 467 58 19 möta
142 466 67 27 några
223 464 125 28 yttranden,
365 471 45 14 som
426 465 38 20 här
480 464 70 20 blifvit
565 463 87 28 afgifna.
677 463 51 21 Man
741 463 38 22 har
790 465 98 21 anmärkt

69 496 32 18 att
116 493 122 21 nuvarande
257 493 87 20 ständer
361 493 47 20 icke
424 492 66 21 borde
507 492 105 21 fastställa
631 492 69 27 någon
715 491 31 22 tid
760 492 32 21 för
806 493 83 21 förord-

70 522 88 27 ningens
174 521 107 28 giltighet,
298 528 48 13 men
362 521 96 20 deremot
473 520 37 21 vill
524 521 39 27 jag
577 521 87 25 nämna,
680 522 32 19 att
728 520 35 21 det
774 527 27 14 nu
813 522 76 21 endast

69 552 24 19 är
108 551 59 26 fråga
183 557 33 14 om
232 551 32 19 att
280 549 105 21 bibehålla
400 556 26 14 en
441 549 134 27 författning,
588 555 46 14 som
650 549 56 20 förut
722 550 23 19 är
760 549 73 27 gillad,
849 550 39 21 och

70 580 31 19 att
116 578 70 21 införa
200 577 149 28 förändringar
366 577 51 21 deri.
448 577 67 21 Detta
530 579 105 24 moment,
651 583 45 14 som
712 577 65 27 gäller
789 577 57 21 tiden
857 578 33 21 för

69 606 165 27 författningens
253 606 107 27 giltighet,
380 607 24 19 är
421 612 26 14 en
463 606 57 27 gång
535 605 58 21 förut
609 605 22 21 af
645 605 113 21 ständerna
773 605 116 27 faststäldt,

71 635 39 20 och
125 635 36 20 det
180 637 23 18 är
221 634 48 21 icke
286 634 60 27 fråga
361 636 32 19 att
408 634 54 21 rifva
477 641 44 20 upp
538 634 48 21 den.
617 633 47 21 Här
680 635 23 19 är
718 633 47 21 icke
780 633 60 28 fråga
855 641 34 14 om

71 665 32 18 att
117 663 60 21 stifta
192 669 25 14 en
233 669 28 21 ny
277 663 86 25 termin,
378 664 49 18 utan
443 664 33 18 att
491 662 109 20 bibehålla
615 662 40 20 den
672 662 75 26 gamla.
777 661 64 21 Hvad
857 669 32 14 se-

71 691 40 21 dan
135 690 101 22 beträffar
258 690 74 28 frågan
356 697 33 14 om
408 690 35 21 det
463 697 78 14 senare
556 692 126 24 momentet,
699 690 23 20 så
737 690 37 20 har
789 697 50 14 man
854 698 35 13 an-

71 719 70 21 märkt
161 721 32 19 att
208 719 40 21 den
264 718 122 28 förhöjning
399 719 23 21 af
435 719 200 26 bränvinsskatten,
651 725 45 14 som
712 718 37 21 der
764 720 24 19 är
801 718 89 22 föresla-

71 754 50 21 gen,
137 747 50 28 föga
203 747 95 21 kommer
313 750 31 18 att
359 747 88 21 inverka
463 748 28 26 på
506 746 175 26 konsumtionen,
698 746 50 21 eller
762 747 8 20 i
785 746 59 22 detta
859 747 31 21 af-

71 776 78 20 seende
170 776 64 20 blifva
251 776 106 25 märkbar,
373 782 49 14 men
437 776 108 20 utskottet
561 775 84 27 tyckes,
661 775 70 20 såsom
746 774 49 22 herr
809 775 81 21 Linder

71 804 107 26 anmärkt,
201 804 120 27 egentligen
345 804 63 20 hafva
431 803 80 28 åsyftat
535 803 87 21 dermed
641 805 31 19 att
691 803 27 21 då
733 803 35 21 vid
783 810 26 14 en
825 804 65 28 laglig

71 832 137 28 tillverkning
230 832 23 20 af
270 832 112 26 2,300,000
400 832 82 20 kannor
500 831 37 21 det
553 838 50 14 vore
619 832 113 27 antagligt,
748 831 51 21 eller
814 832 76 21 sådant

71 860 68 21 skulle
155 862 76 26 utgöra
246 862 32 18 ett
293 860 59 20 bevis
368 860 32 20 för
416 862 31 18 att
462 860 161 21 lönbränneriet
638 860 48 20 icke
702 860 134 27 synnerligen
852 861 38 21 flo-

72 895 64 20 rerar,
159 888 36 21 det
218 888 26 21 då
266 895 51 14 vore
340 888 30 21 tid
389 890 31 19 att
440 889 50 27 höja
505 888 96 21 skatten.
632 888 50 20 Med
698 890 31 19 ett
744 888 46 27 ord,
807 888 26 21 då
849 889 40 21 den

71 917 78 27 lagliga
164 916 164 27 tillverkningen
341 917 90 27 uppnått
447 919 32 19 ett
494 917 25 20 så
534 916 107 28 betydligt
656 916 84 48 belopp
752 916 67 22 skulle
830 917 60 21 detta

71 946 77 26 utgöra
170 947 32 19 ett
221 945 108 21 criterium
348 946 26 26 på
394 947 32 19 att
441 945 41 21 den
498 945 93 27 olagliga
606 944 87 28 sjunkit.
716 940 17 37 I
749 944 141 22 betraktande

71 973 62 21 häraf
149 980 63 14 anser
228 974 38 26 jag
285 973 116 21 utskottets
419 973 81 27 förslag
515 974 88 26 mycket
618 973 34 21 väl
667 973 96 21 försvara
778 973 32 21 sin
826 973 63 27 plats.

72 1001 136 21 Beträffande
223 1002 41 19 den
280 1002 193 26 omständigheten,
490 1001 106 20 huruvida
606 1002 66 26 något
683 1001 106 20 bestämdt
801 1001 89 22 kanntal

72 1029 68 20 skulle
156 1031 101 24 utsättas,
274 1029 45 20 från
336 1029 80 21 hvilket
431 1029 152 28 förhöjningen
599 1029 67 21 skulle
682 1029 95 27 vidtaga,
793 1029 38 21 har
844 1029 46 22 blif-

71 1058 31 19 vit
117 1057 107 27 anmärkt,
241 1059 31 19 att
288 1058 76 20 sådant
378 1058 67 21 borde
459 1058 144 20 öfverlemnas
614 1057 31 21 till
656 1057 116 28 styrelsens
783 1057 106 29 pröfning,

72 1085 86 21 hvilken
174 1085 73 21 derom
262 1085 71 21 kunde
350 1086 78 20 likaväl
443 1093 46 14 som
508 1086 117 21 ständerna
639 1086 91 21 besluta.
759 1085 73 28 Enligt
847 1087 42 20 min

72 1113 136 28 uppfattning
224 1115 23 19 är
262 1114 104 27 styrelsen
382 1114 124 28 berättigad
519 1116 32 19 att
566 1114 73 21 fordra
652 1114 36 21 det
699 1114 114 21 ständerna
823 1115 67 22 uttala

71 1142 33 27 sig
119 1142 6 20 i
141 1149 25 14 en
183 1142 65 21 sådan
264 1143 45 20 sak.
338 1143 40 20 Om
395 1143 69 20 denna
479 1143 134 27 författning,
629 1143 71 20 såsom
715 1143 105 20 utskottet
835 1143 55 22 före-

71 1170 72 27 slagit,
163 1171 95 20 kommer
276 1173 32 18 att
327 1171 27 27 gå
368 1171 98 26 tillbaka,
483 1171 24 20 så
521 1171 98 20 kommer
635 1171 27 20 all
678 1177 86 21 omsorg
779 1178 33 14 om
828 1171 62 22 brän-

71 1198 69 21 vinets
159 1199 95 27 forsling,
273 1199 110 20 äfvensom
401 1199 117 28 polisdelen
538 1199 23 21 af
577 1199 153 28 författningen
746 1201 31 19 att
792 1199 57 28 ligga
862 1201 28 27 på

72 1227 111 26 styrelsen.
208 1227 43 21 Det
266 1234 63 21 synes
345 1227 43 28 mig
403 1235 50 13 vara
469 1228 119 27 styrelsens
604 1228 103 27 rättighet
722 1230 31 19 att
767 1228 72 21 fordra
855 1229 35 20 det

71 1262 78 13 ansvar
165 1255 39 21 och
220 1256 93 26 klander,
330 1256 23 20 så
368 1257 85 26 mycket
470 1263 45 14 som
531 1256 94 27 möjligt,
641 1256 49 21 med
706 1256 99 21 afseende
819 1257 14 20 å
846 1259 44 26 sty-

71 1283 80 21 relsens
171 1284 100 27 åtgärder
289 1284 104 21 undvikes
412 1284 124 27 derigenom
552 1286 31 19 att
599 1285 196 27 representationen
811 1285 79 21 uttalar

71 1312 33 27 sig
118 1312 7 20 i
140 1312 59 21 detta
215 1313 106 25 afseende,
337 1314 22 25 ty
375 1313 38 26 går
429 1319 48 14 man
493 1313 24 20 så
533 1313 59 27 långt
603 1315 31 18 att
645 1313 103 27 styrelsen
760 1313 40 20 kan
813 1313 77 22 handla

71 1340 77 20 likaväl
165 1346 43 14 som
225 1341 207 26 representationen,
449 1342 24 19 så
488 1341 97 20 kommer
601 1348 48 14 man
664 1341 129 27 följdriktigt
807 1342 32 20 till
849 1342 41 20 frå-

71 1374 52 20 gan:
141 1368 99 25 ,hvartill
260 1369 69 27 tjenar
348 1368 26 21 all
392 1369 200 27 representation?'*
615 1369 87 21 Säledes
722 1370 68 20 skulle
805 1370 38 27 jag
857 1370 33 20 för

71 1396 42 20 min
137 1396 34 21 del
193 1397 91 27 päyrka,
307 1399 31 18 att
358 1397 50 20 hela
425 1397 36 21 det
480 1404 76 14 senare
575 1400 117 18 momentet
708 1398 67 20 skulle
790 1400 100 24 antagas,

71 1424 39 20 och
127 1424 36 21 det
177 1425 58 20 förra
250 1426 6 20 i
272 1425 94 27 enlighet
381 1426 48 20 med
445 1426 90 20 friherre
552 1433 41 13 von
609 1426 70 20 Borns
694 1426 86 28 förslag.

140 1452 57 22 Herr
212 1460 46 14 von
275 1453 76 21 Born:
368 1453 48 28 Jag
437 1455 24 19 är
483 1454 117 27 ingalunda
619 1461 25 14 en
662 1454 23 21 af
698 1454 47 21 dem
761 1460 45 16 som
821 1453 69 23 skulle
