<?xml version="1.0" encoding="UTF-8"?>
<alto xmlns="http://www.loc.gov/standards/alto/ns-v3#" xmlns:xlink="http://www.w3.org/1999/xlink" xmlns:xsi="http://www.w3.org/2001/XMLSchema-instance" xsi:schemaLocation="http://www.loc.gov/standards/alto/ns-v3# http://www.loc.gov/alto/v3/alto-3-0.xsd">
	<Description>
		<MeasurementUnit>pixel</MeasurementUnit>
		<sourceImageInformation>
			<fileName>/tmp/tess_zap7u_qu_input.PNG</fileName>
		</sourceImageInformation>
		<OCRProcessing ID="OCR_0">
			<ocrProcessingStep>
				<processingSoftware>
					<softwareName>tesseract 5.3.4</softwareName>
				</processingSoftware>
			</ocrProcessingStep>
		</OCRProcessing>
	</Description>
	<Layout>
		<Page WIDTH="1078" HEIGHT="1678" PHYSICAL_IMG_NR="0" ID="page_0">
			<PrintSpace HPOS="0" VPOS="0" WIDTH="1078" HEIGHT="1678">
				<GraphicalElement ID="cblock_0" HPOS="0" VPOS="374" WIDTH="6" HEIGHT="738"></GraphicalElement >
				<ComposedBlock ID="cblock_1" HPOS="224" VPOS="49" WIDTH="42" HEIGHT="22">
					<TextBlock ID="block_0" HPOS="224" VPOS="49" WIDTH="42" HEIGHT="22">
						<TextLine ID="line_0" HPOS="224" VPOS="49" WIDTH="42" HEIGHT="22">
							<String ID="string_0" HPOS="224" VPOS="49" WIDTH="42" HEIGHT="22" WC="0.96" CONTENT="224"/>
						</TextLine>
					</TextBlock>
				</ComposedBlock>
				<ComposedBlock ID="cblock_2" HPOS="195" VPOS="105" WIDTH="827" HEIGHT="1366">
					<TextBlock ID="block_1" HPOS="195" VPOS="105" WIDTH="827" HEIGHT="1366">
						<TextLine ID="line_1" HPOS="195" VPOS="105" WIDTH="827" HEIGHT="29">
							<String ID="string_1" HPOS="195" VPOS="107" WIDTH="78" HEIGHT="27" WC="0.96" CONTENT="sättet;"/><SP WIDTH="20" VPOS="107" HPOS="273"/>
							<String ID="string_2" HPOS="293" VPOS="105" WIDTH="107" HEIGHT="22" WC="0.92" CONTENT="utskottet"/><SP WIDTH="15" VPOS="105" HPOS="400"/>
							<String ID="string_3" HPOS="415" VPOS="105" WIDTH="134" HEIGHT="29" WC="0.91" CONTENT="isynnerhet,"/><SP WIDTH="16" VPOS="105" HPOS="549"/>
							<String ID="string_4" HPOS="565" VPOS="113" WIDTH="46" HEIGHT="14" WC="0.96" CONTENT="som"/><SP WIDTH="17" VPOS="113" HPOS="611"/>
							<String ID="string_5" HPOS="628" VPOS="106" WIDTH="133" HEIGHT="22" WC="0.96" CONTENT="behandlade"/><SP WIDTH="16" VPOS="106" HPOS="761"/>
							<String ID="string_6" HPOS="777" VPOS="106" WIDTH="76" HEIGHT="27" WC="0.96" CONTENT="saken,"/><SP WIDTH="17" VPOS="106" HPOS="853"/>
							<String ID="string_7" HPOS="870" VPOS="106" WIDTH="94" HEIGHT="21" WC="0.96" CONTENT="erkände"/><SP WIDTH="16" VPOS="106" HPOS="964"/>
							<String ID="string_8" HPOS="980" VPOS="107" WIDTH="42" HEIGHT="20" WC="0.96" CONTENT="alla"/>
						</TextLine>
						<TextLine ID="line_2" HPOS="195" VPOS="134" WIDTH="826" HEIGHT="29">
							<String ID="string_9" HPOS="195" VPOS="135" WIDTH="87" HEIGHT="27" WC="0.96" CONTENT="brister,"/><SP WIDTH="12" VPOS="135" HPOS="282"/>
							<String ID="string_10" HPOS="294" VPOS="141" WIDTH="57" HEIGHT="19" WC="0.96" CONTENT="som"/><SP WIDTH="23" VPOS="141" HPOS="351"/>
							<String ID="string_11" HPOS="374" VPOS="134" WIDTH="23" HEIGHT="22" WC="0.95" CONTENT="af"/><SP WIDTH="17" VPOS="134" HPOS="397"/>
							<String ID="string_12" HPOS="414" VPOS="134" WIDTH="126" HEIGHT="28" WC="0.95" CONTENT="regeringen"/><SP WIDTH="18" VPOS="134" HPOS="540"/>
							<String ID="string_13" HPOS="558" VPOS="141" WIDTH="53" HEIGHT="15" WC="0.92" CONTENT="voro"/><SP WIDTH="16" VPOS="141" HPOS="611"/>
							<String ID="string_14" HPOS="627" VPOS="135" WIDTH="95" HEIGHT="28" WC="0.91" CONTENT="antydda"/><SP WIDTH="16" VPOS="135" HPOS="722"/>
							<String ID="string_15" HPOS="738" VPOS="135" WIDTH="40" HEIGHT="22" WC="0.97" CONTENT="och"/><SP WIDTH="14" VPOS="135" HPOS="778"/>
							<String ID="string_16" HPOS="792" VPOS="135" WIDTH="147" HEIGHT="28" WC="0.96" CONTENT="uppräknade."/><SP WIDTH="31" VPOS="135" HPOS="939"/>
							<String ID="string_17" HPOS="970" VPOS="134" WIDTH="51" HEIGHT="22" WC="0.96" CONTENT="Men"/>
						</TextLine>
						<TextLine ID="line_3" HPOS="195" VPOS="163" WIDTH="827" HEIGHT="28">
							<String ID="string_18" HPOS="195" VPOS="163" WIDTH="67" HEIGHT="23" WC="0.96" CONTENT="saken"/><SP WIDTH="18" VPOS="163" HPOS="262"/>
							<String ID="string_19" HPOS="280" VPOS="163" WIDTH="98" HEIGHT="21" WC="0.96" CONTENT="förekom"/><SP WIDTH="15" VPOS="163" HPOS="378"/>
							<String ID="string_20" HPOS="393" VPOS="163" WIDTH="8" HEIGHT="21" WC="0.96" CONTENT="i"/><SP WIDTH="15" VPOS="163" HPOS="401"/>
							<String ID="string_21" HPOS="416" VPOS="163" WIDTH="50" HEIGHT="21" WC="0.96" CONTENT="elfte"/><SP WIDTH="20" VPOS="163" HPOS="466"/>
							<String ID="string_22" HPOS="486" VPOS="163" WIDTH="89" HEIGHT="21" WC="0.96" CONTENT="timmen"/><SP WIDTH="19" VPOS="163" HPOS="575"/>
							<String ID="string_23" HPOS="594" VPOS="163" WIDTH="41" HEIGHT="22" WC="0.96" CONTENT="och"/><SP WIDTH="18" VPOS="163" HPOS="635"/>
							<String ID="string_24" HPOS="653" VPOS="163" WIDTH="116" HEIGHT="22" WC="0.93" CONTENT="ständerna"/><SP WIDTH="19" VPOS="163" HPOS="769"/>
							<String ID="string_25" HPOS="788" VPOS="164" WIDTH="80" HEIGHT="27" WC="0.91" CONTENT="ansågo"/><SP WIDTH="16" VPOS="164" HPOS="868"/>
							<String ID="string_26" HPOS="884" VPOS="163" WIDTH="33" HEIGHT="28" WC="0.96" CONTENT="sig"/><SP WIDTH="15" VPOS="163" HPOS="917"/>
							<String ID="string_27" HPOS="932" VPOS="163" WIDTH="27" HEIGHT="22" WC="0.96" CONTENT="då"/><SP WIDTH="15" VPOS="163" HPOS="959"/>
							<String ID="string_28" HPOS="974" VPOS="163" WIDTH="48" HEIGHT="22" WC="0.96" CONTENT="icke"/>
						</TextLine>
						<TextLine ID="line_4" HPOS="195" VPOS="191" WIDTH="826" HEIGHT="29">
							<String ID="string_29" HPOS="195" VPOS="193" WIDTH="74" HEIGHT="20" WC="0.96" CONTENT="kunna"/><SP WIDTH="23" VPOS="193" HPOS="269"/>
							<String ID="string_30" HPOS="292" VPOS="198" WIDTH="56" HEIGHT="21" WC="0.96" CONTENT="egna"/><SP WIDTH="22" VPOS="198" HPOS="348"/>
							<String ID="string_31" HPOS="370" VPOS="191" WIDTH="42" HEIGHT="22" WC="0.96" CONTENT="den"/><SP WIDTH="18" VPOS="191" HPOS="412"/>
							<String ID="string_32" HPOS="430" VPOS="191" WIDTH="70" HEIGHT="28" WC="0.96" CONTENT="någon"/><SP WIDTH="19" VPOS="191" HPOS="500"/>
							<String ID="string_33" HPOS="519" VPOS="192" WIDTH="70" HEIGHT="21" WC="0.96" CONTENT="större"/><SP WIDTH="18" VPOS="192" HPOS="589"/>
							<String ID="string_34" HPOS="607" VPOS="192" WIDTH="191" HEIGHT="28" WC="0.96" CONTENT="uppmärksamhet"/><SP WIDTH="18" VPOS="192" HPOS="798"/>
							<String ID="string_35" HPOS="816" VPOS="192" WIDTH="52" HEIGHT="21" WC="0.95" CONTENT="eller"/><SP WIDTH="14" VPOS="192" HPOS="868"/>
							<String ID="string_36" HPOS="882" VPOS="193" WIDTH="139" HEIGHT="27" WC="0.2" CONTENT="granskning."/>
						</TextLine>
						<TextLine ID="line_5" HPOS="196" VPOS="219" WIDTH="825" HEIGHT="30">
							<String ID="string_37" HPOS="196" VPOS="220" WIDTH="44" HEIGHT="22" WC="0.96" CONTENT="Det"/><SP WIDTH="15" VPOS="220" HPOS="240"/>
							<String ID="string_38" HPOS="255" VPOS="226" WIDTH="39" HEIGHT="16" WC="0.96" CONTENT="var"/><SP WIDTH="15" VPOS="226" HPOS="294"/>
							<String ID="string_39" HPOS="309" VPOS="220" WIDTH="42" HEIGHT="21" WC="0.93" CONTENT="den"/><SP WIDTH="16" VPOS="220" HPOS="351"/>
							<String ID="string_40" HPOS="367" VPOS="219" WIDTH="164" HEIGHT="28" WC="0.92" CONTENT="hufvudsakliga"/><SP WIDTH="18" VPOS="219" HPOS="531"/>
							<String ID="string_41" HPOS="549" VPOS="220" WIDTH="153" HEIGHT="29" WC="0.92" CONTENT="anledningen,"/><SP WIDTH="18" VPOS="220" HPOS="702"/>
							<String ID="string_42" HPOS="720" VPOS="221" WIDTH="100" HEIGHT="21" WC="0.91" CONTENT="hvarföre"/><SP WIDTH="16" VPOS="221" HPOS="820"/>
							<String ID="string_43" HPOS="836" VPOS="220" WIDTH="38" HEIGHT="21" WC="0.96" CONTENT="hos"/><SP WIDTH="16" VPOS="220" HPOS="874"/>
							<String ID="string_44" HPOS="890" VPOS="221" WIDTH="84" HEIGHT="21" WC="0.93" CONTENT="landets"/><SP WIDTH="15" VPOS="221" HPOS="974"/>
							<String ID="string_45" HPOS="989" VPOS="228" WIDTH="32" HEIGHT="14" WC="0.93" CONTENT="re-"/>
						</TextLine>
						<TextLine ID="line_6" HPOS="196" VPOS="248" WIDTH="825" HEIGHT="29">
							<String ID="string_46" HPOS="196" VPOS="249" WIDTH="76" HEIGHT="28" WC="0.92" CONTENT="gering"/><SP WIDTH="11" VPOS="249" HPOS="272"/>
							<String ID="string_47" HPOS="283" VPOS="249" WIDTH="123" HEIGHT="27" WC="0.62" CONTENT="&quot;begärdes,"/><SP WIDTH="19" VPOS="249" HPOS="406"/>
							<String ID="string_48" HPOS="425" VPOS="250" WIDTH="30" HEIGHT="19" WC="0.96" CONTENT="att"/><SP WIDTH="15" VPOS="250" HPOS="455"/>
							<String ID="string_49" HPOS="470" VPOS="255" WIDTH="26" HEIGHT="14" WC="0.93" CONTENT="en"/><SP WIDTH="16" VPOS="255" HPOS="496"/>
							<String ID="string_50" HPOS="512" VPOS="248" WIDTH="91" HEIGHT="27" WC="0.91" CONTENT="komité,"/><SP WIDTH="16" VPOS="248" HPOS="603"/>
							<String ID="string_51" HPOS="619" VPOS="251" WIDTH="141" HEIGHT="19" WC="0.96" CONTENT="sammansatt"/><SP WIDTH="16" VPOS="251" HPOS="760"/>
							<String ID="string_52" HPOS="776" VPOS="249" WIDTH="22" HEIGHT="21" WC="0.93" CONTENT="af"/><SP WIDTH="14" VPOS="249" HPOS="798"/>
							<String ID="string_53" HPOS="812" VPOS="249" WIDTH="134" HEIGHT="28" WC="0.93" CONTENT="sakkunnige"/><SP WIDTH="16" VPOS="249" HPOS="946"/>
							<String ID="string_54" HPOS="962" VPOS="251" WIDTH="59" HEIGHT="25" WC="0.96" CONTENT="män,"/>
						</TextLine>
						<TextLine ID="line_7" HPOS="196" VPOS="277" WIDTH="824" HEIGHT="28">
							<String ID="string_55" HPOS="196" VPOS="277" WIDTH="69" HEIGHT="22" WC="0.92" CONTENT="skulle"/><SP WIDTH="23" VPOS="277" HPOS="265"/>
							<String ID="string_56" HPOS="288" VPOS="277" WIDTH="114" HEIGHT="21" WC="0.90" CONTENT="förbereda"/><SP WIDTH="22" VPOS="277" HPOS="402"/>
							<String ID="string_57" HPOS="424" VPOS="277" WIDTH="73" HEIGHT="28" WC="0.92" CONTENT="frägan"/><SP WIDTH="23" VPOS="277" HPOS="497"/>
							<String ID="string_58" HPOS="520" VPOS="277" WIDTH="31" HEIGHT="21" WC="0.96" CONTENT="till"/><SP WIDTH="23" VPOS="277" HPOS="551"/>
							<String ID="string_59" HPOS="574" VPOS="284" WIDTH="29" HEIGHT="21" WC="0.96" CONTENT="ny"/><SP WIDTH="24" VPOS="284" HPOS="603"/>
							<String ID="string_60" HPOS="627" VPOS="277" WIDTH="130" HEIGHT="28" WC="0.96" CONTENT="behandling"/><SP WIDTH="22" VPOS="277" HPOS="757"/>
							<String ID="string_61" HPOS="779" VPOS="277" WIDTH="36" HEIGHT="21" WC="0.96" CONTENT="vid"/><SP WIDTH="18" VPOS="277" HPOS="815"/>
							<String ID="string_62" HPOS="833" VPOS="277" WIDTH="41" HEIGHT="21" WC="0.93" CONTENT="den"/><SP WIDTH="18" VPOS="277" HPOS="874"/>
							<String ID="string_63" HPOS="892" VPOS="277" WIDTH="128" HEIGHT="22" WC="0.92" CONTENT="kommande"/>
						</TextLine>
						<TextLine ID="line_8" HPOS="196" VPOS="305" WIDTH="825" HEIGHT="29">
							<String ID="string_64" HPOS="196" VPOS="305" WIDTH="137" HEIGHT="28" WC="0.90" CONTENT="landtdagen."/><SP WIDTH="27" VPOS="305" HPOS="333"/>
							<String ID="string_65" HPOS="360" VPOS="305" WIDTH="120" HEIGHT="22" WC="0.91" CONTENT="Ständerna"/><SP WIDTH="14" VPOS="305" HPOS="480"/>
							<String ID="string_66" HPOS="494" VPOS="305" WIDTH="97" HEIGHT="22" WC="0.69" CONTENT="uttfMlade"/><SP WIDTH="16" VPOS="305" HPOS="591"/>
							<String ID="string_67" HPOS="607" VPOS="306" WIDTH="32" HEIGHT="27" WC="0.93" CONTENT="sig"/><SP WIDTH="16" VPOS="306" HPOS="639"/>
							<String ID="string_68" HPOS="655" VPOS="306" WIDTH="126" HEIGHT="28" WC="0.96" CONTENT="visserligen"/><SP WIDTH="16" VPOS="306" HPOS="781"/>
							<String ID="string_69" HPOS="797" VPOS="306" WIDTH="27" HEIGHT="21" WC="0.97" CONTENT="dä"/><SP WIDTH="14" VPOS="306" HPOS="824"/>
							<String ID="string_70" HPOS="838" VPOS="305" WIDTH="33" HEIGHT="22" WC="0.96" CONTENT="för"/><SP WIDTH="16" VPOS="305" HPOS="871"/>
							<String ID="string_71" HPOS="887" VPOS="313" WIDTH="27" HEIGHT="14" WC="0.97" CONTENT="en"/><SP WIDTH="15" VPOS="313" HPOS="914"/>
							<String ID="string_72" HPOS="929" VPOS="306" WIDTH="45" HEIGHT="21" WC="0.93" CONTENT="helt"/><SP WIDTH="10" VPOS="306" HPOS="974"/>
							<String ID="string_73" HPOS="984" VPOS="313" WIDTH="37" HEIGHT="14" WC="0.93" CONTENT="an-"/>
						</TextLine>
						<TextLine ID="line_9" HPOS="195" VPOS="333" WIDTH="825" HEIGHT="29">
							<String ID="string_74" HPOS="195" VPOS="340" WIDTH="43" HEIGHT="15" WC="0.92" CONTENT="nan"/><SP WIDTH="16" VPOS="340" HPOS="238"/>
							<String ID="string_75" HPOS="254" VPOS="333" WIDTH="69" HEIGHT="29" WC="0.93" CONTENT="princip"/><SP WIDTH="31" VPOS="333" HPOS="323"/>
							<String ID="string_76" HPOS="354" VPOS="334" WIDTH="27" HEIGHT="24" WC="0.96" CONTENT="än"/><SP WIDTH="17" VPOS="334" HPOS="381"/>
							<String ID="string_77" HPOS="398" VPOS="334" WIDTH="41" HEIGHT="21" WC="0.96" CONTENT="den"/><SP WIDTH="15" VPOS="334" HPOS="439"/>
							<String ID="string_78" HPOS="454" VPOS="340" WIDTH="45" HEIGHT="14" WC="0.96" CONTENT="som"/><SP WIDTH="14" VPOS="340" HPOS="499"/>
							<String ID="string_79" HPOS="513" VPOS="334" WIDTH="34" HEIGHT="20" WC="0.96" CONTENT="för"/><SP WIDTH="15" VPOS="334" HPOS="547"/>
							<String ID="string_80" HPOS="562" VPOS="334" WIDTH="134" HEIGHT="21" WC="0.96" CONTENT="närvarande"/><SP WIDTH="16" VPOS="334" HPOS="696"/>
							<String ID="string_81" HPOS="712" VPOS="336" WIDTH="24" HEIGHT="19" WC="0.93" CONTENT="är"/><SP WIDTH="15" VPOS="336" HPOS="736"/>
							<String ID="string_82" HPOS="751" VPOS="336" WIDTH="110" HEIGHT="26" WC="0.92" CONTENT="upptagen"/><SP WIDTH="13" VPOS="336" HPOS="861"/>
							<String ID="string_83" HPOS="874" VPOS="334" WIDTH="7" HEIGHT="20" WC="0.93" CONTENT="i"/><SP WIDTH="11" VPOS="334" HPOS="881"/>
							<String ID="string_84" HPOS="892" VPOS="335" WIDTH="128" HEIGHT="26" WC="0.93" CONTENT="propositio-"/>
						</TextLine>
						<TextLine ID="line_10" HPOS="196" VPOS="362" WIDTH="824" HEIGHT="28">
							<String ID="string_85" HPOS="196" VPOS="369" WIDTH="53" HEIGHT="21" WC="0.93" CONTENT="nen,"/><SP WIDTH="16" VPOS="369" HPOS="249"/>
							<String ID="string_86" HPOS="265" VPOS="362" WIDTH="107" HEIGHT="28" WC="0.92" CONTENT="nemligen"/><SP WIDTH="16" VPOS="362" HPOS="372"/>
							<String ID="string_87" HPOS="388" VPOS="364" WIDTH="32" HEIGHT="20" WC="0.93" CONTENT="att"/><SP WIDTH="15" VPOS="364" HPOS="420"/>
							<String ID="string_88" HPOS="435" VPOS="364" WIDTH="122" HEIGHT="26" WC="0.92" CONTENT="presternes"/><SP WIDTH="11" VPOS="364" HPOS="557"/>
							<String ID="string_89" HPOS="568" VPOS="362" WIDTH="95" HEIGHT="28" WC="0.92" CONTENT="aflöning"/><SP WIDTH="10" VPOS="362" HPOS="663"/>
							<String ID="string_90" HPOS="673" VPOS="362" WIDTH="69" HEIGHT="22" WC="0.93" CONTENT="skulle"/><SP WIDTH="11" VPOS="362" HPOS="742"/>
							<String ID="string_91" HPOS="753" VPOS="363" WIDTH="52" HEIGHT="27" WC="0.93" CONTENT="utgä"/><SP WIDTH="11" VPOS="363" HPOS="805"/>
							<String ID="string_92" HPOS="816" VPOS="362" WIDTH="55" HEIGHT="21" WC="0.93" CONTENT="efter"/><SP WIDTH="11" VPOS="362" HPOS="871"/>
							<String ID="string_93" HPOS="882" VPOS="363" WIDTH="138" HEIGHT="27" WC="0.92" CONTENT="persontalet."/>
						</TextLine>
						<TextLine ID="line_11" HPOS="197" VPOS="390" WIDTH="824" HEIGHT="29">
							<String ID="string_94" HPOS="197" VPOS="391" WIDTH="48" HEIGHT="21" WC="0.93" CONTENT="Den"/><SP WIDTH="17" VPOS="391" HPOS="245"/>
							<String ID="string_95" HPOS="262" VPOS="391" WIDTH="84" HEIGHT="28" WC="0.45" CONTENT="äsigten"/><SP WIDTH="16" VPOS="391" HPOS="346"/>
							<String ID="string_96" HPOS="362" VPOS="390" WIDTH="69" HEIGHT="29" WC="0.93" CONTENT="ligger"/><SP WIDTH="14" VPOS="390" HPOS="431"/>
							<String ID="string_97" HPOS="445" VPOS="390" WIDTH="65" HEIGHT="22" WC="0.96" CONTENT="också"/><SP WIDTH="15" VPOS="390" HPOS="510"/>
							<String ID="string_98" HPOS="525" VPOS="390" WIDTH="31" HEIGHT="21" WC="0.96" CONTENT="till"/><SP WIDTH="17" VPOS="390" HPOS="556"/>
							<String ID="string_99" HPOS="573" VPOS="390" WIDTH="49" HEIGHT="21" WC="0.97" CONTENT="stöd"/><SP WIDTH="15" VPOS="390" HPOS="622"/>
							<String ID="string_100" HPOS="637" VPOS="391" WIDTH="34" HEIGHT="21" WC="0.93" CONTENT="för"/><SP WIDTH="15" VPOS="391" HPOS="671"/>
							<String ID="string_101" HPOS="686" VPOS="391" WIDTH="149" HEIGHT="27" WC="0.93" CONTENT="pluralitetens"/><SP WIDTH="15" VPOS="391" HPOS="835"/>
							<String ID="string_102" HPOS="850" VPOS="391" WIDTH="7" HEIGHT="20" WC="0.93" CONTENT="i"/><SP WIDTH="15" VPOS="391" HPOS="857"/>
							<String ID="string_103" HPOS="872" VPOS="390" WIDTH="96" HEIGHT="21" WC="0.90" CONTENT="komitön"/><SP WIDTH="10" VPOS="390" HPOS="968"/>
							<String ID="string_104" HPOS="978" VPOS="391" WIDTH="43" HEIGHT="21" WC="0.92" CONTENT="för-"/>
						</TextLine>
						<TextLine ID="line_12" HPOS="198" VPOS="419" WIDTH="823" HEIGHT="28">
							<String ID="string_105" HPOS="198" VPOS="419" WIDTH="53" HEIGHT="28" WC="0.95" CONTENT="slag."/><SP WIDTH="30" VPOS="419" HPOS="251"/>
							<String ID="string_106" HPOS="281" VPOS="419" WIDTH="42" HEIGHT="28" WC="0.93" CONTENT="Jag"/><SP WIDTH="16" VPOS="419" HPOS="323"/>
							<String ID="string_107" HPOS="339" VPOS="421" WIDTH="51" HEIGHT="19" WC="0.86" CONTENT="tror"/><SP WIDTH="9" VPOS="421" HPOS="390"/>
							<String ID="string_108" HPOS="399" VPOS="419" WIDTH="64" HEIGHT="21" WC="0.94" CONTENT="likväl"/><SP WIDTH="16" VPOS="419" HPOS="463"/>
							<String ID="string_109" HPOS="479" VPOS="421" WIDTH="31" HEIGHT="19" WC="0.93" CONTENT="att"/><SP WIDTH="15" VPOS="421" HPOS="510"/>
							<String ID="string_110" HPOS="525" VPOS="419" WIDTH="97" HEIGHT="21" WC="0.91" CONTENT="komitön"/><SP WIDTH="15" VPOS="419" HPOS="622"/>
							<String ID="string_111" HPOS="637" VPOS="419" WIDTH="55" HEIGHT="21" WC="0.92" CONTENT="hari"/><SP WIDTH="12" VPOS="419" HPOS="692"/>
							<String ID="string_112" HPOS="704" VPOS="419" WIDTH="60" HEIGHT="28" WC="0.93" CONTENT="detta"/><SP WIDTH="14" VPOS="419" HPOS="764"/>
							<String ID="string_113" HPOS="778" VPOS="419" WIDTH="101" HEIGHT="22" WC="0.96" CONTENT="afseende"/><SP WIDTH="11" VPOS="419" HPOS="879"/>
							<String ID="string_114" HPOS="890" VPOS="419" WIDTH="46" HEIGHT="28" WC="0.96" CONTENT="gått"/><SP WIDTH="11" VPOS="419" HPOS="936"/>
							<String ID="string_115" HPOS="947" VPOS="420" WIDTH="74" HEIGHT="27" WC="0.96" CONTENT="längre"/>
						</TextLine>
						<TextLine ID="line_13" HPOS="197" VPOS="447" WIDTH="824" HEIGHT="29">
							<String ID="string_116" HPOS="197" VPOS="449" WIDTH="26" HEIGHT="20" WC="0.96" CONTENT="än"/><SP WIDTH="19" VPOS="449" HPOS="223"/>
							<String ID="string_117" HPOS="242" VPOS="447" WIDTH="58" HEIGHT="21" WC="0.96" CONTENT="hvad"/><SP WIDTH="20" VPOS="447" HPOS="300"/>
							<String ID="string_118" HPOS="320" VPOS="447" WIDTH="115" HEIGHT="22" WC="0.96" CONTENT="ständerna"/><SP WIDTH="19" VPOS="447" HPOS="435"/>
							<String ID="string_119" HPOS="454" VPOS="447" WIDTH="110" HEIGHT="22" WC="0.93" CONTENT="beräknat."/><SP WIDTH="30" VPOS="447" HPOS="564"/>
							<String ID="string_120" HPOS="594" VPOS="447" WIDTH="115" HEIGHT="26" WC="0.92" CONTENT="Komiténs"/><SP WIDTH="17" VPOS="447" HPOS="709"/>
							<String ID="string_121" HPOS="726" VPOS="448" WIDTH="87" HEIGHT="28" WC="0.96" CONTENT="förslag,"/><SP WIDTH="16" VPOS="448" HPOS="813"/>
							<String ID="string_122" HPOS="829" VPOS="455" WIDTH="46" HEIGHT="14" WC="0.96" CONTENT="som"/><SP WIDTH="15" VPOS="455" HPOS="875"/>
							<String ID="string_123" HPOS="890" VPOS="449" WIDTH="24" HEIGHT="20" WC="0.96" CONTENT="är"/><SP WIDTH="15" VPOS="449" HPOS="914"/>
							<String ID="string_124" HPOS="929" VPOS="447" WIDTH="40" HEIGHT="21" WC="0.93" CONTENT="den"/><SP WIDTH="15" VPOS="447" HPOS="969"/>
							<String ID="string_125" HPOS="984" VPOS="448" WIDTH="37" HEIGHT="21" WC="0.92" CONTENT="nä-"/>
						</TextLine>
						<TextLine ID="line_14" HPOS="197" VPOS="476" WIDTH="824" HEIGHT="28">
							<String ID="string_126" HPOS="197" VPOS="477" WIDTH="49" HEIGHT="27" WC="0.92" CONTENT="diga"/><SP WIDTH="23" VPOS="477" HPOS="246"/>
							<String ID="string_127" HPOS="269" VPOS="476" WIDTH="162" HEIGHT="28" WC="0.93" CONTENT="propositionen"/><SP WIDTH="18" VPOS="476" HPOS="431"/>
							<String ID="string_128" HPOS="449" VPOS="476" WIDTH="90" HEIGHT="28" WC="0.92" CONTENT="bilagdt;"/><SP WIDTH="20" VPOS="476" HPOS="539"/>
							<String ID="string_129" HPOS="559" VPOS="476" WIDTH="119" HEIGHT="22" WC="0.96" CONTENT="innehåller"/><SP WIDTH="18" VPOS="476" HPOS="678"/>
							<String ID="string_130" HPOS="696" VPOS="479" WIDTH="32" HEIGHT="18" WC="0.96" CONTENT="att"/><SP WIDTH="16" VPOS="479" HPOS="728"/>
							<String ID="string_131" HPOS="744" VPOS="477" WIDTH="7" HEIGHT="20" WC="0.93" CONTENT="i"/><SP WIDTH="15" VPOS="477" HPOS="751"/>
							<String ID="string_132" HPOS="766" VPOS="477" WIDTH="75" HEIGHT="27" WC="0.96" CONTENT="hvarje"/><SP WIDTH="17" VPOS="477" HPOS="841"/>
							<String ID="string_133" HPOS="858" VPOS="476" WIDTH="126" HEIGHT="28" WC="0.93" CONTENT="församling"/><SP WIDTH="15" VPOS="476" HPOS="984"/>
							<String ID="string_134" HPOS="999" VPOS="477" WIDTH="22" HEIGHT="20" WC="0.94" CONTENT="åt"/>
						</TextLine>
						<TextLine ID="line_15" HPOS="197" VPOS="504" WIDTH="824" HEIGHT="29">
							<String ID="string_135" HPOS="197" VPOS="504" WIDTH="163" HEIGHT="29" WC="0.92" CONTENT="presterskapet"/><SP WIDTH="16" VPOS="504" HPOS="360"/>
							<String ID="string_136" HPOS="376" VPOS="504" WIDTH="68" HEIGHT="27" WC="0.93" CONTENT="skulle"/><SP WIDTH="15" VPOS="504" HPOS="444"/>
							<String ID="string_137" HPOS="459" VPOS="505" WIDTH="98" HEIGHT="28" WC="0.91" CONTENT="erläggas"/><SP WIDTH="16" VPOS="505" HPOS="557"/>
							<String ID="string_138" HPOS="573" VPOS="511" WIDTH="27" HEIGHT="15" WC="0.96" CONTENT="en"/><SP WIDTH="16" VPOS="511" HPOS="600"/>
							<String ID="string_139" HPOS="616" VPOS="507" WIDTH="127" HEIGHT="26" WC="0.93" CONTENT="permanent"/><SP WIDTH="15" VPOS="507" HPOS="743"/>
							<String ID="string_140" HPOS="758" VPOS="505" WIDTH="71" HEIGHT="28" WC="0.93" CONTENT="afgift,"/><SP WIDTH="17" VPOS="505" HPOS="829"/>
							<String ID="string_141" HPOS="846" VPOS="511" WIDTH="46" HEIGHT="15" WC="0.93" CONTENT="som"/><SP WIDTH="15" VPOS="511" HPOS="892"/>
							<String ID="string_142" HPOS="907" VPOS="505" WIDTH="70" HEIGHT="21" WC="0.91" CONTENT="blefve"/><SP WIDTH="10" VPOS="505" HPOS="977"/>
							<String ID="string_143" HPOS="987" VPOS="505" WIDTH="34" HEIGHT="21" WC="0.96" CONTENT="för"/>
						</TextLine>
						<TextLine ID="line_16" HPOS="197" VPOS="533" WIDTH="824" HEIGHT="28">
							<String ID="string_144" HPOS="197" VPOS="533" WIDTH="42" HEIGHT="22" WC="0.96" CONTENT="alla"/><SP WIDTH="15" VPOS="533" HPOS="239"/>
							<String ID="string_145" HPOS="254" VPOS="533" WIDTH="24" HEIGHT="22" WC="0.96" CONTENT="år"/><SP WIDTH="14" VPOS="533" HPOS="278"/>
							<String ID="string_146" HPOS="292" VPOS="533" WIDTH="44" HEIGHT="22" WC="0.96" CONTENT="lika"/><SP WIDTH="15" VPOS="533" HPOS="336"/>
							<String ID="string_147" HPOS="351" VPOS="533" WIDTH="40" HEIGHT="22" WC="0.93" CONTENT="och"/><SP WIDTH="5" VPOS="533" HPOS="391"/>
							<String ID="string_148" HPOS="396" VPOS="533" WIDTH="129" HEIGHT="21" WC="0.96" CONTENT="fördelades"/><SP WIDTH="16" VPOS="533" HPOS="525"/>
							<String ID="string_149" HPOS="541" VPOS="533" WIDTH="28" HEIGHT="28" WC="0.96" CONTENT="pä"/><SP WIDTH="15" VPOS="533" HPOS="569"/>
							<String ID="string_150" HPOS="584" VPOS="533" WIDTH="27" HEIGHT="21" WC="0.93" CONTENT="de"/><SP WIDTH="16" VPOS="533" HPOS="611"/>
							<String ID="string_151" HPOS="627" VPOS="533" WIDTH="114" HEIGHT="22" WC="0.95" CONTENT="betalande"/><SP WIDTH="16" VPOS="533" HPOS="741"/>
							<String ID="string_152" HPOS="757" VPOS="533" WIDTH="55" HEIGHT="22" WC="0.96" CONTENT="efter"/><SP WIDTH="16" VPOS="533" HPOS="812"/>
							<String ID="string_153" HPOS="828" VPOS="533" WIDTH="27" HEIGHT="21" WC="0.96" CONTENT="de"/><SP WIDTH="11" VPOS="533" HPOS="855"/>
							<String ID="string_154" HPOS="866" VPOS="533" WIDTH="56" HEIGHT="21" WC="0.93" CONTENT="olika"/><SP WIDTH="10" VPOS="533" HPOS="922"/>
							<String ID="string_155" HPOS="932" VPOS="541" WIDTH="89" HEIGHT="20" WC="0.89" CONTENT="person-"/>
						</TextLine>
						<TextLine ID="line_17" HPOS="197" VPOS="561" WIDTH="823" HEIGHT="28">
							<String ID="string_156" HPOS="197" VPOS="562" WIDTH="58" HEIGHT="21" WC="0.92" CONTENT="talen"/><SP WIDTH="18" VPOS="562" HPOS="255"/>
							<String ID="string_157" HPOS="273" VPOS="563" WIDTH="55" HEIGHT="20" WC="0.96" CONTENT="samt"/><SP WIDTH="19" VPOS="563" HPOS="328"/>
							<String ID="string_158" HPOS="347" VPOS="561" WIDTH="57" HEIGHT="22" WC="0.93" CONTENT="olika"/><SP WIDTH="19" VPOS="561" HPOS="404"/>
							<String ID="string_159" HPOS="423" VPOS="561" WIDTH="156" HEIGHT="28" WC="0.92" CONTENT="förhällanden,"/><SP WIDTH="16" VPOS="561" HPOS="579"/>
							<String ID="string_160" HPOS="595" VPOS="561" WIDTH="87" HEIGHT="22" WC="0.91" CONTENT="hvartill"/><SP WIDTH="16" VPOS="561" HPOS="682"/>
							<String ID="string_161" HPOS="698" VPOS="569" WIDTH="131" HEIGHT="20" WC="0.92" CONTENT="personerna"/><SP WIDTH="16" VPOS="569" HPOS="829"/>
							<String ID="string_162" HPOS="845" VPOS="561" WIDTH="71" HEIGHT="22" WC="0.93" CONTENT="kunde"/><SP WIDTH="15" VPOS="561" HPOS="916"/>
							<String ID="string_163" HPOS="931" VPOS="562" WIDTH="89" HEIGHT="21" WC="0.92" CONTENT="klassifi-"/>
						</TextLine>
						<TextLine ID="line_18" HPOS="198" VPOS="589" WIDTH="821" HEIGHT="29">
							<String ID="string_164" HPOS="198" VPOS="597" WIDTH="61" HEIGHT="15" WC="0.80" CONTENT="ceras"/><SP WIDTH="15" VPOS="597" HPOS="259"/>
							<String ID="string_165" HPOS="274" VPOS="590" WIDTH="58" HEIGHT="21" WC="0.96" CONTENT="inom"/><SP WIDTH="15" VPOS="590" HPOS="332"/>
							<String ID="string_166" HPOS="347" VPOS="589" WIDTH="157" HEIGHT="29" WC="0.96" CONTENT="församlingen."/><SP WIDTH="31" VPOS="589" HPOS="504"/>
							<String ID="string_167" HPOS="535" VPOS="590" WIDTH="44" HEIGHT="21" WC="0.96" CONTENT="Det"/><SP WIDTH="16" VPOS="590" HPOS="579"/>
							<String ID="string_168" HPOS="595" VPOS="590" WIDTH="68" HEIGHT="21" WC="0.93" CONTENT="skulle"/><SP WIDTH="13" VPOS="590" HPOS="663"/>
							<String ID="string_169" HPOS="676" VPOS="591" WIDTH="150" HEIGHT="21" WC="0.95" CONTENT="åstadkomma"/><SP WIDTH="10" VPOS="591" HPOS="826"/>
							<String ID="string_170" HPOS="836" VPOS="590" WIDTH="86" HEIGHT="28" WC="0.93" CONTENT="mycket"/><SP WIDTH="11" VPOS="590" HPOS="922"/>
							<String ID="string_171" HPOS="933" VPOS="591" WIDTH="86" HEIGHT="27" WC="0.96" CONTENT="trassel,"/>
						</TextLine>
						<TextLine ID="line_19" HPOS="198" VPOS="617" WIDTH="822" HEIGHT="30">
							<String ID="string_172" HPOS="198" VPOS="619" WIDTH="92" HEIGHT="28" WC="0.96" CONTENT="mycken"/><SP WIDTH="16" VPOS="619" HPOS="290"/>
							<String ID="string_173" HPOS="306" VPOS="618" WIDTH="65" HEIGHT="22" WC="0.96" CONTENT="oreda"/><SP WIDTH="15" VPOS="618" HPOS="371"/>
							<String ID="string_174" HPOS="386" VPOS="619" WIDTH="39" HEIGHT="21" WC="0.93" CONTENT="och"/><SP WIDTH="15" VPOS="619" HPOS="425"/>
							<String ID="string_175" HPOS="440" VPOS="619" WIDTH="86" HEIGHT="28" WC="0.95" CONTENT="mycket"/><SP WIDTH="16" VPOS="619" HPOS="526"/>
							<String ID="string_176" HPOS="542" VPOS="617" WIDTH="75" HEIGHT="23" WC="0.96" CONTENT="arbete"/><SP WIDTH="15" VPOS="617" HPOS="617"/>
							<String ID="string_177" HPOS="632" VPOS="619" WIDTH="33" HEIGHT="20" WC="0.88" CONTENT="för"/><SP WIDTH="16" VPOS="619" HPOS="665"/>
							<String ID="string_178" HPOS="681" VPOS="619" WIDTH="41" HEIGHT="21" WC="0.96" CONTENT="den"/><SP WIDTH="14" VPOS="619" HPOS="722"/>
							<String ID="string_179" HPOS="736" VPOS="626" WIDTH="45" HEIGHT="14" WC="0.93" CONTENT="som"/><SP WIDTH="11" VPOS="626" HPOS="781"/>
							<String ID="string_180" HPOS="792" VPOS="619" WIDTH="54" HEIGHT="28" WC="0.92" CONTENT="egde"/><SP WIDTH="11" VPOS="619" HPOS="846"/>
							<String ID="string_181" HPOS="857" VPOS="619" WIDTH="163" HEIGHT="28" WC="0.93" CONTENT="tillvägabringa"/>
						</TextLine>
						<TextLine ID="line_20" HPOS="197" VPOS="647" WIDTH="823" HEIGHT="28">
							<String ID="string_182" HPOS="197" VPOS="654" WIDTH="27" HEIGHT="15" WC="0.93" CONTENT="en"/><SP WIDTH="16" VPOS="654" HPOS="224"/>
							<String ID="string_183" HPOS="240" VPOS="647" WIDTH="66" HEIGHT="22" WC="0.96" CONTENT="sådan"/><SP WIDTH="15" VPOS="647" HPOS="306"/>
							<String ID="string_184" HPOS="321" VPOS="647" WIDTH="120" HEIGHT="28" WC="0.96" CONTENT="fördelning"/><SP WIDTH="15" VPOS="647" HPOS="441"/>
							<String ID="string_185" HPOS="456" VPOS="647" WIDTH="39" HEIGHT="28" WC="0.93" CONTENT="och"/><SP WIDTH="15" VPOS="647" HPOS="495"/>
							<String ID="string_186" HPOS="510" VPOS="647" WIDTH="127" HEIGHT="28" WC="0.78" CONTENT="debitering."/><SP WIDTH="22" VPOS="647" HPOS="637"/>
							<String ID="string_187" HPOS="659" VPOS="647" WIDTH="43" HEIGHT="28" WC="0.78" CONTENT="Jag"/><SP WIDTH="15" VPOS="647" HPOS="702"/>
							<String ID="string_188" HPOS="717" VPOS="649" WIDTH="37" HEIGHT="20" WC="0.96" CONTENT="vet"/><SP WIDTH="16" VPOS="649" HPOS="754"/>
							<String ID="string_189" HPOS="770" VPOS="648" WIDTH="7" HEIGHT="21" WC="0.93" CONTENT="i"/><SP WIDTH="15" VPOS="648" HPOS="777"/>
							<String ID="string_190" HPOS="792" VPOS="647" WIDTH="91" HEIGHT="28" WC="0.95" CONTENT="sanning"/><SP WIDTH="15" VPOS="647" HPOS="883"/>
							<String ID="string_191" HPOS="898" VPOS="647" WIDTH="48" HEIGHT="21" WC="0.96" CONTENT="icke"/><SP WIDTH="11" VPOS="647" HPOS="946"/>
							<String ID="string_192" HPOS="957" VPOS="648" WIDTH="63" HEIGHT="21" WC="0.96" CONTENT="hvem"/>
						</TextLine>
						<TextLine ID="line_21" HPOS="198" VPOS="674" WIDTH="822" HEIGHT="29">
							<String ID="string_193" HPOS="198" VPOS="682" WIDTH="46" HEIGHT="14" WC="0.96" CONTENT="som"/><SP WIDTH="23" VPOS="682" HPOS="244"/>
							<String ID="string_194" HPOS="267" VPOS="674" WIDTH="69" HEIGHT="22" WC="0.96" CONTENT="skulle"/><SP WIDTH="22" VPOS="674" HPOS="336"/>
							<String ID="string_195" HPOS="358" VPOS="675" WIDTH="73" HEIGHT="22" WC="0.96" CONTENT="kunna"/><SP WIDTH="18" VPOS="675" HPOS="431"/>
							<String ID="string_196" HPOS="449" VPOS="675" WIDTH="51" HEIGHT="28" WC="0.96" CONTENT="göra"/><SP WIDTH="19" VPOS="675" HPOS="500"/>
							<String ID="string_197" HPOS="519" VPOS="675" WIDTH="43" HEIGHT="21" WC="0.96" CONTENT="det."/><SP WIDTH="31" VPOS="675" HPOS="562"/>
							<String ID="string_198" HPOS="593" VPOS="675" WIDTH="44" HEIGHT="21" WC="0.93" CONTENT="För"/><SP WIDTH="15" VPOS="675" HPOS="637"/>
							<String ID="string_199" HPOS="652" VPOS="675" WIDTH="230" HEIGHT="22" WC="0.91" CONTENT="kommunalnämnden"/><SP WIDTH="16" VPOS="675" HPOS="882"/>
							<String ID="string_200" HPOS="898" VPOS="676" WIDTH="70" HEIGHT="20" WC="0.92" CONTENT="blefve"/><SP WIDTH="16" VPOS="676" HPOS="968"/>
							<String ID="string_201" HPOS="984" VPOS="676" WIDTH="36" HEIGHT="21" WC="0.96" CONTENT="det"/>
						</TextLine>
						<TextLine ID="line_22" HPOS="198" VPOS="704" WIDTH="822" HEIGHT="28">
							<String ID="string_202" HPOS="198" VPOS="704" WIDTH="107" HEIGHT="28" WC="0.40" CONTENT="omöjligk,"/><SP WIDTH="19" VPOS="704" HPOS="305"/>
							<String ID="string_203" HPOS="324" VPOS="706" WIDTH="24" HEIGHT="26" WC="0.96" CONTENT="ty"/><SP WIDTH="18" VPOS="706" HPOS="348"/>
							<String ID="string_204" HPOS="366" VPOS="704" WIDTH="43" HEIGHT="21" WC="0.96" CONTENT="den"/><SP WIDTH="18" VPOS="704" HPOS="409"/>
							<String ID="string_205" HPOS="427" VPOS="705" WIDTH="22" HEIGHT="20" WC="0.96" CONTENT="är"/><SP WIDTH="18" VPOS="705" HPOS="449"/>
							<String ID="string_206" HPOS="467" VPOS="704" WIDTH="67" HEIGHT="21" WC="0.96" CONTENT="redan"/><SP WIDTH="15" VPOS="704" HPOS="534"/>
							<String ID="string_207" HPOS="549" VPOS="711" WIDTH="44" HEIGHT="21" WC="0.96" CONTENT="nog"/><SP WIDTH="18" VPOS="711" HPOS="593"/>
							<String ID="string_208" HPOS="611" VPOS="704" WIDTH="113" HEIGHT="28" WC="0.96" CONTENT="sysselsatt"/><SP WIDTH="16" VPOS="704" HPOS="724"/>
							<String ID="string_209" HPOS="740" VPOS="705" WIDTH="28" HEIGHT="26" WC="0.96" CONTENT="på"/><SP WIDTH="12" VPOS="705" HPOS="768"/>
							<String ID="string_210" HPOS="780" VPOS="706" WIDTH="65" HEIGHT="20" WC="0.94" CONTENT="annat"/><SP WIDTH="16" VPOS="706" HPOS="845"/>
							<String ID="string_211" HPOS="861" VPOS="704" WIDTH="51" HEIGHT="27" WC="0.94" CONTENT="håll,"/><SP WIDTH="16" VPOS="704" HPOS="912"/>
							<String ID="string_212" HPOS="928" VPOS="704" WIDTH="40" HEIGHT="21" WC="0.96" CONTENT="och"/><SP WIDTH="16" VPOS="704" HPOS="968"/>
							<String ID="string_213" HPOS="984" VPOS="704" WIDTH="36" HEIGHT="21" WC="0.96" CONTENT="det"/>
						</TextLine>
						<TextLine ID="line_23" HPOS="199" VPOS="732" WIDTH="822" HEIGHT="28">
							<String ID="string_214" HPOS="199" VPOS="734" WIDTH="23" HEIGHT="20" WC="0.96" CONTENT="är"/><SP WIDTH="16" VPOS="734" HPOS="222"/>
							<String ID="string_215" HPOS="238" VPOS="732" WIDTH="73" HEIGHT="21" WC="0.95" CONTENT="säkert"/><SP WIDTH="17" VPOS="732" HPOS="311"/>
							<String ID="string_216" HPOS="328" VPOS="734" WIDTH="33" HEIGHT="20" WC="0.96" CONTENT="att"/><SP WIDTH="16" VPOS="734" HPOS="361"/>
							<String ID="string_217" HPOS="377" VPOS="732" WIDTH="76" HEIGHT="28" WC="0.96" CONTENT="många"/><SP WIDTH="17" VPOS="732" HPOS="453"/>
							<String ID="string_218" HPOS="470" VPOS="732" WIDTH="140" HEIGHT="22" WC="0.95" CONTENT="medlemmar"/><SP WIDTH="15" VPOS="732" HPOS="610"/>
							<String ID="string_219" HPOS="625" VPOS="732" WIDTH="69" HEIGHT="22" WC="0.93" CONTENT="skulle"/><SP WIDTH="16" VPOS="732" HPOS="694"/>
							<String ID="string_220" HPOS="710" VPOS="732" WIDTH="139" HEIGHT="28" WC="0.91" CONTENT="undandraga"/><SP WIDTH="15" VPOS="732" HPOS="849"/>
							<String ID="string_221" HPOS="864" VPOS="732" WIDTH="32" HEIGHT="28" WC="0.96" CONTENT="sig"/><SP WIDTH="16" VPOS="732" HPOS="896"/>
							<String ID="string_222" HPOS="912" VPOS="734" WIDTH="32" HEIGHT="20" WC="0.96" CONTENT="att"/><SP WIDTH="15" VPOS="734" HPOS="944"/>
							<String ID="string_223" HPOS="959" VPOS="732" WIDTH="62" HEIGHT="22" WC="0.96" CONTENT="träda"/>
						</TextLine>
						<TextLine ID="line_24" HPOS="199" VPOS="760" WIDTH="822" HEIGHT="28">
							<String ID="string_224" HPOS="199" VPOS="762" WIDTH="21" HEIGHT="20" WC="0.96" CONTENT="in"/><SP WIDTH="14" VPOS="762" HPOS="220"/>
							<String ID="string_225" HPOS="234" VPOS="761" WIDTH="7" HEIGHT="21" WC="0.93" CONTENT="i"/><SP WIDTH="15" VPOS="761" HPOS="241"/>
							<String ID="string_226" HPOS="256" VPOS="760" WIDTH="238" HEIGHT="28" WC="0.90" CONTENT="kommunalnämnden,"/><SP WIDTH="18" VPOS="760" HPOS="494"/>
							<String ID="string_227" HPOS="512" VPOS="768" WIDTH="34" HEIGHT="14" WC="0.96" CONTENT="om"/><SP WIDTH="19" VPOS="768" HPOS="546"/>
							<String ID="string_228" HPOS="565" VPOS="761" WIDTH="41" HEIGHT="21" WC="0.96" CONTENT="den"/><SP WIDTH="19" VPOS="761" HPOS="606"/>
							<String ID="string_229" HPOS="625" VPOS="760" WIDTH="69" HEIGHT="22" WC="0.96" CONTENT="skulle"/><SP WIDTH="18" VPOS="760" HPOS="694"/>
							<String ID="string_230" HPOS="712" VPOS="761" WIDTH="22" HEIGHT="21" WC="0.96" CONTENT="få"/><SP WIDTH="18" VPOS="761" HPOS="734"/>
							<String ID="string_231" HPOS="752" VPOS="762" WIDTH="56" HEIGHT="20" WC="0.96" CONTENT="ännu"/><SP WIDTH="16" VPOS="762" HPOS="808"/>
							<String ID="string_232" HPOS="824" VPOS="761" WIDTH="60" HEIGHT="21" WC="0.96" CONTENT="detta"/><SP WIDTH="15" VPOS="761" HPOS="884"/>
							<String ID="string_233" HPOS="899" VPOS="761" WIDTH="74" HEIGHT="21" WC="0.96" CONTENT="arbete"/><SP WIDTH="16" VPOS="761" HPOS="973"/>
							<String ID="string_234" HPOS="989" VPOS="761" WIDTH="32" HEIGHT="27" WC="0.95" CONTENT="sig"/>
						</TextLine>
						<TextLine ID="line_25" HPOS="200" VPOS="789" WIDTH="820" HEIGHT="29">
							<String ID="string_235" HPOS="200" VPOS="789" WIDTH="79" HEIGHT="28" WC="0.90" CONTENT="ålagdt."/><SP WIDTH="26" VPOS="789" HPOS="279"/>
							<String ID="string_236" HPOS="305" VPOS="789" WIDTH="43" HEIGHT="28" WC="0.96" CONTENT="Jag"/><SP WIDTH="14" VPOS="789" HPOS="348"/>
							<String ID="string_237" HPOS="362" VPOS="791" WIDTH="46" HEIGHT="19" WC="0.96" CONTENT="tror"/><SP WIDTH="15" VPOS="791" HPOS="408"/>
							<String ID="string_238" HPOS="423" VPOS="791" WIDTH="31" HEIGHT="19" WC="0.96" CONTENT="att"/><SP WIDTH="11" VPOS="791" HPOS="454"/>
							<String ID="string_239" HPOS="465" VPOS="789" WIDTH="126" HEIGHT="21" WC="0.92" CONTENT="ständernas"/><SP WIDTH="11" VPOS="789" HPOS="591"/>
							<String ID="string_240" HPOS="602" VPOS="790" WIDTH="56" HEIGHT="27" WC="0.91" CONTENT="åsigt"/><SP WIDTH="10" VPOS="790" HPOS="658"/>
							<String ID="string_241" HPOS="668" VPOS="796" WIDTH="38" HEIGHT="14" WC="0.96" CONTENT="var"/><SP WIDTH="11" VPOS="796" HPOS="706"/>
							<String ID="string_242" HPOS="717" VPOS="790" WIDTH="66" HEIGHT="28" WC="0.93" CONTENT="något"/><SP WIDTH="11" VPOS="790" HPOS="783"/>
							<String ID="string_243" HPOS="794" VPOS="789" WIDTH="113" HEIGHT="22" WC="0.91" CONTENT="afvikande"/><SP WIDTH="11" VPOS="789" HPOS="907"/>
							<String ID="string_244" HPOS="918" VPOS="789" WIDTH="102" HEIGHT="28" WC="0.91" CONTENT="derifrån,"/>
						</TextLine>
						<TextLine ID="line_26" HPOS="199" VPOS="818" WIDTH="821" HEIGHT="28">
							<String ID="string_245" HPOS="199" VPOS="818" WIDTH="20" HEIGHT="21" WC="0.92" CONTENT="d."/><SP WIDTH="16" VPOS="818" HPOS="219"/>
							<String ID="string_246" HPOS="235" VPOS="825" WIDTH="19" HEIGHT="14" WC="0.95" CONTENT="v."/><SP WIDTH="17" VPOS="825" HPOS="254"/>
							<String ID="string_247" HPOS="271" VPOS="825" WIDTH="16" HEIGHT="13" WC="0.96" CONTENT="s."/><SP WIDTH="17" VPOS="825" HPOS="287"/>
							<String ID="string_248" HPOS="304" VPOS="820" WIDTH="31" HEIGHT="18" WC="0.96" CONTENT="att"/><SP WIDTH="16" VPOS="820" HPOS="335"/>
							<String ID="string_249" HPOS="351" VPOS="824" WIDTH="26" HEIGHT="15" WC="0.95" CONTENT="en"/><SP WIDTH="16" VPOS="824" HPOS="377"/>
							<String ID="string_250" HPOS="393" VPOS="818" WIDTH="43" HEIGHT="21" WC="0.95" CONTENT="viss"/><SP WIDTH="23" VPOS="818" HPOS="436"/>
							<String ID="string_251" HPOS="459" VPOS="818" WIDTH="102" HEIGHT="21" WC="0.93" CONTENT="konstant"/><SP WIDTH="24" VPOS="818" HPOS="561"/>
							<String ID="string_252" HPOS="585" VPOS="818" WIDTH="61" HEIGHT="28" WC="0.92" CONTENT="afgift"/><SP WIDTH="19" VPOS="818" HPOS="646"/>
							<String ID="string_253" HPOS="665" VPOS="818" WIDTH="69" HEIGHT="21" WC="0.96" CONTENT="skulle"/><SP WIDTH="18" VPOS="818" HPOS="734"/>
							<String ID="string_254" HPOS="752" VPOS="818" WIDTH="153" HEIGHT="28" WC="0.96" CONTENT="församlingen"/><SP WIDTH="20" VPOS="818" HPOS="905"/>
							<String ID="string_255" HPOS="925" VPOS="818" WIDTH="95" HEIGHT="27" WC="0.96" CONTENT="påföras,"/>
						</TextLine>
						<TextLine ID="line_27" HPOS="200" VPOS="846" WIDTH="820" HEIGHT="28">
							<String ID="string_256" HPOS="200" VPOS="846" WIDTH="40" HEIGHT="21" WC="0.93" CONTENT="och"/><SP WIDTH="15" VPOS="846" HPOS="240"/>
							<String ID="string_257" HPOS="255" VPOS="846" WIDTH="173" HEIGHT="28" WC="0.92" CONTENT="presterskapets"/><SP WIDTH="15" VPOS="846" HPOS="428"/>
							<String ID="string_258" HPOS="443" VPOS="846" WIDTH="94" HEIGHT="28" WC="0.92" CONTENT="aflöning"/><SP WIDTH="15" VPOS="846" HPOS="537"/>
							<String ID="string_259" HPOS="552" VPOS="853" WIDTH="53" HEIGHT="14" WC="0.93" CONTENT="vara"/><SP WIDTH="17" VPOS="853" HPOS="605"/>
							<String ID="string_260" HPOS="622" VPOS="846" WIDTH="146" HEIGHT="22" WC="0.91" CONTENT="fluctuerande"/><SP WIDTH="16" VPOS="846" HPOS="768"/>
							<String ID="string_261" HPOS="784" VPOS="847" WIDTH="6" HEIGHT="21" WC="0.96" CONTENT="i"/><SP WIDTH="15" VPOS="847" HPOS="790"/>
							<String ID="string_262" HPOS="805" VPOS="846" WIDTH="101" HEIGHT="22" WC="0.93" CONTENT="afseende"/><SP WIDTH="11" VPOS="846" HPOS="906"/>
							<String ID="string_263" HPOS="917" VPOS="847" WIDTH="13" HEIGHT="20" WC="0.93" CONTENT="ä"/><SP WIDTH="10" VPOS="847" HPOS="930"/>
							<String ID="string_264" HPOS="940" VPOS="846" WIDTH="80" HEIGHT="21" WC="0.96" CONTENT="antalet"/>
						</TextLine>
						<TextLine ID="line_28" HPOS="199" VPOS="874" WIDTH="822" HEIGHT="29">
							<String ID="string_265" HPOS="199" VPOS="875" WIDTH="23" HEIGHT="21" WC="0.96" CONTENT="af"/><SP WIDTH="13" VPOS="875" HPOS="222"/>
							<String ID="string_266" HPOS="235" VPOS="881" WIDTH="103" HEIGHT="21" WC="0.96" CONTENT="personer"/><SP WIDTH="16" VPOS="881" HPOS="338"/>
							<String ID="string_267" HPOS="354" VPOS="875" WIDTH="39" HEIGHT="21" WC="0.96" CONTENT="och"/><SP WIDTH="15" VPOS="875" HPOS="393"/>
							<String ID="string_268" HPOS="408" VPOS="875" WIDTH="67" HEIGHT="28" WC="0.96" CONTENT="öfriga"/><SP WIDTH="15" VPOS="875" HPOS="475"/>
							<String ID="string_269" HPOS="490" VPOS="875" WIDTH="148" HEIGHT="21" WC="0.96" CONTENT="förhållanden"/><SP WIDTH="14" VPOS="875" HPOS="638"/>
							<String ID="string_270" HPOS="652" VPOS="875" WIDTH="57" HEIGHT="21" WC="0.96" CONTENT="inom"/><SP WIDTH="11" VPOS="875" HPOS="709"/>
							<String ID="string_271" HPOS="720" VPOS="875" WIDTH="101" HEIGHT="21" WC="0.94" CONTENT="socknen."/><SP WIDTH="23" VPOS="875" HPOS="821"/>
							<String ID="string_272" HPOS="844" VPOS="874" WIDTH="33" HEIGHT="22" WC="0.93" CONTENT="En"/><SP WIDTH="12" VPOS="874" HPOS="877"/>
							<String ID="string_273" HPOS="889" VPOS="875" WIDTH="65" HEIGHT="21" WC="0.93" CONTENT="sådan"/><SP WIDTH="12" VPOS="875" HPOS="954"/>
							<String ID="string_274" HPOS="966" VPOS="875" WIDTH="55" HEIGHT="27" WC="0.92" CONTENT="äsigt"/>
						</TextLine>
						<TextLine ID="line_29" HPOS="200" VPOS="903" WIDTH="820" HEIGHT="28">
							<String ID="string_275" HPOS="200" VPOS="905" WIDTH="23" HEIGHT="20" WC="0.96" CONTENT="är"/><SP WIDTH="15" VPOS="905" HPOS="223"/>
							<String ID="string_276" HPOS="238" VPOS="903" WIDTH="65" HEIGHT="21" WC="0.95" CONTENT="likväl"/><SP WIDTH="15" VPOS="903" HPOS="303"/>
							<String ID="string_277" HPOS="318" VPOS="903" WIDTH="54" HEIGHT="21" WC="0.95" CONTENT="efter"/><SP WIDTH="16" VPOS="903" HPOS="372"/>
							<String ID="string_278" HPOS="388" VPOS="903" WIDTH="43" HEIGHT="21" WC="0.93" CONTENT="min"/><SP WIDTH="15" VPOS="903" HPOS="431"/>
							<String ID="string_279" HPOS="446" VPOS="904" WIDTH="143" HEIGHT="27" WC="0.91" CONTENT="öfvertygelse"/><SP WIDTH="16" VPOS="904" HPOS="589"/>
							<String ID="string_280" HPOS="605" VPOS="903" WIDTH="47" HEIGHT="21" WC="0.96" CONTENT="icke"/><SP WIDTH="14" VPOS="903" HPOS="652"/>
							<String ID="string_281" HPOS="666" VPOS="904" WIDTH="67" HEIGHT="20" WC="0.96" CONTENT="heller"/><SP WIDTH="11" VPOS="904" HPOS="733"/>
							<String ID="string_282" HPOS="744" VPOS="903" WIDTH="176" HEIGHT="28" WC="0.95" CONTENT="ändamålsenlig;"/><SP WIDTH="12" VPOS="903" HPOS="920"/>
							<String ID="string_283" HPOS="932" VPOS="905" WIDTH="23" HEIGHT="25" WC="0.93" CONTENT="ty"/><SP WIDTH="11" VPOS="905" HPOS="955"/>
							<String ID="string_284" HPOS="966" VPOS="904" WIDTH="54" HEIGHT="20" WC="0.91" CONTENT="deri-"/>
						</TextLine>
						<TextLine ID="line_30" HPOS="199" VPOS="931" WIDTH="822" HEIGHT="29">
							<String ID="string_285" HPOS="199" VPOS="938" WIDTH="77" HEIGHT="22" WC="0.93" CONTENT="genom"/><SP WIDTH="16" VPOS="938" HPOS="276"/>
							<String ID="string_286" HPOS="292" VPOS="931" WIDTH="70" HEIGHT="22" WC="0.91" CONTENT="blefve"/><SP WIDTH="16" VPOS="931" HPOS="362"/>
							<String ID="string_287" HPOS="378" VPOS="932" WIDTH="171" HEIGHT="27" WC="0.90" CONTENT="presterskapets"/><SP WIDTH="16" VPOS="932" HPOS="549"/>
							<String ID="string_288" HPOS="565" VPOS="932" WIDTH="95" HEIGHT="27" WC="0.92" CONTENT="aflöning"/><SP WIDTH="15" VPOS="932" HPOS="660"/>
							<String ID="string_289" HPOS="675" VPOS="932" WIDTH="57" HEIGHT="20" WC="0.96" CONTENT="olika"/><SP WIDTH="16" VPOS="932" HPOS="732"/>
							<String ID="string_290" HPOS="748" VPOS="932" WIDTH="36" HEIGHT="21" WC="0.96" CONTENT="det"/><SP WIDTH="15" VPOS="932" HPOS="784"/>
							<String ID="string_291" HPOS="799" VPOS="939" WIDTH="40" HEIGHT="14" WC="0.96" CONTENT="ena"/><SP WIDTH="16" VPOS="939" HPOS="839"/>
							<String ID="string_292" HPOS="855" VPOS="932" WIDTH="46" HEIGHT="20" WC="0.96" CONTENT="året"/><SP WIDTH="15" VPOS="932" HPOS="901"/>
							<String ID="string_293" HPOS="916" VPOS="932" WIDTH="55" HEIGHT="20" WC="0.96" CONTENT="efter"/><SP WIDTH="14" VPOS="932" HPOS="971"/>
							<String ID="string_294" HPOS="985" VPOS="932" WIDTH="36" HEIGHT="20" WC="0.96" CONTENT="det"/>
						</TextLine>
						<TextLine ID="line_31" HPOS="199" VPOS="960" WIDTH="821" HEIGHT="28">
							<String ID="string_295" HPOS="199" VPOS="960" WIDTH="72" HEIGHT="22" WC="0.94" CONTENT="andra."/><SP WIDTH="31" VPOS="960" HPOS="271"/>
							<String ID="string_296" HPOS="302" VPOS="960" WIDTH="44" HEIGHT="21" WC="0.95" CONTENT="Det"/><SP WIDTH="22" VPOS="960" HPOS="346"/>
							<String ID="string_297" HPOS="368" VPOS="960" WIDTH="67" HEIGHT="28" WC="0.94" CONTENT="ligger"/><SP WIDTH="22" VPOS="960" HPOS="435"/>
							<String ID="string_298" HPOS="457" VPOS="960" WIDTH="64" HEIGHT="21" WC="0.96" CONTENT="likväl"/><SP WIDTH="19" VPOS="960" HPOS="521"/>
							<String ID="string_299" HPOS="540" VPOS="960" WIDTH="93" HEIGHT="28" WC="0.96" CONTENT="mycken"/><SP WIDTH="19" VPOS="960" HPOS="633"/>
							<String ID="string_300" HPOS="652" VPOS="960" WIDTH="45" HEIGHT="28" WC="0.93" CONTENT="vigt"/><SP WIDTH="19" VPOS="960" HPOS="697"/>
							<String ID="string_301" HPOS="716" VPOS="960" WIDTH="66" HEIGHT="28" WC="0.92" CONTENT="derpå"/><SP WIDTH="20" VPOS="960" HPOS="782"/>
							<String ID="string_302" HPOS="802" VPOS="962" WIDTH="32" HEIGHT="19" WC="0.96" CONTENT="att"/><SP WIDTH="15" VPOS="962" HPOS="834"/>
							<String ID="string_303" HPOS="849" VPOS="967" WIDTH="27" HEIGHT="14" WC="0.92" CONTENT="en"/><SP WIDTH="15" VPOS="967" HPOS="876"/>
							<String ID="string_304" HPOS="891" VPOS="961" WIDTH="129" HEIGHT="27" WC="0.92" CONTENT="tjensteman"/>
						</TextLine>
						<TextLine ID="line_32" HPOS="199" VPOS="988" WIDTH="821" HEIGHT="28">
							<String ID="string_305" HPOS="199" VPOS="989" WIDTH="54" HEIGHT="21" WC="0.96" CONTENT="skall"/><SP WIDTH="19" VPOS="989" HPOS="253"/>
							<String ID="string_306" HPOS="272" VPOS="988" WIDTH="73" HEIGHT="21" WC="0.93" CONTENT="kunna"/><SP WIDTH="18" VPOS="988" HPOS="345"/>
							<String ID="string_307" HPOS="363" VPOS="988" WIDTH="101" HEIGHT="28" WC="0.92" CONTENT="temligen"/><SP WIDTH="18" VPOS="988" HPOS="464"/>
							<String ID="string_308" HPOS="482" VPOS="990" WIDTH="51" HEIGHT="19" WC="0.96" CONTENT="nära"/><SP WIDTH="19" VPOS="990" HPOS="533"/>
							<String ID="string_309" HPOS="552" VPOS="989" WIDTH="95" HEIGHT="20" WC="0.96" CONTENT="beräkna"/><SP WIDTH="17" VPOS="989" HPOS="647"/>
							<String ID="string_310" HPOS="664" VPOS="989" WIDTH="33" HEIGHT="20" WC="0.96" CONTENT="sin"/><SP WIDTH="16" VPOS="989" HPOS="697"/>
							<String ID="string_311" HPOS="713" VPOS="989" WIDTH="67" HEIGHT="27" WC="0.96" CONTENT="årliga"/><SP WIDTH="16" VPOS="989" HPOS="780"/>
							<String ID="string_312" HPOS="796" VPOS="989" WIDTH="105" HEIGHT="20" WC="0.96" CONTENT="ordinarie"/><SP WIDTH="15" VPOS="989" HPOS="901"/>
							<String ID="string_313" HPOS="916" VPOS="988" WIDTH="104" HEIGHT="27" WC="0.96" CONTENT="inkomst,"/>
						</TextLine>
						<TextLine ID="line_33" HPOS="198" VPOS="1016" WIDTH="822" HEIGHT="22">
							<String ID="string_314" HPOS="198" VPOS="1017" WIDTH="32" HEIGHT="21" WC="0.96" CONTENT="för"/><SP WIDTH="15" VPOS="1017" HPOS="230"/>
							<String ID="string_315" HPOS="245" VPOS="1018" WIDTH="33" HEIGHT="19" WC="0.96" CONTENT="att"/><SP WIDTH="16" VPOS="1018" HPOS="278"/>
							<String ID="string_316" HPOS="294" VPOS="1016" WIDTH="93" HEIGHT="21" WC="0.96" CONTENT="derefter"/><SP WIDTH="16" VPOS="1016" HPOS="387"/>
							<String ID="string_317" HPOS="403" VPOS="1017" WIDTH="61" HEIGHT="20" WC="0.96" CONTENT="ställa"/><SP WIDTH="15" VPOS="1017" HPOS="464"/>
							<String ID="string_318" HPOS="479" VPOS="1017" WIDTH="32" HEIGHT="20" WC="0.92" CONTENT="sin"/><SP WIDTH="14" VPOS="1017" HPOS="511"/>
							<String ID="string_319" HPOS="525" VPOS="1017" WIDTH="80" HEIGHT="20" WC="0.92" CONTENT="lefnad."/><SP WIDTH="29" VPOS="1017" HPOS="605"/>
							<String ID="string_320" HPOS="634" VPOS="1017" WIDTH="68" HEIGHT="21" WC="0.95" CONTENT="Detta"/><SP WIDTH="16" VPOS="1017" HPOS="702"/>
							<String ID="string_321" HPOS="718" VPOS="1017" WIDTH="68" HEIGHT="21" WC="0.96" CONTENT="skulle"/><SP WIDTH="16" VPOS="1017" HPOS="786"/>
							<String ID="string_322" HPOS="802" VPOS="1017" WIDTH="67" HEIGHT="20" WC="0.96" CONTENT="under"/><SP WIDTH="15" VPOS="1017" HPOS="869"/>
							<String ID="string_323" HPOS="884" VPOS="1017" WIDTH="79" HEIGHT="20" WC="0.91" CONTENT="sådana"/><SP WIDTH="15" VPOS="1017" HPOS="963"/>
							<String ID="string_324" HPOS="978" VPOS="1017" WIDTH="42" HEIGHT="20" WC="0.91" CONTENT="för-"/>
						</TextLine>
						<TextLine ID="line_34" HPOS="198" VPOS="1045" WIDTH="823" HEIGHT="28">
							<String ID="string_325" HPOS="198" VPOS="1045" WIDTH="114" HEIGHT="22" WC="0.91" CONTENT="hållanden"/><SP WIDTH="16" VPOS="1045" HPOS="312"/>
							<String ID="string_326" HPOS="328" VPOS="1045" WIDTH="46" HEIGHT="21" WC="0.96" CONTENT="icke"/><SP WIDTH="16" VPOS="1045" HPOS="374"/>
							<String ID="string_327" HPOS="390" VPOS="1045" WIDTH="90" HEIGHT="21" WC="0.94" CONTENT="inträffa."/><SP WIDTH="25" VPOS="1045" HPOS="480"/>
							<String ID="string_328" HPOS="505" VPOS="1045" WIDTH="61" HEIGHT="21" WC="0.96" CONTENT="Båda"/><SP WIDTH="16" VPOS="1045" HPOS="566"/>
							<String ID="string_329" HPOS="582" VPOS="1045" WIDTH="63" HEIGHT="21" WC="0.93" CONTENT="dessa"/><SP WIDTH="15" VPOS="1045" HPOS="645"/>
							<String ID="string_330" HPOS="660" VPOS="1046" WIDTH="82" HEIGHT="27" WC="0.92" CONTENT="åsigter"/><SP WIDTH="15" VPOS="1046" HPOS="742"/>
							<String ID="string_331" HPOS="757" VPOS="1045" WIDTH="52" HEIGHT="22" WC="0.96" CONTENT="eller"/><SP WIDTH="15" VPOS="1045" HPOS="809"/>
							<String ID="string_332" HPOS="824" VPOS="1045" WIDTH="86" HEIGHT="28" WC="0.96" CONTENT="förslag,"/><SP WIDTH="16" VPOS="1045" HPOS="910"/>
							<String ID="string_333" HPOS="926" VPOS="1053" WIDTH="48" HEIGHT="13" WC="0.96" CONTENT="man"/><SP WIDTH="13" VPOS="1053" HPOS="974"/>
							<String ID="string_334" HPOS="987" VPOS="1045" WIDTH="34" HEIGHT="21" WC="0.96" CONTENT="må"/>
						</TextLine>
						<TextLine ID="line_35" HPOS="198" VPOS="1073" WIDTH="822" HEIGHT="28">
							<String ID="string_335" HPOS="198" VPOS="1074" WIDTH="51" HEIGHT="27" WC="0.96" CONTENT="utgå"/><SP WIDTH="9" VPOS="1074" HPOS="249"/>
							<String ID="string_336" HPOS="258" VPOS="1073" WIDTH="48" HEIGHT="22" WC="0.96" CONTENT="från"/><SP WIDTH="10" VPOS="1073" HPOS="306"/>
							<String ID="string_337" HPOS="316" VPOS="1073" WIDTH="41" HEIGHT="21" WC="0.96" CONTENT="den"/><SP WIDTH="11" VPOS="1073" HPOS="357"/>
							<String ID="string_338" HPOS="368" VPOS="1081" WIDTH="40" HEIGHT="14" WC="0.96" CONTENT="ena"/><SP WIDTH="11" VPOS="1081" HPOS="408"/>
							<String ID="string_339" HPOS="419" VPOS="1074" WIDTH="51" HEIGHT="21" WC="0.96" CONTENT="eller"/><SP WIDTH="11" VPOS="1074" HPOS="470"/>
							<String ID="string_340" HPOS="481" VPOS="1073" WIDTH="66" HEIGHT="22" WC="0.96" CONTENT="andra"/><SP WIDTH="10" VPOS="1073" HPOS="547"/>
							<String ID="string_341" HPOS="557" VPOS="1074" WIDTH="122" HEIGHT="27" WC="0.95" CONTENT="principen,"/><SP WIDTH="11" VPOS="1074" HPOS="679"/>
							<String ID="string_342" HPOS="690" VPOS="1074" WIDTH="72" HEIGHT="21" WC="0.96" CONTENT="utvisa"/><SP WIDTH="11" VPOS="1074" HPOS="762"/>
							<String ID="string_343" HPOS="773" VPOS="1076" WIDTH="32" HEIGHT="19" WC="0.96" CONTENT="att"/><SP WIDTH="10" VPOS="1076" HPOS="805"/>
							<String ID="string_344" HPOS="815" VPOS="1081" WIDTH="27" HEIGHT="14" WC="0.95" CONTENT="en"/><SP WIDTH="11" VPOS="1081" HPOS="842"/>
							<String ID="string_345" HPOS="853" VPOS="1076" WIDTH="127" HEIGHT="25" WC="0.93" CONTENT="permanent"/><SP WIDTH="10" VPOS="1076" HPOS="980"/>
							<String ID="string_346" HPOS="990" VPOS="1074" WIDTH="30" HEIGHT="21" WC="0.92" CONTENT="af-"/>
						</TextLine>
						<TextLine ID="line_36" HPOS="197" VPOS="1102" WIDTH="824" HEIGHT="29">
							<String ID="string_347" HPOS="197" VPOS="1102" WIDTH="79" HEIGHT="28" WC="0.93" CONTENT="löning,"/><SP WIDTH="10" VPOS="1102" HPOS="276"/>
							<String ID="string_348" HPOS="286" VPOS="1102" WIDTH="147" HEIGHT="21" WC="0.88" CONTENT="fluctuerande"/><SP WIDTH="10" VPOS="1102" HPOS="433"/>
							<String ID="string_349" HPOS="443" VPOS="1102" WIDTH="54" HEIGHT="21" WC="0.93" CONTENT="efter"/><SP WIDTH="11" VPOS="1102" HPOS="497"/>
							<String ID="string_350" HPOS="508" VPOS="1103" WIDTH="139" HEIGHT="26" WC="0.92" CONTENT="persontalet,"/><SP WIDTH="11" VPOS="1103" HPOS="647"/>
							<String ID="string_351" HPOS="658" VPOS="1109" WIDTH="50" HEIGHT="14" WC="0.96" CONTENT="vore"/><SP WIDTH="12" VPOS="1109" HPOS="708"/>
							<String ID="string_352" HPOS="720" VPOS="1103" WIDTH="87" HEIGHT="28" WC="0.96" CONTENT="omöjlig"/><SP WIDTH="11" VPOS="1103" HPOS="807"/>
							<String ID="string_353" HPOS="818" VPOS="1104" WIDTH="33" HEIGHT="19" WC="0.96" CONTENT="att"/><SP WIDTH="10" VPOS="1104" HPOS="851"/>
							<String ID="string_354" HPOS="861" VPOS="1102" WIDTH="102" HEIGHT="28" WC="0.95" CONTENT="tillämpa."/><SP WIDTH="16" VPOS="1102" HPOS="963"/>
							<String ID="string_355" HPOS="979" VPOS="1103" WIDTH="42" HEIGHT="27" WC="0.96" CONTENT="Jag"/>
						</TextLine>
						<TextLine ID="line_37" HPOS="198" VPOS="1130" WIDTH="822" HEIGHT="29">
							<String ID="string_356" HPOS="198" VPOS="1131" WIDTH="68" HEIGHT="20" WC="0.96" CONTENT="skulle"/><SP WIDTH="16" VPOS="1131" HPOS="266"/>
							<String ID="string_357" HPOS="282" VPOS="1137" WIDTH="52" HEIGHT="14" WC="0.96" CONTENT="anse"/><SP WIDTH="16" VPOS="1137" HPOS="334"/>
							<String ID="string_358" HPOS="350" VPOS="1130" WIDTH="60" HEIGHT="21" WC="0.96" CONTENT="detta"/><SP WIDTH="14" VPOS="1130" HPOS="410"/>
							<String ID="string_359" HPOS="424" VPOS="1130" WIDTH="33" HEIGHT="21" WC="0.96" CONTENT="för"/><SP WIDTH="10" VPOS="1130" HPOS="457"/>
							<String ID="string_360" HPOS="467" VPOS="1131" WIDTH="36" HEIGHT="21" WC="0.93" CONTENT="det"/><SP WIDTH="10" VPOS="1131" HPOS="503"/>
							<String ID="string_361" HPOS="513" VPOS="1131" WIDTH="166" HEIGHT="28" WC="0.91" CONTENT="hufvudsakliga"/><SP WIDTH="13" VPOS="1131" HPOS="679"/>
							<String ID="string_362" HPOS="692" VPOS="1131" WIDTH="80" HEIGHT="26" WC="0.93" CONTENT="skälet,"/><SP WIDTH="12" VPOS="1131" HPOS="772"/>
							<String ID="string_363" HPOS="784" VPOS="1131" WIDTH="98" HEIGHT="21" WC="0.92" CONTENT="hvarföre"/><SP WIDTH="12" VPOS="1131" HPOS="882"/>
							<String ID="string_364" HPOS="894" VPOS="1131" WIDTH="126" HEIGHT="28" WC="0.95" CONTENT="regeringen"/>
						</TextLine>
						<TextLine ID="line_38" HPOS="197" VPOS="1159" WIDTH="823" HEIGHT="28">
							<String ID="string_365" HPOS="197" VPOS="1159" WIDTH="48" HEIGHT="22" WC="0.96" CONTENT="icke"/><SP WIDTH="23" VPOS="1159" HPOS="245"/>
							<String ID="string_366" HPOS="268" VPOS="1159" WIDTH="67" HEIGHT="27" WC="0.96" CONTENT="ansåg"/><SP WIDTH="23" VPOS="1159" HPOS="335"/>
							<String ID="string_367" HPOS="358" VPOS="1159" WIDTH="32" HEIGHT="27" WC="0.96" CONTENT="sig"/><SP WIDTH="19" VPOS="1159" HPOS="390"/>
							<String ID="string_368" HPOS="409" VPOS="1159" WIDTH="71" HEIGHT="21" WC="0.96" CONTENT="kunna"/><SP WIDTH="18" VPOS="1159" HPOS="480"/>
							<String ID="string_369" HPOS="498" VPOS="1159" WIDTH="115" HEIGHT="28" WC="0.93" CONTENT="godkänna"/><SP WIDTH="19" VPOS="1159" HPOS="613"/>
							<String ID="string_370" HPOS="632" VPOS="1159" WIDTH="106" HEIGHT="22" WC="0.92" CONTENT="komiténs"/><SP WIDTH="21" VPOS="1159" HPOS="738"/>
							<String ID="string_371" HPOS="759" VPOS="1160" WIDTH="85" HEIGHT="27" WC="0.94" CONTENT="förslag."/><SP WIDTH="30" VPOS="1160" HPOS="844"/>
							<String ID="string_372" HPOS="874" VPOS="1159" WIDTH="34" HEIGHT="21" WC="0.96" CONTENT="De"/><SP WIDTH="16" VPOS="1159" HPOS="908"/>
							<String ID="string_373" HPOS="924" VPOS="1159" WIDTH="96" HEIGHT="28" WC="0.96" CONTENT="uttryck,"/>
						</TextLine>
						<TextLine ID="line_39" HPOS="199" VPOS="1187" WIDTH="822" HEIGHT="28">
							<String ID="string_374" HPOS="199" VPOS="1194" WIDTH="45" HEIGHT="15" WC="0.96" CONTENT="som"/><SP WIDTH="25" VPOS="1194" HPOS="244"/>
							<String ID="string_375" HPOS="269" VPOS="1187" WIDTH="73" HEIGHT="21" WC="0.96" CONTENT="derom"/><SP WIDTH="23" VPOS="1187" HPOS="342"/>
							<String ID="string_376" HPOS="365" VPOS="1187" WIDTH="132" HEIGHT="22" WC="0.96" CONTENT="förekomma"/><SP WIDTH="22" VPOS="1187" HPOS="497"/>
							<String ID="string_377" HPOS="519" VPOS="1188" WIDTH="7" HEIGHT="21" WC="0.96" CONTENT="i"/><SP WIDTH="19" VPOS="1188" HPOS="526"/>
							<String ID="string_378" HPOS="545" VPOS="1187" WIDTH="41" HEIGHT="21" WC="0.96" CONTENT="den"/><SP WIDTH="23" VPOS="1187" HPOS="586"/>
							<String ID="string_379" HPOS="609" VPOS="1188" WIDTH="79" HEIGHT="27" WC="0.96" CONTENT="nådiga"/><SP WIDTH="22" VPOS="1188" HPOS="688"/>
							<String ID="string_380" HPOS="710" VPOS="1188" WIDTH="162" HEIGHT="27" WC="0.96" CONTENT="propositionen"/><SP WIDTH="22" VPOS="1188" HPOS="872"/>
							<String ID="string_381" HPOS="894" VPOS="1189" WIDTH="48" HEIGHT="19" WC="0.92" CONTENT="äro:"/><SP WIDTH="23" VPOS="1189" HPOS="942"/>
							<String ID="string_382" HPOS="965" VPOS="1204" WIDTH="4" HEIGHT="9" WC="0.93" CONTENT=","/><SP WIDTH="3" VPOS="1204" HPOS="969"/>
							<String ID="string_383" HPOS="972" VPOS="1187" WIDTH="49" HEIGHT="26" WC="0.96" CONTENT="Vid"/>
						</TextLine>
						<TextLine ID="line_40" HPOS="198" VPOS="1215" WIDTH="823" HEIGHT="29">
							<String ID="string_384" HPOS="198" VPOS="1215" WIDTH="160" HEIGHT="29" WC="0.96" CONTENT="granskningen"/><SP WIDTH="16" VPOS="1215" HPOS="358"/>
							<String ID="string_385" HPOS="374" VPOS="1215" WIDTH="23" HEIGHT="22" WC="0.96" CONTENT="af"/><SP WIDTH="14" VPOS="1215" HPOS="397"/>
							<String ID="string_386" HPOS="411" VPOS="1216" WIDTH="59" HEIGHT="21" WC="0.96" CONTENT="detta"/><SP WIDTH="14" VPOS="1216" HPOS="470"/>
							<String ID="string_387" HPOS="484" VPOS="1216" WIDTH="80" HEIGHT="27" WC="0.96" CONTENT="förslag"/><SP WIDTH="15" VPOS="1216" HPOS="564"/>
							<String ID="string_388" HPOS="579" VPOS="1216" WIDTH="40" HEIGHT="21" WC="0.93" CONTENT="har"/><SP WIDTH="15" VPOS="1216" HPOS="619"/>
							<String ID="string_389" HPOS="634" VPOS="1216" WIDTH="28" HEIGHT="21" WC="0.89" CONTENT="H."/><SP WIDTH="16" VPOS="1216" HPOS="662"/>
							<String ID="string_390" HPOS="678" VPOS="1216" WIDTH="28" HEIGHT="21" WC="0.91" CONTENT="K."/><SP WIDTH="16" VPOS="1216" HPOS="706"/>
							<String ID="string_391" HPOS="722" VPOS="1217" WIDTH="102" HEIGHT="27" WC="0.96" CONTENT="Majestät"/><SP WIDTH="15" VPOS="1217" HPOS="824"/>
							<String ID="string_392" HPOS="839" VPOS="1215" WIDTH="69" HEIGHT="22" WC="0.96" CONTENT="funnit"/><SP WIDTH="13" VPOS="1215" HPOS="908"/>
							<String ID="string_393" HPOS="921" VPOS="1215" WIDTH="35" HEIGHT="22" WC="0.96" CONTENT="det"/><SP WIDTH="11" VPOS="1215" HPOS="956"/>
							<String ID="string_394" HPOS="967" VPOS="1216" WIDTH="54" HEIGHT="21" WC="0.96" CONTENT="först"/>
						</TextLine>
						<TextLine ID="line_41" HPOS="197" VPOS="1244" WIDTH="823" HEIGHT="28">
							<String ID="string_395" HPOS="197" VPOS="1244" WIDTH="94" HEIGHT="21" WC="0.94" CONTENT="nämnda"/><SP WIDTH="22" VPOS="1244" HPOS="291"/>
							<String ID="string_396" HPOS="313" VPOS="1245" WIDTH="47" HEIGHT="20" WC="0.91" CONTENT="icke"/><SP WIDTH="23" VPOS="1245" HPOS="360"/>
							<String ID="string_397" HPOS="383" VPOS="1244" WIDTH="89" HEIGHT="21" WC="0.91" CONTENT="allenast"/><SP WIDTH="22" VPOS="1244" HPOS="472"/>
							<String ID="string_398" HPOS="494" VPOS="1251" WIDTH="52" HEIGHT="14" WC="0.96" CONTENT="vara"/><SP WIDTH="18" VPOS="1251" HPOS="546"/>
							<String ID="string_399" HPOS="564" VPOS="1245" WIDTH="32" HEIGHT="20" WC="0.96" CONTENT="till"/><SP WIDTH="19" VPOS="1245" HPOS="596"/>
							<String ID="string_400" HPOS="615" VPOS="1245" WIDTH="33" HEIGHT="20" WC="0.96" CONTENT="sin"/><SP WIDTH="18" VPOS="1245" HPOS="648"/>
							<String ID="string_401" HPOS="666" VPOS="1245" WIDTH="70" HEIGHT="27" WC="0.96" CONTENT="grund"/><SP WIDTH="18" VPOS="1245" HPOS="736"/>
							<String ID="string_402" HPOS="754" VPOS="1245" WIDTH="24" HEIGHT="20" WC="0.91" CONTENT="så"/><SP WIDTH="14" VPOS="1245" HPOS="778"/>
							<String ID="string_403" HPOS="792" VPOS="1244" WIDTH="115" HEIGHT="21" WC="0.91" CONTENT="afvikande"/><SP WIDTH="15" VPOS="1244" HPOS="907"/>
							<String ID="string_404" HPOS="922" VPOS="1244" WIDTH="47" HEIGHT="21" WC="0.92" CONTENT="från"/><SP WIDTH="16" VPOS="1244" HPOS="969"/>
							<String ID="string_405" HPOS="985" VPOS="1245" WIDTH="35" HEIGHT="20" WC="0.91" CONTENT="be-"/>
						</TextLine>
						<TextLine ID="line_42" HPOS="198" VPOS="1272" WIDTH="823" HEIGHT="29">
							<String ID="string_406" HPOS="198" VPOS="1273" WIDTH="89" HEIGHT="20" WC="0.96" CONTENT="stående"/><SP WIDTH="16" VPOS="1273" HPOS="287"/>
							<String ID="string_407" HPOS="303" VPOS="1272" WIDTH="146" HEIGHT="22" WC="0.96" CONTENT="förhållanden"/><SP WIDTH="16" VPOS="1272" HPOS="449"/>
							<String ID="string_408" HPOS="465" VPOS="1273" WIDTH="6" HEIGHT="20" WC="0.96" CONTENT="i"/><SP WIDTH="16" VPOS="1273" HPOS="471"/>
							<String ID="string_409" HPOS="487" VPOS="1273" WIDTH="70" HEIGHT="28" WC="0.96" CONTENT="kyrka"/><SP WIDTH="16" VPOS="1273" HPOS="557"/>
							<String ID="string_410" HPOS="573" VPOS="1273" WIDTH="40" HEIGHT="21" WC="0.95" CONTENT="och"/><SP WIDTH="16" VPOS="1273" HPOS="613"/>
							<String ID="string_411" HPOS="629" VPOS="1275" WIDTH="42" HEIGHT="18" WC="0.96" CONTENT="stat"/><SP WIDTH="16" VPOS="1275" HPOS="671"/>
							<String ID="string_412" HPOS="687" VPOS="1275" WIDTH="56" HEIGHT="19" WC="0.96" CONTENT="samt"/><SP WIDTH="15" VPOS="1275" HPOS="743"/>
							<String ID="string_413" HPOS="758" VPOS="1273" WIDTH="47" HEIGHT="21" WC="0.93" CONTENT="från"/><SP WIDTH="16" VPOS="1273" HPOS="805"/>
							<String ID="string_414" HPOS="821" VPOS="1273" WIDTH="136" HEIGHT="20" WC="0.91" CONTENT="häfdvunnen"/><SP WIDTH="16" VPOS="1273" HPOS="957"/>
							<String ID="string_415" HPOS="973" VPOS="1273" WIDTH="48" HEIGHT="27" WC="0.95" CONTENT="sed,"/>
						</TextLine>
						<TextLine ID="line_43" HPOS="198" VPOS="1301" WIDTH="823" HEIGHT="28">
							<String ID="string_416" HPOS="198" VPOS="1303" WIDTH="32" HEIGHT="19" WC="0.96" CONTENT="att"/><SP WIDTH="16" VPOS="1303" HPOS="230"/>
							<String ID="string_417" HPOS="246" VPOS="1301" WIDTH="36" HEIGHT="20" WC="0.96" CONTENT="det"/><SP WIDTH="18" VPOS="1301" HPOS="282"/>
							<String ID="string_418" HPOS="300" VPOS="1301" WIDTH="21" HEIGHT="27" WC="0.96" CONTENT="ej"/><SP WIDTH="18" VPOS="1301" HPOS="321"/>
							<String ID="string_419" HPOS="339" VPOS="1303" WIDTH="53" HEIGHT="19" WC="0.96" CONTENT="utan"/><SP WIDTH="18" VPOS="1303" HPOS="392"/>
							<String ID="string_420" HPOS="410" VPOS="1308" WIDTH="26" HEIGHT="14" WC="0.96" CONTENT="en"/><SP WIDTH="19" VPOS="1308" HPOS="436"/>
							<String ID="string_421" HPOS="455" VPOS="1301" WIDTH="77" HEIGHT="28" WC="0.96" CONTENT="mängd"/><SP WIDTH="15" VPOS="1301" HPOS="532"/>
							<String ID="string_422" HPOS="547" VPOS="1301" WIDTH="159" HEIGHT="28" WC="0.96" CONTENT="förvecklingar"/><SP WIDTH="15" VPOS="1301" HPOS="706"/>
							<String ID="string_423" HPOS="721" VPOS="1302" WIDTH="7" HEIGHT="20" WC="0.96" CONTENT="i"/><SP WIDTH="16" VPOS="1302" HPOS="728"/>
							<String ID="string_424" HPOS="744" VPOS="1301" WIDTH="101" HEIGHT="21" WC="0.93" CONTENT="afseende"/><SP WIDTH="17" VPOS="1301" HPOS="845"/>
							<String ID="string_425" HPOS="862" VPOS="1301" WIDTH="12" HEIGHT="21" WC="0.92" CONTENT="&amp;"/><SP WIDTH="15" VPOS="1301" HPOS="874"/>
							<String ID="string_426" HPOS="889" VPOS="1301" WIDTH="132" HEIGHT="27" WC="0.92" CONTENT="presterska-"/>
						</TextLine>
						<TextLine ID="line_44" HPOS="197" VPOS="1329" WIDTH="824" HEIGHT="28">
							<String ID="string_427" HPOS="197" VPOS="1331" WIDTH="49" HEIGHT="25" WC="0.92" CONTENT="pets"/><SP WIDTH="19" VPOS="1331" HPOS="246"/>
							<String ID="string_428" HPOS="265" VPOS="1329" WIDTH="101" HEIGHT="27" WC="0.96" CONTENT="ställning"/><SP WIDTH="18" VPOS="1329" HPOS="366"/>
							<String ID="string_429" HPOS="384" VPOS="1330" WIDTH="31" HEIGHT="20" WC="0.92" CONTENT="till"/><SP WIDTH="18" VPOS="1330" HPOS="415"/>
							<String ID="string_430" HPOS="433" VPOS="1329" WIDTH="188" HEIGHT="27" WC="0.90" CONTENT="församlingarne,"/><SP WIDTH="20" VPOS="1329" HPOS="621"/>
							<String ID="string_431" HPOS="641" VPOS="1329" WIDTH="71" HEIGHT="21" WC="0.96" CONTENT="kunde"/><SP WIDTH="18" VPOS="1329" HPOS="712"/>
							<String ID="string_432" HPOS="730" VPOS="1330" WIDTH="146" HEIGHT="27" WC="0.96" CONTENT="genomföras,"/><SP WIDTH="16" VPOS="1330" HPOS="876"/>
							<String ID="string_433" HPOS="892" VPOS="1331" WIDTH="51" HEIGHT="19" WC="0.96" CONTENT="utan"/><SP WIDTH="17" VPOS="1331" HPOS="943"/>
							<String ID="string_434" HPOS="960" VPOS="1330" WIDTH="61" HEIGHT="20" WC="0.96" CONTENT="äfven"/>
						</TextLine>
						<TextLine ID="line_45" HPOS="198" VPOS="1357" WIDTH="823" HEIGHT="29">
							<String ID="string_435" HPOS="198" VPOS="1357" WIDTH="104" HEIGHT="21" WC="0.95" CONTENT="innebära"/><SP WIDTH="15" VPOS="1357" HPOS="302"/>
							<String ID="string_436" HPOS="317" VPOS="1358" WIDTH="53" HEIGHT="20" WC="0.93" CONTENT="flera"/><SP WIDTH="16" VPOS="1358" HPOS="370"/>
							<String ID="string_437" HPOS="386" VPOS="1357" WIDTH="123" HEIGHT="29" WC="0.90" CONTENT="betänkliga"/><SP WIDTH="15" VPOS="1357" HPOS="509"/>
							<String ID="string_438" HPOS="524" VPOS="1358" WIDTH="135" HEIGHT="27" WC="0.96" CONTENT="svårigheter"/><SP WIDTH="15" VPOS="1358" HPOS="659"/>
							<String ID="string_439" HPOS="674" VPOS="1358" WIDTH="34" HEIGHT="20" WC="0.96" CONTENT="för"/><SP WIDTH="14" VPOS="1358" HPOS="708"/>
							<String ID="string_440" HPOS="722" VPOS="1358" WIDTH="77" HEIGHT="28" WC="0.96" CONTENT="sjelfva"/><SP WIDTH="11" VPOS="1358" HPOS="799"/>
							<String ID="string_441" HPOS="810" VPOS="1358" WIDTH="211" HEIGHT="27" WC="0.47" CONTENT="verkställigheten&quot;,"/>
						</TextLine>
						<TextLine ID="line_46" HPOS="198" VPOS="1386" WIDTH="823" HEIGHT="28">
							<String ID="string_442" HPOS="198" VPOS="1386" WIDTH="101" HEIGHT="21" WC="0.91" CONTENT="hvarföre"/><SP WIDTH="20" VPOS="1386" HPOS="299"/>
							<String ID="string_443" HPOS="319" VPOS="1386" WIDTH="65" HEIGHT="21" WC="0.96" CONTENT="också"/><SP WIDTH="19" VPOS="1386" HPOS="384"/>
							<String ID="string_444" HPOS="403" VPOS="1386" WIDTH="101" HEIGHT="28" WC="0.96" CONTENT="förslaget"/><SP WIDTH="18" VPOS="1386" HPOS="504"/>
							<String ID="string_445" HPOS="522" VPOS="1386" WIDTH="48" HEIGHT="21" WC="0.95" CONTENT="icke"/><SP WIDTH="16" VPOS="1386" HPOS="570"/>
							<String ID="string_446" HPOS="586" VPOS="1386" WIDTH="70" HEIGHT="21" WC="0.95" CONTENT="blifvit"/><SP WIDTH="15" VPOS="1386" HPOS="656"/>
							<String ID="string_447" HPOS="671" VPOS="1386" WIDTH="23" HEIGHT="21" WC="0.96" CONTENT="af"/><SP WIDTH="16" VPOS="1386" HPOS="694"/>
							<String ID="string_448" HPOS="710" VPOS="1386" WIDTH="61" HEIGHT="21" WC="0.96" CONTENT="Hans"/><SP WIDTH="16" VPOS="1386" HPOS="771"/>
							<String ID="string_449" HPOS="787" VPOS="1386" WIDTH="101" HEIGHT="28" WC="0.93" CONTENT="Majestät"/><SP WIDTH="15" VPOS="1386" HPOS="888"/>
							<String ID="string_450" HPOS="903" VPOS="1386" WIDTH="118" HEIGHT="27" WC="0.92" CONTENT="godkändt,"/>
						</TextLine>
						<TextLine ID="line_47" HPOS="199" VPOS="1414" WIDTH="823" HEIGHT="28">
							<String ID="string_451" HPOS="199" VPOS="1416" WIDTH="51" HEIGHT="19" WC="0.96" CONTENT="utan"/><SP WIDTH="19" VPOS="1416" HPOS="250"/>
							<String ID="string_452" HPOS="269" VPOS="1421" WIDTH="27" HEIGHT="15" WC="0.96" CONTENT="en"/><SP WIDTH="19" VPOS="1421" HPOS="296"/>
							<String ID="string_453" HPOS="315" VPOS="1414" WIDTH="65" HEIGHT="28" WC="0.96" CONTENT="nådig"/><SP WIDTH="18" VPOS="1414" HPOS="380"/>
							<String ID="string_454" HPOS="398" VPOS="1414" WIDTH="132" HEIGHT="28" WC="0.96" CONTENT="proposition"/><SP WIDTH="16" VPOS="1414" HPOS="530"/>
							<String ID="string_455" HPOS="546" VPOS="1414" WIDTH="7" HEIGHT="20" WC="0.93" CONTENT="i"/><SP WIDTH="16" VPOS="1414" HPOS="553"/>
							<String ID="string_456" HPOS="569" VPOS="1414" WIDTH="223" HEIGHT="22" WC="0.90" CONTENT="öfverensstämmelse"/><SP WIDTH="19" VPOS="1414" HPOS="792"/>
							<String ID="string_457" HPOS="811" VPOS="1414" WIDTH="48" HEIGHT="21" WC="0.96" CONTENT="med"/><SP WIDTH="15" VPOS="1414" HPOS="859"/>
							<String ID="string_458" HPOS="874" VPOS="1414" WIDTH="148" HEIGHT="22" WC="0.95" CONTENT="minoritetens"/>
						</TextLine>
						<TextLine ID="line_48" HPOS="197" VPOS="1442" WIDTH="825" HEIGHT="29">
							<String ID="string_459" HPOS="197" VPOS="1444" WIDTH="94" HEIGHT="26" WC="0.95" CONTENT="mening,"/><SP WIDTH="16" VPOS="1444" HPOS="291"/>
							<String ID="string_460" HPOS="307" VPOS="1442" WIDTH="87" HEIGHT="22" WC="0.96" CONTENT="hvilken"/><SP WIDTH="15" VPOS="1442" HPOS="394"/>
							<String ID="string_461" HPOS="409" VPOS="1450" WIDTH="36" HEIGHT="14" WC="0.96" CONTENT="var"/><SP WIDTH="16" VPOS="1450" HPOS="445"/>
							<String ID="string_462" HPOS="461" VPOS="1442" WIDTH="90" HEIGHT="22" WC="0.96" CONTENT="baserad"/><SP WIDTH="16" VPOS="1442" HPOS="551"/>
							<String ID="string_463" HPOS="567" VPOS="1443" WIDTH="28" HEIGHT="27" WC="0.96" CONTENT="på"/><SP WIDTH="12" VPOS="1443" HPOS="595"/>
							<String ID="string_464" HPOS="607" VPOS="1450" WIDTH="82" HEIGHT="14" WC="0.96" CONTENT="samma"/><SP WIDTH="10" VPOS="1450" HPOS="689"/>
							<String ID="string_465" HPOS="699" VPOS="1443" WIDTH="94" HEIGHT="28" WC="0.96" CONTENT="grunder"/><SP WIDTH="11" VPOS="1443" HPOS="793"/>
							<String ID="string_466" HPOS="804" VPOS="1450" WIDTH="46" HEIGHT="14" WC="0.96" CONTENT="som"/><SP WIDTH="11" VPOS="1450" HPOS="850"/>
							<String ID="string_467" HPOS="861" VPOS="1442" WIDTH="161" HEIGHT="28" WC="0.96" CONTENT="propositionen"/>
						</TextLine>
					</TextBlock>
				</ComposedBlock>
			</PrintSpace>
		</Page>
	</Layout>
</alto>
