1078 1678
175 63 26 20 72

145 118 102 21 afseende
263 119 13 20 &
291 119 26 20 73
335 119 29 26 $:s
380 118 168 28 omredigering,
565 119 39 20 och
620 119 96 20 kommer
732 125 77 20 genom
821 118 91 21 särskild
922 125 48 20 pro-

146 147 92 27 position
255 149 31 18 att
303 147 135 26 bestämmas,
455 147 6 20 i
476 147 82 20 hvilket
574 147 56 26 syfte
646 146 141 21 redaktionen
803 146 52 20 skall
872 147 59 20 ske.''

215 175 165 27 Propositionen
397 175 126 20 besvarades
536 175 48 20 med
593 175 23 27 ja
627 175 39 20 och
676 175 36 27 nej
724 181 33 14 om
770 175 138 26 hvartannat,
919 177 51 18 utan

146 205 31 18 att
189 203 99 21 bestämd
301 203 107 27 pluralitet
422 203 70 20 kunde
503 203 110 28 urskiljas,
625 203 99 20 hvarföre
736 203 75 20 skreds
822 203 30 20 till
864 203 106 27 votering,

147 232 40 20 och
203 231 75 21 utföllo
295 232 74 21 dervid
384 233 97 18 rösterna
496 231 57 21 inom

362 261 54 19 1:sta
430 259 28 20 kl.
474 259 49 21 med
553 261 12 19 6
579 260 24 27 ja
619 260 39 20 och
675 260 25 20 13
716 260 47 26 nej,

360 287 59 33 2:dra
437 303 14 11 n”
490 304 13 10 »
552 289 47 25 In
630 304 12 10 n
690 289 12 19 6
733 304 12 10 n

360 317 55 26 3:dje
446 332 5 10 5
495 333 11 8 v»
542 317 53 24 115
627 332 11 9 5
676 317 27 20 20
734 332 12 9 ,

217 343 57 21 Herr
289 344 194 20 landtmarskalken
499 344 122 20 förklarade
637 344 61 26 härä,
709 346 32 18 att
752 344 35 27 nej
799 347 79 24 segrat,
890 344 40 20 och
940 346 31 18 att

149 372 145 20 betänkandet
307 372 57 28 förty
380 372 6 20 i
402 372 101 21 afseende
519 374 12 19 å
547 372 159 28 omredigering
722 372 68 21 skulle
802 372 30 21 till
845 372 126 28 grundlags-

148 401 106 20 utskottet
271 401 175 20 äterremitteras.

218 428 68 21 Ordet
302 429 103 26 begärdes
422 429 50 20 härä
487 429 32 20 af:

219 457 56 20 Herr
291 456 104 27 Linder,
411 456 32 27 E.,
455 463 44 14 som
510 457 96 27 yttrade:
622 457 42 27 Jag
679 457 95 21 anhäller
790 459 30 18 att
831 457 22 20 fä
863 463 109 14 reservera

149 485 42 26 mig
212 486 57 19 emot
286 485 59 20 detta
360 485 79 26 beslut,
455 485 69 20 säsom
544 485 93 21 varande
656 486 32 19 ett
706 485 125 28 ytterligare
850 485 71 20 försök
941 485 30 20 till

149 513 40 20 den
210 513 57 20 inom
283 513 59 20 detta
358 513 62 20 ständ
436 520 42 21 nog
493 514 78 27 mänga
586 515 80 26 gänger
681 513 134 21 framkomna
830 513 93 21 sträfvan
941 516 31 17 att

149 541 141 27 tillintetgöra
302 541 135 27 uppnäendet
449 542 22 20 af
480 541 37 21 det
528 543 56 19 rätta
595 542 73 26 målet,
679 541 133 21 afskatfande
823 542 23 20 af
855 541 39 21 alla
905 541 67 21 klass-

149 565 114 35 skilnader.
944 570 2 2 N

220 597 56 21 Herr
292 597 139 21 Nassokin:
447 597 41 28 Jag
499 598 38 20 ber
547 600 32 19 att
590 599 30 20 uti
632 599 161 20 reservationen
803 598 21 21 fä
835 598 72 21 förena
919 598 53 27 mig,

149 626 56 21 dock
220 628 52 18 utan
289 626 41 20 alla
345 626 74 21 fraser.

219 653 64 21 Emot
299 654 93 21 beslutet
408 655 137 20 reserverade
561 655 33 27 sig
610 655 61 20 äfven
683 655 101 20 herrarne
794 655 134 27 Lagerborg,
939 654 33 27 R.,

151 682 115 26 Järnefelt,
284 682 110 21 Molander
410 682 39 21 och
472 683 131 26 Schauman,
619 682 25 21 B.
661 682 33 26 O.,
711 683 128 21 friherrarne
855 682 61 28 Boije
933 683 39 20 och

150 710 26 20 de
192 710 21 20 la
228 710 113 27 Chapelle,
358 712 54 19 samt
428 711 100 21 herrarne
541 711 131 27 Schauman,
683 711 20 21 J.
714 711 34 27 A.,
760 711 162 28 Tavaststjerna
933 711 39 21 och

151 738 163 28 Montgomerie.

220 766 70 21 Sedan
307 767 25 21 de
349 767 23 21 af
385 767 48 21 herr
447 767 131 21 Silfversvan
594 768 135 27 uppkastade
741 768 231 27 redaktionsförslagen

151 796 54 26 änyo
221 795 68 20 blifvit
304 796 109 27 upplästa,
430 796 66 20 utläto
512 796 41 27 sig:

220 823 57 21 Herr
295 824 160 26 Ehrnrooth,
477 824 23 20 CO.
521 826 36 19 A.:
577 825 42 27 Jag
637 825 94 20 anhåller
750 827 31 18 att
799 825 20 20 få
837 824 84 21 biträda
936 824 36 20 det

151 858 75 14 senare
243 852 22 20 af
279 852 49 20 herr
345 852 140 21 Silfversvans
493 852 98 28 -förslag
588 848 9 36 ,
608 853 83 20 likvisst
703 854 32 26 sä,
745 855 35 25 att
788 853 39 27 jag
837 854 6 19 i
854 853 70 20 stället
940 853 32 19 för

151 880 40 20 don
208 880 22 20 af
244 880 50 20 herr
310 880 130 21 Silfversvan
456 881 114 21 förordade
585 881 136 28 pluraliteten
736 882 23 20 af
773 882 36 26 5/;,
826 881 85 20 hvilken
927 882 45 26 tyc-

151 908 38 20 kes
210 908 42 28 mig
273 915 51 14 vara
342 909 70 20 alltför
431 912 50 24 stor,
501 910 68 22 skulle
585 917 51 13 vara
650 910 51 26 nöjd
717 910 48 20 med
780 911 37 25 3/,,
833 910 19 20 d.
868 916 20 14 v.
906 917 15 12 s.
938 916 33 14 om

151 936 57 20 inom
224 936 36 21 det
277 939 153 19 sammansatta
445 938 105 21 utskottet
566 938 41 20 alla
623 938 138 22 medlemmar
776 938 23 20 af
813 940 32 18 tre
860 937 62 21 stånd
934 939 36 19 äro

151 971 60 20 ense,
228 965 68 20 skulle
312 966 26 20 de
354 966 71 20 kunna
440 966 120 21 öfverrösta
575 966 36 21 det
625 966 69 28 fjorde
710 966 95 26 ståndet,
822 966 88 20 såframt
925 966 47 20 icke

151 992 60 21 detta
227 993 56 27 finge
300 994 69 26 nägon
386 994 53 21 enda
455 996 45 19 röst
515 995 24 20 af
553 995 26 20 de
596 995 67 27 öfrige
680 996 26 25 pä
722 995 32 20 sin
771 995 51 20 sida.

220 1021 57 21 Herr
287 1021 175 22 Silfvcrsvan:
473 1023 39 20 Om
522 1023 41 20 den
571 1024 23 19 af
601 1023 48 20 herr
658 1022 314 27 Ehrnrooth,
795 1017 20 37 O.
823 1022 149 27 A.,förordade

152 1049 136 27 pluraliteten
300 1050 22 20 af
331 1051 27 26 3/,
373 1054 94 24 antages,
484 1051 67 21 skulle
564 1052 19 20 vi
595 1052 133 20 återkomma
742 1051 31 21 till
784 1052 37 20 det
831 1051 142 26 förhållande,

151 1079 32 18 att
199 1080 31 18 tre
248 1079 62 19 ständ
326 1078 71 21 kunde
414 1082 56 17 emot
486 1079 36 21 det
537 1080 69 27 fjerde
622 1079 97 21 ständets
736 1079 136 21 bestridande
884 1079 90 28 pälägga

152 1113 43 20 nya
210 1106 90 21 skatter.
330 1107 73 28 Enligt
422 1107 47 21 mitt
487 1107 81 28 förslag
587 1108 67 21 skulle
670 1108 23 20 af
707 1108 35 20 det
760 1108 116 21 förstärkta
891 1108 83 20 utskot-

153 1136 42 19 tets
211 1135 27 20 60
254 1134 118 22 ledamöter
387 1137 27 19 50
430 1137 75 26 utgöra
520 1137 120 26 pluralitet,
658 1136 18 21 d.
693 1143 44 14 v.s.
754 1137 36 20 det
806 1137 67 20 skulle
884 1136 90 25 fordras,

152 1165 32 18 att
200 1163 128 20 åtminstone
345 1164 26 27 !/,
387 1164 23 20 af
424 1164 35 21 det
474 1165 109 27 vägrande
599 1165 96 20 ständets
711 1165 138 20 medlemmar
865 1164 64 21 borde
946 1164 29 19 bi-

152 1191 62 32 träda
232 1191 30 27 dej
277 1191 121 28 tre"öfriga
416 1193 100 27 stånden,
539 1193 71 20 förrän
635 1195 30 18 ett
689 1193 231 28 beskattningsförslag
938 1193 38 26 går

152 1226 90 20 igenom.
578 1244 9 4 .

223 1247 100 22 Friherre
336 1255 45 14 von
396 1249 79 26 Troil,
487 1251 19 19 S.
519 1250 43 20 W.:
574 1249 134 28 Öfvertygad
719 1257 33 12 om
764 1252 31 18 att
806 1249 102 21 Finlands
919 1251 57 18 stän-

152 1275 38 20 der
207 1275 58 21 alltid
282 1276 60 20 skola
354 1277 62 20 hafva
428 1277 29 21 till
469 1278 130 27 ögonmärke
611 1278 76 20 endast
699 1278 36 20 det
746 1285 158 20 gemensamma
915 1277 61 21 bästa

153 1304 39 20 och
208 1303 46 22 icke
271 1304 26 21 de
314 1305 104 20 särskilda
434 1306 100 20 ständens
550 1307 116 25 intressen,
683 1313 63 14 anser
759 1307 38 26 jag
813 1307 27 26 pä
855 1306 25 20 de
896 1307 22 19 af
928 1306 49 19 herr

153 1332 132 26 Ehrnrooth,
298 1333 22 19 O.
332 1333 34 26 A.,
383 1333 132 21 framställda
530 1335 81 25 skälen,
627 1337 32 17 att
674 1335 28 26 3/,
713 1335 25 19 af
752 1335 156 19 ledamöternas
920 1334 56 20 antal

152 1360 68 20 skulle
237 1368 51 13 vara
303 1368 42 20 nog
360 1362 33 20 för
409 1362 95 20 fattande
520 1363 23 20 af
557 1363 76 20 beslut.

223 1388 55 21 Herr
291 1390 162 27 Lagerborg,
462 1390 33 21 R.:
506 1391 42 27 Jag
556 1391 73 27 jskulle
642 1391 111 20 hemställa
768 1390 165 26 huruvidaieke,
945 1390 33 20 för

153 1419 32 17 att
205 1418 84 20 komma
305 1418 171 26 propositionens
491 1419 81 27 förslag
587 1420 23 20 sä
625 1421 51 19 nära
695 1426 45 14 som
756 1419 91 27 möjligt,
863 1419 27 26 2/3
906 1419 22 20 af
942 1418 36 21 det

151 1444 119 23 förstärkta
285 1447 117 20 utskottets
418 1447 139 21 medlemmar
573 1448 71 20 kunde
659 1454 63 14 anses
738 1448 21 20 fä
774 1449 77 26 utgöra
861 1447 116 28 pluralitet.
