1109 1795
316 131 166 18 Presteständet.
507 132 54 17 1867.
587 132 11 16 6
611 132 48 21 Maj.
829 127 41 21 869

72 219 44 20 rätt
138 218 33 20 att
189 223 78 19 ensam,
290 217 27 26 pä
338 217 156 21 administrativ
514 219 47 24 väg,
581 217 66 21 ordna
662 217 84 21 landets
761 217 140 27 pressförhäl-

71 246 85 24 landen,
173 246 53 21 dock
242 245 55 21 blott
313 245 32 21 till
361 245 41 21 den
418 245 32 22 del
467 252 45 15 som
528 246 91 21 sälunda
634 245 45 21 kan
689 246 78 21 ordnas
778 247 58 25 (ergo
848 248 53 19 utan

72 276 43 19 rätt
138 276 32 19 att
192 274 112 21 dekretera
325 281 42 20 nya
383 274 70 27 straf
465 275 53 20 eller
533 274 70 21 införa
619 281 28 20 ny
662 275 239 27 rättegängsordning),

71 303 115 21 förordade
208 303 83 20 talaren
314 304 33 19 att
367 303 116 21 ständerna
507 303 68 20 skulle
591 303 28 26 pä
634 303 36 21 det
686 305 105 19 varmaste
815 303 85 26 petitio-

71 338 58 19 nera,
152 333 32 19 att
203 331 60 21 Hans
286 331 119 26 Kejserliga
428 331 101 26 Majestät
544 331 50 22 ville
610 332 73 21 bevisa
698 331 72 22 landet
785 332 40 21 den
841 333 61 20 stora

71 360 129 27 välgerning,
225 361 31 20 att
278 360 45 21 läta
345 360 47 21 dess
415 360 209 26 pressförhällanden
641 360 32 21 för
689 360 28 21 all
733 360 86 21 framtid
835 360 67 21 blifva

71 389 107 21 beroende
193 388 23 21 af
231 388 66 28 begge
310 389 173 20 statsmakterna.
514 389 29 20 Af
557 389 70 20 denna
637 389 114 27 anledning
761 389 71 21 kunde
843 390 57 20 stän-

72 418 65 21 derna
160 418 69 21 såsom
252 420 31 18 ett
303 417 165 27 önskningsmäl,
492 424 47 14 men
559 418 66 20 också
640 417 51 21 blott
707 418 70 20 såsom
793 420 28 18 ett
837 418 64 20 önsk-

71 447 117 26 ningsmäl,
210 446 113 21 framhälla
347 446 39 21 den
410 446 23 21 af
451 446 144 27 lagutskottet
617 446 122 27 föreslagna
761 446 140 21 redaktionen

71 475 23 20 af
108 475 12 26 $
136 475 34 21 70.

140 531 111 22 Professor
267 531 95 21 Geitlin
380 531 65 27 ansäg
461 531 35 21 det
512 538 52 15 vara
579 532 76 26 vigtigt
670 533 33 20 att
717 532 74 26 afgöra
806 532 96 21 hvilken-

74 560 51 21 dera
143 560 82 26 äsigten
241 560 22 21 af
277 559 84 22 ständet
377 560 130 26 godkändes,
524 561 40 20 den
581 567 34 14 om
631 567 25 14 en
672 561 90 26 petition
778 561 51 20 eller
845 562 55 19 utta-

72 589 74 20 landet
161 589 24 20 af
199 591 31 18 ett
250 589 165 26 önskningsmäl.
445 589 43 21 För
504 595 52 20 egen
573 589 34 21 del
623 589 94 21 önskade
733 589 121 26 professorn
870 589 32 20 in-

70 624 40 19 gen
132 618 97 26 petition,
253 619 50 19 utan
327 617 66 26 ansäg
415 619 32 19 att
468 618 122 25 ständerna,
612 618 66 21 sedan
694 618 25 21 de
736 617 23 21 sä
773 617 127 27 grundligen

71 652 45 15 som
132 646 83 26 möjligt
230 647 113 20 motiverat
358 646 184 26 nödvändigheten
560 645 23 22 af
598 647 25 20 de
638 647 6 20 i
655 647 158 26 propositionen
825 646 75 27 gjorda

71 675 148 25 ändringarne,
236 675 6 20 i
258 675 36 20 det
309 674 144 26 underdäniga
469 676 70 19 svaret
555 675 13 21 å
584 675 40 21 den
640 675 77 26 nådiga
733 675 164 26 propositionen,

71 703 67 21 mätte
153 703 119 21 framställa
288 703 36 21 det
340 703 159 26 önskningsmäl
515 705 33 19 att
563 704 101 26 antingen
680 703 160 27 högstbemälde
852 709 50 20 pro-

70 732 92 27 position
185 732 47 21 med
254 732 25 21 de
298 732 77 27 nödiga
394 732 149 26 ändringarna,
568 733 52 20 eller
643 732 39 21 ock
703 733 39 20 den
759 739 28 14 nu
801 732 100 26 gällande

71 760 212 27 pressförordningen
300 760 65 21 mätte
382 760 89 21 fortfara
487 761 33 20 till
536 761 65 21 slutet
617 761 22 21 af
654 763 62 19 nästa
732 761 107 26 landtdag.
861 761 41 20 Att

71 789 69 21 säsom
157 789 200 26 kontraktsprosten
374 789 112 21 Ehrström
501 789 118 27 föreslagit,
636 789 79 27 begära
731 790 36 20 det
782 790 59 20 Hans
855 789 45 20 Ma-

70 818 66 26 jestät
150 818 34 21 för
199 818 28 21 all
243 818 86 21 framtid
345 818 68 21 skulle
429 818 73 27 afsäga
518 819 32 26 sig
566 818 129 26 rättigheten
707 820 32 19 att
750 824 71 15 ensam
833 817 69 21 ordna

71 846 273 27 pressangelägenheterna,
365 846 66 27 ansäg
444 847 123 26 professorn
587 853 52 14 vara
655 849 32 18 att
703 847 78 26 begära
796 847 33 20 för
844 852 56 21 myc-

71 875 42 26 ket,
130 876 21 26 ty
169 875 39 21 den
224 881 44 14 som
285 875 23 20 sä
323 875 80 26 gjorde,
420 875 71 22 kunde
507 875 21 21 fä
544 875 33 26 nej
594 875 32 21 till
642 881 54 16 svar.

142 931 90 22 Prosten
249 931 76 22 doktor
341 932 95 27 Bergh
453 933 103 20 förenade
572 933 32 26 sig
619 932 6 21 i
641 933 41 20 allo
700 933 46 20 med
763 933 54 25 dem,
828 932 74 21 hvilka

74 961 94 20 önskade
191 960 113 21 framhålla
326 960 138 21 förevarande
488 961 101 26 paragraf
603 961 69 21 såsom
689 963 31 19 ett
735 961 165 28 önskningsmäl.

72 989 61 21 Hans
155 989 111 26 Majestäts
289 989 83 27 mening
387 989 7 20 i
409 990 160 26 propositionen
586 996 50 15 vore
654 989 24 22 så
693 989 67 27 tydlig
775 991 32 20 att
823 989 42 21 han
881 989 19 27 ej

72 1018 48 20 ville
137 1020 49 18 veta
201 1020 65 18 annat
281 1019 26 19 än
323 1018 105 21 huruvida
443 1019 159 26 propositionen
619 1018 69 21 blefve
704 1020 91 24 antagen
811 1018 52 21 eller
874 1018 26 27 ej.

73 1046 49 20 Man
140 1046 66 21 borde
223 1046 83 21 derföre
322 1047 116 20 inskränka
454 1047 31 26 sig
501 1047 32 20 till
549 1049 33 18 att
599 1047 72 26 afböja
686 1047 159 26 propositionen
861 1047 39 20 och

72 1075 129 26 petitionera
226 1081 32 14 om
279 1075 39 21 den
335 1081 28 14 nu
379 1075 98 26 gällande
493 1075 134 27 presslagens
644 1075 155 22 bibehållande.
831 1075 70 20 Sedan

72 1103 64 21 likväl
159 1103 118 21 utskottets
295 1103 133 22 betänkande
452 1104 69 21 blifvit
540 1104 118 27 godkändt,
679 1104 49 21 ville
744 1104 81 21 talaren
845 1103 57 21 före-

73 1131 38 25 slå,
128 1133 32 19 att
176 1132 25 21 de
217 1138 28 15 nu
261 1134 93 25 antagna
369 1133 177 26 förändringarne
562 1133 83 26 inginge
662 1133 69 20 såsom
743 1131 158 27 önskningsmål

72 1160 140 21 tillsammans
236 1161 46 20 med
302 1161 12 26 $
333 1161 36 26 70;
393 1161 99 26 föröfrigt
514 1161 103 22 förenade
633 1161 41 21 han
691 1161 31 27 sig
738 1161 46 21 med
801 1161 101 26 dompro-

72 1190 46 19 sten
134 1189 63 26 Borg.

141 1246 90 21 Prosten
255 1247 148 26 Rosengren
427 1247 94 22 önskade
537 1247 6 21 i
561 1249 90 19 motsats
666 1249 45 20 mot
726 1247 128 26 föregående
870 1247 33 20 ta-

72 1275 51 26 lare,
148 1277 32 18 att
201 1275 85 21 ståndet
309 1275 67 22 skulle
393 1277 78 25 antaga
487 1276 40 21 den
544 1277 27 20 70
588 1276 12 27 &
617 1276 69 21 såsom
704 1276 40 21 den
760 1276 23 21 af
796 1275 108 21 utskottet

71 1303 137 22 formulerats
247 1304 32 20 Då
295 1304 58 21 Hans
370 1304 101 27 Majestät
481 1305 118 20 framställt
611 1311 25 14 en
649 1305 132 26 proposition
793 1303 111 27 angående

72 1332 132 25 pressfrihet,
221 1333 24 20 så
260 1333 53 20 hade
330 1333 42 20 han
388 1333 122 26 derigenom
522 1333 57 21 velat
590 1333 71 21 erfara
673 1334 126 20 ständernas
810 1331 92 27 mening,

70 1359 107 22 huruvida
194 1361 25 20 de
235 1361 112 26 godkände
363 1361 124 21 densamma
503 1361 130 21 oförändrad
649 1362 52 20 eller
714 1362 47 20 med
773 1361 73 21 hvilka
857 1366 46 15 mo-

71 1388 136 22 difikationer
229 1390 84 21 denwaf
335 1390 47 21 dem
399 1393 82 24 antogs.
513 1390 33 21 Då
562 1390 75 22 vidare
653 1390 115 22 ständerna
784 1390 120 21 remitterat

70 1418 161 25 propositionen
252 1419 31 20 till
307 1418 148 27 lagutskottet,
480 1419 24 21 så
527 1419 94 21 erkände
641 1419 26 21 de
687 1419 129 26 derigenom,
838 1417 66 26 enligt

70 1448 99 23 prostens
192 1446 61 27 åsigt,
273 1449 31 19 att
320 1447 35 21 det
371 1453 50 16 vore
437 1454 26 14 en
480 1453 37 16 ren
534 1447 103 28 lagfräga,
654 1448 39 21 och
709 1446 135 23 alldenstund
860 1446 44 21 alla

73 1474 81 22 sädana
175 1475 72 26 frägor
267 1482 50 15 vore
333 1476 22 21 af
370 1476 39 21 den
425 1479 71 22 natur,
517 1478 33 19 att
566 1477 26 20 de
607 1477 71 20 kunde
695 1476 69 21 stiftas
780 1475 39 22 och
836 1474 69 21 förän-

70 1503 50 21 dras
142 1504 76 21 endast
238 1504 23 21 af
279 1505 74 26 regent
377 1505 39 20 och
441 1505 93 24 ständer,
557 1505 55 20 hade
632 1505 105 21 utskottet
755 1505 61 20 äfven
832 1505 72 19 ansett

70 1532 116 21 ständerna
203 1533 52 20 böra
270 1533 75 26 uttala,
363 1535 32 19 att
411 1533 64 21 ocksä
491 1534 70 20 denna
578 1533 60 27 fräga
655 1533 65 22 borde
737 1533 22 21 af
773 1534 74 25 regent
864 1532 40 21 och
