1109 1795
308 120 166 18 Presteståndet.
500 121 56 16 1867.
581 121 13 16 8
608 121 61 20 April.
827 116 41 20 551

74 207 79 21 indelat
175 206 184 21 Schmalkaldiska
382 205 117 22 artiklarne
519 205 7 21 i
546 207 33 19 tre
601 205 66 25 delar,
688 205 23 21 af
731 206 72 21 hvilka
823 207 25 20 de
864 207 35 20 två

74 236 67 20 första
164 235 69 26 gällde
249 235 32 20 för
296 234 49 21 hela
361 235 88 26 kyrkan,
466 234 40 21 den
522 234 68 26 tredje
606 235 95 20 deremot
717 234 133 23 behandlade
865 235 34 21 så-

74 265 56 20 dana
152 265 81 24 ämnen,
258 269 33 15 om
308 263 72 20 hvilka
395 269 48 14 man
459 262 72 21 kunde
546 262 102 21 afhandla
663 263 48 20 med
727 263 60 21 lärda
803 263 39 22 och
857 263 42 22 för-

77 293 97 25 ståndiga
189 293 56 19 män.

144 321 39 20 Om
205 320 52 21 eden
280 326 28 14 nu
331 320 130 21 fastställdes
481 319 24 21 så
520 326 45 14 som
581 320 7 20 i
603 319 11 28 $
632 320 40 21 118
687 326 38 14 var
739 320 121 27 föreslaget,
876 320 24 21 så

75 349 69 21 kunde
161 349 36 21 det
211 349 39 20 hos
265 348 78 27 många
357 349 66 20 verka
438 348 87 21 fruktan
541 351 32 18 att
588 348 49 27 ingå
652 348 6 21 i
674 349 162 26 prestembetet;
860 349 39 21 och

76 385 32 14 om
132 378 59 20 detta
213 377 46 21 icke
282 383 37 14 var
335 377 117 26 meningen,
467 377 96 20 förstode
579 376 81 21 talaren
676 377 46 20 icke
738 377 98 22 hvarföre
851 384 48 15 man

75 407 47 21 ville
138 406 85 21 afskära
239 406 136 26 forskningen
391 405 39 21 och
446 405 90 27 pålägga
552 407 110 25 strängare
678 405 55 21 band
750 407 26 19 än
792 406 6 21 i
813 413 29 14 nu
854 406 45 27 gäl-

76 435 61 21 lande
160 435 109 26 kyrkolag.
300 434 92 21 Hvartill
414 440 26 15 en
463 434 66 21 sådan
554 434 139 20 inskränkhet
715 434 44 21 ledt
782 435 39 20 och
843 436 57 19 ännu

76 463 69 21 kunde
161 463 54 25 leda,
232 463 73 21 derom
320 462 62 27 gåfve
398 463 39 20 den
453 462 102 21 nordiska
567 462 94 27 kyrkans
672 462 89 21 historia
772 463 128 26 tillräckliga

75 492 138 21 vittnesbörd.
243 479 108 34 Johaunes
372 491 94 20 Mathiae
482 492 6 19 i
504 491 116 26 Strengnäs
643 491 40 20 och
705 491 48 21 Joh.
776 491 124 21 Terserus
888 487 16 34 i

76 516 46 26 Åbo
138 520 73 24 måste,
233 521 39 20 den
288 520 57 21 förre
361 519 48 27 sjelf
424 519 73 26 afsäga
513 520 31 31 sig
560 504 99 45 embetet,
676 519 39 21 och
731 520 40 20 den
787 526 74 15 senare
878 525 22 15 se

76 550 31 26 sig
129 549 143 26 suspenderad
296 549 38 20 och
351 549 71 25 afsatt,
439 548 26 21 då
481 548 26 21 de
524 548 17 27 ej
558 548 71 21 kunde
644 547 57 21 finna
715 549 32 25 sig
761 549 7 20 i
784 549 25 20 de
825 548 75 26 trånga

76 578 91 25 formler,
186 584 45 14 som
247 578 62 20 deras
324 565 108 37 förföljare
448 578 84 25 antogo.
564 576 44 21 Och
624 577 64 20 likväl
704 577 64 21 visste
781 577 24 26 ju
821 577 79 20 enhvar

77 607 54 20 hvad
154 606 75 26 biskop
250 605 101 21 Terserus
374 605 56 26 gjort
452 605 33 21 för
508 605 40 21 den
569 605 68 20 finska
652 605 87 27 kyrkan,
756 606 39 21 och
811 607 33 20 att
858 605 41 21 han

77 641 73 14 senare
176 634 168 26 välsignelserikt
368 634 91 21 verkade
485 633 70 22 såsom
578 633 76 27 biskop
675 634 7 20 i
705 633 124 28 Linköping.
860 633 40 21 Om

77 666 85 23 presten
183 663 94 26 edeligen
299 662 138 27 förpligtades
459 662 32 21 till
516 663 34 20 det
574 668 45 15 som
640 669 28 14 nu
683 663 98 26 gällande
796 662 104 27 kyrkolag

77 691 141 25 föreskrifver,
235 691 22 21 så
273 697 37 14 var
326 692 59 20 detta
401 691 38 21 allt
454 691 56 20 hvad
526 697 45 14 som
587 691 70 20 kunde
673 691 89 20 fordras.

146 777 89 20 Prosten
251 776 124 21 Hackzell
390 776 65 27 ansåg
470 778 31 19 att
517 776 113 26 presteden
646 775 44 22 helt
705 775 39 22 och
759 776 65 21 hållet
834 775 66 22 borde

79 805 50 26 utgå
144 812 25 13 ur
184 805 139 27 kyrkolagen;
339 805 28 26 på
380 805 68 26 grund
464 805 23 20 af
499 804 114 21 frälsarens
629 805 38 20 ord
683 805 53 20 skall
749 805 24 26 ju
789 805 39 21 den
839 805 62 20 krist-

79 840 36 15 nes
130 834 30 20 tal
175 840 50 15 vara
241 834 74 20 endast
329 833 28 26 ja,
371 833 23 26 ja
409 833 39 21 och
463 833 41 26 nej,
521 833 40 26 nej.
591 833 34 21 Då
639 833 69 26 någon
723 833 44 21 blef
780 835 64 24 prest,
856 833 45 20 må-

79 867 31 16 ste
126 869 48 14 man
188 862 24 27 ju
227 862 114 21 förutsätta
357 864 32 19 att
399 862 42 21 han
452 862 54 21 hade
517 868 81 15 samma
608 861 139 27 öfvertygelse
757 868 44 15 som
812 861 88 28 kyrkan,

79 891 38 21 och
140 891 50 20 fann
212 891 32 26 sig
267 891 60 20 deraf
347 891 92 20 bunden.
469 890 40 22 Om
532 891 69 26 någon
617 890 101 21 befunnes
733 890 129 27 villfarande,
878 890 24 21 så

79 921 59 19 fanns
153 920 7 20 i
175 919 12 27 8
203 920 40 20 123
259 921 31 19 ett
305 919 108 21 korrektiv
428 925 45 15 som
488 925 42 20 nog
546 925 37 14 var
598 919 129 26 tillräckligt.

146 1004 90 21 Prosten
257 1004 146 26 Rosengren
425 1004 70 21 kunde
511 1003 17 27 ej
545 1003 50 27 gilla
617 1003 115 22 utskottets
750 1003 83 27 förslag,
850 1005 52 19 utan

78 1033 99 26 föredrog
200 1033 39 20 den
262 1032 51 27 kejs.
335 1033 164 26 propositionen.
530 1033 33 20 Dä
585 1032 81 27 kyrkan
689 1032 64 27 enligt
768 1033 11 26 $
797 1034 8 19 1
823 1032 79 21 bekänt

80 1062 30 19 sin
133 1063 33 19 tro
188 1061 39 20 och
244 1061 37 20 der
296 1061 60 20 fanns
372 1061 61 26 sagdt
449 1063 31 19 att
495 1061 93 26 kyrkans
604 1064 33 17 tro
653 1063 23 18 är
691 1061 94 26 grundad
800 1061 28 26 pä
843 1060 58 21 Guds

79 1089 69 27 heliga
164 1089 45 26 ord,
225 1089 40 21 och
280 1089 90 21 sälunda
388 1093 47 18 tron
452 1089 39 21 och
507 1089 58 22 Guds
581 1090 39 20 ord
635 1089 87 21 ställdes
737 1089 87 21 bredvid
840 1089 62 20 hvar-

79 1119 72 24 andra,
168 1118 23 21 sä
207 1120 70 24 syntes
294 1118 35 21 det
344 1118 75 21 liksom
436 1118 68 21 skulle
520 1124 47 15 man
581 1124 109 15 reservera
703 1118 31 25 sig
749 1117 39 21 och
797 1117 105 27 hemligen

80 1147 51 26 hysa
152 1147 68 26 nägon
244 1153 69 14 annan
336 1147 95 26 mening;
448 1148 87 25 prosten
550 1147 66 26 ansäg
631 1147 70 20 häruti
717 1147 55 26 ligga
787 1147 115 26 nägonting

76 1175 115 26 jesuitiskt.
222 1175 45 20 Har
279 1175 37 26 jag
331 1188 28 1 —
374 1175 98 21 fortsatte
487 1175 82 21 talaren
585 1187 27 2 —
627 1175 46 21 icke
686 1175 91 26 kyrkans
789 1176 40 22 tro,
840 1175 62 20 hvar-

80 1204 44 20 före
140 1204 26 20 dä
181 1203 57 27 ljuga
253 1203 56 21 inför
325 1203 46 22 Gud
387 1204 40 21 och
442 1204 127 25 menniskor,
586 1203 39 22 och
642 1204 26 20 dä
683 1209 48 15 man
747 1203 54 21 talar
811 1209 34 15 om
857 1203 45 21 hin-

80 1232 79 21 drande
175 1232 109 25 skrankor,
301 1232 98 21 hvarföre
415 1233 26 20 dä
456 1232 45 21 icke
517 1233 62 20 träda
590 1234 23 19 ut
624 1239 25 14 ur
659 1232 92 27 kyrkans
761 1232 141 26 gemenskap?

80 1263 40 18 Det
136 1263 23 18 är
172 1260 45 27 just
233 1261 68 20 denna
316 1261 53 20 brist
385 1261 28 26 pä
427 1261 97 26 ärlighet,
540 1263 33 18 att
587 1261 18 26 ej
621 1261 51 26 vilja
687 1263 50 24 säga
752 1262 47 19 rent
814 1263 29 21 ut,
857 1266 45 15 som

80 1289 32 21 för
127 1289 82 27 kyrkan
224 1291 23 18 är
263 1289 122 26 skadligast.
410 1289 41 27 Jag
465 1292 45 18 tror
525 1289 47 21 icke
587 1291 32 19 att
634 1289 81 26 kyrkan
730 1289 39 20 har
779 1289 40 20 den
831 1289 71 26 träng-

79 1317 150 22 bröstenheten
245 1319 32 20 att
293 1317 118 22 fördömma
427 1318 45 25 den,
489 1324 44 15 som
549 1318 8 21 i
572 1318 69 26 någon
653 1318 64 21 bisats
729 1317 115 22 deducerar
854 1317 49 20 bort

79 1346 65 26 nägot
159 1352 26 14 ur
200 1346 127 26 symboliska
350 1346 111 26 böckerna,
477 1346 55 21 blott
548 1346 36 21 det
599 1346 46 21 icke
661 1346 78 20 rubbar
754 1345 148 26 lärogrunden.

80 1374 49 21 Men
152 1375 65 20 sädan
241 1374 109 21 lärofrihet
372 1374 42 21 kan
431 1375 17 26 ej
464 1374 122 27 tillstädjas;
603 1377 23 24 ty
641 1381 34 14 om
688 1374 37 27 jag
739 1374 39 21 har
793 1373 63 22 frihet
872 1375 31 20 att

80 1403 66 21 ändra
161 1403 92 26 kyrkans
270 1403 45 21 lära
331 1403 38 21 och
385 1406 40 24 tro,
442 1404 23 21 sä
479 1403 63 21 hafva
558 1403 61 21 äfven
635 1403 117 21 ähörarena
766 1404 43 19 rätt
824 1403 33 20 att
869 1404 33 19 tro

80 1431 55 21 hvad
151 1432 26 21 de
192 1432 55 26 vilja.
275 1431 90 28 Sälänge
377 1432 38 27 jag
429 1434 24 19 är
468 1439 25 14 en
509 1432 92 27 kyrkans
612 1432 75 25 lärare,
699 1432 41 20 kan
748 1431 36 26 jag
793 1430 47 22 icke
850 1431 54 27 yrka

80 1460 27 26 pä
122 1460 132 27 obegränsad
270 1460 64 21 frihet
349 1462 32 19 att
397 1461 45 20 lära
457 1461 55 20 hvad
524 1461 37 26 jag
576 1461 43 25 vill,
635 1461 88 20 emedan
733 1460 36 26 jag
782 1459 121 27 derigenom

80 1489 92 20 kränker
192 1489 92 26 kyrkans
308 1491 48 19 rätt.
387 1489 43 21 För
452 1489 42 21 min
518 1490 33 20 del
574 1489 97 21 förordar
686 1489 37 26 jag
738 1489 39 20 den
792 1487 112 28 kejserliga

79 1517 164 26 propositionen.

812 1556 21 17 36
