1109 1795
327 131 166 18 Presteståndet.
517 133 56 16 1867.
598 133 12 16 6
622 133 48 20 Maj.
839 127 41 22 863

153 219 70 21 Sedan
240 219 151 26 deputationen
408 217 87 27 afträdt,
511 218 85 26 yttrade
612 218 50 21 herr
677 218 134 21 talemannen
826 219 33 20 att
874 218 37 21 det

83 249 72 25 syntes
171 247 85 24 honom,
272 253 45 15 som
334 253 33 15 om
386 247 26 20 de
422 246 61 21 flesta
494 247 69 20 talare
573 246 103 25 förordat,
693 249 32 18 att
736 247 41 25 det,
791 253 44 14 som
852 247 56 21 stän-

82 276 36 21 det
132 276 6 21 i
156 276 69 21 denna
240 275 60 27 fråga
315 275 102 27 åsyftade,
434 275 68 21 skulle
518 274 131 22 framställas
664 275 69 21 såsom
745 275 165 27 önskningsmål,

82 305 39 21 och
142 305 47 20 icke
204 305 6 20 i
234 304 69 26 någon
319 310 69 15 annan
412 304 103 26 skarpare
532 303 61 25 form,
616 310 47 15 men
679 305 33 19 att
727 303 104 27 åtskilligt
848 304 6 20 i
870 304 40 20 den

82 333 77 27 nådiga
174 333 159 26 propositionen
354 333 47 20 icke
416 339 51 14 vore
482 332 100 26 förenligt
600 332 48 21 med
664 332 36 21 det
715 332 108 21 allmänna
846 334 65 19 rätts-

82 361 155 22 medvetandet.
269 361 68 22 Sedan
361 361 70 21 denna
445 361 61 26 fråga
529 361 70 20 blifvit
614 361 82 26 afgjord
712 361 71 21 kunde
798 367 49 14 man
863 361 48 21 der-

83 390 54 21 efter
153 390 72 21 skrida
241 390 32 21 till
289 396 25 15 en
329 389 203 28 detaljgranskning.

152 448 90 21 Prosten
259 447 129 21 Borenius
404 447 90 20 invände
505 446 98 21 häremot
619 448 38 25 att,
674 446 53 21 efter
743 446 39 21 allt
798 447 54 21 hvad
869 446 42 21 han

83 476 81 21 kunnat
187 475 55 22 fatta
257 475 22 21 af
293 475 154 25 diskussionen,
463 475 55 21 hade
542 475 35 21 det
593 475 55 20 varit
663 474 60 27 fräga
739 481 34 15 om
789 477 32 19 att
837 475 75 22 endast

84 505 155 21 betänkandets
261 505 27 20 70
311 505 10 24 8
345 504 68 21 skulle
435 503 130 22 framställas
586 503 69 22 såsom
676 503 164 28 önskningsmäl,
864 510 48 15 men

84 533 43 21 alla
143 533 67 27 öfriga
225 533 149 26 förändringar
390 533 68 20 säsom
476 532 75 21 vilkor.

154 596 88 21 Prosten
255 595 77 21 doktor
346 595 87 26 Bergh
449 595 66 26 ansäg
531 597 32 19 att
579 595 75 21 endast
665 597 76 19 tvenne
753 595 160 26 hufvudäsigter

85 624 68 21 blifvit
176 624 105 21 uttalade:
307 625 18 24 1)
343 625 30 20 ett
388 624 115 26 afböjande
518 624 23 21 af
562 624 158 26 propositionen
737 624 39 21 och
792 624 121 21 uttalandet

86 653 68 21 säsom
179 652 164 27 önskningsmäl,
359 654 32 19 att
407 653 39 20 den
463 659 28 14 nu
507 652 98 27 gällande
623 653 61 26 lagen
700 652 65 21 mätte
781 653 131 21 fortfarande

86 683 39 25 äga
140 681 103 27 giltighet,
260 681 39 21 och
315 682 22 26 2)
353 683 32 19 att
402 681 240 21 utskottsbetänkandet
657 681 123 26 godkändes
797 681 38 22 och
851 683 60 24 toges

86 711 32 20 till
133 711 68 26 grund
217 710 34 21 för
265 710 74 21 vidare
355 710 105 26 ätgärder.
491 709 91 21 Talaren
606 710 93 21 önskade
716 710 83 21 derföre
815 712 33 19 att
863 716 50 15 man

86 739 105 21 anställde
207 739 96 26 votering
319 745 33 14 om
369 739 62 20 dessa
447 740 76 19 tvenne
539 738 145 21 alternativer.

155 801 107 26 Biskopen
285 801 146 22 Schauman
454 801 100 21 framhöll
578 803 32 19 att
636 801 115 21 ständerna
773 801 34 21 vid
831 803 84 19 senaste

87 831 102 26 landtdag
205 832 71 19 svarat
292 832 31 19 att
340 830 32 25 de,
388 830 48 21 med
453 829 99 22 afseende
571 830 12 21 &
602 830 25 21 de
639 830 121 21 företräden
771 829 89 22 framför
876 829 39 22 den

87 859 122 27 preventiva
225 865 101 14 censuren
343 865 45 14 som
405 859 39 20 den
461 858 78 27 nädiga
550 859 159 26 propositionen
721 858 100 24 innehöll,
837 860 78 24 antogo

88 888 129 25 densamma,
233 893 47 15 men
296 887 113 21 framhöllo
427 887 102 26 derjemte
545 887 66 26 nägra
630 887 164 26 önskningsmäl.
816 887 34 21 Nu
865 893 51 14 vore

88 917 54 20 dock
165 916 111 26 meningen
299 916 116 26 ingalunda
429 918 33 18 att
477 917 79 24 antaga
574 916 160 26 propositionen
750 915 39 22 och
804 915 113 22 framhålla

88 945 142 26 ändringarne
246 944 69 21 såsom
333 944 164 26 önskningsmäl,
514 947 52 18 utan
582 945 43 20 alla
640 951 50 14 vore
706 951 49 14 ense
770 951 33 14 om
820 946 32 19 att
863 944 54 27 för-

88 973 62 21 kasta
167 973 51 22 den;
241 973 76 20 endast
340 973 109 26 angäende
466 973 26 21 70
508 973 11 27 &
535 973 55 21 hade
605 973 61 26 fräga
681 973 56 20 varit
752 979 33 14 om
802 975 31 19 att
849 972 68 21 uttala

90 1008 26 15 en
134 1002 87 25 önskan,
238 1007 48 15 men
302 1002 62 25 ingen
381 1001 23 21 af
417 1001 87 22 ständet
519 1001 55 22 hade
591 1003 66 25 yttrat
673 1002 31 25 sig
720 1001 85 25 derhän,
822 1003 31 19 att
868 1007 49 15 man

90 1031 70 21 skulle
176 1029 55 22 fatta
247 1030 64 21 saken
327 1030 7 21 i
350 1031 31 20 sin
397 1029 119 22 allmänhet
532 1030 70 21 såsom
619 1032 30 19 ett
669 1029 163 27 önskningsmäl.

158 1093 55 21 Herr
236 1093 135 21 talemannen
387 1093 123 21 förklarade
529 1093 38 21 sitt
581 1093 100 26 yttrande
697 1099 51 14 vara
763 1091 153 26 missförstädt;

89 1123 36 20 det
148 1128 49 15 vore
212 1121 53 22 visst
288 1125 55 18 samt
359 1123 32 20 att
406 1121 42 22 han
464 1122 19 26 ej
499 1128 42 19 nog
557 1123 137 20 accentuerat
709 1122 72 25 saken,
805 1121 41 20 han
861 1121 55 21 hade

88 1151 65 20 likväl
170 1150 61 26 sagdt
247 1152 32 19 att
295 1151 55 20 vissa
365 1150 124 26 paragrafer
506 1157 49 14 vore
572 1150 109 21 stridande
697 1152 55 19 emot
765 1150 36 21 det
811 1149 107 21 allmänna

88 1179 212 26 rättsmedvetandet,
312 1179 39 21 och
364 1179 46 21 icke
427 1180 72 20 menat
518 1181 32 18 att
562 1179 241 21 utskottsbetänkandet
818 1178 19 27 ej
848 1178 69 21 skulle

88 1208 74 27 läggas
177 1207 32 22 till
225 1207 68 27 grund
308 1208 33 21 för
357 1207 99 22 beslutet.

158 1271 142 26 Domprosten
315 1271 68 26 Borg
399 1270 65 26 ansäg
475 1271 33 20 att
519 1270 62 26 ingen
597 1271 97 25 votering
709 1270 70 21 kunde
795 1270 43 25 ske,
855 1269 63 21 huru-

89 1299 49 21 vida
154 1299 241 21 utskottsbetänkandet
410 1299 69 20 skulle
495 1301 61 24 tagas
571 1299 6 20 i
593 1298 144 21 betraktande
749 1299 51 20 eller
815 1297 29 27 ej;
860 1299 58 19 stän-

89 1328 66 20 derna
170 1334 51 14 vore
237 1328 88 26 pligtiga
340 1330 33 18 att
393 1333 62 15 svara
471 1327 39 21 och
526 1327 60 21 detta
602 1328 48 20 med
667 1327 84 26 ledning
767 1327 22 21 af
803 1326 115 22 betänkan-

88 1356 43 21 det.
155 1356 48 22 Men
219 1356 72 21 derom
307 1356 66 26 ansäg
388 1356 82 21 talaren
481 1356 132 26 proposition
625 1356 71 20 kunna
707 1356 135 24 framställas,
854 1354 63 21 huru-

88 1385 49 21 vida
152 1385 46 21 icke
219 1384 54 28 70
265 1379 14 37 $
296 1384 71 21 kunde
389 1384 95 27 afskiljas
507 1384 47 21 från
571 1384 146 21 betänkandet
732 1384 39 21 och
795 1383 123 22 framhållas

88 1413 70 22 såsom
175 1413 164 27 önskningsmäl.

158 1476 207 27 Kontraktsprosten
389 1476 78 21 doktor
487 1475 97 22 Hellön
609 1475 94 21 önskade
719 1477 32 19 att
767 1481 48 14 man
830 1474 46 21 icke
892 1475 27 26 pä

88 1505 92 21 förhand
204 1505 67 20 skulle
295 1505 120 20 bestämma
430 1504 65 27 något
511 1503 109 26 angående
637 1503 160 27 önskningsmäl
813 1503 52 21 eller
880 1503 38 21 vil-

88 1533 46 26 kor,
151 1535 51 20 utan
218 1534 53 20 först
287 1533 50 27 ingå
352 1533 28 26 pä
396 1539 25 15 en
438 1532 197 27 detaljeranskning
651 1532 23 21 af
687 1532 152 21 betänkandet.
