1109 1795
155 287 152 32 Fredagen
325 286 58 27 den
401 286 16 27 5
436 286 88 33 April
542 286 68 28 1867
629 286 42 27 kl.
689 286 16 27 5
725 293 23 20 e.
767 295 38 20 m.

135 350 28 21 Af
185 349 96 22 ständets
303 349 138 21 medlemmar
463 355 51 15 voro
537 349 137 26 professoren
697 349 84 26 Geitlin,
804 352 89 25 prosten

65 378 105 21 Borenius
193 378 39 21 och
254 378 134 26 vicepastorn
412 377 108 22 Snellman
542 377 24 22 af
583 378 60 21 förut
657 378 132 22 antecknade
805 379 88 21 orsaker

67 406 149 22 fränvarande.

134 457 40 21 Till
198 457 87 21 fortsatt
308 457 128 26 behandling
457 457 95 26 företogs
571 457 233 26 kyrkolagsutskottets
819 457 73 22 betän-

66 487 69 20 kande
152 486 7 21 i
176 486 113 25 anledning
304 485 23 21 af
339 485 61 21 Hans
412 485 120 26 Kejserliga
544 485 112 27 Majestäts
667 485 77 27 nädiga
753 486 139 27 proposition,

66 514 109 27 angäende
201 521 27 20 ny
250 514 104 27 kyrkolag
369 513 34 22 för
418 514 25 21 de
459 513 243 28 evangelisk-lutherska
717 514 175 27 församlingarne

66 543 6 21 i
89 543 79 21 landet.

398 593 61 24 Femte
476 593 86 29 Kapitlet.

136 646 12 27 g
165 646 33 21 34.

136 697 208 26 Kontraktsprosten
356 696 98 21 Hellen
466 697 94 20 önskade
571 698 33 19 att
615 697 119 20 slutorden:
746 703 59 20 ,men
812 697 82 21 barnen

68 726 52 22 ete.*
144 725 68 22 skulle
235 726 51 25 utgå
307 725 7 21 i
337 725 80 20 hvilket
439 724 100 22 afseende
562 725 83 20 talaren
663 725 77 21 stödde
755 725 32 27 sig
802 725 27 26 pä
844 725 50 21 herr

68 754 166 26 erkebiskopens
250 754 130 21 reservation
395 753 6 21 i
419 753 53 21 1866
484 753 35 21 års
529 753 229 27 granskningskomité.
788 754 50 21 Men
847 753 47 22 ifall

69 783 156 26 slutmeningen
240 782 84 21 komme
340 783 32 20 att
387 781 92 27 qvarstå,
495 782 67 21 borde
578 781 129 22 åtminstone
723 782 36 21 det
774 782 74 27 tillägg
863 782 33 21 bi-

69 812 67 27 fogas,
151 813 33 19 att
199 811 79 26 odöpta
293 810 53 21 barn
362 810 18 27 ej
397 810 67 21 skulle
480 810 23 21 af
516 810 161 27 presterskapet
692 810 107 21 bokföras.

138 863 91 20 Prosten
253 861 76 22 doktor
351 861 93 26 Bergh
459 861 49 22 ville
522 862 57 20 fästa
594 861 97 22 ståndets
705 861 190 27 uppmärksamhet

69 891 28 26 på
112 891 33 21 sin
161 891 131 20 reservation
307 892 44 19 mot
367 890 242 21 utskottsbetänkandet
622 891 92 20 rörande
725 891 69 20 denna
805 890 18 26 8,
834 890 61 21 hvari

68 920 93 21 doktorn
177 918 105 27 föresloge
297 920 32 19 att
344 919 75 20 orden:
436 919 63 26 ,eller
512 918 116 21 mälsmän*
639 919 68 20 skulle
718 919 57 26 utgå.
804 919 91 20 Talaren

68 948 94 21 erkände
185 947 34 21 väl
241 947 116 21 föräldrars
380 953 47 14 men
443 947 46 20 icke
505 947 116 21 målsmäns
637 949 44 18 rätt
697 949 32 19 att
744 947 83 21 afhålla
841 947 54 20 barn

67 976 49 21 från
133 976 73 25 dopet,
222 975 88 21 emedan
326 977 109 18 närmaste
449 975 107 26 stägtinge
572 975 71 21 kunde
659 981 52 15 vara
725 975 87 27 baptist,
825 975 6 20 i
842 975 54 21 hvil-

68 1005 38 20 ket
129 1004 37 21 fall
190 1003 149 26 församlingen
361 1003 68 21 borde
452 1003 120 21 tillkomma
595 1005 69 19 större
680 1005 45 20 rätt
740 1003 58 22 öfver
814 1003 81 22 barnet.

68 1033 90 20 Talaren
175 1032 49 21 ville
240 1032 19 26 ej
275 1032 67 21 heller
357 1033 102 20 motsätta
475 1032 31 26 sig
522 1032 78 21 doktor
615 1032 88 21 Helléns
714 1032 79 26 förslag
804 1033 32 20 att
844 1032 52 21 sista

69 1061 111 26 meningen
204 1060 68 21 skulle
295 1060 57 27 utgå,
376 1062 51 19 enär
450 1060 145 21 förhållandet
615 1061 6 20 i
643 1060 49 21 vårt
707 1061 49 20 land
772 1061 19 26 ej
806 1066 50 15 vore
872 1060 24 21 så

69 1090 95 26 sorgligt,
189 1091 33 18 att
237 1089 120 26 barndopet
371 1089 141 20 förkastades.
543 1088 91 21 Talaren
650 1089 55 20 hade
721 1089 69 20 blifvit
805 1088 69 27 styrkt
888 1089 8 20 i

68 1118 32 21 sin
123 1117 55 26 åsigt
202 1117 22 20 af
244 1117 65 26 några
324 1117 93 20 bönders
432 1116 33 21 för
480 1117 79 21 honom
575 1117 96 21 uttalade
687 1117 65 26 djupa
766 1117 130 26 bekymmer,

69 1148 32 19 att
120 1146 11 27 &
153 1145 98 27 möjligen
274 1145 83 21 komme
379 1147 33 19 att
434 1145 57 27 gifva
513 1145 114 27 anledniug
651 1145 33 21 till
699 1145 71 21 förakt
785 1145 34 21 för
833 1145 63 21 barn-

68 1175 71 26 dopet.

138 1226 142 25 Vicepastorn
303 1225 152 21 Putkonen
477 1225 102 21 förenade
602 1225 32 27 sig
656 1226 7 20 i
687 1225 42 21 allo
751 1225 49 22 med
820 1225 76 21 doktor

68 1255 79 26 Bergh.
178 1254 35 21 Då
235 1254 229 26 kyrkolagsförslagets
487 1254 81 26 princip
593 1260 52 15 vore
669 1254 85 26 kyrklig
777 1253 71 26 frihet,
873 1253 24 22 så

69 1283 71 21 kunde
164 1283 36 20 det
220 1281 86 22 inträffa
321 1284 32 19 att
368 1282 77 27 många
460 1281 47 22 från
522 1283 84 26 kyrkan
621 1282 78 21 affölle.
731 1281 38 22 Om
784 1282 70 26 någon
870 1282 27 21 då

68 1311 76 26 aflede,
168 1311 74 20 förrän
264 1311 43 20 ban
323 1311 75 20 hunnit
414 1311 100 20 befordra
530 1311 38 20 sitt
585 1311 53 20 barn
654 1311 32 20 till
703 1311 69 26 dopet,
789 1311 23 20 så
827 1310 70 21 kunde

69 1340 120 20 detsamma
209 1339 84 21 komma
314 1339 5 20 i
336 1339 109 20 händerna
461 1338 27 26 på
504 1339 124 26 slägtingar,
645 1345 45 15 som
706 1345 50 15 vore
771 1339 125 25 affällingar,

69 1368 41 20 och
133 1368 123 25 derigenom
271 1367 27 26 gå
313 1366 104 22 förloradt
432 1367 33 21 för
480 1367 83 26 kyrkan
579 1367 40 21 och
635 1367 33 21 sin
683 1367 95 21 frälsare.
809 1367 89 26 Kyrkan

70 1397 67 20 borde
155 1395 85 21 derföre
256 1396 63 20 träda
333 1396 8 20 i
355 1395 116 21 målsmans
487 1396 61 21 ställe
565 1396 6 20 i
587 1396 72 26 dylika
674 1395 43 22 fall.
749 1395 71 21 Orden
835 1395 63 26 ,eller

70 1424 127 21 mälsmäns*
213 1424 66 21 borde
295 1424 90 21 sålunda
401 1424 57 27 utgå,
473 1423 28 27 pä
512 1424 37 21 det
559 1425 32 20 att
603 1424 94 27 kyrkans
709 1424 80 21 händer
800 1423 18 27 ej
829 1423 69 21 skulle

71 1453 65 20 blifva
151 1453 92 20 bundna.

140 1504 91 21 Prosten
247 1504 160 25 Rosengren
423 1503 102 22 förenade
540 1504 33 25 sig
589 1503 62 22 äfven
666 1504 48 21 med
730 1504 26 20 de
771 1503 127 27 föregående

70 1532 92 21 talarne.
192 1532 90 21 Prosten
303 1532 94 21 erkände
413 1533 36 20 det
465 1532 104 26 befogade
584 1532 7 21 i
607 1531 56 28 $:ens
678 1532 59 21 förra
753 1531 34 22 del
803 1531 39 22 och
858 1531 40 22 den

785 1570 23 19 32
