1109 1795
263 116 41 21 548
465 121 164 18 Presteständet.
655 122 54 16 1867.
734 123 13 16 8
761 121 62 21 April.

234 207 86 21 komma
335 209 32 18 att
383 207 52 26 änyo
451 207 124 21 bedömmas
590 207 35 20 vid
641 213 87 14 examen
744 213 37 20 pro
793 213 94 18 munere,
899 208 82 21 säledes
993 208 66 21 under

234 236 37 21 tvä
287 236 57 21 olika
359 236 88 25 stadier;
459 236 83 20 talaren
553 235 71 21 kunde
636 235 53 21 dock
701 235 18 27 ej
730 235 67 22 förstä
808 235 54 22 huru
874 243 48 14 man
934 237 39 20 den
985 242 73 15 senare

234 264 83 27 gängen
333 264 69 21 kunde
417 264 20 21 fä
453 266 32 19 ett
500 264 66 27 högre
581 264 88 25 vistord,
687 270 33 15 om
736 264 18 25 ej
770 264 100 27 möjligen
886 265 6 20 i
908 265 40 20 den
964 265 95 21 enskilda

234 293 141 26 själavärden.
405 293 124 20 Emellertid
544 299 51 14 vore
611 293 47 25 den,
675 299 44 14 som
735 293 68 20 skulle
819 293 83 26 aflägga
918 299 86 15 examen
1020 299 39 20 pro

234 327 93 20 munere,
352 321 80 26 invigd;
455 321 82 21 talaren
558 321 94 26 frägade,
669 327 34 15 om
719 321 41 20 han
777 321 26 21 dä
818 328 38 14 var
872 324 58 23 prest
945 322 53 21 eller
1013 322 45 21 icke

234 352 59 24 prest
316 349 67 22 under
405 349 151 22 mellantiden?
575 350 90 21 Prosten
681 356 36 14 var
733 349 33 21 för
782 350 30 21 sin
829 350 34 21 del
880 351 122 26 öfvertysad
1018 357 41 18 om,

235 380 32 19 att
283 384 25 15 en
325 378 58 27 dylik
397 378 92 21 novitius
504 379 33 20 väl
553 378 71 21 kunde
640 378 112 21 förordnas
767 380 32 19 att
807 378 81 21 förestä
896 379 54 21 bäde
966 382 93 23 pastors-

235 407 40 21 och
297 407 183 27 kapellanstjenst.
503 407 122 26 isynnerhet
645 407 7 21 i
671 407 38 21 vär
724 407 37 23 tid,
778 407 27 21 dä
820 407 124 21 tillochmed
960 407 99 22 klockare

234 435 41 21 fätt
298 435 96 21 tillständ
417 437 31 18 att
471 436 6 20 i
499 436 83 25 kyrkan
605 436 89 25 uppläsa
713 436 151 25 predikningar
879 442 25 14 ur
919 437 85 25 postilla
1020 436 38 20 och

235 464 93 21 förrätta
344 464 48 21 bön.
423 463 72 22 Under
511 463 80 22 sädana
607 463 154 27 förhällanden,
778 464 38 21 och
833 470 33 15 om
880 471 25 14 en
916 465 143 20 extraordina-

234 493 91 26 rieprest
343 492 6 21 i
365 493 34 20 två
416 492 23 21 är
455 494 51 19 utan
522 492 140 27 anmärkning
677 492 95 27 fullgjort
787 493 45 20 sina
848 492 210 27 tjensteäligganden,

234 527 51 15 vore
308 521 36 21 det
364 521 63 21 härdt
450 527 33 14 om
499 521 42 20 han
557 521 46 20 icke
619 521 54 26 finge
689 521 52 20 söka
757 521 107 20 ordinarie
879 521 66 26 tjenst
960 524 51 18 utan
1028 523 32 18 att

235 549 82 27 aflägga
333 555 87 15 examen
435 555 38 20 pro
489 555 94 15 munere.
615 549 56 21 Skall
684 562 28 1 —
723 549 75 21 fortfor
808 549 82 21 talaren
902 563 27 2 —
940 550 40 20 han
993 549 67 21 hållas

235 579 32 20 till
291 578 121 26 lifaktighet
427 578 5 21 i
449 578 87 25 studier,
552 578 27 21 dä
595 577 34 22 mä
645 578 77 21 honom
738 579 80 20 lemnas
834 579 73 26 längre
923 579 30 20 tid
969 578 38 21 och
1024 578 36 20 fri-

234 607 37 20 het
293 608 33 19 att
348 607 85 20 anmäla
454 607 31 26 sig
501 607 51 20 eller
567 607 46 20 icke
629 606 34 21 för
677 606 134 27 afläggandet
827 607 21 20 at
863 607 133 26 colloguium,
1012 613 47 14 men

233 635 130 26 rättigheten
379 638 32 18 att
426 635 53 21 söka
489 635 64 26 tjenst
562 635 39 20 bör
611 635 76 20 honom
697 635 64 20 likväl
769 635 47 21 icke
824 641 50 15 vara
883 635 117 21 förmenad.
1031 635 28 21 Sä

234 664 62 26 länge
319 663 38 21 hos
380 670 33 14 oss
436 663 68 21 finnas
524 663 36 21 tvä
575 664 52 20 eller
643 663 50 21 flere
709 663 88 26 tjenster
816 664 2 20 i
834 670 81 15 samma
930 664 129 26 församling,

235 692 68 21 mäste
326 692 36 21 det
384 693 60 20 alltid
467 691 85 22 inträffa
576 694 31 19 att
630 699 48 13 man
701 691 34 21 för
757 694 72 24 pastor
852 693 110 20 derstädes
977 693 83 20 fordrar

235 722 69 19 större
329 721 126 20 erfarenhet.
486 720 89 21 Derföre
599 721 65 20 borde
688 721 41 20 viss
745 721 30 20 tid
791 721 129 21 bestämmas
935 721 33 20 för
983 721 77 21 under-

235 749 82 26 gående
333 749 22 20 af
369 749 183 26 pastoralexamen
574 761 25 2 —
621 749 36 26 jag
672 749 69 20 kallar
756 749 39 20 den
811 749 24 21 sä
850 751 44 19 rätt
911 750 39 20 och
966 750 56 25 slätt,
1038 752 22 23 ty

235 779 86 20 namnet
336 779 39 25 gör
391 778 53 20 intet
460 778 31 20 till
508 777 71 26 saken,
596 790 28 2 —
640 777 33 21 för
688 780 32 18 att
735 778 63 20 vinna
816 777 115 22 befordran
946 778 32 21 till
994 778 66 27 högre

235 807 94 25 tjenster.
360 806 31 21 På
407 807 41 20 alla
464 807 61 20 dessa
537 806 46 21 skäl
597 806 84 21 förenar
691 807 36 25 jag
738 807 42 25 mig
791 807 47 20 med
852 807 127 20 doktorerne
990 807 70 26 Bergh

235 835 40 20 och
297 835 114 26 Alopaeus,
435 835 39 20 och
496 841 63 14 anser
580 835 13 25 &
611 835 39 20 162
667 835 47 20 med
731 835 25 20 de
772 835 36 20 tvä
824 836 97 20 examina
936 835 56 21 inom
1008 836 12 19 2
1036 835 24 20 är

235 869 51 15 vara
303 863 88 21 alldeles
407 863 111 27 obehöflig.

304 920 90 21 Prosten
417 920 77 21 doktor
516 920 91 27 Bergh
629 920 86 26 medgaf
735 921 6 20 i
765 921 41 20 allo
826 919 128 28 riktigheten
970 921 22 20 af
1007 921 54 20 vice-

235 951 74 24 pastor
331 949 118 21 Johnssons
471 949 146 26 anmärkning,
642 951 32 18 att
689 949 36 20 det
741 955 50 14 vore
807 955 26 14 en
849 949 160 26 inkonsegvens,
1026 955 34 14 om

236 984 25 15 en
285 977 113 21 ordinerad
413 979 58 25 prest
486 977 46 21 icke
548 977 53 26 ägde
618 977 43 21 lika
677 977 167 27 befodringsrätt
860 977 32 21 till
908 978 42 20 alla
965 978 95 26 tjenster.

235 1006 98 21 Doktorn
356 1007 50 20 sade
429 1006 30 26 sig
483 1005 60 22 äfven
566 1006 63 21 hafva
651 1007 55 20 varit
726 1006 110 21 medveten
853 1007 61 20 deraf
927 1007 6 20 i
948 1006 112 25 utskottet,

235 1041 47 14 men
299 1035 183 26 nödvändigheten
498 1035 55 20 hade
569 1035 72 20 drifvit
656 1035 78 20 honom
746 1035 32 20 till
789 1035 59 20 detta
858 1035 86 26 förslag,
956 1035 104 26 nemligen

235 1063 184 26 nödvändigheten
436 1065 31 19 att
483 1063 63 21 hafva
562 1063 120 26 prestvigde
691 1063 183 21 extraordinarier.
905 1063 97 21 Doktorn
1012 1063 48 20 ville

236 1092 54 21 dock
305 1098 66 20 gerna
385 1092 28 26 gä
428 1092 20 21 in
464 1091 27 27 pä
508 1094 32 19 att
557 1092 105 26 upphäfva
678 1092 69 21 denna
762 1092 154 26 inkonsegvens
932 1092 127 26 derigenom,

235 1122 33 19 att
290 1121 62 25 ingen
376 1121 119 20 ordination
519 1120 68 21 skulle
603 1121 38 20 ske
657 1120 44 21 före
717 1127 87 14 examen
820 1127 39 19 pro
875 1127 92 14 munere.
1000 1120 59 21 Hvad

235 1149 119 26 vicepastor
376 1149 117 21 Johnssons
516 1149 141 26 anmärkning
680 1155 33 14 om
737 1149 107 26 uttrycket
867 1149 51 26 ,rite
940 1149 120 20 vocatus*i

235 1177 130 27 symboliska
380 1178 107 20 böckerna
503 1177 124 26 beträffade,
643 1178 104 26 nemligen
764 1179 31 19 att
811 1177 37 21 det
862 1183 50 15 vore
924 1177 82 21 riktadt
1016 1180 44 18 mot

235 1206 93 27 episcopi
351 1206 21 20 in
395 1206 103 26 partibus,
522 1206 23 21 sä
569 1206 94 21 berodde
689 1207 39 20 den
747 1206 28 26 pä
791 1208 32 19 ett
838 1206 93 26 misstag.
962 1206 99 21 Tvertom

235 1234 105 27 nemligen
363 1235 136 20 ordinerades
515 1235 7 20 i
538 1235 116 20 katholska
669 1235 82 26 kyrkan
767 1235 92 26 episcopi
876 1235 21 20 in
912 1234 98 27 partibus
1025 1241 35 14 en-

235 1263 48 21 dast
306 1263 32 21 till
361 1263 185 21 extraordinarier.
576 1263 135 21 Beträffande
728 1263 105 25 professor
850 1263 90 21 Geitlins
954 1263 110 26 yttrande,

235 1294 32 19 att
289 1291 36 21 det
348 1298 51 14 vore
423 1292 99 26 olyckligt
545 1298 34 14 om
603 1292 76 21 endast
694 1294 31 19 ett
741 1292 49 25 prof
803 1291 54 26 ägde
874 1298 46 14 rum
935 1291 33 21 för
984 1292 26 20 22
1026 1292 35 20 års

234 1322 49 19 män
306 1320 38 21 och
361 1322 32 19 att
409 1320 61 21 deraf
483 1320 49 21 hela
548 1320 62 21 deras
625 1321 101 20 framtida
741 1321 125 24 kompetens
882 1320 68 21 skulle
965 1319 57 26 bero,
1038 1320 24 21 sä

235 1348 71 21 kunde
320 1348 23 26 ju
359 1348 48 21 dem
423 1349 80 20 lemnas
519 1350 44 19 rätt
579 1348 42 21 fast
637 1348 56 28 ända
708 1348 32 21 till
757 1349 26 20 70
799 1348 24 20 är
838 1350 32 19 att
885 1348 75 26 förnya
971 1348 31 20 sin
1014 1354 47 14 exa-

235 1383 48 15 men
299 1377 38 21 och
351 1377 81 21 erhålla
447 1377 70 21 bättre
533 1377 88 21 vitsord.
651 1376 63 22 Ännu
732 1383 25 15 en
769 1376 139 27 anmärkning
920 1379 44 18 mot
974 1382 86 15 examen

235 1412 39 20 pro
297 1412 88 15 munere
407 1406 48 21 ville
478 1406 83 21 talaren
585 1405 120 26 framhälla,
729 1406 40 21 den
788 1405 112 27 nemligen,
917 1407 32 19 att
965 1405 35 21 det
1016 1405 46 21 icke

234 1441 50 14 vore
306 1441 25 14 en
347 1435 104 26 rättighet
466 1440 45 15 som
527 1434 131 21 tillkommer
673 1433 147 27 domkapitlet,
838 1436 50 19 utan
904 1434 158 26 församlingen,

235 1465 32 18 att
291 1463 90 21 bedöma
404 1465 95 24 prestens
515 1462 103 27 förmåga,
636 1463 38 20 och
691 1463 59 20 detta
765 1463 49 26 prof
828 1462 68 21 aflade
912 1462 41 21 han
969 1463 94 26 ständigt

234 1491 57 20 inför
314 1491 157 27 församlingen.
501 1491 90 21 Derföre
617 1491 66 21 borde
699 1491 35 21 det
749 1491 68 20 finnas
833 1491 55 20 blott
904 1497 26 14 en
946 1491 54 21 enda
1015 1497 47 15 exa-

235 1526 48 15 men
299 1525 44 16 som
360 1520 69 21 skulle
445 1520 92 27 afläggas
553 1520 56 21 inför
626 1520 156 27 stiftstyrelsen,
799 1519 39 21 och
854 1519 84 21 hvilken
954 1519 54 28 finge
1018 1519 45 22 för-
