1109 1795
332 123 166 18 Presteståndet.
524 124 57 16 1867.
605 124 8 15 1
626 123 48 21 Maj.
847 119 40 20 811

89 210 104 27 pröfning.
224 209 65 21 Detta
303 209 39 21 allt
357 209 74 26 gjorde
447 209 40 20 den
509 208 76 27 fattige
606 208 93 26 rättslös,
723 208 69 21 såsom
815 215 26 15 en
864 209 52 20 värd

90 239 67 20 talare
173 238 95 26 uttryckt
283 238 38 25 sig.

159 295 100 20 Härefter
271 294 142 21 framställdes
424 293 23 21 af
456 293 50 21 herr
517 294 137 20 talemannen
664 292 93 27 följande
770 293 144 26 proposition;

161 350 133 21 Godkänner
316 351 34 20 det
372 350 134 27 högvördiga
533 350 86 21 ståndet
644 349 111 22 utskottets
783 349 134 22 betänkande

92 379 137 27 beträffande
258 379 187 26 nödvändigheten
471 379 30 27 af
524 378 235 26 revisionsskillingens
786 379 132 27 erläggande

92 408 52 21 eller
158 407 61 21 icke?

161 465 131 21 Besvarades
308 464 47 21 med
372 465 27 19 12
415 465 70 20 röster
500 465 45 20 mot
562 464 32 23 12,
611 463 99 21 hvarföre
726 463 40 22 den
781 464 137 27 undanlagda

93 493 72 22 sedeln
180 493 103 26 framtogs
299 493 37 20 och
353 492 89 21 befanns
457 492 109 21 innehålla
581 493 31 20 ett
628 492 48 26 nej;
691 492 40 21 och
753 492 74 26 skulle,
843 493 7 20 i
864 493 54 26 följd

92 522 24 21 af
130 522 169 25 omröstningens
314 521 86 26 utgång,
417 521 77 20 orden:
511 521 39 21 och
567 522 56 19 sätte
639 521 38 20 der
699 520 67 21 tillika
787 521 21 20 in
832 521 85 21 etthua-

94 551 39 20 dra
148 551 59 20 daler
223 549 63 21 alltså
302 549 60 26 utgå;
379 549 117 26 hvarjemte
513 549 23 21 åt
551 549 240 26 expeditionsutskottet
806 549 111 21 öfverlem-

93 579 67 20 nades
175 580 32 19 att
223 578 119 26 ombesörja
359 577 68 27 öfriga
443 578 6 20 i
465 578 39 20 sak
520 577 40 22 och
575 577 89 27 ordalag
686 577 77 27 nödiga
785 577 133 22 redaktions-

93 607 155 26 förändringar,
272 613 44 14 som
331 607 7 20 i
353 606 114 26 anledning
489 607 23 20 af
531 606 92 21 nämnde
644 606 71 21 beslut
730 606 69 21 kunde
815 605 102 28 påkallas.

163 663 64 21 Mom.
243 664 12 19 2
272 663 38 22 och
327 663 12 21 3
355 663 124 26 godkändes
495 663 109 26 enhälligt.

163 720 26 26 $$
206 720 12 21 3
235 720 38 21 och
289 720 12 21 5
317 719 88 27 gillades
421 719 110 21 likaledes.

164 777 12 26 8
199 776 12 21 6
235 776 74 25 skulle,
329 776 86 26 jemlikt
437 775 98 22 ständets
557 775 132 22 beträffande
712 776 11 25 $
745 775 9 20 1
779 775 81 22 fattade
883 775 36 21 be-

96 805 48 25 slut,
160 804 58 27 utgä.

164 861 129 21 Godkändes
315 861 24 20 de
363 860 68 27 öfriga
453 861 30 26 88
498 861 7 20 i
522 860 60 21 detta
604 860 80 26 kapitel
708 860 65 26 enligt
787 859 133 22 utskottsbe-

95 890 123 26 tänkandet,
235 890 48 20 med
299 889 40 21 den
355 889 141 26 anmärkning
511 891 33 19 att
559 888 12 27 $
587 889 26 20 17
627 889 78 26 jemväl
721 888 84 21 komme
823 888 23 21 af
865 888 55 22 före-

95 918 78 21 nämnd
189 919 113 26 anledning
317 919 32 20 att
364 917 57 27 utgä.

414 1002 43 28 Kap.
474 1002 21 23 31
512 1002 34 23 och
563 1001 34 24 32.

166 1059 94 22 Gillades
275 1060 66 26 begge
357 1059 27 26 pä
400 1061 43 19 sätt
459 1059 106 21 utskottet
580 1059 109 26 tillstyrkt.

415 1137 188 29 Utsökningshalken.

165 1195 122 21 Utskottets
310 1195 135 21 betänkande
468 1195 93 21 rörande
583 1195 60 21 detta
666 1195 79 27 kapitel
770 1195 123 26 godkändes
913 1195 7 21 i

97 1224 42 21 allo
155 1225 52 19 utan
222 1224 137 25 omröstning.

440 1291 135 23 Jordabalken.

166 1348 65 21 Mom.
249 1349 17 25 1,
283 1348 12 21 5
311 1348 40 21 och
367 1348 12 20 6
395 1348 90 26 gillades
501 1348 108 26 enhälligt.

165 1399 64 21 Mom.
247 1401 19 19 7.

165 1456 85 21 Doktor
265 1455 93 22 Hellén
368 1455 94 27 föreslog
473 1457 33 20 att
516 1455 274 22 häradsnämndemännens
803 1455 119 26 antagande

98 1484 39 21 och
159 1484 170 21 bestämmandet
351 1484 24 21 af
397 1484 62 21 deras
474 1484 59 21 antal
549 1484 68 21 måtte
632 1485 115 20 ankomma
761 1484 13 21 å
789 1484 133 21 kommunal-

98 1514 111 19 stämman.
