1109 1795
324 121 164 18 Presteståndet.
514 122 57 17 1867.
595 122 12 17 6
619 122 48 21 Maj.
842 117 37 20 871

82 207 81 21 förutse
186 206 32 21 till
242 206 39 21 den
305 207 8 20 1
330 206 87 22 Januari
439 206 62 27 1869,
517 208 72 25 syntes
605 205 69 22 denna
689 205 177 28 tidsbestämning
880 208 33 19 ut-

83 235 82 21 skottet
181 234 70 22 alltför
266 234 117 21 inskränkt.
414 234 111 22 Utskottet
541 234 55 21 hade
612 234 83 21 derföre
710 240 76 21 genom
803 235 40 21 den
858 235 5 21 i
876 241 36 21 pa-

82 263 99 26 ragrafen
203 263 74 26 gjorda
299 263 136 26 formulering
457 263 47 21 icke
520 264 71 20 ansett
606 263 31 26 sig
652 262 63 22 hafva
730 262 134 22 öfverskridit
881 263 32 22 sin

82 291 129 27 befogenhet
227 297 58 15 mera
301 293 26 19 än
343 291 26 21 de
384 297 45 15 som
445 297 28 15 nu
489 291 57 22 inom
562 291 85 21 ståndet
662 290 105 27 föreslogo
783 291 47 22 dess
843 291 69 27 giltig-

82 320 37 21 het
141 320 33 21 till
194 321 61 20 nästa
277 319 107 27 landtdag,
401 321 22 25 ty
439 319 60 22 äfven
516 320 60 21 detta
591 325 50 16 vore
657 321 31 20 ett
704 319 172 22 öfverskridande
892 319 22 22 af

83 347 203 27 tidsbestämningen
306 348 8 21 i
331 348 165 27 propositionen,
521 348 101 26 obetaget
637 349 32 20 att
684 348 59 21 Hans
759 347 100 27 Majestät
874 349 39 20 när

82 383 46 14 som
151 377 56 20 helst
229 376 39 21 och
291 376 59 21 äfven
365 377 35 20 vid
416 378 60 19 nästa
491 376 103 27 landtdag
609 376 71 21 kunde
695 376 77 21 föreslå
789 377 123 20 detsamma.

83 405 62 21 Hvad
161 405 27 21 de
201 405 24 21 så
240 405 114 21 klandrade
370 405 65 21 orden
451 405 92 21 monark
559 405 39 20 och
614 404 90 22 ständer
716 404 95 27 anginge,
823 405 24 21 så
858 405 55 21 hade

83 434 106 21 utskottet
211 435 70 20 ansett
303 433 47 21 dem
373 434 112 26 högeligen
500 433 119 28 påkallade,
636 433 134 21 alldenstund
786 433 42 21 alla
843 433 70 21 hithö-

82 462 66 21 rande
171 462 131 26 stadganden
317 461 6 21 i
339 461 65 22 slutet
424 461 23 22 af
464 461 127 27 paragrafen
606 461 126 27 upphäfdes;
749 461 36 22 det
801 467 49 16 vore
866 461 47 21 der-

82 489 45 22 före
150 490 102 26 naturligt
271 492 32 19 att
318 490 105 21 utskottet
438 490 5 20 i
459 490 72 21 stället
546 489 69 22 skulle
630 489 78 22 föreslå
724 489 39 22 den
779 490 83 27 vanliga
877 491 35 20 vä-

82 524 41 20 gen
138 518 33 21 för
187 518 28 21 all
230 517 136 28 lagstiftning.
397 518 107 27 Föröfrigt
519 519 66 26 ansåg
601 518 81 21 talaren
698 518 36 21 det
749 518 51 21 bero
816 519 28 26 på
854 520 58 20 stän-

84 546 64 22 derna
167 548 33 19 att
215 546 112 22 formulera
350 547 126 26 paragrafen
492 547 55 20 huru
563 547 26 21 de
604 546 117 27 behagade,
737 546 105 22 utskottet
858 547 54 21 hade

82 574 46 22 icke
144 575 81 21 kunnat
240 575 77 21 handla
333 575 137 21 annorlunda.

152 631 205 28 Kontraktsprosten
379 631 77 22 doktor
479 631 105 22 Hellén
607 631 101 22 förenade
731 631 31 27 sig
777 631 6 21 i
799 631 41 22 allo
863 631 49 21 med

84 660 137 26 domprosten
236 659 63 27 Borg,
315 662 32 19 att
361 660 114 21 ständerna
491 660 66 21 borde
574 659 107 22 bestämdt
697 659 73 28 uttala,
786 661 33 20 att
833 665 77 22 propo-

82 687 91 22 sitionen
189 688 17 27 ej
223 688 80 21 kunnat
318 689 6 20 i
341 689 64 26 några
420 688 21 21 få
456 688 32 21 för
504 688 160 27 lagstiftningen
680 688 77 27 vigtiga
770 688 92 27 punkter
872 694 39 15 an-

83 718 67 24 tagas,
173 723 49 14 men
245 717 107 26 hoppades
373 718 32 20 att
423 717 60 21 Hans
506 717 101 26 Majestät
629 716 48 22 ville
693 716 54 21 fästa
762 716 99 22 afseende
877 716 35 22 vid

78 745 130 25 ständernas
224 745 79 21 önskan
319 747 32 19 att
366 747 77 25 antaga
458 745 62 26 lagen
536 745 48 22 med
600 745 62 21 dessa
677 745 120 26 ändringar,
809 744 51 21 eller
872 745 40 21 ock

82 773 135 26 promulgera
233 773 40 22 den
286 779 28 16 nu
324 773 97 27 gällande
434 773 61 27 lagen
507 773 32 21 till
550 773 131 22 fortfarande
691 773 141 22 stadfästälse.
849 773 63 21 Hvad

85 802 27 21 70
127 802 13 26 &
156 801 96 27 anginge,
268 802 65 26 ansäg
349 802 90 21 doktorn
455 802 69 21 denna
539 801 54 22 böra
607 801 128 22 framställas
751 801 75 22 endast
841 802 71 21 säsom

83 836 25 15 en
131 830 96 27 petition,
250 830 39 21 och
308 830 32 21 till
355 831 47 20 stöd
418 830 32 21 för
465 837 26 14 en
508 830 66 21 sådan
590 830 55 21 hade
660 830 105 21 utskottet
780 829 13 22 å
809 831 27 20 10
852 829 60 22 sidan

82 858 22 21 af
118 858 38 22 sitt
171 858 134 21 betänkande
321 859 69 20 anfört
405 858 129 27 förträffliga
550 859 95 20 motiver.

150 915 205 26 Kontraktsprosten
378 915 149 22 Ehrström
547 915 100 21 förenade
663 915 32 26 sig
710 915 48 21 med
774 915 138 26 domprosten

82 943 58 27 Borg
155 943 40 22 och
210 945 86 25 prosten
311 943 109 24 Borenius,
436 950 49 15 men
500 943 94 26 föreslog
609 945 32 20 att
656 943 59 22 tiden
731 943 31 21 till
777 943 87 21 hvilken
880 943 32 21 la-

82 978 41 20 gen
138 971 69 22 skulle
222 971 55 27 gälla
293 972 66 21 borde
373 971 116 22 fastställas
504 972 33 21 till
553 973 31 20 ett
599 971 53 22 halft
667 972 25 21 är
707 971 53 22 efter
770 973 61 20 nästa
842 971 70 22 landt-

83 1000 51 27 dags
150 1000 49 24 slut,
215 1001 27 26 pä
258 1000 35 21 det
308 1002 32 19 att
355 1007 47 15 man
418 1000 46 22 icke
479 1001 71 20 säsom
567 1006 28 15 nu
611 999 68 22 blefve
694 1002 51 19 utan
760 999 101 28 presslag.

151 1057 154 27 Kyrkoherden
327 1057 128 21 Juselius
477 1057 66 26 ansäg
567 1058 38 25 att,
629 1057 27 21 dä
679 1056 59 27 fräga
759 1063 29 14 nu
810 1062 50 15 vore
876 1062 35 16 om

82 1085 125 22 ständernas
222 1085 99 27 yttrande
336 1085 59 22 öfver
410 1087 27 19 70
453 1085 17 27 $,
488 1086 36 20 det
540 1085 47 21 icke
601 1085 62 27 ginge
679 1091 27 15 an
721 1087 32 19 att
768 1086 56 20 sätta
840 1090 25 15 en
877 1091 35 20 pe-

83 1114 61 21 tition
158 1113 8 21 i
181 1113 78 27 stället,
274 1116 51 19 utan
341 1114 84 21 ständet
441 1113 65 22 borde
522 1113 74 27 afgöra
611 1113 100 28 antingen
727 1113 36 22 det
774 1113 49 21 ville
834 1114 78 25 antaga

83 1142 125 27 paragrafen
231 1143 26 26 pä
277 1144 43 19 sätt
334 1149 45 14 som
395 1142 105 21 utskottet
522 1141 109 28 föreslagit
647 1142 52 21 eller
714 1141 113 22 formulera
843 1141 69 22 denna

83 1170 138 22 annorlunda.
252 1171 78 20 Derom
353 1170 66 22 borde
441 1171 87 21 ståndet
546 1170 83 21 derföre
645 1170 53 22 först
713 1172 79 24 votera,
807 1169 105 22 huruvida

83 1199 37 21 det
133 1199 113 26 godkände
261 1199 115 21 utskottets
392 1199 135 21 betänkande
544 1199 51 21 eller
609 1198 53 22 icke.

152 1255 70 21 Sedan
245 1255 145 21 diskussionen
413 1255 113 22 förklarats
542 1254 99 27 afslutad,
657 1255 70 21 beslöt
741 1254 91 26 ständet,
848 1255 28 26 pä
891 1254 22 21 af

83 1283 50 22 herr
154 1283 135 22 talemannen
311 1283 117 22 framställd
450 1283 140 27 proposition,
614 1283 102 27 enhälligt
732 1285 31 19 att
779 1283 40 20 den
835 1282 77 27 nådiga

82 1311 159 28 propositionen
263 1311 45 22 icke
326 1312 71 21 kunde
413 1311 128 22 oförändrad
557 1313 96 25 antagas,
669 1313 56 20 samt
739 1311 48 22 med
803 1310 109 22 obestridd

82 1339 110 27 pluralitet
213 1341 32 20 att
265 1340 226 26 författningsförlaget
513 1341 73 24 borde,
603 1340 48 21 med
667 1340 119 26 antagande
801 1339 22 21 af
837 1345 75 15 senare

82 1368 136 22 alternativet
232 1368 7 21 i
255 1370 10 23 $
285 1368 34 27 36,
341 1368 81 22 erhålla
437 1368 40 22 den
494 1368 173 27 omformulering
682 1368 105 21 utskottet
803 1367 108 28 tillstyrkt,

82 1397 48 21 med
154 1397 108 26 undantag
285 1397 53 22 dock
354 1397 22 22 af
390 1398 11 26 &
418 1398 33 25 70,
467 1397 7 21 i
490 1397 63 22 hvars
569 1397 62 21 ställe
647 1397 76 21 endast
738 1403 25 15 en
778 1396 134 27 underdänig

82 1425 81 21 önskan
176 1425 66 22 borde
257 1425 78 22 uttalas
351 1425 80 27 derom,
446 1427 32 20 att
494 1426 59 21 Hans
569 1425 118 27 Kejserliga
703 1425 100 27 Majestät
818 1424 48 21 ville
882 1424 29 21 al-

82 1453 116 26 lernådigst
220 1453 44 22 låta
285 1453 85 22 utfärda
387 1454 173 27 tryckfrihetslag
575 1453 7 21 i
598 1453 93 27 enlighet
707 1453 48 22 med
771 1453 36 21 det
822 1451 90 23 sålunda

81 1481 138 22 modifierade
237 1482 240 27 författningsförslaget,
499 1484 32 20 att
546 1482 57 27 gälla
618 1482 54 21 intill
688 1481 65 22 slutet
768 1481 23 22 af
803 1480 109 22 nästkom-

82 1510 76 21 mande
173 1510 108 27 landtdag,
297 1517 48 16 men
361 1513 38 25 att,
416 1511 70 22 derest
503 1511 60 21 Hans
578 1510 119 27 Kejserliga
712 1510 100 27 Majestät
822 1509 18 27 ej
853 1509 59 22 täck-

819 1548 23 18 56
