1109 1795
229 121 41 21 536
430 125 167 18 Presteståndet.
623 127 55 16 1867.
703 127 12 16 6
728 125 63 22 April

269 211 31 22 På
315 211 157 27 framställning
487 212 23 21 af
523 211 50 22 herr
587 212 135 21 talemannen
733 211 123 27 godkändes
870 213 68 20 denna
954 213 10 26 $
980 211 48 23 med

201 240 108 21 obestridd
324 240 110 27 pluralitet
450 240 66 27 enligt
531 240 247 22 utskottsbetänkandet.

269 297 12 28 8
299 298 46 20 104.

269 355 90 20 Prosten
382 355 77 20 doktor
481 355 134 26 Alopaeus
639 355 99 25 önskade,
761 357 32 19 att
809 355 26 21 de
850 355 139 21 medlemmar
1004 355 24 22 af

200 383 227 26 kyrkolagsutskottet,
443 383 83 21 hvilkas
540 383 131 21 reservation
687 384 91 20 rörande
794 384 11 27 &
823 384 41 20 102
880 383 70 21 blifvit
966 386 58 19 anta-

200 418 47 20 gen,
270 412 66 21 mätte
358 412 100 26 förklara,
481 411 105 22 huruvida
604 412 112 26 meningen
739 419 50 14 vore
813 414 31 19 att
861 412 42 21 alla
918 412 39 22 här
972 419 55 21 upp-

199 440 95 21 räknade
309 447 101 20 personer
425 440 68 21 skulle
508 440 141 21 underkastas
665 441 39 20 den
715 441 7 20 i
733 441 132 20 sistnämnde
876 442 13 25 $
900 441 128 21 föreskrifna

201 468 133 27 behandling,
357 469 40 21 och
420 469 71 26 ansäg,
513 471 31 19 att
560 475 25 15 en
601 469 132 26 förmildring
748 469 112 21 härstädes
875 469 7 21 i
898 469 76 22 sädant
989 469 36 22 fall

200 503 51 16 vore
267 497 22 21 af
302 497 77 22 nöden.

269 555 207 26 Kontraktsprosten
492 554 76 21 doktor
583 555 98 20 Hellön
697 555 116 26 anmärkte,
829 556 33 19 att
877 555 39 20 här
933 555 92 26 uppräk-

200 583 55 21 nade
270 583 60 27 lyten
345 583 130 21 förekomme
491 583 5 20 i
513 583 56 21 olika
584 583 82 26 grader.
689 583 28 22 Sä
733 583 54 21 hade
802 583 82 21 talaren
901 583 45 21 haft
959 589 67 15 exem-

200 612 35 26 pel
250 612 27 26 pä
293 619 25 14 en
333 618 56 19 man,
405 618 45 15 som
465 611 46 22 haft
526 618 25 15 en
567 611 78 22 laddad
660 612 63 21 bössa
737 612 7 21 i
760 614 79 24 sängen
854 612 78 21 mellan
943 612 31 26 sig
984 612 39 21 och

200 640 97 21 hustrun.
318 641 31 20 Pä
363 641 80 26 graden
459 640 22 21 af
491 641 35 20 det
536 641 57 20 onda
603 641 93 20 berodde
707 641 55 20 huru
772 642 74 25 sträng
856 641 49 20 tukt
915 640 107 21 behöfdes.

269 697 30 22 På
321 697 156 27 framställning
498 697 23 22 af
541 697 50 22 herr
612 697 134 21 talemannen
769 697 124 27 godkändes
908 698 116 21 utskottets

201 726 134 21 betänkande
351 727 90 20 rörande
457 727 68 20 denna
540 726 11 27 $
567 726 48 21 med
631 726 107 21 obestridd
755 726 117 27 pluralitet.

269 783 24 28 $$
307 784 38 21 105
357 783 38 22 och
408 784 39 20 106
458 783 122 27 godkändes
592 783 102 27 enhälligt
705 783 65 27 enligt
778 783 245 22 utskottsbetänkandet.

512 880 99 27 Fjortonde
627 879 85 29 Kapitlet.

268 938 24 27 88
310 938 111 21 107—110
436 937 122 27 godkändes
573 937 103 27 enhälligt
691 937 66 27 enligt
776 937 245 22 utskottsbetänkandet.

269 989 11 27 $
298 990 47 20 111.

267 1041 90 20 Prosten
373 1040 77 21 doktor
465 1040 85 27 Bergh
565 1040 86 27 yttrade
667 1040 36 21 det
719 1040 41 21 han
776 1040 6 21 i
799 1040 31 21 sin
846 1040 130 21 reservation
987 1040 35 21 be-

199 1070 46 19 rört
266 1075 63 15 mom.
346 1075 17 15 c)
379 1069 23 20 af
416 1069 69 20 denna
499 1069 11 27 $
526 1069 48 20 med
597 1069 113 26 anledning
729 1069 22 20 af
765 1069 40 20 den
828 1069 134 26 motsägelse,
978 1075 45 14 som

199 1098 53 26 egde
269 1104 45 14 rum
330 1097 75 22 mellan
421 1099 12 24 $
452 1098 37 20 112
506 1099 55 19 samt
575 1097 24 28 $$
617 1098 38 20 161
673 1097 39 21 och
729 1098 48 23 162,
799 1097 39 21 och
861 1097 85 21 hvilken
968 1100 55 18 mot-

199 1126 81 26 sägelse
303 1132 75 21 genom
401 1126 39 21 den
463 1125 23 22 af
507 1126 106 21 utskottet
635 1126 120 26 föreslagna
777 1125 125 27 förändring
919 1125 47 28 af
957 1121 10 36 8
984 1127 38 19 112

198 1155 47 21 icke
267 1155 69 20 blifvit
358 1154 100 27 upphäfd.
489 1154 90 21 Talaren
601 1155 80 26 yrkade
703 1154 106 27 nemligen
831 1156 33 19 att
880 1155 40 20 den
936 1155 6 20 i
959 1155 7 25 $
983 1155 39 20 112

198 1183 151 26 församlingen
364 1183 88 26 tillagda
467 1183 138 26 kallelserätt,
621 1183 86 21 hvilken
722 1189 36 19 nu,
773 1183 70 20 säsom
859 1183 23 20 af
893 1183 23 27 $$
933 1183 38 20 161
984 1183 40 20 och

200 1212 40 21 162
263 1213 78 26 syntes,
364 1212 75 21 endast
461 1218 50 14 vore
526 1211 99 26 skenbar,
641 1212 68 21 skulle
725 1211 65 21 blifva
805 1211 88 26 verklig,
910 1211 39 21 och
965 1211 59 21 detta

198 1240 69 21 blefve
283 1241 47 25 den,
345 1247 34 14 om
394 1240 150 27 prestvigning,
561 1240 69 21 säsom
647 1241 82 20 talaren
745 1241 8 19 i
768 1240 32 21 sin
818 1240 132 21 reservation
969 1240 55 21 före-

198 1269 69 26 slagit,
291 1269 68 21 skulle
382 1269 106 26 berättiga
507 1269 32 20 till
554 1269 115 20 befordran
685 1269 32 20 till
734 1275 25 14 en
776 1269 32 20 del
824 1269 96 26 tjenster.
949 1268 29 21 Af
991 1269 33 20 sä-

199 1297 40 22 dan
263 1298 113 26 anledning
397 1297 66 21 borde
485 1297 61 21 äfven
565 1303 62 15 mom.
645 1298 19 25 c)
680 1298 7 20 i
702 1297 11 28 $
731 1298 38 20 111
787 1297 96 26 undergå
898 1297 41 21 den
954 1297 69 21 förän-

199 1326 67 26 dring,
282 1328 32 19 att
326 1328 146 24 prestexamen
487 1326 68 21 skulle
571 1326 106 21 vitsordas
692 1326 8 21 i
715 1326 57 21 olika
791 1326 83 26 grader,
898 1326 23 21 sä
943 1327 32 19 att
998 1326 25 21 de

197 1354 36 20 vid
248 1354 124 22 universitet
385 1354 95 21 erhällna
495 1354 108 21 vitsorden
619 1354 68 21 skulle
702 1354 57 26 gälla
778 1354 33 20 för
830 1354 41 21 den
892 1354 130 21 theoretiska

198 1382 153 27 skickligheten
372 1382 38 22 och
433 1383 169 26 sammanläggas
621 1383 47 21 med
691 1383 26 21 de
731 1382 36 21 vid
783 1382 141 27 domkapitlet
939 1382 7 21 i
961 1382 63 27 prak-

197 1411 57 21 tiska
274 1412 50 25 prof
341 1411 116 22 utfallande
472 1412 115 25 vitsorden,
603 1411 138 27 hvarigenom
757 1417 26 15 en
799 1411 94 26 objektiv
908 1411 68 26 grund
992 1411 32 20 för

197 1439 125 27 kompetens
344 1440 68 21 skulle
435 1440 96 21 erhållas.
563 1440 90 22 Talaren
676 1441 55 20 hade
746 1440 7 20 i
769 1440 32 21 sin
816 1440 131 21 reservation
962 1439 62 21 äfven

197 1468 74 21 berört
293 1469 106 26 åtskilliga
413 1469 66 20 andra
495 1469 182 26 omständigheter
693 1469 39 20 och
747 1468 102 21 särskildt
872 1469 36 20 det
930 1467 94 22 missför-

196 1497 100 21 hällande
318 1499 32 19 att
373 1504 25 14 en
421 1499 64 24 prest,
501 1497 64 22 innan
586 1497 42 21 han
644 1497 64 27 aflagt
723 1503 87 15 examen
825 1503 39 20 pro
881 1503 93 17 munere,
990 1497 34 20 väl

196 1525 71 22 kunde
283 1525 110 22 förordnas
409 1527 32 20 att
456 1526 78 21 förestä
549 1526 86 21 hvilken
651 1526 65 27 tjenst
731 1532 46 15 som
792 1525 62 26 helst,
865 1531 48 16 men
924 1525 18 27 ej
954 1525 70 22 kunde
