1109 1795
247 115 40 20 564
449 119 168 18 Presteståndet.
641 121 54 16 1867.
719 121 12 16 9
744 121 63 20 April

216 206 47 20 lära
278 205 6 21 i
300 205 82 27 kyrkan
403 206 54 21 skall
481 212 61 15 anses
565 206 39 21 och
627 206 123 26 bedömas;*
769 206 54 21 efter
839 206 63 22 dessa
918 207 38 21 ord
973 207 69 21 skulle

217 235 36 20 det
269 234 68 27 öfriga
352 234 60 27 följa:
428 234 35 27 ,så
479 236 32 19 att
524 234 37 27 jag
576 234 109 21 hvarken*
702 237 39 18 etc.

286 291 110 21 Professor
419 291 99 21 Geitlin
541 291 110 26 hoppades
673 293 32 19 att
724 292 36 20 det
776 292 67 21 skulle
861 298 50 15 vara
926 292 61 21 äfven
1003 293 39 21 ho-

216 326 49 15 nom
281 319 79 22 tillåtet
375 322 32 19 att
422 320 48 21 med
486 319 66 26 några
568 320 38 20 ord
622 319 100 22 bekräfta
737 320 32 21 sin
785 320 62 27 åsigt,
869 321 27 20 då
918 321 24 21 så
965 321 75 26 många

216 349 66 20 redan
298 348 106 27 vidlyftigt
419 348 117 21 behandlat
551 349 72 20 saken.
646 349 90 20 Talaren
752 349 55 21 hade
823 349 65 21 redan
904 349 6 20 i
925 349 38 26 går
978 350 63 21 fram-

217 376 62 21 hållit
297 377 40 21 den
353 377 113 26 svårighet,
483 377 60 20 hvari
559 383 26 14 en
601 379 60 24 prest
676 377 63 20 råkar
754 377 35 21 vid
808 378 151 26 undervisning
974 379 6 20 i
995 378 46 21 kri-

217 405 132 25 stendomen,
373 411 40 20 om,
437 405 69 21 såsom
523 405 60 21 fallet
598 407 24 19 är
637 406 64 20 bland
718 407 79 20 största
812 406 61 22 delen
889 406 23 22 af
925 407 39 21 den
981 412 59 16 sven-

217 434 40 21 ska
272 434 155 25 befolkningen,
444 434 124 21 Lindbloms
584 434 88 21 katekes
688 435 71 26 lägges
775 434 32 21 till
822 435 70 26 grund
913 436 33 19 för
964 436 76 20 under-

216 462 109 27 visningen
362 462 75 21 Denna
453 462 42 21 bok
514 475 24 2 —
555 463 89 20 menade
659 463 82 20 talaren
758 475 24 2 —
800 463 42 21 kan
858 463 57 21 olika
930 463 109 22 bedömas.

215 497 49 14 men
286 492 32 19 att
340 491 40 20 den
397 491 53 21 dock
466 493 24 18 är
506 497 24 14 en
547 491 23 20 af
585 491 25 20 de
626 493 101 24 yppersta
742 491 82 21 bevisas
840 491 23 21 af
877 492 113 26 yttranden
1006 492 32 21 sä-

216 520 56 20 dana
291 525 45 15 som
358 519 23 21 af
401 519 103 26 Franzén,
524 519 101 26 Vingård,
647 519 87 26 Tegnér,
757 520 61 21 dessa
841 521 71 25 pelare
928 521 6 20 i
949 520 89 27 kyrkan,

216 548 73 21 hvilka
304 548 57 26 gifva
377 548 123 21 densamma
516 548 25 21 de
557 548 104 26 amplaste
678 548 74 21 loford.

285 605 56 20 Herr
356 605 137 20 talemannen
509 605 97 20 erinrade
622 607 31 18 att
665 605 69 20 denna
745 605 52 21 boks
811 605 64 22 värde
887 606 33 20 väl
932 605 22 21 af
963 605 76 26 många

216 633 111 25 erkändes,
344 639 47 15 men
407 633 40 21 den
464 633 65 21 saken
544 633 67 21 hörde
627 634 46 20 icke
689 633 32 21 till
737 635 78 20 ämnet.

284 689 125 22 Professorn
432 689 100 22 Geitlin
557 690 50 21 sade
631 691 31 25 sig
685 690 27 21 då
734 690 50 27 vilja
799 690 27 27 gå
841 690 56 21 förbi
912 691 46 20 den.
989 691 50 20 Men

215 725 28 14 nu
259 725 38 14 var
312 719 65 20 saken
394 719 46 23 den,
456 720 33 19 att
504 718 117 21 Schartaus
645 719 88 20 lärobok
748 719 7 20 i
770 719 268 26 kristendomskunskapen

216 747 43 20 höll
283 747 31 25 sig
337 747 72 20 stricte
429 747 32 20 till
479 747 101 21 Formula
596 747 137 24 Concordiae,
749 748 39 21 och
803 748 55 20 hade
874 754 26 15 ur
915 748 123 21 Lindbloms

216 775 89 21 katekes
320 777 130 19 utmönstrat
465 776 77 26 många
557 776 64 25 läror,
638 782 45 15 som
697 776 89 21 allmänt
804 777 35 20 vid
862 777 175 25 undervisningen

216 804 115 25 meddelas,
352 804 123 27 isynnerhet
497 811 34 14 om
555 804 82 21 nådens
659 804 133 22 förhållande
808 805 32 21 till
857 805 40 21 den
912 805 40 20 fria
966 805 70 26 viljan.

285 861 56 20 Herr
356 861 133 20 talemannen
505 861 98 21 erinrade
619 861 52 26 åter,
687 862 32 20 att
735 862 59 20 detta
809 862 46 21 icke
872 868 28 14 nu
918 862 66 21 hörde
1006 862 31 21 till

215 889 75 25 saken;
307 889 109 21 dessutom
432 890 113 26 stadgades
561 891 6 19 i
584 891 11 24 S
611 891 12 18 2
641 890 22 21 af
677 890 219 27 kyrkolagsförslaget
907 892 32 19 att
950 891 88 20 katekes

215 917 54 21 skall
285 924 51 15 vara
352 918 40 21 den
408 918 135 27 vedertagna.

283 974 127 22 Professorn
425 975 100 21 Geitlin
540 975 50 21 ville
606 975 118 26 framhålla,
741 977 32 19 att
785 976 45 26 just
846 976 69 21 denna
930 976 107 27 svårighet

214 1003 139 27 uppkommer
375 1010 76 20 genom
474 1003 219 22 konkordieformelns
716 1005 130 26 antagande;
870 1004 33 21 för
921 1004 63 27 öfrigt
1000 1007 36 18 ön-

215 1032 65 21 skade
303 1032 88 26 talaren,
416 1032 33 21 för
471 1034 32 19 att
525 1039 51 14 vara
599 1033 55 25 kort,
676 1033 75 20 endast
767 1033 88 21 hänvisa
870 1033 32 21 till
918 1033 37 21 sitt
970 1033 66 21 redan

213 1060 133 22 framställda
361 1061 79 26 förslag
455 1061 32 20 till
502 1061 145 26 formulering,
665 1061 80 21 hvilket
760 1061 41 21 han
817 1061 55 27 ånyo
888 1062 104 26 uppläste.

282 1118 89 21 Prosten
394 1118 165 26 Rosengren
582 1118 66 27 ansåg
671 1119 30 25 sig
722 1118 64 21 hafva
800 1120 44 19 rätt
860 1120 32 19 att
909 1119 46 20 med
970 1118 67 27 några

213 1146 39 20 ord
267 1145 96 22 försvara
379 1147 38 25 sig,
433 1147 27 20 då
476 1147 108 26 åtskilliga
599 1148 64 20 värde
681 1147 67 21 talare
764 1147 80 26 ogillat,
861 1149 33 19 att
915 1147 42 20 han
980 1147 56 21 före-

213 1175 70 26 dragit
299 1175 40 20 den
354 1175 115 26 kejserliga
483 1176 172 25 propositionens
671 1176 38 21 ord
731 1176 89 20 framför
842 1176 122 21 utskottets.
995 1175 41 21 Ta-

213 1203 59 20 laren
288 1203 55 21 hade
358 1203 46 21 icke
421 1205 70 20 ansett
506 1204 93 26 kyrkans
615 1206 33 19 tro
664 1211 51 14 vara
731 1204 40 27 lag,
788 1205 17 26 ej
822 1204 67 21 heller
902 1204 69 21 såsom
985 1204 50 21 dok-

213 1233 34 19 tor
270 1232 70 26 Bergh
363 1232 76 25 anfört,
463 1232 76 27 häftigt
563 1233 92 26 angripit
676 1233 109 26 uttrycket
807 1249 11 9 ,
821 1232 60 21 Guds
902 1233 49 20 ords
966 1233 71 26 heliga

213 1260 66 25 lära",
299 1261 47 20 icke
369 1260 66 21 heller
459 1261 69 21 såsom
545 1261 78 21 doktor
639 1261 75 21 Hellén
729 1263 54 24 sagt,
799 1261 105 21 förklarat
926 1261 109 27 symbolen

213 1289 119 26 kongruent
355 1289 48 21 med
427 1289 40 21 den
491 1289 69 27 heliga
583 1289 70 24 skrift,
675 1292 51 19 utan
746 1291 33 20 att
794 1290 110 27 symbolen
918 1289 117 22 innehåller

212 1317 94 27 kyrkans
329 1320 33 19 tro
379 1317 39 22 och
433 1319 32 20 att
481 1318 81 27 kyrkan
578 1319 89 20 innebär
683 1325 26 14 en
724 1318 95 21 lefvande
835 1319 128 25 utveckling.
994 1318 41 21 Det

213 1346 116 26 märkeliga
344 1346 7 20 i
366 1347 98 25 prostens
480 1346 136 27 uppfattning
631 1353 56 19 vore,
703 1348 32 19 att
751 1347 67 21 ehuru
833 1347 43 21 han
897 1348 70 19 ansett
987 1352 48 20 pro-

213 1374 131 26 positionens
360 1374 39 21 ord
415 1375 89 25 enklast,
520 1375 42 21 han
584 1375 55 21 dock
661 1375 61 21 äfven
745 1375 70 21 kunde
838 1376 51 26 gilla
911 1375 123 26 utskottets,

213 1409 47 14 men
277 1403 35 20 det
328 1405 71 24 syntes
416 1403 77 21 honom
509 1410 45 15 som
571 1410 33 15 om
621 1404 107 27 uttrycket
743 1404 72 24 ,,Guds
831 1404 53 21 ord'
900 1403 46 22 deri
968 1404 68 21 skulle

213 1431 73 26 skiljas
302 1431 46 21 frän
364 1433 54 19 tron.
448 1432 90 21 Talaren
555 1432 68 21 skulle
639 1433 46 20 icke
700 1433 67 21 heller
783 1439 49 14 anse
849 1433 31 26 sig
896 1432 90 27 olycklig
1002 1439 32 14 om

211 1459 108 26 professor
342 1459 108 22 Granfelts
474 1461 52 20 eller
548 1460 91 22 Geitlins
663 1461 80 26 förslag
765 1463 95 24 antoges,
876 1467 49 15 men
940 1461 43 21 han
998 1467 38 14 var

212 1488 24 21 sä
257 1494 49 20 pass
329 1488 147 25 bokstafsträl,
497 1491 33 19 att
552 1489 43 21 han
619 1489 47 21 viile
690 1489 68 22 befria
775 1490 32 26 sig
821 1489 48 22 frän
884 1490 104 26 farhägan
1004 1491 31 20 att

212 1518 58 19 sätta
285 1517 112 21 lutherska
412 1517 92 27 kyrkans
519 1518 87 26 periferi
622 1520 59 19 utom
696 1518 83 22 bibelns
794 1518 92 27 periferi.
917 1519 45 20 Allt
980 1518 54 22 hvad
