1109 1795
233 109 41 21 772
433 114 164 17 Presteständet.
622 115 55 17 1867.
702 115 25 17 27
740 115 62 21 April.

203 198 168 26 sockneadjunkt
387 199 66 21 sextio
469 201 84 24 tunnor,
570 201 55 19 samt
640 199 33 22 för
687 199 134 28 kyrkoherde
834 199 114 22 etthundra
963 200 66 21 sextio

203 229 79 19 tunnor
297 227 117 26 spanmäl.'*

273 283 136 22 Beträffande
425 284 26 26 $$
467 285 56 20 3—9
538 284 124 26 godkändes
678 284 7 20 i
700 284 42 21 allo
761 284 115 21 utskottets
890 284 142 27 betänkande,

204 311 55 22 dock
274 313 23 20 sä
313 314 31 19 att
359 312 12 27 $
386 313 13 20 4
415 314 74 25 antogs
505 312 66 26 enligt
585 312 58 21 förra
658 312 135 21 alternativet
812 313 70 20 såsom
898 313 133 27 likalydande

203 341 49 20 med
267 341 148 21 motsvarande
431 340 100 27 paragraf
544 341 6 20 i
566 340 113 27 kejserliga
694 341 166 26 propositionen.

274 396 13 28 8
304 397 27 21 10
346 398 75 26 antogs
436 397 89 21 sålunda
540 396 173 22 omformulerad:

273 453 57 25 »För
352 453 95 22 enskilda
469 453 159 26 förrättningar,
651 460 50 15 vare
720 453 31 27 sig
767 453 71 27 vigsel,
861 453 95 26 barndop
980 453 53 22 eller

201 481 148 27 jordfästning,
373 481 52 22 eller
447 481 32 22 för
493 484 65 19 annat
579 481 166 22 embetsbiträde
761 482 34 21 må
810 481 90 22 särskild
916 482 116 26 vedergäll-

203 509 51 27 ning
276 509 22 21 af
311 511 58 24 prest
384 510 46 21 icke
445 510 112 27 uppbäras,
573 513 52 18 utan
641 510 60 21 skola
717 511 25 20 de
758 511 122 24 inkomster,
904 510 128 27 presterska-

203 540 37 25 pet
256 537 60 22 deraf
331 538 80 21 kunnat
427 539 99 26 påräkna,
542 538 102 21 likaledes
660 539 85 26 utbytas
761 541 58 19 emot
834 539 61 26 vissa,
911 539 33 20 till
959 539 72 26 belop-

203 567 38 26 pet
264 565 109 22 bestämda
396 567 108 26 utskylder
527 567 39 20 och
582 567 61 20 dessa
664 567 91 21 fördelas
779 567 65 26 enligt
859 567 47 20 de
899 561 13 37 i
929 567 101 21 nästföre-

203 595 83 26 gående
308 596 10 24 $
334 595 100 26 uppgifna
449 595 97 26 grunder.
578 595 99 21 Påkallas
697 598 58 23 prest
772 597 31 19 att
818 596 89 20 förrätta
922 595 64 26 vigsel
1002 595 29 21 el-

203 623 32 21 ler
258 623 95 26 barndop
375 624 13 20 å
403 625 65 19 annat
490 623 61 21 ställe
567 625 26 19 än
609 623 6 20 i
631 623 74 27 kyrka,
728 623 104 25 sakristia,
848 623 139 27 socknestuga
1001 623 30 21 el-

203 652 33 20 ler
251 651 52 21 hans
326 653 48 24 eget
389 651 96 27 hemvist,
503 652 50 21 eller
569 651 40 22 ock
629 651 142 27 jordfästning
789 652 12 21 å
817 658 69 15 annan
903 652 30 21 tid
948 654 27 19 än
990 652 42 21 den

203 679 33 22 för
252 679 57 27 dylik
325 679 127 27 förrättning
467 680 7 20 i
489 679 150 27 församlingen
655 680 89 26 vanliga,
761 680 128 21 tillkommer
907 680 76 21 honom
999 686 31 15 er-

204 708 94 26 sättning
321 708 64 26 enligt
406 710 54 24 taxa,
483 714 46 15 som
553 708 53 21 efter
628 708 91 21 särskild
742 708 212 21 öfverenskommelse
975 709 56 20 inom

204 736 74 27 hvarje
293 736 121 27 församling
429 739 105 24 uppgöres
550 737 38 20 och
605 736 31 21 till
652 737 60 20 Hans
727 737 119 26 Kejserliga
861 737 110 26 Majestäts
981 736 50 21 fast-

205 764 93 21 ställelse
321 764 144 26 öfverlemnas,
489 765 111 20 hvarutom
616 765 22 20 åt
653 767 65 24 prest,
738 765 34 21 vid
789 765 70 26 dylika
881 765 150 26 förrättningar

205 789 68 57 100.
280 793 52 21 hans
348 793 89 22 hemvist
451 795 56 19 samt
522 793 34 21 vid
571 793 129 26 socknebud,
717 793 38 21 bör
771 793 71 22 bestäs
864 793 26 21 fri
905 793 58 27 skyts
978 793 52 21 fram

205 827 25 15 och
274 823 53 20 äter.'

275 878 26 27 $$
319 879 23 19 11
366 878 39 21 och
426 879 25 20 12
468 880 89 25 antogos
580 879 65 25 enligt
661 877 247 26 utskottsbetänkandet;
926 878 11 26 $
955 879 25 19 13
996 884 36 15 en-

204 905 39 27 ligt
263 906 112 27 kejserliga
398 907 167 26 propositionen;
591 907 26 26 $$
643 908 25 19 14
690 907 39 20 och
754 907 32 25 15,
803 906 134 27 likalydande
952 906 79 21 säväl
1019 901 15 36 i

204 934 112 27 kejserliga
327 935 157 26 propositionen
495 941 45 15 som
551 935 6 20 i
566 935 245 23 utskottsbetänkandet,
823 934 121 27 godkändes
954 934 76 27 begge;

203 962 13 28 8
234 963 25 20 16
275 965 75 24 antogs
366 963 47 21 med
429 963 39 21 den
485 963 22 21 af
521 964 201 26 kontraktsprosten
738 963 61 21 Sirén
814 963 31 20 uti
861 963 47 20 dess
924 963 5 20 i
949 963 83 20 utskot-

203 993 32 19 tet
257 991 79 26 afgifna
351 992 129 21 reservation
495 992 116 27 tilistyrkta
631 991 255 26 redaktionsförändring;
910 991 23 27 $$
950 992 26 19 17
992 991 39 21 och

205 1020 26 21 18
251 1023 89 22 antogos
355 1020 65 26 enligt
435 1021 115 20 utskottets
567 1020 146 25 betänkande;
737 1020 24 27 $$
779 1020 26 20 19
821 1019 39 22 och
876 1019 26 20 20
918 1019 22 21 af
953 1019 77 26 kejser-

204 1047 42 26 liga
261 1048 158 27 propositionen
441 1048 75 27 skulle,
539 1049 69 21 såsom
629 1049 130 20 innefattade
775 1048 6 21 i
797 1048 10 27 &
828 1049 23 19 17
868 1047 22 22 af
903 1047 127 22 utskottsbe-

203 1076 123 26 tänkandet,
342 1076 45 21 helt
410 1077 38 21 och
464 1077 65 21 hället
546 1077 113 22 försvinna.
690 1077 57 21 Sista
762 1075 125 28 paragrafen
908 1078 75 24 antogs
998 1075 33 21 sä-

204 1110 45 15 som
272 1105 134 26 likalydande
428 1105 48 21 med
497 1106 117 21 utskottets
637 1105 78 26 förslag
730 1105 22 28 ($
771 1105 41 23 19),
829 1104 53 21 dock
898 1104 47 21 med
960 1105 71 20 förän-

204 1133 61 26 dring
287 1133 22 20 af
329 1133 115 27 uttrycket:
471 1135 79 25 ,minst
573 1135 106 26 tjugufem
703 1134 38 20 och
757 1133 61 27 högst
829 1133 79 26 femtio
932 1133 39 19 är*
986 1132 45 21 till:

203 1161 124 27 ntjugufem
343 1162 46 20 är."

273 1223 239 22 Protokollstranssumt
534 1223 59 22 öfver
615 1224 56 21 hvad
693 1223 90 22 sälunda
802 1223 100 26 förelupit
916 1223 67 22 skulle
997 1223 34 20 sä-

202 1251 36 49 a
253 1251 119 28 respektive
383 1253 138 20 medständen
536 1258 45 15 som
597 1252 45 27 lag-
655 1252 38 21 och
707 1252 203 21 ekonomiutskottet
920 1251 112 21 tillhanda-

218 1280 58 21 allas.

273 1444 55 21 Herr
343 1444 133 21 talemannen
499 1444 94 27 päminte
609 1445 80 26 derom,
705 1446 32 20 att
753 1445 136 26 domprosten
904 1444 57 26 Borg
976 1443 56 22 förut

203 1472 79 21 uttalat
304 1474 31 20 att
351 1473 36 21 det
401 1479 50 15 vore
467 1473 88 26 sorgligt
571 1479 34 15 om
629 1473 69 21 denna
713 1473 60 26 fräga
790 1472 68 21 skulle
873 1472 55 27 ligga
943 1472 7 20 i
965 1474 66 24 vägen

203 1500 33 21 för
251 1500 198 27 religionsfriheten.
479 1501 76 22 Denna
579 1501 156 27 omständighet
750 1501 66 26 ansäg
831 1501 49 21 herr
895 1501 135 21 talemannen
