1109 1795
231 126 42 21 712
431 130 166 18 Presteståndet.
621 131 56 17 1867.
701 131 28 17 24
741 130 64 22 April.

202 217 31 21 fet
255 218 25 19 är
300 216 47 21 icke
370 222 59 15 mera
451 215 132 27 nödvändigt
606 215 33 22 för
662 215 196 22 rättssäkerhetens
880 215 155 28 betryggande,

201 245 44 26 2:0)
261 244 138 22 dödsstraffet
417 245 87 26 medger
519 244 18 26 ej
553 245 52 20 utan
619 244 98 27 grymhet
733 245 39 23 att,
787 243 28 22 då
829 243 139 22 försvårande
984 249 52 16 om->

203 273 148 27 ständigheter
373 273 143 26 förekommit,
539 273 72 20 kunna
631 273 83 26 lämpas
729 272 55 21 efter
799 272 93 26 brottet;
916 273 41 26 3:0)
973 273 63 21 döds-

203 301 85 23 straffet
309 302 42 21 kan
375 301 82 22 drabba
480 307 26 15 en
529 301 98 26 oskyldig
649 307 78 21 person
747 301 41 21 och
803 301 133 26 upprättelse
952 301 40 21 blir
1008 301 28 21 då

204 330 98 27 omöjlig;
315 331 34 20 4:o
360 329 138 22 dödsstraffet
508 331 124 25 utestänger
642 329 139 27 möjligheten
792 329 33 21 för
836 329 40 21 den
887 329 101 21 lifdömde
1002 331 33 20 att

202 364 78 22 genom
296 360 31 19 ett
342 358 131 21 förbättradt
488 357 93 22 lefverne
597 358 88 21 försona
700 358 32 26 sig
748 357 49 22 med
812 357 123 26 samhället;
948 358 40 21 och
1000 359 35 20 5:0o

203 386 138 23 dödsstraffet
362 387 77 21 verkar
454 387 193 21 demoraliserande
663 386 28 27 på
707 392 85 15 massan
808 386 23 21 af
844 385 74 22 folket.
949 386 86 21 Samma

203 416 129 26 afhandling
346 416 119 21 innehåller
480 415 62 21 äfven
559 415 108 27 angående
683 414 176 22 rättstillståndet
870 415 7 20 i
887 415 98 26 England
995 415 41 21 föl-

201 444 76 27 jande:
293 445 34 26 ,af
341 444 69 21 denna
425 444 67 21 tabell
507 443 100 27 framgår,
624 445 33 19 att
672 443 170 26 afrättningarne
857 442 34 21 för
901 443 60 20 mord
972 442 64 22 ökats

204 473 66 21 sedan
293 473 54 20 1856
364 472 108 21 äfvensom
488 473 32 20 att
536 472 41 21 den
593 472 68 21 ökade
677 471 138 27 strängheten
831 471 47 21 icke
895 477 61 21 synes
971 471 63 21 hafva

203 501 46 22 ledt
271 501 33 21 till
326 501 37 20 det
385 501 95 20 önskade
499 500 119 25 resultatet,
635 500 52 21 eller
703 500 26 21 de
744 499 83 28 gröfsta
842 499 98 22 brottens
956 499 77 21 minsk-

203 530 58 26 ning,
280 531 52 19 utan
348 535 87 15 snarare
450 529 33 21 till
498 530 123 19 motsatsen.
651 528 74 21 Under
740 528 65 21 våren
822 528 55 21 1863
893 527 117 22 afrättades
1026 527 7 21 i

204 558 114 26 Liverpool
334 559 12 20 2
362 559 49 19 män
426 557 33 22 för
475 557 69 26 mord;
560 557 68 20 under
643 557 77 20 hösten
736 563 82 15 samma
833 556 25 21 år
873 557 129 26 anklagades
1014 556 18 26 ej

204 587 84 21 mindre
304 588 27 19 än
347 587 24 20 11
389 592 102 20 personer
506 586 32 20 för
554 585 68 27 dylikt
637 585 60 21 brott
713 585 39 21 och
768 586 14 20 4
793 585 23 20 af
825 585 47 21 dem
883 585 93 26 hängdes
986 585 47 20 der-

205 615 79 25 städes,
300 621 48 14 men
363 615 65 20 innan
443 614 48 21 året
506 614 47 27 gått
568 614 90 21 tillända
673 613 55 22 hade
741 614 6 20 i
759 619 82 16 samma
851 614 49 20 stad
910 613 124 27 ytterligare

204 644 15 21 4
233 643 62 21 mord
316 642 101 21 inträffat.
447 642 11 21 I
474 642 89 21 Chatam
579 642 70 21 hände
665 642 62 21 äfven
743 642 55 21 1863
815 643 33 20 att
862 642 66 21 sedan
943 648 25 15 en
984 647 50 15 man

203 672 71 21 blifvit
295 671 94 21 afrättad
411 671 34 20 för
468 671 36 20 det
526 671 41 20 han
590 671 85 20 mördat
699 672 31 19 ett
752 670 60 26 barn,
832 670 76 26 begick
923 676 25 15 en
964 670 70 21 soldat

205 700 68 26 några
287 699 78 22 veckor
381 699 95 21 derefter
491 701 32 19 ett
537 699 104 21 likartadt
651 699 66 25 brott,
728 699 109 20 hvarefter
848 699 110 20 derstädes
968 700 65 25 ytter-

205 729 68 26 ligare
295 730 31 19 ett
347 728 62 21 mord
424 727 73 27 följde.
528 727 85 22 Samma
629 727 41 26 dag
685 727 78 21 Mäller
779 727 24 21 år
821 727 55 21 1864
891 727 93 26 hängdes
1000 727 34 21 för

205 757 68 25 mord,
296 756 122 21 föröfvades
441 758 31 19 ett
495 756 60 21 mord
576 756 7 20 i
601 755 140 22 Clerkenwall
757 755 107 27 (London)
881 755 39 21 och
935 756 57 20 inom
1008 761 26 15 en

205 785 67 21 vecka
295 785 93 21 derefter
403 784 61 21 äfven
481 786 31 19 ett
527 785 60 20 mord
603 785 7 20 i
625 784 108 21 Hateham
749 784 63 27 (nära
827 783 108 27 London);
951 784 39 21 och
1006 783 27 22 då

205 819 30 15 nu
252 814 7 21 i
275 813 24 21 år
315 813 78 21 doktor
408 813 114 21 Pritchard
537 813 118 20 afrättades
670 812 7 21 i
692 812 107 27 Glasgow,
814 812 113 21 inträffade
943 812 90 21 omedel-

205 841 49 22 bart
270 841 92 22 derefter
377 847 26 16 en
418 841 78 26 mängd
512 841 175 27 mordgerningar
698 842 7 19 i
715 841 133 26 Edinburgh,
859 841 89 20 London
959 841 75 21 Rams-

204 872 56 25 gate,
284 869 98 25 Chatam,
404 870 82 26 Batley,
508 869 113 27 Evesham,
644 869 135 25 Soutkwark,
800 869 116 24 Westham,
932 869 102 21 Wolwer-

205 898 104 27 hampton
333 898 39 21 och
392 897 119 22 Scheffield.
541 898 68 21 Dessa
625 898 38 21 och
680 897 105 22 likartade
801 897 61 21 fakta
877 897 62 21 hafva
954 897 24 21 så
992 897 42 22 fäst

205 927 109 21 allmänna
328 927 217 26 uppmärksamheten
560 927 7 20 i
583 926 98 27 England
696 926 28 26 på
737 925 148 22 dödsstraffets
896 926 139 26 olämplighet

205 955 41 21 och
268 955 28 26 på
318 955 25 21 de
367 954 109 27 offentliga
498 955 181 26 afrättningarnes
702 954 194 21 demoraliserande
911 954 80 21 verkan
1007 954 29 26 på

204 983 158 27 befolkningen,
385 985 39 24 att,
445 984 7 20 i
473 983 113 26 anledning
605 983 23 21 af
649 989 26 15 en
689 983 84 21 motion
787 982 23 21 af
824 989 32 14 mr
871 983 71 26 Evart,
959 983 28 20 M.
1003 983 31 25 P.,

204 1012 103 21 tillsattes
327 1011 88 22 förlidet
436 1011 24 22 år
475 1018 26 15 en
516 1012 87 26 kunglig
618 1011 139 22 kommission
773 1011 48 21 med
837 1011 96 27 uppdrag
948 1013 32 19 att
996 1017 38 15 un-

205 1040 93 21 dersöka
320 1040 80 21 verkan
422 1040 23 21 af
467 1039 151 22 dödsstraftens
637 1040 138 27 tillämpande
792 1039 66 27 enligt
873 1039 25 21 de
914 1040 7 20 i
936 1039 99 27 England

205 1069 100 26 gällande
320 1069 99 26 lagarne*
434 1075 19 14 o.
470 1075 15 14 s.
502 1075 18 14 v.
552 1068 44 21 Och
612 1070 70 19 röstar
690 1068 37 27 jag
739 1067 85 22 derföre
834 1069 34 20 för
878 1068 157 26 godkännande

206 1097 24 21 af
249 1097 118 21 utskottets
383 1097 142 24 betänkande,
540 1097 48 21 med
603 1097 152 21 bibehällande
771 1096 23 21 af
807 1096 137 21 dödsstraffet
959 1096 75 21 endast

205 1125 34 21 för
262 1125 36 21 det
321 1125 45 21 deri
380 1127 111 25 upptagna
506 1125 64 26 brott,
586 1131 46 15 som
645 1125 37 27 jag
697 1125 83 27 hoppas
795 1125 55 21 skall
865 1125 69 26 aldrig
948 1125 87 21 komma

205 1154 8 21 i
228 1153 91 22 Finland
334 1156 33 19 att
382 1154 44 21 ske.

275 1210 155 27 Kyrkoherden
446 1210 107 21 Castrén
569 1210 56 21 utlät
640 1210 40 27 sig:
697 1210 92 21 likasom
798 1209 35 22 vid
844 1209 52 22 sista
905 1209 130 26 landtdagen

205 1238 66 22 hafva
286 1239 63 21 också
364 1245 30 14 nu
409 1241 70 18 röster
493 1238 47 27 höjt
555 1239 31 26 sig
602 1238 55 21 både
672 1239 33 20 för
721 1238 40 21 och
777 1239 58 20 emot
846 1237 147 28 dödsstraffets
1003 1238 31 20 af-

206 1267 116 26 skaffande,
338 1267 99 21 hvarföre
454 1267 62 21 äfven
528 1267 37 26 jag
576 1267 36 21 vill
624 1267 70 21 uttala
704 1267 44 20 min
758 1266 56 27 äsigt
827 1266 79 21 derom.
936 1266 99 21 Anskönt

205 1295 14 22 å
241 1302 41 15 ena
305 1296 60 21 sidan
388 1296 55 21 intet
458 1297 24 19 är
497 1295 24 21 sä
535 1295 156 22 fasaväckande
707 1295 34 21 för
756 1295 43 21 den
813 1295 118 25 menskliga
944 1297 91 18 naturen

205 1330 46 15 som
274 1323 144 26 dödsstraffet,
437 1330 40 20 ega
491 1324 21 20 vi
526 1324 65 21 likväl
607 1323 13 22 &
635 1324 68 21 andra
719 1323 62 21 sidan
795 1323 33 21 för
844 1324 48 20 dess
909 1323 126 26 befogenhet

205 1352 49 21 stöd
276 1352 7 20 i
305 1352 35 21 det
359 1352 151 26 uppenbarade
526 1352 122 26 gudomliga
663 1352 68 20 ordet.
761 1351 34 21 Dä
811 1352 41 20 den
866 1350 78 27 nädiga
958 1357 77 20 propo-

205 1380 92 21 sitionen
311 1380 124 27 innehäller,
451 1382 33 19 att
499 1380 60 21 detta
574 1380 63 21 straff
651 1380 54 21 skall
718 1379 120 22 bibehällas
850 1380 76 21 endast
936 1379 32 22 för
979 1379 55 22 riks-

204 1409 112 26 förräderi,
339 1409 49 20 våld
410 1410 45 19 mot
477 1410 100 25 regenten
593 1409 39 21 och
648 1409 54 20 hans
714 1408 68 26 familj
798 1410 56 19 samt
869 1408 33 21 för
918 1407 117 28 uppsätligt

206 1438 61 20 mord
291 1437 39 22 och
351 1437 61 26 dråp,
428 1437 24 21 sä
468 1437 39 21 och
523 1439 52 19 enär
589 1439 113 24 regentens
717 1436 179 27 benädningsrätt
912 1438 56 19 ännu
982 1436 52 21 fort-

205 1465 90 22 farande
315 1467 24 20 är
354 1465 106 27 gällande,
475 1471 64 16 anser
552 1466 37 26 jag
604 1465 27 22 de
646 1465 47 22 skäl
708 1465 108 21 utskottet
831 1465 34 21 för
880 1465 33 21 sin
928 1465 55 26 äsigt
998 1471 37 14 an-

204 1493 45 22 fört
270 1494 47 21 icke
340 1500 51 15 vara
414 1493 125 27 tillräckligt
561 1494 86 21 talande
669 1494 40 21 och
729 1493 65 22 hafva
809 1493 109 21 desamma
934 1493 17 26 ej
968 1492 68 22 heller

205 1521 80 22 rubbat
299 1523 44 20 min
359 1522 140 27 öfvertygelse
514 1523 7 20 i
536 1523 73 21 saken.
639 1522 51 21 Man
705 1522 39 21 har
761 1522 35 21 väl
807 1521 99 22 anmärkt
916 1523 44 20 mot
972 1521 63 22 döds-
