1109 1795
319 129 166 18 Presteståndet.
512 130 56 17 1867.
593 131 9 16 1
615 130 48 21 Maj.
838 124 41 21 805

79 221 49 15 men
151 214 147 22 återhemtade
321 215 38 20 sitt
374 214 61 21 äfven
451 215 22 20 af
486 214 151 27 kyrkoherden
652 215 93 21 Juselius
762 215 99 22 biträdda
876 221 33 21 yr-

80 243 70 21 kande
165 245 34 19 att
214 243 49 21 hela
277 243 156 27 slutmeningen
449 243 6 21 i
471 243 69 21 första
555 245 118 19 momentet
688 243 66 21 måtte
769 244 58 26 utgå.

148 317 85 21 Doktor
253 317 99 26 Bergh
367 316 95 27 yttrade:
479 316 41 21 den
536 316 112 27 vigtigaste
665 316 144 27 anmärkning,
826 323 45 14 som
888 316 22 21 af

80 346 26 21 de
124 345 128 27 föregående
267 345 67 21 värda
348 345 96 20 talarene
460 345 90 25 anförts,
567 347 24 18 är
607 345 40 20 den
664 346 32 19 att
711 345 88 21 böterne
815 345 33 21 för
863 346 46 20 ute-

80 379 51 16 varo
154 374 53 21 böra
228 374 101 27 förhöjas,
346 374 27 21 då
388 373 124 21 häradsrätt
528 373 39 21 och
583 373 141 26 lagmansrätt
739 379 88 15 numera
842 373 66 22 blifva

80 403 110 25 förenade;
214 409 48 15 men
283 402 65 22 också
363 402 60 21 detta
439 403 23 19 är
478 403 32 20 ett
525 401 106 27 svepskäl.
662 401 111 21 Utskottet
789 401 38 21 har
842 402 66 21 infört

80 431 121 26 förhöjning
223 432 19 26 ej
265 431 91 21 allenast
375 430 22 21 af
411 430 115 26 nästsagde
542 430 70 25 böter,
627 432 54 19 utan
697 430 39 21 ock
751 430 121 27 principielt
888 430 23 21 af

81 459 43 22 alla
138 460 7 21 i
160 460 103 26 förslaget
277 459 108 27 påbjudna
400 459 67 26 böter,
485 459 70 20 såsom
571 465 50 14 man
636 459 43 20 kan
695 458 110 27 öfvertyga
820 459 32 26 sig
862 459 45 20 ur
896 454 14 36 1

81 489 12 25 $
109 489 27 21 28
151 489 48 26 kap.
215 489 23 20 R.
255 488 31 25 B.,
303 488 36 21 der
355 488 99 20 ansvaret
469 487 33 21 för
519 487 110 21 dombrott
645 487 39 21 och
699 487 90 21 klander
799 486 23 21 af
831 487 78 20 under-

82 518 54 20 rätts
151 517 71 26 utslag
235 518 24 19 är
269 516 80 26 förhöjt
358 515 47 22 frän
415 516 42 21 fem
468 515 33 21 till
512 516 30 20 tio
554 515 61 21 daler
625 515 40 21 och
678 515 97 21 öfverallt
787 517 23 19 är
821 515 88 21 härads-

82 547 71 19 rätten
169 545 90 21 sälunda
275 545 104 26 uppryckt
390 544 32 21 till
433 550 81 15 samma
526 550 53 20 rang
589 550 46 15 som
646 544 168 25 lagmansrätten
826 544 83 21 härför-

82 574 63 21 innan
156 573 111 21 innehade.
288 573 62 21 Hvad
361 573 65 20 sedan
437 572 103 21 beträffar
551 573 26 20 de
588 572 120 27 subjektiva
719 572 73 21 skälen
803 574 32 19 att
846 572 63 26 stäfja

82 604 88 19 utevaro
187 602 39 21 och
242 601 177 27 processlystnad,
436 601 23 20 sä
472 603 37 18 äro
523 601 63 21 dessa
601 601 90 20 motiver
701 600 79 27 jemvä!
791 600 117 26 ohällbara,

83 630 39 21 och
146 630 27 21 dä
187 630 201 27 kontraktsprosten
405 629 60 22 Sirén
480 629 58 27 gjort
552 630 44 25 mig
612 629 40 21 den
668 631 51 19 äran
735 631 32 19 att
777 629 90 27 upplysa
877 630 33 19 att

82 659 62 20 böter
166 659 19 26 ej
208 659 77 20 räknas
308 658 33 21 till
363 658 242 26 rättegängsumgälder,
626 657 33 21 får
672 658 37 27 jag
723 657 27 22 be
765 657 78 22 honom
859 663 51 15 vara

83 687 42 26 god
146 687 79 20 förläta
247 689 32 19 att
299 687 37 26 jag
358 687 31 20 uti
412 687 57 20 mina
485 686 86 27 uttryck
586 686 47 21 icke
649 687 24 19 är
688 686 43 21 lika
746 686 102 21 rättslärd
864 692 45 15 som

83 716 47 20 han.
162 715 43 21 För
221 715 63 27 öfrigt
299 715 37 21 vill
348 715 37 26 jag
400 715 55 21 fästa
471 715 133 26 högvördiga
614 714 97 21 ständets
721 714 189 27 uppmärksamhet

84 743 71 27 derpä,
171 745 33 20 att
218 744 21 21 vi
254 744 46 21 icke
316 744 59 21 stifta
390 744 35 26 lag
439 743 34 21 för
488 743 118 21 moraliska
621 743 96 25 motiver,
734 745 51 18 utan
800 743 33 20 för
848 743 61 20 verk-

83 773 42 26 liga
141 772 66 25 fakta,
224 773 88 20 emedan
328 772 105 27 allmogen
449 771 27 27 pä
492 772 47 21 sina
554 771 64 27 länga
633 771 105 21 distanser
753 771 39 21 har
807 771 58 21 svärt
878 772 32 19 att

83 801 22 21 fä
120 802 49 19 veta
184 801 85 20 hvilken
285 801 72 20 timme
373 801 62 21 deras
449 800 44 21 mäl
509 806 114 21 uppropas,
641 799 98 22 hvarföre
751 800 24 21 de
787 800 60 20 äfven
858 799 52 21 nöd-

83 835 37 20 gas
142 829 69 26 hänga
226 829 28 26 pä
269 829 132 26 tingsstaden
417 829 40 21 den
473 835 41 14 ena
530 829 68 26 dagen
615 828 54 21 efter
684 829 73 25 andra,
773 828 137 26 hvarigenom

84 858 36 21 det
135 858 110 26 lätteligen
260 858 42 20 kan
318 857 84 22 inträffa
417 859 33 19 att
465 859 50 24 part
531 857 52 21 eller
599 857 68 21 vittne
683 857 22 20 af
719 857 136 26 oundvikliga
866 862 44 15 om-

84 886 145 27 ständigheter
244 887 80 26 nödgas
339 886 27 26 gä
378 888 30 23 ut,
419 892 48 15 men
479 885 69 22 under
561 886 59 20 tiden
631 891 106 20 uppropas
749 885 39 21 och
799 885 32 21 fär
842 885 68 26 plikta

84 915 32 21 för
138 917 95 18 utevaro.
263 915 40 26 Jag
325 914 104 21 vidhäller
451 914 84 21 derföre
556 914 56 21 hvad
625 914 37 26 jag
679 914 30 21 uti
723 913 48 22 mitt
786 913 67 21 första
868 914 42 24 ytt-

84 943 64 21 rande
164 943 95 26 anförde,
275 943 104 26 nemligen
395 945 32 19 att
441 943 111 26 principen
569 949 34 14 om
620 943 101 20 böternas
733 941 121 27 förhöjning
864 941 46 22 icke

84 973 24 19 är
122 971 65 27 riktig
203 971 39 21 och
257 973 32 19 att
305 972 62 21 dessa
382 971 99 21 öfverallt
496 971 54 21 böra
565 971 117 21 nedsättas.

151 1039 144 26 Domprosten
317 1039 78 26 Borg
416 1039 56 21 utlät
495 1039 32 26 sig
548 1040 39 25 att,
609 1039 68 20 ehuru
691 1038 74 27 frägan
781 1040 71 25 syntes
868 1037 42 21 till-

84 1067 90 26 räekligt
193 1067 130 25 diskuterad,
339 1067 83 22 talaren
438 1068 66 20 likväl
520 1067 96 21 önskade
632 1067 168 26 upplysningsvis
815 1066 95 26 tillägga,

84 1097 32 19 att
135 1101 81 15 samma
239 1096 41 27 dag
303 1102 45 15 som
371 1096 106 26 kämners,
494 1096 40 21 och
550 1096 193 26 lagmansrätterna
758 1095 6 20 i
781 1095 85 26 Sverige
882 1094 29 21 af-

84 1123 112 27 skaffades,
219 1124 74 27 höjdes
309 1125 64 20 också
389 1125 24 20 de
430 1131 28 14 nu
473 1125 115 20 anmärkta
604 1125 89 20 böterna
709 1123 110 22 derstädes
834 1129 76 20 genom

83 1153 71 26 kongl.
175 1153 150 27 förordningen
341 1153 23 21 af
378 1153 40 21 den
435 1154 26 20 18
477 1153 61 26 April
556 1154 55 20 1849
627 1153 10 26 $
654 1153 19 20 2.
703 1151 160 27 Rättsgrunden
878 1151 33 20 för

83 1181 117 21 utskottets
224 1181 75 27 åtgärd
322 1181 55 21 hade
400 1181 66 21 redan
490 1181 23 21 af
534 1181 202 27 kontraktsprosten
759 1180 60 21 Sirén
842 1179 70 21 blifvit

83 1209 137 26 framhållen;
237 1210 39 21 den
292 1210 59 27 afsåg
367 1210 105 26 stäfjande
488 1209 22 22 af
524 1210 173 26 processlystnad
708 1211 55 19 samt
773 1207 139 28 afhjelpande

84 1237 22 22 af
126 1238 157 27 långsläpighet
304 1239 6 20 i
331 1239 146 26 rättegången,
493 1245 49 14 men
559 1239 96 20 deremot
670 1238 47 21 icke
733 1237 82 21 ökande
830 1236 23 21 af
868 1236 41 26 lag-

84 1267 251 26 sökningskostnaderne.
373 1267 171 21 Vidkommande
567 1267 47 21 åter
637 1266 156 26 slutmeningen
815 1265 6 21 i
844 1264 68 21 första

83 1296 123 24 momentet,
223 1295 24 21 så
262 1295 54 22 hade
332 1296 123 20 densamma
470 1295 113 21 enahanda
599 1295 80 26 lydelse
692 1301 45 14 som
747 1293 71 27 kongl.
830 1292 82 21 förord-

82 1323 78 26 ningen
176 1323 23 21 af
213 1324 40 21 den
271 1324 24 21 12
312 1324 57 21 Mars
386 1324 55 21 1830
456 1324 7 21 i
479 1323 94 27 Sverige,
590 1323 63 21 hvars
664 1323 125 26 lämplighet
798 1321 67 22 redan
875 1327 37 14 var

83 1352 146 21 konstaterad.
260 1352 129 26 Visserligen
412 1352 71 21 kunde
507 1358 49 15 man
579 1352 46 20 icke
641 1352 56 20 neka
711 1352 33 20 att
756 1351 25 26 ju
796 1350 48 21 med
860 1348 53 22 mål-

83 1380 148 27 fördelningen
247 1380 34 21 vid
297 1381 72 26 tingen
384 1381 96 26 tillginge
496 1387 61 15 mera
572 1380 74 27 legert,
663 1380 69 21 såsom
748 1380 78 21 doktor
841 1377 71 27 Bergh

84 1409 103 26 anmärkt,
211 1411 56 19 samt
282 1411 33 19 att
330 1410 106 26 allmogen
451 1409 57 21 hade
523 1409 60 21 svårt
597 1410 33 20 att
646 1409 69 26 hänga
731 1408 27 27 på
773 1407 139 27 tingsstaden,

82 1443 49 15 men
154 1437 59 21 detta
235 1444 38 14 var
295 1444 26 14 en
344 1438 120 27 olägenhet,
488 1444 45 15 som
556 1438 7 21 i
579 1437 184 27 lagstiftningsväg
779 1436 46 21 icke
841 1435 71 20 kunde

82 1465 133 27 förebyggas.
245 1465 92 22 Talaren
359 1467 87 20 röstade
469 1466 65 21 alltså
554 1466 34 21 för
609 1466 120 27 antagande
745 1465 22 21 af
781 1463 132 22 utskottsbe-

83 1494 124 21 tänkandet.
