1109 1795
327 143 163 18 Presteständet.
516 143 55 17 1867.
597 142 9 17 1
619 143 49 20 Maj.
842 137 40 20 827

83 235 37 15 var
135 229 44 21 lika
194 229 65 27 vigtig
274 229 33 21 för
321 230 110 26 sydvestra
447 229 90 21 Finland
554 229 39 21 och
609 222 79 33 Äland,
704 235 45 14 som
761 229 25 20 de
796 235 29 15 nu
835 229 77 26 ifräga-

84 259 56 20 satta
162 257 109 27 företagen
293 258 33 21 för
349 258 35 21 det
407 259 64 19 östra.
502 257 74 22 Såsom
595 251 81 27 Ålands
691 257 106 21 blifvande
812 258 100 26 pulsäder

83 293 37 14 var
136 286 130 21 Lemströms
281 286 64 21 kanal
360 286 63 26 högst
438 286 73 26 vigtig.

153 343 142 26 Domprosten
316 343 73 26 Borg
408 343 85 26 yttrade
509 344 32 19 att
557 342 42 21 han
615 342 32 21 för
663 342 31 21 sin
711 342 34 21 del
760 342 50 21 fann
826 343 36 21 det
877 343 35 21 be-

84 371 162 26 hjertansvärdt,
263 373 32 19 att
310 371 87 26 Taipale
413 371 63 21 kanal
491 377 38 14 var
544 371 44 20 isä
603 371 124 26 bristfälligt
742 371 65 25 skick,
824 373 32 19 att
872 371 40 22 den

85 399 17 27 ej
119 401 51 20 utan
186 401 58 20 stora
259 400 115 21 kostnader
389 399 70 22 kunde
475 405 118 21 repareras.
625 399 50 21 Man
691 399 66 21 borde
771 399 47 22 icke
831 400 23 21 sä
867 400 45 21 helt

85 428 39 21 och
139 428 66 22 hället
220 430 102 20 motsätta
337 428 31 26 sig
384 428 71 23 saken,
471 434 45 15 som
532 428 107 21 utskottet
655 428 35 20 det
705 428 61 26 gjort.
792 428 33 21 En
840 428 72 22 bevill-

85 457 49 26 ning
156 457 71 21 kunde
241 457 47 20 icke
303 457 38 20 ske
355 457 7 20 i
378 463 25 14 en
420 457 23 20 sä
458 456 63 27 fattig
536 456 38 24 tid,
590 463 48 14 men
654 456 82 21 talaren
751 456 54 27 ville,
821 457 8 20 i
844 457 68 20 likhet

85 485 48 21 med
149 485 128 22 doktorerne
292 485 107 26 Alopaeus
415 485 39 21 och
469 485 77 26 Bergh,
563 484 107 27 tillstyrka
680 485 124 26 regeringen
815 487 32 19 att
860 491 53 21 upp-

86 515 50 24 taga
155 515 31 20 ett
204 514 41 25 län,
261 519 45 15 som
322 513 44 21 helt
381 513 72 21 säkert
468 513 72 21 kunde
555 515 124 22 amorteras,
695 515 22 24 ty
733 513 69 21 denna
816 514 97 21 kommu-

85 542 96 21 nikation
196 548 37 15 var
248 541 18 27 ej
283 542 71 23 sädan,
370 544 32 19 att
418 541 65 26 derpä
498 542 97 21 använda
611 541 68 22 medel
689 547 51 15 voro
752 542 92 27 onyttigt
854 542 58 21 bort-

86 570 94 21 kastade.
211 570 89 21 Talaren
319 571 49 20 sade
384 570 32 27 sig
431 570 70 21 känna
517 570 162 21 förhällandena
693 570 40 21 och
748 572 48 19 veta
811 572 33 19 att
860 571 52 20 dok-

86 601 85 18 torerne
190 598 106 27 Alopaeus
317 599 38 20 och
374 599 76 26 Bergh,
473 599 108 20 äfvensom
598 599 42 20 han
655 599 49 26 sjelf
717 599 46 21 icke
777 599 54 20 talat
847 598 22 21 af
882 599 30 20 lo-

86 627 49 21 kala
156 627 111 26 intressen,
290 627 98 21 hvarföre
408 627 41 21 han
465 627 61 21 äfven
542 627 86 21 röstade
643 627 49 21 med
707 627 47 21 dem
769 627 91 21 rörande
876 629 35 18 än-

87 655 88 27 dringen
191 655 22 21 af
225 655 116 22 utskottets
357 655 88 27 förslag;
462 655 54 22 dock
532 655 66 22 borde
614 656 63 26 ingen
693 655 114 27 bevillning
821 655 43 22 ske.

154 712 154 27 Kyrkoherden
328 713 119 20 Castrén
463 713 96 21 uttalade
575 713 32 26 sig
622 712 120 21 äfvenledes
758 714 57 19 emot
830 713 82 21 utskot-

86 741 42 20 tets
144 740 133 22 betänkande
293 741 39 21 och
347 741 65 26 ansäg
428 741 35 21 det
479 741 104 21 obetänkt
599 743 38 24 att,
653 741 27 20 dä
696 741 35 21 det
741 741 69 26 gällde
821 741 92 26 sjökom-

87 769 184 21 munikationerna
285 769 8 20 i
308 771 57 19 östra
385 769 96 25 Finland,
497 770 24 20 sä
537 769 99 27 ringakta
653 770 39 20 den
708 769 111 26 kejserliga
834 775 79 21 propo-

87 797 97 26 sitionen,
207 799 32 19 att
260 804 49 14 man
331 798 32 21 till
379 804 26 15 en
421 798 111 21 obestämd
547 798 87 21 framtid
649 797 49 22 ville
713 797 115 27 uppskjuta
844 799 30 20 ett
889 797 24 21 sä

86 825 147 27 inflytelserikt
253 826 89 27 företag.
373 826 73 21 Säsom
470 826 129 21 doktorerne
614 827 106 26 Alopaeus
739 826 39 21 och
793 826 71 27 Bergh
879 828 34 18 rö-

87 855 59 20 stade
168 854 82 21 talaren
268 854 33 21 för
316 856 31 19 ett
362 855 182 26 amorteringslän,
562 855 39 21 och
617 855 65 26 ansäg
697 855 36 21 det
747 855 96 20 medföra
858 861 55 20 myc-

87 882 40 21 ken
143 882 73 26 fördel,
233 885 32 18 att
281 883 34 21 det
331 883 54 21 enda
399 883 103 27 vigtigare
518 883 395 27 kommunikationssystemet
819 878 14 37 i
841 878 75 37 landet

87 911 68 21 blefve
170 911 119 26 utvidgadt.
919 916 3 4 '

155 967 90 22 Prosten
261 968 70 26 Hjelt
353 969 84 26 yttrade
452 970 32 19 att
499 968 42 21 han
557 969 7 20 i
580 970 90 19 motsats
685 970 45 19 mot
745 969 26 20 de
786 968 127 27 föregående

86 995 97 21 talarena
201 996 65 27 ansåg
281 997 116 20 utskottets
412 997 135 21 betänkande
563 997 84 26 mycket
663 997 128 21 välbetänkt.
822 997 34 20 Då
870 998 43 19 sta-

87 1026 35 19 ten
145 1024 81 21 kunnat
249 1025 90 26 anlägga
361 1025 61 21 dessa
444 1025 94 24 kanaler,
563 1025 24 21 sä
608 1025 98 21 bevisade
723 1026 58 20 detta
797 1026 32 20 att
844 1025 69 20 medel

87 1052 90 25 funnits;
192 1053 23 20 af
228 1053 128 26 öfversigten
372 1053 58 21 öfver
445 1054 201 21 statsinkomsterna
661 1056 77 24 syntes,
755 1055 32 19 att
802 1053 68 21 medel
883 1053 30 20 äf-

87 1087 40 14 ven
142 1080 76 21 funnos
234 1083 32 19 att
281 1081 94 22 fullända
391 1082 53 21 dem.
476 1082 50 21 Man
542 1082 49 21 ville
607 1082 112 21 framhälla
734 1082 39 21 den
789 1084 78 22 satsen,
881 1083 32 19 att

86 1109 189 27 skeppsbyggeriet
292 1110 61 27 kring
368 1111 240 26 Kuopiovattendragen
624 1111 66 20 borde
705 1110 133 27 uppdrifvas;
854 1110 60 21 detta

87 1143 37 15 var
140 1143 25 15 en
180 1138 67 26 utopi.
278 1138 49 21 Man
350 1139 55 20 hade
423 1139 26 20 dä
465 1139 46 21 icke
527 1139 98 21 besinnat
641 1141 32 18 att
689 1139 70 21 Saima
774 1138 64 21 kanal
855 1138 18 26 ej
890 1140 23 19 är

88 1165 88 27 djupare
191 1168 27 19 än
234 1166 48 27 81/,
297 1167 38 25 fot,
355 1167 39 21 och
409 1167 28 26 pä
453 1173 92 15 oceanen
561 1167 85 21 komme
662 1173 48 15 man
725 1167 126 26 ingenhvart
866 1167 48 20 med

87 1194 24 21 sä
132 1194 46 21 smä
199 1195 78 26 fartyg.
307 1195 60 21 Mera
389 1195 76 27 vigtigt
487 1201 57 18 vore,
569 1198 32 18 att
622 1202 81 15 samma
717 1196 70 26 fartyg
801 1195 71 21 kunde
887 1195 27 26 gä

86 1223 56 20 ända
156 1222 48 21 frän
220 1223 84 26 Kuopio
320 1224 32 20 till
368 1224 85 27 Viborg.

154 1279 125 27 Vicepastor
301 1280 127 21 Johnsson
451 1281 66 26 ansäg
532 1281 7 20 i
554 1281 68 21 likhet
645 1281 48 21 med
715 1281 76 21 doktor
806 1280 106 25 Alopaeus

87 1307 35 21 det
138 1313 51 16 vara
203 1308 63 27 högst
281 1309 73 27 nödigt
370 1311 31 19 att
417 1309 87 26 Taipale
519 1309 64 21 kanal
599 1309 138 23 fulländades,
749 1315 48 15 men
808 1308 18 27 ej
838 1314 75 20 genom

87 1337 31 19 ett
133 1337 182 25 amorteringslän,
331 1339 51 19 utan
397 1338 70 20 säsom
483 1338 106 20 utskottet
604 1338 110 26 föreslagit
729 1337 88 21 sälunda
830 1337 32 20 att
872 1338 42 18 tra-

86 1363 175 23 fikinkomsterna
283 1365 46 21 frän
352 1365 71 21 Saima
445 1366 64 20 kanal
525 1366 107 20 användes
647 1366 33 20 till
695 1365 112 22 underhäll
823 1364 39 22 och
877 1370 37 21 ny-

86 1392 132 27 byggnader;
238 1393 28 26 pä
282 1394 59 21 detta
355 1394 31 21 vis
402 1394 71 21 kunde
488 1401 26 14 en
530 1395 64 20 kanal
609 1395 131 26 smäningom
756 1394 31 21 fäs
803 1393 42 22 fast
860 1394 55 20 ända

86 1421 33 20 till
141 1421 120 21 Uleäträsk.
292 1422 50 21 Man
364 1423 55 20 hade
437 1423 66 20 likväl
519 1423 47 21 icke
581 1423 94 21 användt
690 1423 93 20 nänmda
797 1423 118 20 inkomster

86 1451 32 18 att
133 1451 108 20 amortera
256 1450 54 21 blott
325 1450 72 21 Saima
411 1451 130 26 kanallänet,
557 1454 52 18 utan
625 1451 62 21 äfven
703 1451 32 21 för
751 1450 131 26 amortering
895 1449 22 21 af

86 1477 66 21 andra
175 1478 114 21 utländska
311 1479 40 20 län.
383 1479 40 21 Om
443 1479 71 21 Saima
529 1480 76 20 kanals
620 1480 117 21 inkomster
753 1479 68 21 skulle
838 1479 78 20 använ-

87 1505 37 21 das
146 1505 57 22 blott
224 1507 33 20 för
279 1507 38 20 sitt
339 1507 106 27 egentliga
469 1508 105 27 ändamäl,
595 1509 23 20 sä
633 1508 70 21 kunde
719 1514 49 15 man
783 1507 132 26 smäningom

86 1533 73 27 gräfva
180 1541 25 14 en
222 1535 62 21 kanal
300 1535 97 27 omkring
412 1535 49 22 hela
476 1536 96 21 Finland.
603 1536 85 21 Främst
703 1536 114 21 förordade
832 1535 82 21 talaren
