1109 1795
234 128 42 21 496
442 132 166 17 Presteståndet.
632 133 55 16 1867.
711 133 12 16 5
736 132 63 21 April.

205 224 52 15 vore
280 217 95 26 onödigt,
399 219 22 25 ty
445 223 26 16 en
489 219 129 20 samvetsöm
633 216 136 28 själasörjare
785 217 56 22 hade
856 224 42 21 nog
913 218 123 21 derförutan

207 246 132 22 omvårdnad
355 251 34 16 om
405 246 240 26 nattvardsungdomen.

276 301 108 27 Biskopen
400 302 146 21 Schauman
562 302 55 22 hade
633 303 69 20 blifvit
716 303 147 20 förekommen
876 303 23 20 af
908 303 128 21 doktorerne

207 331 78 21 Hellén
307 330 40 21 och
370 331 109 26 Alopaeus
503 331 40 21 och
567 331 72 26 ansåg,
662 333 33 19 att
709 331 159 27 gångförhören
882 337 51 15 vore
948 331 88 27 nyttiga,

207 360 39 21 der
261 359 26 21 de
303 360 44 20 rätt
363 359 74 25 hölles,
453 365 48 15 men
516 359 62 27 ginge
593 360 74 26 under,
683 359 28 21 då
727 359 25 21 de
767 360 37 21 illa
819 359 131 22 handhades.

277 416 156 26 Kyrkoherden
455 416 71 21 Roos
546 416 102 22 förenade
664 416 31 26 sig
711 416 48 21 med
775 416 25 22 de
815 416 76 26 talare,
908 422 46 16 som
968 415 68 22 föror-

209 444 38 21 dat
261 444 169 26 gångförhörens
445 444 158 21 bibehållande.
633 445 155 26 Kyrkoherden
803 444 56 21 hade
874 451 76 20 genom
967 445 69 20 berät-

208 473 55 20 telse
277 472 24 21 af
315 474 31 19 ett
362 472 133 27 äsynavittne
511 473 86 21 erhållit
609 473 120 21 kännedom
740 479 41 20 om,
794 474 33 19 att
837 473 109 26 åtskilliga
956 473 80 21 Juther-

210 501 39 20 ska
264 501 150 26 församlingar
429 501 6 21 i
451 501 101 21 Amerika
567 501 122 26 derigenom
705 501 70 21 blifvit
788 501 84 26 ganska
886 501 85 27 mycket
984 507 52 20 upp-

209 529 84 22 lifvade.
316 529 91 21 Talaren
418 529 55 22 hade
483 530 53 20 visst
550 530 111 26 ingenting
675 531 58 20 emot
748 531 33 19 att
795 532 87 25 presten
897 529 62 22 äfven
975 529 61 26 eljest

209 557 56 22 hade
280 557 53 22 vård
349 563 34 16 om
399 558 211 21 skriftskolebarnen.

277 614 32 21 På
326 615 157 26 framställning
502 615 23 20 af
541 615 50 20 herr
605 615 136 21 talemannen
757 615 125 26 godkändes
897 615 139 21 förevarande

209 643 12 26 $
236 643 49 21 med
301 643 110 21 obestridd
428 643 114 26 pluralitet.

279 699 13 28 8
308 699 34 21 51.

279 756 208 26 Kontraktsprosten
506 756 77 21 Sirén
599 756 73 26 ansåg,
687 758 33 19 att
735 756 69 21 denna
819 757 13 26 $
848 756 66 21 borde
930 756 85 26 bringas
1030 757 6 20 i

212 784 220 21 Ofverensstämmelse
448 785 47 20 med
510 785 15 26 &
540 785 20 20 2.
590 785 34 20 Nu
640 785 124 26 begagnade
779 791 26 14 en
821 785 35 20 del
875 785 117 26 Svebilius',
1011 791 26 14 en

212 819 71 14 annan
299 813 34 20 del
348 813 88 21 Möllers
451 813 95 21 katekes.
569 813 43 20 Det
627 813 71 21 kunde
713 813 24 20 af
750 813 13 27 &
779 819 70 20 synas,
862 819 46 15 som
919 819 34 15 om
964 813 72 26 hvarje

212 841 125 27 församling
360 841 68 21 skulle
450 847 51 15 vara
523 841 123 26 berättigad
664 843 33 20 att
712 841 34 21 för
761 842 31 25 sig
807 843 79 25 antaga
901 841 96 22 katekes.
1027 842 10 20 I

211 870 74 21 stället
305 869 34 21 för
359 870 119 26 uttrycket:
509 871 21 24 i
551 870 166 26 församlingen'
741 870 66 21 borde
831 870 84 21 derföre
936 871 99 20 insättas:

211 898 22 26 si
248 898 84 21 landets
347 898 243 27 evangelisk-lutherska
605 898 171 27 församlingar.''

280 955 154 26 Kyrkoherden
449 955 71 21 Roos
535 955 112 21 anmärkte
663 955 36 21 det
715 955 43 21 han
773 955 34 21 vid
824 955 12 26 $
852 955 13 20 2
881 955 69 21 blifvit
964 955 72 20 hänvi-

211 983 38 20 sad
268 983 33 21 till
321 983 68 21 denna
405 984 19 25 8.
454 983 92 22 Luthers
565 983 45 22 lilla
625 983 89 22 katekes
729 984 67 21 borde
811 984 47 21 icke
873 983 22 21 få
910 983 86 22 komma
1010 989 26 15 ur

211 1011 62 21 bruk.
296 1011 91 22 Talaren
401 1012 49 21 ville
466 1012 84 21 derföre
561 1013 56 20 tästa
627 1012 190 27 uppmärksamhet
827 1012 29 26 pä
866 1012 77 21 doktor
955 1011 81 27 Berghs

211 1041 132 20 reservation
358 1040 36 21 vid
411 1040 68 21 denna
494 1041 18 26 8,
528 1041 87 21 hvilken
630 1041 132 21 reservation
777 1041 43 20 han
836 1041 7 20 i
858 1040 42 21 allo
916 1041 85 26 gillade.

280 1098 92 21 Prosten
395 1097 77 22 doktor
494 1097 85 28 Bergh
600 1098 55 21 hade
678 1097 70 22 blifvit
763 1097 147 22 förekommen
924 1097 24 21 af
960 1097 77 26 kyrko-

211 1127 80 21 herden
306 1127 64 20 Roos.

279 1184 142 25 Vicepastorn
443 1183 138 21 Putkonen
604 1183 115 21 förordade
737 1183 62 21 äfven
815 1182 77 21 doktor
908 1182 81 27 Berghs
1005 1189 32 14 re-

211 1212 114 21 servation.

281 1269 57 21 Herr
360 1269 135 20 talemannen
518 1268 134 21 framställde
668 1268 54 21 härä
737 1268 92 27 följande
846 1268 192 26 omröstningspro-

210 1297 99 27 position.

281 1370 10 8 n
296 1353 134 25 Godkänner
445 1353 132 27 högvördiga
593 1354 86 20 ståndet
695 1354 72 20 denna
783 1353 16 27 $
814 1352 149 28 oförändrad,
987 1353 51 20 eller

211 1389 66 14 anser
291 1382 87 21 ständet
393 1382 26 20 de
433 1382 80 27 gjorda
535 1382 176 27 andragandena
731 1382 95 27 päkalla
848 1382 73 27 nägon
944 1380 94 28 ätgärd?

210 1410 57 26 Den,
283 1418 45 13 som
342 1410 128 27 godkänner
485 1411 15 26 $
515 1411 147 26 oförändrad,
679 1417 65 14 svara
755 1411 41 27 ja;
811 1411 49 26 den,
875 1417 44 14 som
936 1416 64 14 anser
1013 1409 25 21 de

211 1439 80 27 gjorda
307 1439 173 26 andragandena
493 1439 96 27 påkalla
604 1440 73 27 någon
693 1439 85 26 åtgärd,
794 1446 66 13 svara
875 1439 56 27 nej."

280 1496 131 21 Besvarades
426 1496 49 21 med
492 1497 24 20 11
530 1497 29 26 ja
574 1498 45 19 mot
637 1497 25 20 10
678 1496 49 27 nej;
741 1496 8 21 i
763 1495 52 27 följd
832 1495 77 22 hvaraf
926 1495 83 21 således
1026 1494 12 27 &

210 1523 130 22 oförändrad
354 1524 130 27 godkändes.
