1109 1795
254 126 42 21 708
453 131 165 18 Presteståndet.
643 131 54 17 1867.
721 132 27 16 24
760 131 62 21 April.

225 217 19 20 9:
265 217 18 20 6.
300 229 27 2 —
343 217 48 21 Men
413 217 88 21 alldeles
522 217 112 21 enahanda
656 216 147 27 föreställning
823 216 35 27 läg
879 217 32 20 till
929 217 69 26 grund
1012 217 34 21 för

224 245 155 26 sjelfhämnden
394 245 38 22 hos
447 245 110 27 grekerne,
573 251 116 20 romarene,
705 251 139 20 germanerne
860 245 40 21 och
914 245 101 26 gallerne.

293 274 48 21 Men
362 274 64 26 jemte
448 275 81 26 pligten
547 275 32 20 att
597 274 88 21 hämnas
707 273 67 21 finner
789 279 50 15 man
854 275 33 19 att
902 273 60 21 äfven
977 274 69 21 förso-

223 302 177 27 ningsprincipen,
424 303 102 20 likaledes
541 309 26 14 ur
581 303 85 26 religiös
689 302 112 26 synpunkt,
817 302 66 21 redan
899 302 6 21 i
921 302 40 21 den
976 303 69 20 äldsta

224 330 106 21 forntiden
345 337 37 14 var
397 332 60 20 rotad
473 331 7 20 i
496 331 123 20 samhällets
634 331 60 20 seder
709 332 22 25 ty
747 330 27 21 dä
784 331 95 26 gudarne
890 330 69 22 kunde
969 337 75 20 genom

223 359 43 20 bön
289 359 39 21 och
349 359 51 21 offer
420 360 103 25 försonas,
546 359 74 21 tänkte
636 365 55 19 man,
707 359 98 20 hvarföre
821 359 68 21 skulle
904 359 46 20 icke
966 359 78 22 menni-

223 387 80 21 skorna
325 387 71 21 kunna
412 388 49 21 det?
480 388 39 21 Vid
535 388 81 21 mindre
632 387 137 27 förbrytelser
784 393 38 15 var
838 387 36 21 det
890 387 63 21 ocksä
968 388 76 20 lättare

223 417 33 20 att
271 416 148 21 ästadkomma
433 416 116 27 försoning,
565 423 47 14 men
627 416 8 20 i
650 416 95 26 dräpmäl
756 416 96 21 deremot
864 422 62 20 synes
938 416 107 21 allmänna

223 444 132 21 tänkesättet
377 446 60 25 länge
459 446 56 19 varit
538 444 104 26 obenäget
662 447 31 18 att
714 446 79 24 antaga
808 444 47 26 den,
872 444 88 21 emedan
976 445 68 20 lifvets

223 472 77 21 förlust
320 479 38 14 var
381 473 122 26 oersättelig
525 473 38 21 och
586 473 49 20 blod
656 473 55 20 blott
725 473 72 20 kunde
812 473 97 20 försonas
924 472 47 21 med
988 473 55 20 blod.

222 501 61 20 Mose
298 501 35 27 lag
352 501 101 26 stadgade
469 501 74 22 härom
559 502 13 20 4
588 501 78 21 moseb.
683 501 26 21 35
725 501 48 26 kap.
798 501 23 25 ,I
838 501 73 20 skolen
926 501 62 26 ingen
1003 501 41 21 för-

223 529 74 27 soning
319 532 49 24 taga
387 530 32 21 för
439 536 24 15 en
480 529 151 27 mandräpares
647 530 44 26 själ,
707 531 23 24 ty
745 529 43 21 han
803 531 24 19 är
843 529 63 21 saker
920 529 32 21 till
968 530 75 25 döden,

222 559 52 20 utan
296 558 41 21 han
358 558 53 21 skall
432 559 67 20 döden
522 559 47 20 dö".
600 558 48 21 Men
664 560 32 19 att
711 564 26 14 en
753 558 151 26 menniskosjäl
919 558 63 21 likväl
998 558 45 21 icke

222 586 61 21 alltid
307 587 54 20 hade
381 593 80 14 samma
483 587 63 21 värde
566 587 53 20 efter
639 587 58 20 Mose
717 587 40 26 lag,
780 593 62 20 synes
858 586 22 21 af
894 587 12 20 2
923 587 77 20 moseb.
1016 587 25 20 21

222 615 56 26 kap.,
303 615 37 20 der
363 615 36 21 det
421 615 69 21 heter:
514 615 54 26 ,slär
590 615 68 26 nägon
680 615 30 21 sin
727 615 40 20 träl
785 615 22 20 sä
822 617 33 19 att
870 615 42 20 han
928 615 44 26 dör,
988 615 54 21 skall

222 643 42 20 han
280 643 43 21 lida
338 644 37 20 der
391 643 60 21 straff
464 644 33 21 för
513 656 26 2 —
555 643 54 21 dock
624 643 46 21 icke
686 643 117 21 dödsstraff
817 655 24 3 —
858 650 47 14 men
921 643 65 21 lefver
1001 643 41 21 han

223 671 58 21 öfver
297 678 25 14 en
338 672 51 20 eller
403 672 36 21 två
459 673 66 25 dagar
541 672 53 21 efter
610 672 185 26 misshandlingen,
811 672 55 21 skall
882 672 41 20 han
938 672 45 21 icke
999 672 43 21 lida

223 700 37 20 der
284 700 61 21 straff
366 700 39 26 för,
425 703 23 24 ty
467 701 36 20 det
522 702 23 19 är
561 701 52 20 hans
628 701 136 26 penningar*.
796 700 65 21 Detta
876 700 82 21 bevisar
971 701 24 26 ju
1010 703 33 18 att

222 728 59 21 Mose
306 728 34 27 lag
361 729 42 20 lika
425 735 44 15 som
492 729 72 26 hvarje
585 731 66 18 annat
671 729 55 20 folks
741 735 38 14 var
795 729 107 26 uttrycket
918 729 22 20 af
954 729 31 20 sin
1000 729 42 20 tids

222 756 94 21 rådande
331 757 113 21 tänkesätt.
475 757 31 21 På
521 763 80 16 samma
616 759 42 19 sätt
673 757 38 20 har
727 757 59 20 Mose
802 757 34 26 lag
851 757 46 21 icke
912 759 32 19 att
954 758 88 25 uppvisa

221 785 66 26 något
309 785 106 22 företräde
436 786 88 21 framför
542 786 67 21 andra
630 785 101 26 folkslags
747 786 59 26 lagar
821 786 7 20 i
844 785 162 27 uppfattningen
1021 785 22 21 af

221 813 93 22 straffets
337 815 103 26 ändamål,
464 816 52 19 utan
536 815 53 20 efter
605 815 39 20 den
659 815 7 20 i
681 815 107 20 allmänna
803 814 130 21 tänkesättet
948 813 93 22 rådande

221 842 76 26 sinliga
312 843 160 26 uppfattningen
488 843 23 20 af
525 843 152 26 förbrytelsens
692 843 92 20 väsende
800 843 86 26 stadgas
902 843 36 20 der
953 844 31 19 att
1000 842 42 21 för-

221 870 102 27 brytaren
338 871 53 20 skall
406 871 140 22 underkastas
563 871 126 21 åtminstone
705 877 81 15 samma
801 871 54 21 mått
871 871 22 20 af
902 871 83 20 lidande
996 877 45 15 som

221 898 36 21 det
279 898 42 21 han
344 899 91 27 tillfogat
458 900 39 21 den
518 899 137 22 förorättade.
685 900 42 20 Det
742 899 61 21 heter
818 899 104 26 nemligen
938 899 6 20 i
960 899 79 21 Moseb.

221 928 33 19 24:
277 927 50 27 ,Om
351 928 68 25 någon
437 928 43 21 slår
499 935 39 14 ena
557 929 116 26 mennisko,
692 928 41 21 han
749 928 54 21 skall
819 928 69 21 döden
904 928 26 20 dö
946 927 39 21 och
1001 928 39 21 den

221 961 44 15 som
288 958 39 24 gör
349 956 66 21 sinom
436 959 61 18 nästa
518 957 73 24 skada,
613 957 77 21 honom
711 957 54 20 skall
784 963 48 14 man
847 958 53 25 göra
915 955 68 22 såsom
999 956 41 21 han

220 984 79 26 gjorde.
331 985 70 21 Skada
419 985 34 21 för
471 985 72 24 skada,
563 987 40 24 öga
621 985 32 21 för
670 987 46 25 öga,
732 985 52 20 tand
799 985 33 20 för
847 985 51 20 tand
914 985 69 20 såsom
998 985 42 20 han

220 1013 39 20 har
281 1013 56 26 gjort
359 1019 39 15 ena
420 1014 109 21 mennisko
552 1014 73 24 skada,
647 1014 24 21 så
693 1013 54 22 skall
762 1019 49 16 man
826 1015 52 25 göra
894 1013 76 21 honom
985 1014 54 25 igen.

219 1041 70 21 Alltså
305 1042 238 27 vedergällningsrätten
558 1042 7 21 i
581 1043 47 20 dess
644 1043 70 20 råaste
729 1042 55 21 form
800 1042 39 21 och
854 1042 7 20 i
876 1043 92 20 tväraste
987 1044 53 18 mot-

220 1071 44 19 sats
287 1070 32 21 till
341 1077 25 14 en
384 1077 73 15 senare
480 1071 138 26 uppenbarad
640 1071 46 20 lära
705 1077 44 14 som
765 1072 71 25 säger:
852 1070 54 26 ,slår
921 1070 69 26 någon
1006 1070 34 26 dig

219 1098 35 21 vid
269 1098 68 26 högra
352 1099 120 26 kindbenet,
489 1099 23 21 så
526 1099 55 21 vänd
597 1099 77 21 honom
690 1099 39 21 ock
740 1099 36 21 det
789 1099 67 20 andra
866 1098 42 26 till;
923 1099 36 20 vill
971 1098 69 27 någon

219 1127 50 26 taga
293 1127 36 20 din
351 1127 76 26 kjortel
446 1127 55 22 ifrån
516 1128 41 26 dig,
573 1128 24 21 så
613 1128 30 21 låt
658 1128 77 21 honom
750 1127 22 21 få
787 1127 85 26 kåpona
887 1127 57 25 med;
960 1127 80 26 nödgar

219 1155 36 26 dig
276 1155 70 27 någon
366 1158 31 19 att
417 1156 26 26 gå
463 1162 40 15 ena
518 1157 56 25 milo,
597 1156 24 21 så
635 1157 53 26 gack
703 1156 36 21 två
754 1156 48 21 med
817 1155 97 22 honom".
932 1151 15 36 I
969 1155 71 21 stället

219 1183 33 21 för
268 1184 36 21 det
318 1184 70 26 gamla
403 1184 74 21 budet:
493 1185 72 26 ,älska
579 1185 36 21 din
630 1187 61 19 nästa
706 1185 40 21 och
761 1185 50 20 hata
827 1185 36 20 din
878 1183 85 26 fiende",
979 1185 61 25 säger

219 1212 36 21 det
270 1218 50 21 nya:
336 1213 79 26 ,älsker
431 1213 51 21 edra
492 1215 99 24 ovänner,
601 1213 104 27 välsigner
716 1213 47 21 dem
775 1219 45 14 som
831 1213 51 21 eder
892 1213 75 25 banna,
978 1214 62 25 görer

219 1241 34 20 väl
268 1243 58 18 emot
342 1241 47 21 dem
404 1247 45 15 som
465 1242 50 21 eder
530 1241 57 28 hata,
604 1242 65 21 beder
683 1242 33 21 för
732 1242 47 21 dem
795 1247 45 16 som
851 1243 52 24 göra
913 1241 49 21 eder
974 1241 66 21 skada

219 1269 40 21 och
281 1269 85 27 förfölja
387 1270 67 21 eder".
484 1270 45 21 Och
548 1271 49 20 med
620 1271 61 20 dessa
701 1270 39 21 ord
760 1271 34 20 för
812 1272 82 24 ögonen
909 1269 67 21 skulle
992 1275 48 15 man

217 1299 58 19 ännu
290 1299 53 26 yrka
358 1297 27 27 på
400 1298 146 21 dödsstraffets
565 1299 146 21 bibehäliande
727 1299 6 20 i
749 1299 38 20 vär
801 1299 41 26 lag,
859 1297 82 22 derföre
957 1300 32 19 att
1005 1299 35 20 det

217 1326 89 26 stadgas
328 1327 6 20 i
355 1327 76 20 Moses”
454 1327 35 26 lag
508 1327 39 21 och
563 1327 83 21 derföre
661 1329 32 19 att
709 1327 36 21 det
760 1329 56 18 ännu
832 1327 68 20 skulle
916 1325 62 22 hafva
994 1327 46 20 hela

217 1354 181 27 mensklighetens
414 1355 194 21 rättsmedvetande
624 1356 39 20 och
679 1356 25 20 de
719 1357 81 19 största
815 1355 135 21 rättslärares
965 1354 75 21 aukto-

217 1382 52 21 ritet
285 1382 33 21 för
333 1384 37 25 sig.
400 1384 41 21 Det
457 1386 24 19 är
495 1384 123 27 visserligen
633 1386 62 19 sannt
711 1385 32 20 att
758 1385 31 20 ett
805 1382 135 23 menniskolif
949 1384 23 19 är
985 1383 54 28 dyrt,

217 1417 49 15 men
281 1411 48 21 icke
348 1411 119 22 återvinnes
487 1413 37 20 det
539 1413 120 26 derigenom
675 1415 32 18 att
722 1415 31 18 ett
768 1414 65 19 annat
848 1411 112 28 förspilles.
990 1411 50 22 Icke

217 1441 40 24 gör
272 1446 49 14 man
337 1439 47 22 Gud
400 1447 25 14 en
440 1441 66 26 tjenst
521 1441 87 21 dermed
623 1443 32 19 att
669 1447 49 15 man
733 1441 92 26 ingriper
840 1441 7 20 i
862 1441 60 20 Hans
938 1440 48 21 dom
1001 1440 39 21 och

217 1467 74 22 afskär
313 1475 26 14 en
359 1468 119 27 förbrytare
500 1469 48 22 dess
567 1469 94 25 nådatid,
684 1471 51 19 utan
756 1469 67 21 hellre
844 1469 85 21 dermed
945 1469 31 20 att
991 1474 49 15 man

217 1495 56 22 låter
289 1497 77 21 honom
381 1498 7 20 i
403 1497 141 27 enslighetens
559 1498 50 26 lugn
625 1498 86 21 besinna
727 1498 106 27 följderna
848 1497 23 21 af
885 1497 31 21 sin
928 1496 112 27 brottsliga

217 1524 109 28 handling.
356 1526 174 21 Kristendomens
553 1527 54 26 syfte
623 1528 24 19 är
661 1528 32 20 att
708 1529 74 19 utrota
797 1527 36 20 det
848 1526 94 27 syndiga,
958 1527 32 19 att
1005 1525 35 22 be-
