1109 1795
237 129 41 21 522
442 135 163 17 Presteständet.
630 135 55 17 1867.
710 135 12 16 6
735 135 63 20 April.

278 220 81 27 nAnser
374 219 132 28 högvördiga
522 219 85 21 ståndet
622 222 28 18 ett
665 220 77 27 tillägg
758 220 9 20 i
783 220 34 20 det
833 220 32 27 af
876 220 76 21 doktor
962 219 71 28 Bergh

205 249 132 26 föreslagna
353 248 58 27 syfte
426 248 101 28 nödigt?*

279 305 131 21 Besvarades
425 305 48 22 med
491 305 25 21 13
532 306 37 26 nej
584 307 44 19 mot
643 307 13 19 8
667 305 39 27 ja;
721 305 60 26 iföljä
796 305 78 21 hvaraf
887 305 81 22 således
980 305 54 21 intet

210 333 74 27 tillägg
299 333 96 22 kommer
410 335 32 20 att
458 334 89 21 emellan
564 334 27 27 $$
607 335 25 20 97
649 334 40 21 och
705 334 26 21 98
747 333 87 22 införas.

279 391 23 26 $$
319 391 98 21 98—100
433 391 122 27 godkändes
571 391 102 27 enhälligt
689 391 64 26 enligt
768 391 247 21 utskottsbetänkandet.

279 534 120 27 Föredrogs
422 534 39 21 och
483 534 114 21 bordlades
619 533 235 27 grundlagsutskottets
874 533 133 22 betänkande
1028 540 6 13 1

211 563 114 26 anledning
347 563 23 20 af
391 563 58 20 Hans
472 563 118 26 Kejserliga
605 562 112 27 Majestäts
732 562 78 27 nädiga
825 562 130 27 proposition
971 561 63 27 angä-

211 592 53 21 ende
288 591 25 21 de
329 591 126 26 rättigheter
471 591 39 21 och
526 591 150 26 skyldigheter,
691 597 46 14 som
752 591 120 21 tillkomma
887 591 92 21 embets-
994 590 40 21 och

212 620 133 27 tjenstemän,
361 619 83 22 hvilkas
459 619 143 26 befattningar
617 619 106 26 indragas.

279 677 119 25 Föredrogs
413 678 31 19 ett
456 676 47 21 frän
514 676 177 27 borgareständet
703 676 117 21 inkommet
830 676 204 27 protokollsutdrag,

211 711 45 15 som
272 705 39 20 här
327 705 69 26 intogs
412 705 123 26 sälydande:

415 761 94 27 Utdrag
530 762 23 21 af
573 761 190 27 Borgareständets
785 761 108 27 protokoll
914 761 35 22 vid
964 761 69 21 landt-

347 790 68 27 dagen
430 791 7 20 i
451 790 140 27 Helsingfors,
607 790 40 21 den
663 791 14 20 4
691 790 60 27 April
765 791 62 20 1867.

280 847 185 26 Borgareständet,
488 853 44 15 som
554 847 67 20 under
636 847 108 26 gärdagen
760 847 40 20 och
816 847 68 21 denne
900 847 40 26 dag
955 846 33 21 till
1003 846 31 21 ät-

211 877 54 26 gärd
290 875 93 22 förehaft
407 876 52 25 Lag-
487 875 40 22 och
551 875 236 22 Ekonomieutskottets
811 875 135 22 betänkande
968 875 8 20 i
998 881 36 14 an-

211 905 84 26 ledning
319 904 22 21 af
362 903 82 27 Nädiga
466 904 158 27 propositionen
649 903 109 27 angäende
783 904 185 26 vattenledningar
995 903 39 21 och

212 933 131 25 vattenverk,
360 933 39 20 har
413 933 72 21 dervid
501 934 86 19 stannat
602 933 6 20 i
624 933 92 26 följande
732 933 77 26 beslut,
825 933 6 20 i
847 933 36 20 det
897 934 33 19 att
945 932 89 21 Ständet

211 961 88 27 antagit.

280 990 11 27 8
309 992 9 19 1
336 990 65 26 enligt
416 989 82 27 Nädiga
513 990 166 26 propositionen.

286 1018 18 27 SS
325 1019 56 20 2—5
403 1019 64 26 enligt
491 1019 35 20 det
547 1019 7 20 i
577 1019 63 20 dessa
662 1018 59 21 delar
743 1019 48 20 med
813 1018 158 27 propositionen
991 1017 44 21 lika

211 1047 91 27 lydande
317 1047 150 21 betänkandet.

281 1077 12 24 $
309 1077 12 20 6
337 1076 7 20 i
360 1075 93 27 enlighet
468 1075 47 21 med
532 1075 39 22 den
587 1076 82 26 Nädiga
685 1075 165 27 propositionen.

280 1104 12 28 8
309 1105 11 20 7
337 1104 62 21 äfven
413 1105 7 20 i
436 1103 92 27 enlighet
544 1104 87 21 dermed
646 1104 33 21 för
693 1104 70 26 öfrigt,
774 1106 59 19 utom
844 1105 32 20 att
886 1104 68 20 andra
964 1109 69 19 mom.,

212 1133 7 20 i
235 1133 218 21 öfverensstämmelse
475 1133 48 20 med
546 1133 40 20 den
610 1133 21 20 af
651 1133 117 21 Ständerne
783 1133 36 21 vid
835 1134 83 19 senaste
933 1131 102 26 landtdag

211 1161 96 21 uttalade
330 1161 61 26 äsigt,
414 1161 6 21 i
442 1161 75 26 frägan
534 1167 33 15 om
583 1161 174 21 förekommande
773 1161 22 21 af
809 1161 68 21 skada
892 1166 75 21 genom
983 1166 52 21 upp-

212 1190 106 26 dämning,
334 1189 69 22 skulle
418 1189 80 22 erhälla
513 1190 93 26 följande
622 1191 88 26 lydelse:
727 1190 52 26 ,Det
794 1189 84 22 afledda
889 1191 82 20 vattnet
982 1188 54 21 skall

212 1218 93 21 derefter
321 1218 46 21 äter
382 1218 32 21 till
430 1218 93 26 naturlig
538 1219 115 21 strömfära
667 1219 66 25 ledas,
749 1218 39 21 och
804 1218 33 21 fär
850 1218 154 26 öfvervattning
1017 1217 18 27 ej

212 1247 37 20 ske
272 1246 28 27 pä
322 1246 65 21 sädan
411 1247 30 21 tid
463 1247 23 20 af
503 1247 54 26 äret,
573 1247 27 20 dä
615 1253 80 20 granne
711 1247 61 21 deraf
785 1247 42 21 kan
843 1246 64 21 hafva
921 1253 48 14 men
985 1246 51 21 eller

212 1275 73 26 skada,
301 1275 40 21 och
357 1275 81 21 säledes
454 1275 18 27 ej
488 1275 69 21 heller
571 1276 24 20 sä
611 1277 46 20 sent
672 1275 27 27 pä
713 1275 82 26 hösten,
812 1277 33 19 att
860 1275 38 21 det
910 1275 126 22 öfversväm-

212 1304 61 21 made
289 1303 62 22 fältet
367 1303 18 26 ej
401 1304 75 21 hinner
491 1304 108 26 upptorka
614 1305 63 20 innan
693 1303 54 22 frost
761 1304 115 21 inträder."

281 1333 26 25 388
329 1333 67 19 8—11
417 1333 7 19 i
445 1332 94 27 enlighet
557 1333 47 20 med
620 1332 145 21 betänkandet
780 1333 39 21 och
836 1333 40 20 den
892 1332 86 21 dermed
993 1331 44 21 lika

211 1360 90 27 lydande
318 1360 165 26 propositionen.

281 1390 12 25 $
311 1390 24 20 12
352 1389 66 26 enligt
433 1389 152 22 betänkandet.

281 1399 12 45 R
311 1418 25 21 13
358 1423 63 16 mom.
443 1419 10 19 1
475 1418 65 27 enligt
561 1419 160 26 propositionen
745 1418 38 21 och
806 1425 63 14 mom.
886 1413 12 36 2
921 1417 65 27 enligt
1002 1417 35 21 det

211 1446 87 21 dermed
314 1447 43 20 lika
372 1447 91 26 lydande
478 1447 152 21 betänkandet.

281 1475 12 26 $
311 1475 26 20 14
353 1475 66 26 enligt
434 1475 83 26 Nädiga
532 1475 167 27 propositionen.

281 1503 11 26 8
309 1504 25 20 15
352 1503 65 27 enligt
432 1503 145 22 betänkandet
593 1504 39 22 och
647 1504 165 27 propositionen,
829 1504 72 21 hvilka
912 1504 44 21 deri
970 1503 68 22 öfver-

211 1533 136 19 ensstämma.
