1109 1795
231 144 41 21 556
435 148 168 18 Presteståndet.
628 149 54 17 1867.
707 149 12 17 9
732 149 62 21 April.

201 235 74 26 insäge
291 235 52 20 hvar
359 234 39 21 och
413 241 26 14 en
455 234 63 21 hvart
534 234 60 21 detta
609 235 69 20 skulle
693 235 55 21 leda.
778 235 59 22 Intet
852 235 46 22 skäl
913 235 61 22 fanns
990 237 38 24 att,

203 263 71 22 säsom
290 269 26 15 en
331 263 68 20 talare
415 263 7 20 i
437 263 38 26 gär
489 263 69 26 yrkat,
575 263 90 21 afskaffa
683 263 120 26 presteden,
820 266 22 25 ty
858 271 26 14 en
899 264 130 27 församling,

203 298 45 15 som
271 293 106 24 mottager
398 297 26 15 en
447 291 69 21 lärare
538 291 33 21 för
594 294 33 18 att
642 292 66 21 värda
724 292 35 21 det
775 293 126 25 dyrbaraste
917 293 39 20 den
973 295 55 23 äger,

202 321 68 20 borde
286 321 41 24 äga
342 321 43 19 rätt
401 321 32 20 att
448 320 73 21 fordra
536 322 31 19 ett
583 320 110 21 uttalande
709 321 23 20 af
745 321 95 26 kyrkans
852 321 126 21 bekännelse
990 321 39 21 och

203 351 32 19 ett
250 348 144 27 förpligtande
414 348 55 21 inför
485 348 54 26 Gud,
555 351 33 18 att
603 349 42 20 han
661 349 6 20 i
683 349 141 22 läroembetet
839 350 7 20 i
861 350 41 21 allo
919 349 53 22 skall
988 349 41 21 för-

203 378 73 20 kunna
298 377 69 21 denna
389 377 52 21 lära.
471 377 172 26 Församlingens
658 379 44 19 rätt
717 378 68 21 skulle
801 385 79 14 annars
895 378 81 21 skattas
992 378 38 21 allt

204 405 33 22 för
259 405 72 27 ringa;
353 407 23 25 ty
399 406 40 21 den
462 405 97 22 aflönade
577 406 24 26 ju
617 406 85 26 honom,
718 406 39 22 och
773 407 37 21 det
825 413 51 15 vore
891 407 92 26 orimligt
998 408 32 20 att

203 435 70 20 lemna
289 435 7 20 i
311 434 95 21 lärarens
421 434 54 21 skön
490 436 32 19 att
536 434 107 21 förkunna
659 435 54 20 hvad
729 435 42 20 han
787 436 42 20 vill.

273 491 91 21 Prosten
388 491 130 21 Borenius
542 491 51 21 sade
617 491 31 27 sig
669 492 54 21 efter
744 492 56 21 hvad
823 492 107 27 professor
952 492 77 21 Geitlin

204 522 75 25 yttrat,
294 520 47 21 icke
356 526 59 15 mera
429 520 64 21 hafva
507 520 85 26 mycket
607 522 33 19 att
655 521 81 20 anföra.
767 521 49 20 Han
831 521 49 20 ville
896 521 54 21 dock
963 521 67 20 öfver-

203 549 71 21 lemna
289 549 33 20 till
337 549 85 20 ständet
437 551 32 18 att
484 549 74 26 afgöra
574 549 105 20 huruvida
693 549 54 21 eden
763 549 93 27 aflägges
869 549 122 26 lämpligare
1003 549 27 26 pä

205 584 26 15 en
253 577 35 21 hel
312 577 42 21 bok
377 579 26 18 än
426 577 27 26 pä
475 584 26 13 en
519 577 128 21 bekännelse
663 577 67 21 sädan
745 584 46 15 som
807 578 41 21 den
864 577 166 27 Augsburgiska,

204 606 86 21 hvilken
305 606 22 21 in
341 612 52 15 nuce
410 605 116 22 innehäller
541 606 44 21 allt.
616 606 62 21 Hvad
695 606 137 27 domprosten
848 607 56 26 Borg
916 606 69 21 anfört
996 612 34 14 om

204 634 201 22 konkordiebokens
428 634 157 27 nödvändighet
606 634 34 21 för
665 635 41 20 den
731 635 83 26 lutning
839 637 44 19 mot
906 635 124 21 reformerta

205 663 89 27 kyrkan,
318 669 45 14 som
385 662 22 21 af
429 665 30 18 ett
479 663 56 26 parti
550 663 85 26 hyllats,
652 663 23 20 sä
691 663 69 21 kände
777 663 136 27 domprosten
928 669 42 20 nog
985 663 47 26 sjelf

205 692 72 20 hvilka
299 692 78 20 strider
398 691 134 26 uppkommit
553 691 28 27 pä
602 691 163 27 gränsomrädet
790 692 32 21 till
847 692 117 21 Kalvinism
991 691 39 22 och

205 720 146 24 katholicism;
366 721 45 20 mot
425 720 139 21 kalvinismen
579 719 62 22 fanns
657 720 55 21 dock
727 720 56 21 blott
799 721 12 20 3
823 721 89 20 artiklar
922 721 7 20 i
940 720 91 21 konkor-

206 749 112 20 dieboken.
348 748 90 21 Talaren
461 749 108 26 hoppades
591 750 32 19 att
645 749 42 20 han
709 749 46 20 icke
772 749 69 21 skulle
858 749 64 21 blifva
936 749 94 20 missför-

205 777 64 21 städd
291 777 28 21 dä
341 777 42 21 han
405 777 57 26 sade,
484 779 32 19 att
539 783 48 15 man
609 777 67 21 borde
699 779 50 25 taga
770 778 96 26 exempel
882 777 22 21 af
918 777 112 21 katholska

206 806 92 27 kyrkan;
322 806 37 20 der
381 805 76 22 funnos
476 805 109 27 vidlyftiga
600 806 113 26 symboler,
729 812 48 15 men
793 813 49 14 man
857 806 128 26 förpligtade
1000 806 31 26 sig

206 835 57 20 blott
279 834 12 21 &
306 834 103 27 professio
432 834 49 21 fidei
496 834 6 20 i
518 834 133 21 Tridentiner
669 836 78 19 mötets
763 834 78 25 beslut,
858 841 44 15 som
918 836 62 25 utgör
996 840 35 15 en-

207 863 49 21 dast
279 869 26 15 en
323 863 46 20 sida
384 863 20 20 in
420 864 41 19 4:0.
492 862 74 21 Såsom
582 863 132 20 examinator
729 863 7 20 i
752 863 104 26 symbolik
872 864 50 20 sade
938 864 31 25 sig
983 869 49 20 pro-

207 894 47 19 sten
269 892 55 20 varit
339 892 6 20 i
361 891 83 21 tillfälle
460 893 32 19 att
508 891 109 26 öfvertyga
633 891 31 27 sig
680 898 33 14 om
730 892 56 20 huru
801 898 50 20 pass
863 891 131 27 djupgäende
1005 891 25 21 de

207 920 137 21 ordinerades
359 920 97 26 kunskap
472 920 60 21 varit.
558 920 42 21 Det
615 926 38 15 var
669 920 129 27 nödvändigt
813 922 33 19 att
858 921 25 20 de
894 927 45 14 som
950 919 81 26 aflägga

207 949 120 26 presteden,
349 950 48 19 veta
419 949 85 20 hvilken
526 949 25 20 ed
571 949 26 20 de
612 948 33 27 gå.
675 949 91 20 Talaren
781 949 77 21 trodde
873 949 97 26 föröfrigt
985 948 45 21 icke

207 979 33 19 att
261 977 42 21 han
323 977 122 26 härigenom
468 977 84 26 mycket
574 977 93 26 förlängt
683 977 154 24 diskussionen,
854 978 38 21 och
908 977 89 21 ämnade
1013 976 17 27 ej

207 1006 68 21 heller
289 1005 113 22 framdeles
417 1007 53 25 göra
485 1006 42 20 det.

278 1063 82 21 Doktor
382 1063 119 26 Lampön
523 1063 48 20 ville
594 1063 47 21 icke
663 1069 96 20 upprepa
782 1063 55 21 hvad
860 1063 42 20 han
920 1063 70 20 anfört
1006 1063 26 20 dä

208 1091 61 27 fråga
289 1098 38 14 var
350 1098 33 14 om
405 1091 6 27 $
433 1093 18 24 1,
468 1093 50 19 utan
541 1091 106 22 instämde
670 1091 23 21 af
713 1092 86 21 fullaste
823 1092 70 26 hjerta
908 1092 5 20 i
930 1091 35 20 det
987 1097 45 14 som

208 1122 87 25 prosten
317 1120 104 21 Borenius
440 1120 39 21 och
501 1120 109 26 professor
625 1120 79 21 Geitlin
719 1120 78 26 anfört,
814 1122 55 19 samt
885 1119 93 22 önskade
993 1125 40 15 un-

209 1149 108 26 derstödja
333 1149 54 21 dem.

277 1206 90 20 Prosten
383 1205 77 22 doktor
475 1205 122 21 Andelin
613 1205 98 21 framhöll
727 1207 32 19 att
775 1205 41 21 han
832 1205 34 21 vid
882 1205 37 21 sitt
934 1205 98 26 yttrande

209 1241 33 14 om
259 1234 11 27 $
287 1235 10 20 1
314 1233 42 22 fäst
378 1233 215 28 uppmärksamheten
616 1234 35 20 vid
674 1234 36 21 det
729 1236 60 19 stora
804 1234 107 21 företräde
928 1233 55 22 1863
998 1233 35 20 ärs

208 1263 81 26 förslag
304 1263 61 24 hade,
380 1263 104 26 nemligen
500 1263 44 20 deri
560 1265 32 18 att
609 1263 35 20 det
659 1263 125 20 inskränkte
800 1263 92 26 kyrkans
908 1264 33 19 tro
955 1261 31 22 till
998 1261 35 22 det

209 1291 161 21 fundamentala
385 1292 7 20 i
407 1291 148 26 bekännelsen,
577 1291 99 21 hvarföre
692 1291 6 21 i
714 1292 41 20 den
778 1291 101 21 händelse
902 1293 32 18 att
956 1290 77 27 kyrko-

208 1321 63 26 lagen
292 1320 46 21 icke
361 1320 68 21 skulle
450 1321 95 24 antagas,
562 1320 128 21 ätminstone
706 1321 113 25 presteden
835 1319 66 22 borde
916 1319 117 21 förändras.

209 1348 42 21 Det
274 1354 50 15 vore
346 1348 46 21 icke
415 1348 66 26 hjelpt
504 1348 87 21 dermed
614 1350 33 18 att
669 1354 55 19 man,
743 1348 70 21 säsom
829 1350 87 24 prosten
931 1347 102 21 Borenius

208 1376 105 27 förordat,
328 1377 105 21 utesluter
447 1377 100 21 Formula
562 1376 138 25 Concordiae,
716 1380 22 24 ty
753 1383 50 15 man
818 1377 64 21 visste
896 1376 24 27 ju
930 1378 32 19 att
973 1378 15 19 t.
1002 1382 31 15 ex.

209 1405 162 27 Augsburgiska
386 1406 143 21 bekännelsen
544 1405 101 21 förnekar
657 1405 78 27 odöpta
746 1406 65 21 barns
821 1405 100 26 salighet;
938 1405 18 26 ej
968 1404 66 21 heller

209 1440 50 15 vore
275 1435 65 20 saken
356 1434 67 27 hjelpt
438 1441 34 14 om
488 1441 54 18 man,
559 1433 70 22 såsom
645 1435 107 26 professor
767 1434 80 21 Geitlia
864 1434 82 25 önskat,
965 1433 68 21 skulle

210 1463 74 26 återgå
300 1463 31 20 till
344 1463 53 21 1686
408 1463 34 20 års
453 1463 109 26 kyrkolag,
573 1466 22 23 ty
607 1463 26 20 de
642 1463 125 20 varierande
779 1463 112 26 uttrycken
903 1461 130 27 ,,grundad'',

210 1507 10 10 ,»
223 1491 142 26 Vedertagen'*
382 1498 27 14 m.
425 1498 26 15 m.
468 1491 78 27 hjelpte
558 1491 32 21 till
600 1491 60 21 intet.
686 1491 171 22 Vidkommande
868 1494 85 24 prosten
965 1489 69 22 Hack-

209 1520 52 20 zells
283 1519 85 28 förslag,
391 1522 33 19 att
443 1520 114 27 presteden
578 1520 68 21 skulle
670 1521 44 20 helt
737 1520 39 21 och
799 1520 67 21 hället
889 1519 106 26 bortfalla,
1011 1518 23 21 sä

209 1549 62 26 ginge
291 1548 45 21 icke
359 1549 66 20 heller
449 1549 59 20 detta
530 1555 34 18 an,
587 1548 69 21 ehuru
677 1549 82 21 talaren
782 1549 122 26 visserligen
923 1548 63 21 visste
1002 1549 32 20 att
