1109 1795
304 144 166 18 Presteståndet.
495 145 54 16 1867.
573 145 23 16 12
608 144 63 21 April.
830 139 41 20 629

144 232 10 25 8
171 231 42 21 390
227 231 121 26 godkändes
363 229 112 28 enhälligt.

144 287 68 27 $391.

144 344 89 21 Prosten
248 344 123 21 Borenius
387 343 126 22 hemställde
528 343 105 21 huruvida
648 343 46 21 icke
710 343 74 21 besvär
796 350 50 15 vore
856 344 42 21 till-

76 373 56 20 låtna
147 373 7 20 i
170 373 113 26 anledning
298 372 22 21 af
333 372 39 21 här
388 372 138 21 omförmälde
542 372 100 26 tjensters
658 372 133 25 besättande;
808 379 48 14 men
872 373 27 20 då

75 401 6 21 i
98 401 113 27 anledning
233 401 63 21 häraf
309 401 121 21 anmärktes
446 402 32 20 att
493 401 90 27 ändring
598 401 31 20 uti
645 401 42 21 alla
702 401 150 26 domkapitlets
867 401 32 21 åt-

75 430 76 26 gärder
166 430 71 21 kunde
252 430 68 25 sökas,
337 430 71 21 förföll
423 430 29 20 all
467 430 72 20 vidare
556 429 119 21 diskussion
691 429 72 21 härom
780 430 39 20 och
835 430 6 25 8
858 430 39 21 391

76 460 74 25 antogs
166 459 49 20 med
229 458 109 21 obestridd
353 458 110 27 pluralitet
473 458 6 20 i
490 458 94 27 enlighet
595 458 48 21 med
653 457 245 22 utskottsbetänkandet.

144 521 24 27 $$
184 521 40 21 392
241 521 39 21 och
296 521 41 20 393
353 520 122 27 godkändes
492 520 107 27 enhälligt.

144 578 12 27 $
172 578 46 21 394.

144 634 124 21 Professorn
291 634 105 21 Geitlin
419 634 65 27 ansåg
506 634 39 21 den
562 634 23 21 af
597 634 106 21 utskottet
719 634 45 21 häri
779 634 119 27 föreslagna

76 663 88 26 ändring
181 663 22 20 af
216 663 60 21 ordet
292 663 62 27 ,och*
369 663 33 20 till
418 663 78 24 ,,eller"
513 663 66 21 sakna
594 663 75 26 grund,
686 665 50 18 enär
751 663 38 21 här
804 663 47 21 icke
861 669 37 15 var

76 691 59 26 fråga
157 697 34 15 om
213 691 145 22 kombination
381 691 23 21 af
422 691 106 21 identiska
543 691 101 27 begrepp,
660 691 38 21 och
714 692 48 21 ville
777 691 121 27 professorn

76 720 55 27 förty
146 720 107 21 bibehålla
268 721 36 20 det
318 720 150 27 ursprungliga
483 720 108 27 uttrycket
602 720 6 21 i
619 720 108 27 förslaget.
757 721 141 20 Anmärknin-

76 755 40 20 gen
131 749 123 21 föranledde
268 749 47 21 icke
330 749 65 26 något
410 749 108 26 afseende;
535 749 98 20 hvarföre
649 749 10 26 $
673 749 41 20 394
725 751 74 24 antogs
810 749 21 20 af
841 749 55 21 stän-

77 778 35 20 det
127 778 48 21 med
191 777 108 22 obestridd
313 777 110 27 pluralitet
438 777 65 25 enligt
517 777 246 22 utskottsbetänkandet.

144 841 22 25 88
185 840 109 21 395—401
312 839 123 27 godkändes
451 839 108 28 enhälligt.

144 898 11 25 s
171 897 48 20 402.

143 953 90 22 Prosten
249 953 131 27 Grönberg
395 954 65 26 ansåg
475 953 47 22 häri
537 953 173 22 förekommande
726 954 64 21 orden
807 960 92 20 ,uppen-

75 982 48 21 bart
138 982 74 27 rykte"
229 989 50 14 vara
295 982 136 27 öfverflödiga
446 982 39 21 och
501 982 6 21 i
524 989 25 14 en
565 983 34 26 lag
615 983 86 20 alldeles
716 982 119 27 olämpliga,
849 984 50 19 enär

74 1011 120 21 ändamålet
216 1011 48 21 med
286 1011 91 21 nämnde
399 1011 92 26 uttryck,
507 1017 45 14 som
568 1013 71 24 syntes
655 1017 50 15 vara
720 1013 31 19 att
767 1011 131 21 förekomma

75 1039 128 21 misstankar
218 1045 33 15 om
267 1039 96 27 sqvaller,
381 1039 55 21 ändå
451 1039 18 26 ej
486 1039 121 27 derigenom
623 1046 80 15 vunnes
715 1041 55 19 samt
781 1039 117 26 domkapit-

75 1068 34 21 len
124 1067 61 22 äfven
201 1074 76 15 annars
293 1069 54 26 ägde
357 1069 89 25 utvägar
456 1069 32 20 att
499 1068 114 21 öfvervaka
623 1068 164 27 presterskapet.
809 1068 88 21 Prosten

74 1096 79 27 yrkade
170 1096 62 21 alltså
247 1098 32 20 att
295 1097 25 21 de
336 1097 120 26 åberopade
472 1097 66 21 orden
554 1097 66 20 måtte
636 1097 56 26 utgå.

143 1159 90 21 Prosten
256 1159 156 27 Rosengren
435 1159 97 21 biträdde
548 1159 65 27 sagde
629 1159 60 27 åsigt,
705 1159 147 26 medgifvande
866 1161 32 18 att

75 1187 84 27 uppsigt
182 1188 33 20 väl
238 1194 49 15 vore
310 1188 44 26 bra,
378 1188 67 21 ehuru
469 1188 25 21 de
516 1187 125 28 ifrågasatte
664 1188 65 21 orden
749 1187 102 22 innebure
866 1187 32 21 för

74 1216 89 27 mycket,
181 1217 26 20 då
222 1217 71 26 ryktet
308 1216 44 21 ofta
367 1217 70 20 kunde
453 1223 51 14 vara
519 1217 86 21 alldeles
622 1217 119 26 ogrundadt
755 1216 40 21 och
811 1216 87 21 sålunda

74 1245 65 20 verka
154 1245 57 20 ondt.

142 1307 83 22 Doktor
241 1308 103 21 Hellén
359 1308 72 21 inkom
454 1314 28 15 nu
497 1308 7 21 i
520 1308 91 26 ståndet,
628 1309 54 20 samt
698 1307 97 22 anmälde
809 1308 33 19 att
857 1306 41 21 han

74 1335 46 21 icke
134 1336 55 21 velat
206 1336 115 21 försumma
337 1337 78 26 dagens
430 1337 86 25 plenum
532 1337 67 20 ehuru
615 1337 52 20 hans
681 1336 60 21 helsa
756 1338 57 19 ännu
827 1335 19 26 ej
862 1341 37 15 var

74 1364 129 27 fullkomligt
217 1364 116 22 återställd.

141 1427 154 26 Kyrkoherden
319 1427 122 22 Castrén
464 1427 56 21 utlät
544 1427 40 26 sig:
609 1427 74 24 ,äfven
701 1427 37 26 jag
758 1426 33 21 för
806 1426 43 21 min
865 1426 33 21 del

73 1461 61 15 anser
150 1456 62 26 ingen
227 1457 59 25 prest
301 1456 52 21 böra
368 1456 73 21 ställas
457 1456 33 21 till
505 1462 60 15 svars
581 1456 6 21 i
603 1455 113 26 anledning
731 1455 22 21 af
761 1455 137 26 uppkommet

72 1484 68 27 rykte,
156 1491 48 14 men
219 1485 28 26 på
263 1485 35 20 det
313 1486 85 25 presten
413 1485 36 20 må
463 1484 137 22 säkerställas
616 1484 33 21 för
664 1484 79 21 sådana
758 1483 82 27 rykten,
854 1485 45 19 tror

70 1513 37 26 jag
130 1513 36 20 det
189 1513 63 21 lända
270 1513 32 20 till
317 1513 53 21 hans
386 1513 81 21 försvar
483 1519 33 15 om
533 1513 140 26 domkapitlet
688 1513 53 20 låter
756 1512 91 21 anställa
861 1518 37 14 un-

73 1541 128 27 dersökning
223 1542 7 20 i
253 1541 64 22 saken
341 1541 39 22 och
400 1542 72 27 sedan,
487 1542 49 21 med
551 1541 152 22 föranledande
719 1540 64 26 deraf,
800 1541 99 26 antingen
