1109 1795
232 127 41 20 640
429 129 166 18 Presteståndet.
620 131 55 17 1867.
701 131 23 16 12
737 130 62 21 April.

203 217 66 22 rande
285 217 59 27 fråga
359 217 33 21 stå
407 223 45 15 som
469 223 26 14 en
511 223 47 14 man
570 216 39 21 och
625 216 102 27 derjemte
743 215 88 27 inbjuda
846 215 136 22 medstånden
998 217 31 20 att

203 245 84 22 ansluta
303 246 30 26 sig
349 245 32 21 till
397 246 55 21 1863
468 246 35 20 års
518 245 111 26 principer.

272 303 107 26 Biskopen
402 302 146 22 Schauman
571 302 72 21 anhöll
665 304 32 19 att
720 301 31 22 till
774 301 38 22 sitt
833 308 48 21 nyss
897 301 77 27 afgifna
988 303 41 25 ytt-

203 331 66 22 rande
284 331 21 21 få
321 331 92 27 tillägga,
434 331 53 20 att
482 326 14 36 i
504 330 105 27 Tyskland
631 331 26 20 fri
680 330 187 27 lagstiftningsrätt
890 337 37 14 var
949 330 80 26 kyrkan

203 359 122 26 tillerkänd,
341 365 47 15 men
404 361 31 20 att
450 359 103 26 biskopen
569 359 55 21 dock
639 359 114 27 ingalunda
768 359 49 21 ville
839 358 106 27 uppställa
966 358 63 21 bevil-

200 388 76 26 jandet
291 387 23 22 af
327 388 110 21 enahanda
451 387 82 22 förmån
549 387 33 21 för
597 387 68 22 finska
680 387 81 27 kyrkan
777 388 70 20 såsom
863 390 31 18 ett
909 387 68 21 vilkor
997 387 32 20 för

204 416 228 28 kyrkolagsförslagets
449 417 124 26 antagande.

273 473 153 28 Kyrkoherden
442 473 72 21 Roos
532 473 49 21 ville
596 473 32 21 för
643 474 31 21 sin
691 473 34 22 del
740 473 46 22 icke
802 473 110 28 äfventyra
928 476 100 24 antagan-

204 502 36 21 det
256 501 21 22 af
292 502 40 21 den
347 502 76 26 nådiga
437 502 164 26 propositionen,
617 504 55 19 samt
687 502 86 21 röstade
792 502 79 26 jemväl
893 502 33 21 för
948 502 81 26 inbjud-

204 531 51 26 ning
270 530 32 21 till
318 530 136 21 medstånden
471 532 32 19 att
517 530 73 21 förena
605 531 30 26 sig
651 537 34 14 om
701 531 26 20 de
743 530 22 21 af
786 530 102 27 biskopen
912 531 116 20 Schauman

204 559 31 20 uti
252 559 55 21 1863
323 560 34 19 års
372 558 77 27 förslag
464 565 48 20 pag.
528 560 27 19 72
570 561 108 24 upptagna
694 559 95 21 motiver.
821 559 153 26 Kyrkoherden
992 565 36 14 an-

205 588 37 25 såg
259 588 68 20 denna
342 589 64 25 utväg
421 593 50 15 vara
487 587 40 21 den
542 587 85 21 formelt
643 587 84 27 riktiga,
741 588 66 25 jemte
823 588 37 21 det
882 587 146 27 kyrkoherden

205 616 6 20 i
227 616 63 27 öfrigt
306 622 37 15 var
357 622 50 15 ense
422 615 48 21 med
485 616 133 26 vicepastorn
633 616 114 21 Johnsson.

273 673 95 20 Emedan
384 672 73 27 frågan
473 673 75 26 ansågs
564 679 49 14 vara
625 673 123 26 tillräckligt
758 673 130 26 diskuterad,
900 673 128 21 framställde

204 701 49 21 herr
269 701 134 21 talemannen
418 701 92 26 följande
525 701 308 27 omröstningspropositioner:

273 760 20 23 a)
329 758 42 21 Vill
387 758 34 20 det
436 758 132 27 högvördiga
584 759 85 20 ståndet
685 759 70 20 såsom
769 758 213 27 kontraproposition
994 759 34 20 till

204 786 113 21 utskottets
328 787 90 27 förslag
434 790 81 23 antaga
530 787 15 27 $
560 789 13 18 6
589 787 8 20 i
611 788 29 20 25
657 787 50 26 kap.
724 787 29 26 af
765 788 58 19 1863
844 787 37 20 års
904 787 124 27 kyrkolags-

202 815 88 28 förslag
307 815 140 27 oförändrad
462 816 51 19 eller
527 815 128 27 godkänner
670 815 91 25 ståndet,
777 816 72 19 såsom
872 815 156 27 kontrapropo-

203 845 67 20 sition
286 851 83 14 samma
383 844 115 27 paragraf
509 845 48 19 med
574 844 140 27 förändring
737 844 31 27 af
787 844 61 20 ordet
872 847 98 24 ,regent*
994 845 34 19 till

205 875 86 25 regent
307 873 38 20 och
360 873 118 20 ständer?"
509 873 41 24 De,
572 873 74 20 hvilka
665 873 44 26 för
731 873 98 20 nämnda
852 873 104 20 ändamål
976 873 53 26 god-

204 901 74 20 känna
294 900 173 29 ifrågavarande
479 901 118 28 paragraf
608 904 53 17 utan
677 901 103 27 ändring,
797 908 64 13 svara
872 901 38 26 ja;
934 901 26 20 de
976 902 50 25 åter,

204 936 44 14 som
265 930 88 20 biträda
368 930 40 20 den
419 929 131 28 föreslagna
565 930 182 27 modifikationen,
761 937 65 13 svara
842 930 42 27 nej.

274 986 129 21 Besvarades
418 986 47 21 med
483 987 25 20 12
520 987 28 26 ja
563 986 40 21 och
619 988 24 19 11
661 987 42 26 nej.

274 1043 22 27 b)
325 1044 97 27 Antager
437 1043 34 21 det
487 1043 131 28 högvördiga
634 1043 86 21 ståndet
735 1042 104 29 antingen
855 1044 34 20 det
907 1044 29 25 af
947 1043 81 21 utskot-

203 1075 29 17 tet
247 1072 120 27 tillstyrkta
382 1073 50 20 eller
448 1071 38 22 ock
501 1073 58 20 1863
575 1073 37 20 års
631 1073 90 26 förslag
745 1073 34 20 till
797 1073 150 26 formulering
971 1073 31 26 af
1013 1073 15 26 $

203 1102 50 25 457,
278 1101 7 19 i
308 1101 33 20 det
363 1108 29 13 nu
409 1100 148 27 förevarande
579 1101 244 27 kyrkolagsförslaget?
853 1101 39 26 De,
908 1108 45 13 som
974 1101 54 27 god-

203 1129 75 20 känna
294 1129 240 25 utskottsbetänkandet,
550 1136 65 13 svara
628 1130 110 26 jakande;
754 1130 25 20 de
790 1130 52 25 åter,
854 1129 73 21 hvilka
941 1129 86 21 biträda

204 1159 59 19 1863
277 1159 37 19 års
325 1157 95 28 förslag,
435 1165 65 13 svara
515 1158 105 21 nekande.

273 1215 128 20 Besvarades
417 1215 46 20 med
479 1215 108 21 obestridd
603 1215 108 27 pluralitet
730 1215 108 26 nekande;
860 1215 7 21 i
882 1215 51 27 följd
955 1215 74 21 hvaraf

204 1243 11 26 8
231 1243 41 22 457
288 1243 67 21 skulle
371 1243 158 22 omformuleras
545 1243 65 27 enligt
627 1245 54 20 1863
697 1245 34 20 års
747 1244 83 27 förslag.

272 1301 64 20 Emot
351 1300 91 21 beslutet
457 1301 136 21 reserverade
608 1301 31 27 sig
655 1303 87 24 prosten
757 1301 123 27 Rosengren
896 1301 39 21 och
951 1301 75 26 kyrko-

203 1328 79 22 herden
298 1329 97 21 Juselius.

274 1385 43 22 Och
333 1385 67 22 skulle
415 1386 11 27 $
443 1386 33 25 14,
491 1392 46 15 som
553 1386 72 21 härtill
640 1386 41 21 fått
696 1386 57 25 bero,
773 1393 28 14 nu
817 1386 60 22 äfven
894 1386 134 22 omformule-

203 1420 34 15 ras
260 1414 7 21 i
289 1414 91 27 enlighet
396 1414 46 21 med
457 1414 134 21 förestående
606 1415 75 27 beslut,
703 1415 84 26 jemlikt
802 1416 10 25 $
829 1416 13 21 8
858 1416 47 26 kap.
922 1416 12 20 3
949 1415 7 20 i
974 1415 53 21 1863

203 1443 34 20 års
253 1442 118 27 lagförslag.

272 1499 102 22 Häremot
390 1500 98 21 nedlades
509 1500 129 21 reservation
655 1500 20 21 af
690 1500 77 21 doktor
783 1500 77 26 Bergh,
876 1506 44 15 som
936 1500 91 26 yttrade,

202 1530 32 19 att
249 1529 91 26 ståndet,
356 1529 27 27 på
398 1531 43 19 sätt
456 1529 81 21 talaren
552 1529 65 21 redan
634 1531 115 24 omnämnt,
765 1529 78 21 uttalat
857 1529 32 26 sig
904 1528 6 21 i
922 1528 44 26 allt,
982 1534 45 15 som
