<?xml version="1.0" encoding="UTF-8"?>
<alto xmlns="http://www.loc.gov/standards/alto/ns-v3#" xmlns:xlink="http://www.w3.org/1999/xlink" xmlns:xsi="http://www.w3.org/2001/XMLSchema-instance" xsi:schemaLocation="http://www.loc.gov/standards/alto/ns-v3# http://www.loc.gov/alto/v3/alto-3-0.xsd">
	<Description>
		<MeasurementUnit>pixel</MeasurementUnit>
		<sourceImageInformation>
			<fileName>/tmp/tess_49mu6oz3_input.PNG</fileName>
		</sourceImageInformation>
		<OCRProcessing ID="OCR_0">
			<ocrProcessingStep>
				<processingSoftware>
					<softwareName>tesseract 5.3.4</softwareName>
				</processingSoftware>
			</ocrProcessingStep>
		</OCRProcessing>
	</Description>
	<Layout>
		<Page WIDTH="1109" HEIGHT="1795" PHYSICAL_IMG_NR="0" ID="page_0">
			<PrintSpace HPOS="0" VPOS="0" WIDTH="1109" HEIGHT="1795">
				<ComposedBlock ID="cblock_0" HPOS="295" VPOS="115" WIDTH="574" HEIGHT="26">
					<TextBlock ID="block_0" HPOS="295" VPOS="115" WIDTH="574" HEIGHT="26">
						<TextLine ID="line_0" HPOS="295" VPOS="115" WIDTH="574" HEIGHT="26">
							<String ID="string_0" HPOS="295" VPOS="119" WIDTH="165" HEIGHT="18" WC="0.91" CONTENT="Presteständet."/><SP WIDTH="24" VPOS="119" HPOS="460"/>
							<String ID="string_1" HPOS="484" VPOS="120" WIDTH="56" HEIGHT="17" WC="0.95" CONTENT="1867."/><SP WIDTH="25" VPOS="120" HPOS="540"/>
							<String ID="string_2" HPOS="565" VPOS="121" WIDTH="20" HEIGHT="16" WC="0.96" CONTENT="11"/><SP WIDTH="12" VPOS="121" HPOS="585"/>
							<String ID="string_3" HPOS="597" VPOS="120" WIDTH="63" HEIGHT="21" WC="0.89" CONTENT="April."/><SP WIDTH="168" VPOS="120" HPOS="660"/>
							<String ID="string_4" HPOS="828" VPOS="115" WIDTH="41" HEIGHT="21" WC="0.95" CONTENT="613"/>
						</TextLine>
					</TextBlock>
				</ComposedBlock>
				<GraphicalElement ID="cblock_1" HPOS="72" VPOS="158" WIDTH="826" HEIGHT="8"></GraphicalElement >
				<ComposedBlock ID="cblock_2" HPOS="72" VPOS="204" WIDTH="824" HEIGHT="56">
					<TextBlock ID="block_1" HPOS="72" VPOS="204" WIDTH="824" HEIGHT="56">
						<TextLine ID="line_1" HPOS="141" VPOS="204" WIDTH="755" HEIGHT="29">
							<String ID="string_5" HPOS="141" VPOS="205" WIDTH="31" HEIGHT="20" WC="0.96" CONTENT="På"/><SP WIDTH="22" VPOS="205" HPOS="172"/>
							<String ID="string_6" HPOS="194" VPOS="204" WIDTH="119" HEIGHT="21" WC="0.96" CONTENT="framställd"/><SP WIDTH="22" VPOS="204" HPOS="313"/>
							<String ID="string_7" HPOS="335" VPOS="205" WIDTH="133" HEIGHT="27" WC="0.96" CONTENT="proposition"/><SP WIDTH="22" VPOS="205" HPOS="468"/>
							<String ID="string_8" HPOS="490" VPOS="205" WIDTH="45" HEIGHT="22" WC="0.90" CONTENT="blef"/><SP WIDTH="21" VPOS="205" HPOS="535"/>
							<String ID="string_9" HPOS="556" VPOS="205" WIDTH="11" HEIGHT="28" WC="0.90" CONTENT="$"/><SP WIDTH="24" VPOS="205" HPOS="567"/>
							<String ID="string_10" HPOS="591" VPOS="206" WIDTH="41" HEIGHT="21" WC="0.96" CONTENT="325"/><SP WIDTH="19" VPOS="206" HPOS="632"/>
							<String ID="string_11" HPOS="651" VPOS="206" WIDTH="49" HEIGHT="21" WC="0.93" CONTENT="med"/><SP WIDTH="17" VPOS="206" HPOS="700"/>
							<String ID="string_12" HPOS="717" VPOS="206" WIDTH="110" HEIGHT="21" WC="0.92" CONTENT="obestridd"/><SP WIDTH="15" VPOS="206" HPOS="827"/>
							<String ID="string_13" HPOS="842" VPOS="208" WIDTH="54" HEIGHT="19" WC="0.93" CONTENT="röst-"/>
						</TextLine>
						<TextLine ID="line_2" HPOS="72" VPOS="233" WIDTH="232" HEIGHT="27">
							<String ID="string_14" HPOS="72" VPOS="233" WIDTH="111" HEIGHT="26" WC="0.92" CONTENT="pluralitet"/><SP WIDTH="15" VPOS="233" HPOS="183"/>
							<String ID="string_15" HPOS="198" VPOS="233" WIDTH="106" HEIGHT="27" WC="0.96" CONTENT="godkänd."/>
						</TextLine>
					</TextBlock>
				</ComposedBlock>
				<ComposedBlock ID="cblock_3" HPOS="141" VPOS="290" WIDTH="418" HEIGHT="27">
					<TextBlock ID="block_2" HPOS="141" VPOS="290" WIDTH="418" HEIGHT="27">
						<TextLine ID="line_3" HPOS="141" VPOS="290" WIDTH="418" HEIGHT="27">
							<String ID="string_16" HPOS="141" VPOS="290" WIDTH="27" HEIGHT="26" WC="0.80" CONTENT="88"/><SP WIDTH="16" VPOS="290" HPOS="168"/>
							<String ID="string_17" HPOS="184" VPOS="290" WIDTH="112" HEIGHT="21" WC="0.92" CONTENT="326—323"/><SP WIDTH="15" VPOS="290" HPOS="296"/>
							<String ID="string_18" HPOS="311" VPOS="290" WIDTH="123" HEIGHT="27" WC="0.95" CONTENT="godkändes"/><SP WIDTH="17" VPOS="290" HPOS="434"/>
							<String ID="string_19" HPOS="451" VPOS="290" WIDTH="108" HEIGHT="27" WC="0.82" CONTENT="enhälligt."/>
						</TextLine>
					</TextBlock>
				</ComposedBlock>
				<ComposedBlock ID="cblock_4" HPOS="72" VPOS="346" WIDTH="825" HEIGHT="55">
					<TextBlock ID="block_3" HPOS="72" VPOS="346" WIDTH="825" HEIGHT="55">
						<TextLine ID="line_4" HPOS="141" VPOS="346" WIDTH="756" HEIGHT="28">
							<String ID="string_20" HPOS="141" VPOS="347" WIDTH="11" HEIGHT="26" WC="0.89" CONTENT="$"/><SP WIDTH="17" VPOS="347" HPOS="152"/>
							<String ID="string_21" HPOS="169" VPOS="347" WIDTH="40" HEIGHT="20" WC="0.96" CONTENT="329"/><SP WIDTH="16" VPOS="347" HPOS="209"/>
							<String ID="string_22" HPOS="225" VPOS="346" WIDTH="121" HEIGHT="27" WC="0.96" CONTENT="godkändes"/><SP WIDTH="15" VPOS="346" HPOS="346"/>
							<String ID="string_23" HPOS="361" VPOS="347" WIDTH="104" HEIGHT="26" WC="0.96" CONTENT="enhälligt"/><SP WIDTH="14" VPOS="347" HPOS="465"/>
							<String ID="string_24" HPOS="479" VPOS="347" WIDTH="7" HEIGHT="20" WC="0.96" CONTENT="i"/><SP WIDTH="15" VPOS="347" HPOS="486"/>
							<String ID="string_25" HPOS="501" VPOS="347" WIDTH="94" HEIGHT="27" WC="0.96" CONTENT="enlighet"/><SP WIDTH="18" VPOS="347" HPOS="595"/>
							<String ID="string_26" HPOS="613" VPOS="347" WIDTH="49" HEIGHT="21" WC="0.93" CONTENT="med"/><SP WIDTH="23" VPOS="347" HPOS="662"/>
							<String ID="string_27" HPOS="685" VPOS="347" WIDTH="212" HEIGHT="22" WC="0.91" CONTENT="utskottsbetänkan-"/>
						</TextLine>
						<TextLine ID="line_5" HPOS="72" VPOS="375" WIDTH="404" HEIGHT="26">
							<String ID="string_28" HPOS="72" VPOS="375" WIDTH="46" HEIGHT="21" WC="0.96" CONTENT="dets"/><SP WIDTH="15" VPOS="375" HPOS="118"/>
							<String ID="string_29" HPOS="133" VPOS="375" WIDTH="58" HEIGHT="21" WC="0.96" CONTENT="förra"/><SP WIDTH="15" VPOS="375" HPOS="191"/>
							<String ID="string_30" HPOS="206" VPOS="375" WIDTH="119" HEIGHT="26" WC="0.96" CONTENT="alternativ,"/><SP WIDTH="16" VPOS="375" HPOS="325"/>
							<String ID="string_31" HPOS="341" VPOS="375" WIDTH="135" HEIGHT="22" WC="0.95" CONTENT="oförändrad."/>
						</TextLine>
					</TextBlock>
				</ComposedBlock>
				<ComposedBlock ID="cblock_5" HPOS="140" VPOS="432" WIDTH="415" HEIGHT="27">
					<TextBlock ID="block_4" HPOS="140" VPOS="432" WIDTH="415" HEIGHT="27">
						<TextLine ID="line_6" HPOS="140" VPOS="432" WIDTH="415" HEIGHT="27">
							<String ID="string_32" HPOS="140" VPOS="433" WIDTH="25" HEIGHT="26" WC="0.67" CONTENT="8S"/><SP WIDTH="16" VPOS="433" HPOS="165"/>
							<String ID="string_33" HPOS="181" VPOS="432" WIDTH="110" HEIGHT="21" WC="0.89" CONTENT="330—331"/><SP WIDTH="16" VPOS="432" HPOS="291"/>
							<String ID="string_34" HPOS="307" VPOS="433" WIDTH="124" HEIGHT="26" WC="0.96" CONTENT="godkändes"/><SP WIDTH="15" VPOS="433" HPOS="431"/>
							<String ID="string_35" HPOS="446" VPOS="432" WIDTH="109" HEIGHT="27" WC="0.95" CONTENT="enhälligt."/>
						</TextLine>
					</TextBlock>
				</ComposedBlock>
				<ComposedBlock ID="cblock_6" HPOS="139" VPOS="517" WIDTH="480" HEIGHT="142">
					<TextBlock ID="block_5" HPOS="139" VPOS="517" WIDTH="480" HEIGHT="142">
						<TextLine ID="line_7" HPOS="348" VPOS="517" WIDTH="271" HEIGHT="29">
							<String ID="string_36" HPOS="348" VPOS="517" WIDTH="35" HEIGHT="24" WC="0.96" CONTENT="XIX"/><SP WIDTH="16" VPOS="517" HPOS="383"/>
							<String ID="string_37" HPOS="399" VPOS="517" WIDTH="42" HEIGHT="29" WC="0.94" CONTENT="kap."/><SP WIDTH="31" VPOS="517" HPOS="441"/>
							<String ID="string_38" HPOS="472" VPOS="518" WIDTH="30" HEIGHT="23" WC="0.95" CONTENT="Om"/><SP WIDTH="17" VPOS="518" HPOS="502"/>
							<String ID="string_39" HPOS="519" VPOS="517" WIDTH="100" HEIGHT="29" WC="0.95" CONTENT="kyrkoråd."/>
						</TextLine>
						<TextLine ID="line_8" HPOS="140" VPOS="575" WIDTH="415" HEIGHT="27">
							<String ID="string_40" HPOS="140" VPOS="575" WIDTH="24" HEIGHT="27" WC="0.83" CONTENT="$$"/><SP WIDTH="15" VPOS="575" HPOS="164"/>
							<String ID="string_41" HPOS="179" VPOS="575" WIDTH="112" HEIGHT="21" WC="0.88" CONTENT="332—334"/><SP WIDTH="14" VPOS="575" HPOS="291"/>
							<String ID="string_42" HPOS="305" VPOS="575" WIDTH="124" HEIGHT="26" WC="0.95" CONTENT="godkändes"/><SP WIDTH="16" VPOS="575" HPOS="429"/>
							<String ID="string_43" HPOS="445" VPOS="575" WIDTH="110" HEIGHT="26" WC="0.96" CONTENT="enhälligt."/>
						</TextLine>
						<TextLine ID="line_9" HPOS="139" VPOS="631" WIDTH="354" HEIGHT="28">
							<String ID="string_44" HPOS="139" VPOS="631" WIDTH="114" HEIGHT="27" WC="0.93" CONTENT="Angående"/><SP WIDTH="16" VPOS="631" HPOS="253"/>
							<String ID="string_45" HPOS="269" VPOS="631" WIDTH="11" HEIGHT="28" WC="0.92" CONTENT="$"/><SP WIDTH="15" VPOS="631" HPOS="280"/>
							<String ID="string_46" HPOS="295" VPOS="632" WIDTH="40" HEIGHT="21" WC="0.94" CONTENT="335"/><SP WIDTH="16" VPOS="632" HPOS="335"/>
							<String ID="string_47" HPOS="351" VPOS="632" WIDTH="86" HEIGHT="27" WC="0.95" CONTENT="yttrade"/><SP WIDTH="15" VPOS="632" HPOS="437"/>
							<String ID="string_48" HPOS="452" VPOS="633" WIDTH="41" HEIGHT="26" WC="0.96" CONTENT="sig:"/>
						</TextLine>
					</TextBlock>
				</ComposedBlock>
				<ComposedBlock ID="cblock_7" HPOS="70" VPOS="688" WIDTH="825" HEIGHT="113">
					<TextBlock ID="block_6" HPOS="70" VPOS="688" WIDTH="825" HEIGHT="113">
						<TextLine ID="line_10" HPOS="139" VPOS="688" WIDTH="756" HEIGHT="27">
							<String ID="string_49" HPOS="139" VPOS="688" WIDTH="89" HEIGHT="21" WC="0.96" CONTENT="Prosten"/><SP WIDTH="23" VPOS="688" HPOS="228"/>
							<String ID="string_50" HPOS="251" VPOS="689" WIDTH="76" HEIGHT="21" WC="0.91" CONTENT="doktor"/><SP WIDTH="22" VPOS="689" HPOS="327"/>
							<String ID="string_51" HPOS="349" VPOS="689" WIDTH="153" HEIGHT="26" WC="0.90" CONTENT="Alopaeus,"/><SP WIDTH="24" VPOS="689" HPOS="502"/>
							<String ID="string_52" HPOS="526" VPOS="695" WIDTH="46" HEIGHT="15" WC="0.96" CONTENT="som"/><SP WIDTH="21" VPOS="695" HPOS="572"/>
							<String ID="string_53" HPOS="593" VPOS="689" WIDTH="114" HEIGHT="21" WC="0.96" CONTENT="förordade"/><SP WIDTH="20" VPOS="689" HPOS="707"/>
							<String ID="string_54" HPOS="727" VPOS="690" WIDTH="129" HEIGHT="25" WC="0.96" CONTENT="antagandet"/><SP WIDTH="16" VPOS="690" HPOS="856"/>
							<String ID="string_55" HPOS="872" VPOS="690" WIDTH="23" HEIGHT="21" WC="0.95" CONTENT="af"/>
						</TextLine>
						<TextLine ID="line_11" HPOS="70" VPOS="717" WIDTH="824" HEIGHT="27">
							<String ID="string_56" HPOS="70" VPOS="717" WIDTH="162" HEIGHT="26" WC="0.95" CONTENT="ifrågavarande"/><SP WIDTH="15" VPOS="717" HPOS="232"/>
							<String ID="string_57" HPOS="247" VPOS="717" WIDTH="14" HEIGHT="27" WC="0.31" CONTENT="S"/><SP WIDTH="15" VPOS="717" HPOS="261"/>
							<String ID="string_58" HPOS="276" VPOS="717" WIDTH="66" HEIGHT="27" WC="0.96" CONTENT="enligt"/><SP WIDTH="15" VPOS="717" HPOS="342"/>
							<String ID="string_59" HPOS="357" VPOS="718" WIDTH="40" HEIGHT="21" WC="0.96" CONTENT="den"/><SP WIDTH="15" VPOS="718" HPOS="397"/>
							<String ID="string_60" HPOS="412" VPOS="717" WIDTH="114" HEIGHT="27" WC="0.96" CONTENT="kejserliga"/><SP WIDTH="22" VPOS="717" HPOS="526"/>
							<String ID="string_61" HPOS="548" VPOS="718" WIDTH="159" HEIGHT="26" WC="0.96" CONTENT="propositionen"/><SP WIDTH="20" VPOS="718" HPOS="707"/>
							<String ID="string_62" HPOS="727" VPOS="718" WIDTH="22" HEIGHT="21" WC="0.96" CONTENT="af"/><SP WIDTH="22" VPOS="718" HPOS="749"/>
							<String ID="string_63" HPOS="771" VPOS="719" WIDTH="46" HEIGHT="20" WC="0.96" CONTENT="skäl"/><SP WIDTH="23" VPOS="719" HPOS="817"/>
							<String ID="string_64" HPOS="840" VPOS="721" WIDTH="32" HEIGHT="18" WC="0.94" CONTENT="att"/><SP WIDTH="16" VPOS="721" HPOS="872"/>
							<String ID="string_65" HPOS="888" VPOS="719" WIDTH="6" HEIGHT="20" WC="0.94" CONTENT="i"/>
						</TextLine>
						<TextLine ID="line_12" HPOS="70" VPOS="745" WIDTH="824" HEIGHT="28">
							<String ID="string_66" HPOS="70" VPOS="746" WIDTH="82" HEIGHT="21" WC="0.96" CONTENT="mindre"/><SP WIDTH="15" VPOS="746" HPOS="152"/>
							<String ID="string_67" HPOS="167" VPOS="745" WIDTH="148" HEIGHT="27" WC="0.96" CONTENT="församlingar"/><SP WIDTH="15" VPOS="745" HPOS="315"/>
							<String ID="string_68" HPOS="330" VPOS="746" WIDTH="45" HEIGHT="21" WC="0.95" CONTENT="ofta"/><SP WIDTH="14" VPOS="746" HPOS="375"/>
							<String ID="string_69" HPOS="389" VPOS="746" WIDTH="108" HEIGHT="26" WC="0.96" CONTENT="svårighet"/><SP WIDTH="15" VPOS="746" HPOS="497"/>
							<String ID="string_70" HPOS="512" VPOS="746" WIDTH="71" HEIGHT="21" WC="0.97" CONTENT="kunde"/><SP WIDTH="16" VPOS="746" HPOS="583"/>
							<String ID="string_71" HPOS="599" VPOS="748" WIDTH="58" HEIGHT="19" WC="0.93" CONTENT="möta"/><SP WIDTH="15" VPOS="748" HPOS="657"/>
							<String ID="string_72" HPOS="672" VPOS="747" WIDTH="129" HEIGHT="26" WC="0.92" CONTENT="inväljandet"/><SP WIDTH="11" VPOS="747" HPOS="801"/>
							<String ID="string_73" HPOS="812" VPOS="747" WIDTH="24" HEIGHT="21" WC="0.96" CONTENT="af"/><SP WIDTH="8" VPOS="747" HPOS="836"/>
							<String ID="string_74" HPOS="844" VPOS="747" WIDTH="50" HEIGHT="20" WC="0.95" CONTENT="flere"/>
						</TextLine>
						<TextLine ID="line_13" HPOS="70" VPOS="774" WIDTH="415" HEIGHT="27">
							<String ID="string_75" HPOS="70" VPOS="776" WIDTH="27" HEIGHT="19" WC="0.96" CONTENT="än"/><SP WIDTH="15" VPOS="776" HPOS="97"/>
							<String ID="string_76" HPOS="112" VPOS="774" WIDTH="48" HEIGHT="27" WC="0.96" CONTENT="fyra"/><SP WIDTH="14" VPOS="774" HPOS="160"/>
							<String ID="string_77" HPOS="174" VPOS="775" WIDTH="137" HEIGHT="21" WC="0.95" CONTENT="medlemmar"/><SP WIDTH="14" VPOS="775" HPOS="311"/>
							<String ID="string_78" HPOS="325" VPOS="775" WIDTH="7" HEIGHT="20" WC="0.95" CONTENT="i"/><SP WIDTH="15" VPOS="775" HPOS="332"/>
							<String ID="string_79" HPOS="347" VPOS="775" WIDTH="138" HEIGHT="26" WC="0.96" CONTENT="kyrkorådet."/>
						</TextLine>
					</TextBlock>
				</ComposedBlock>
				<ComposedBlock ID="cblock_8" HPOS="70" VPOS="831" WIDTH="824" HEIGHT="79">
					<TextBlock ID="block_7" HPOS="70" VPOS="831" WIDTH="824" HEIGHT="79">
						<TextLine ID="line_14" HPOS="138" VPOS="831" WIDTH="756" HEIGHT="22">
							<String ID="string_80" HPOS="138" VPOS="831" WIDTH="124" HEIGHT="22" WC="0.95" CONTENT="Professorn"/><SP WIDTH="16" VPOS="831" HPOS="262"/>
							<String ID="string_81" HPOS="278" VPOS="831" WIDTH="77" HEIGHT="22" WC="0.93" CONTENT="doktor"/><SP WIDTH="18" VPOS="831" HPOS="355"/>
							<String ID="string_82" HPOS="373" VPOS="831" WIDTH="104" HEIGHT="22" WC="0.91" CONTENT="Geitlin"/><SP WIDTH="23" VPOS="831" HPOS="477"/>
							<String ID="string_83" HPOS="500" VPOS="832" WIDTH="94" HEIGHT="21" WC="0.96" CONTENT="önskade"/><SP WIDTH="16" VPOS="832" HPOS="594"/>
							<String ID="string_84" HPOS="610" VPOS="833" WIDTH="33" HEIGHT="20" WC="0.93" CONTENT="att"/><SP WIDTH="14" VPOS="833" HPOS="643"/>
							<String ID="string_85" HPOS="657" VPOS="832" WIDTH="165" HEIGHT="21" WC="0.91" CONTENT="medlemmarne"/><SP WIDTH="15" VPOS="832" HPOS="822"/>
							<String ID="string_86" HPOS="837" VPOS="833" WIDTH="7" HEIGHT="20" WC="0.92" CONTENT="i"/><SP WIDTH="16" VPOS="833" HPOS="844"/>
							<String ID="string_87" HPOS="860" VPOS="832" WIDTH="34" HEIGHT="21" WC="0.92" CONTENT="rå-"/>
						</TextLine>
						<TextLine ID="line_15" HPOS="70" VPOS="860" WIDTH="824" HEIGHT="28">
							<String ID="string_88" HPOS="70" VPOS="860" WIDTH="35" HEIGHT="21" WC="0.96" CONTENT="det"/><SP WIDTH="22" VPOS="860" HPOS="105"/>
							<String ID="string_89" HPOS="127" VPOS="860" WIDTH="121" HEIGHT="21" WC="0.94" CONTENT="bestämdes"/><SP WIDTH="23" VPOS="860" HPOS="248"/>
							<String ID="string_90" HPOS="271" VPOS="860" WIDTH="31" HEIGHT="21" WC="0.94" CONTENT="till"/><SP WIDTH="23" VPOS="860" HPOS="302"/>
							<String ID="string_91" HPOS="325" VPOS="861" WIDTH="64" HEIGHT="20" WC="0.96" CONTENT="minst"/><SP WIDTH="22" VPOS="861" HPOS="389"/>
							<String ID="string_92" HPOS="411" VPOS="860" WIDTH="52" HEIGHT="27" WC="0.96" CONTENT="fyra,"/><SP WIDTH="24" VPOS="860" HPOS="463"/>
							<String ID="string_93" HPOS="487" VPOS="867" WIDTH="49" HEIGHT="14" WC="0.96" CONTENT="men"/><SP WIDTH="22" VPOS="867" HPOS="536"/>
							<String ID="string_94" HPOS="558" VPOS="862" WIDTH="53" HEIGHT="19" WC="0.93" CONTENT="utan"/><SP WIDTH="23" VPOS="862" HPOS="611"/>
							<String ID="string_95" HPOS="634" VPOS="861" WIDTH="125" HEIGHT="26" WC="0.90" CONTENT="angifvande"/><SP WIDTH="20" VPOS="861" HPOS="759"/>
							<String ID="string_96" HPOS="779" VPOS="861" WIDTH="22" HEIGHT="21" WC="0.96" CONTENT="af"/><SP WIDTH="16" VPOS="861" HPOS="801"/>
							<String ID="string_97" HPOS="817" VPOS="861" WIDTH="77" HEIGHT="27" WC="0.96" CONTENT="högsta"/>
						</TextLine>
						<TextLine ID="line_16" HPOS="70" VPOS="889" WIDTH="88" HEIGHT="21">
							<String ID="string_98" HPOS="70" VPOS="889" WIDTH="88" HEIGHT="21" WC="0.96" CONTENT="antalet."/>
						</TextLine>
					</TextBlock>
				</ComposedBlock>
				<ComposedBlock ID="cblock_9" HPOS="68" VPOS="945" WIDTH="826" HEIGHT="136">
					<TextBlock ID="block_8" HPOS="68" VPOS="945" WIDTH="826" HEIGHT="136">
						<TextLine ID="line_17" HPOS="137" VPOS="945" WIDTH="756" HEIGHT="28">
							<String ID="string_99" HPOS="137" VPOS="946" WIDTH="143" HEIGHT="26" WC="0.92" CONTENT="Domprosten"/><SP WIDTH="23" VPOS="946" HPOS="280"/>
							<String ID="string_100" HPOS="303" VPOS="946" WIDTH="76" HEIGHT="21" WC="0.96" CONTENT="doktor"/><SP WIDTH="23" VPOS="946" HPOS="379"/>
							<String ID="string_101" HPOS="402" VPOS="946" WIDTH="69" HEIGHT="26" WC="0.96" CONTENT="Borg"/><SP WIDTH="24" VPOS="946" HPOS="471"/>
							<String ID="string_102" HPOS="495" VPOS="945" WIDTH="66" HEIGHT="28" WC="0.96" CONTENT="ansåg"/><SP WIDTH="22" VPOS="945" HPOS="561"/>
							<String ID="string_103" HPOS="583" VPOS="946" WIDTH="26" HEIGHT="21" WC="0.96" CONTENT="de"/><SP WIDTH="20" VPOS="946" HPOS="609"/>
							<String ID="string_104" HPOS="629" VPOS="946" WIDTH="7" HEIGHT="21" WC="0.96" CONTENT="i"/><SP WIDTH="19" VPOS="946" HPOS="636"/>
							<String ID="string_105" HPOS="655" VPOS="946" WIDTH="130" HEIGHT="27" WC="0.93" CONTENT="kyrkorådet"/><SP WIDTH="23" VPOS="946" HPOS="785"/>
							<String ID="string_106" HPOS="808" VPOS="947" WIDTH="85" HEIGHT="20" WC="0.91" CONTENT="invalde"/>
						</TextLine>
						<TextLine ID="line_18" HPOS="69" VPOS="974" WIDTH="825" HEIGHT="27">
							<String ID="string_107" HPOS="69" VPOS="974" WIDTH="176" HEIGHT="21" WC="0.91" CONTENT="medlemmarnes"/><SP WIDTH="15" VPOS="974" HPOS="245"/>
							<String ID="string_108" HPOS="260" VPOS="975" WIDTH="59" HEIGHT="20" WC="0.96" CONTENT="antal"/><SP WIDTH="15" VPOS="975" HPOS="319"/>
							<String ID="string_109" HPOS="334" VPOS="975" WIDTH="52" HEIGHT="20" WC="0.96" CONTENT="böra"/><SP WIDTH="15" VPOS="975" HPOS="386"/>
							<String ID="string_110" HPOS="401" VPOS="975" WIDTH="130" HEIGHT="21" WC="0.93" CONTENT="bestämmas"/><SP WIDTH="18" VPOS="975" HPOS="531"/>
							<String ID="string_111" HPOS="549" VPOS="975" WIDTH="34" HEIGHT="21" WC="0.96" CONTENT="till"/><SP WIDTH="15" VPOS="975" HPOS="583"/>
							<String ID="string_112" HPOS="598" VPOS="975" WIDTH="64" HEIGHT="20" WC="0.96" CONTENT="minst"/><SP WIDTH="23" VPOS="975" HPOS="662"/>
							<String ID="string_113" HPOS="685" VPOS="981" WIDTH="42" HEIGHT="20" WC="0.96" CONTENT="sex,"/><SP WIDTH="24" VPOS="981" HPOS="727"/>
							<String ID="string_114" HPOS="751" VPOS="977" WIDTH="51" HEIGHT="19" WC="0.96" CONTENT="enär"/><SP WIDTH="23" VPOS="977" HPOS="802"/>
							<String ID="string_115" HPOS="825" VPOS="975" WIDTH="69" HEIGHT="21" WC="0.96" CONTENT="denna"/>
						</TextLine>
						<TextLine ID="line_19" HPOS="69" VPOS="1003" WIDTH="825" HEIGHT="26">
							<String ID="string_116" HPOS="69" VPOS="1003" WIDTH="122" HEIGHT="26" WC="0.96" CONTENT="myndighet"/><SP WIDTH="16" VPOS="1003" HPOS="191"/>
							<String ID="string_117" HPOS="207" VPOS="1009" WIDTH="77" HEIGHT="14" WC="0.95" CONTENT="annars"/><SP WIDTH="14" VPOS="1009" HPOS="284"/>
							<String ID="string_118" HPOS="298" VPOS="1003" WIDTH="46" HEIGHT="21" WC="0.96" CONTENT="icke"/><SP WIDTH="23" VPOS="1003" HPOS="344"/>
							<String ID="string_119" HPOS="367" VPOS="1003" WIDTH="71" HEIGHT="21" WC="0.96" CONTENT="kunde"/><SP WIDTH="23" VPOS="1003" HPOS="438"/>
							<String ID="string_120" HPOS="461" VPOS="1009" WIDTH="62" HEIGHT="15" WC="0.96" CONTENT="anses"/><SP WIDTH="23" VPOS="1009" HPOS="523"/>
							<String ID="string_121" HPOS="546" VPOS="1005" WIDTH="108" HEIGHT="19" WC="0.96" CONTENT="motsvara"/><SP WIDTH="18" VPOS="1005" HPOS="654"/>
							<String ID="string_122" HPOS="672" VPOS="1003" WIDTH="38" HEIGHT="22" WC="0.96" CONTENT="sitt"/><SP WIDTH="23" VPOS="1003" HPOS="710"/>
							<String ID="string_123" HPOS="733" VPOS="1003" WIDTH="99" HEIGHT="21" WC="0.94" CONTENT="ändamål"/><SP WIDTH="23" VPOS="1003" HPOS="832"/>
							<String ID="string_124" HPOS="855" VPOS="1003" WIDTH="39" HEIGHT="21" WC="0.94" CONTENT="och"/>
						</TextLine>
						<TextLine ID="line_20" HPOS="68" VPOS="1031" WIDTH="826" HEIGHT="28">
							<String ID="string_125" HPOS="68" VPOS="1031" WIDTH="70" HEIGHT="26" WC="0.96" CONTENT="någon"/><SP WIDTH="16" VPOS="1031" HPOS="138"/>
							<String ID="string_126" HPOS="154" VPOS="1031" WIDTH="107" HEIGHT="26" WC="0.96" CONTENT="svårighet"/><SP WIDTH="14" VPOS="1031" HPOS="261"/>
							<String ID="string_127" HPOS="275" VPOS="1031" WIDTH="46" HEIGHT="22" WC="0.96" CONTENT="icke"/><SP WIDTH="15" VPOS="1031" HPOS="321"/>
							<String ID="string_128" HPOS="336" VPOS="1034" WIDTH="72" HEIGHT="24" WC="0.93" CONTENT="syntes"/><SP WIDTH="15" VPOS="1034" HPOS="408"/>
							<String ID="string_129" HPOS="423" VPOS="1031" WIDTH="113" HEIGHT="22" WC="0.92" CONTENT="förefinnas"/><SP WIDTH="16" VPOS="1031" HPOS="536"/>
							<String ID="string_130" HPOS="552" VPOS="1033" WIDTH="32" HEIGHT="20" WC="0.96" CONTENT="att"/><SP WIDTH="15" VPOS="1033" HPOS="584"/>
							<String ID="string_131" HPOS="599" VPOS="1032" WIDTH="7" HEIGHT="20" WC="0.96" CONTENT="i"/><SP WIDTH="16" VPOS="1032" HPOS="606"/>
							<String ID="string_132" HPOS="622" VPOS="1032" WIDTH="73" HEIGHT="26" WC="0.96" CONTENT="hvarje"/><SP WIDTH="10" VPOS="1032" HPOS="695"/>
							<String ID="string_133" HPOS="705" VPOS="1031" WIDTH="125" HEIGHT="28" WC="0.93" CONTENT="församling"/><SP WIDTH="11" VPOS="1031" HPOS="830"/>
							<String ID="string_134" HPOS="841" VPOS="1031" WIDTH="53" HEIGHT="22" WC="0.90" CONTENT="ernå"/>
						</TextLine>
						<TextLine ID="line_21" HPOS="69" VPOS="1059" WIDTH="423" HEIGHT="22">
							<String ID="string_135" HPOS="69" VPOS="1060" WIDTH="59" HEIGHT="21" WC="0.96" CONTENT="detta"/><SP WIDTH="15" VPOS="1060" HPOS="128"/>
							<String ID="string_136" HPOS="143" VPOS="1059" WIDTH="23" HEIGHT="22" WC="0.96" CONTENT="af"/><SP WIDTH="13" VPOS="1059" HPOS="166"/>
							<String ID="string_137" HPOS="179" VPOS="1059" WIDTH="106" HEIGHT="22" WC="0.96" CONTENT="utskottet"/><SP WIDTH="16" VPOS="1059" HPOS="285"/>
							<String ID="string_138" HPOS="301" VPOS="1060" WIDTH="110" HEIGHT="21" WC="0.96" CONTENT="bestämda"/><SP WIDTH="15" VPOS="1060" HPOS="411"/>
							<String ID="string_139" HPOS="426" VPOS="1060" WIDTH="66" HEIGHT="21" WC="0.95" CONTENT="antal."/>
						</TextLine>
					</TextBlock>
				</ComposedBlock>
				<ComposedBlock ID="cblock_10" HPOS="68" VPOS="1116" WIDTH="826" HEIGHT="79">
					<TextBlock ID="block_9" HPOS="68" VPOS="1116" WIDTH="826" HEIGHT="79">
						<TextLine ID="line_22" HPOS="136" VPOS="1116" WIDTH="758" HEIGHT="28">
							<String ID="string_140" HPOS="136" VPOS="1116" WIDTH="63" HEIGHT="27" WC="0.92" CONTENT="Uppä"/><SP WIDTH="15" VPOS="1116" HPOS="199"/>
							<String ID="string_141" HPOS="214" VPOS="1117" WIDTH="53" HEIGHT="21" WC="0.92" CONTENT="härå"/><SP WIDTH="14" VPOS="1117" HPOS="267"/>
							<String ID="string_142" HPOS="281" VPOS="1117" WIDTH="23" HEIGHT="21" WC="0.96" CONTENT="af"/><SP WIDTH="13" VPOS="1117" HPOS="304"/>
							<String ID="string_143" HPOS="317" VPOS="1117" WIDTH="50" HEIGHT="21" WC="0.93" CONTENT="herr"/><SP WIDTH="15" VPOS="1117" HPOS="367"/>
							<String ID="string_144" HPOS="382" VPOS="1117" WIDTH="135" HEIGHT="22" WC="0.92" CONTENT="talemannen"/><SP WIDTH="15" VPOS="1117" HPOS="517"/>
							<String ID="string_145" HPOS="532" VPOS="1117" WIDTH="121" HEIGHT="21" WC="0.95" CONTENT="framställd"/><SP WIDTH="15" VPOS="1117" HPOS="653"/>
							<String ID="string_146" HPOS="668" VPOS="1117" WIDTH="131" HEIGHT="27" WC="0.96" CONTENT="proposition"/><SP WIDTH="21" VPOS="1117" HPOS="799"/>
							<String ID="string_147" HPOS="820" VPOS="1117" WIDTH="45" HEIGHT="21" WC="0.93" CONTENT="blef"/><SP WIDTH="14" VPOS="1117" HPOS="865"/>
							<String ID="string_148" HPOS="879" VPOS="1117" WIDTH="15" HEIGHT="27" WC="0.91" CONTENT="&amp;"/>
						</TextLine>
						<TextLine ID="line_23" HPOS="68" VPOS="1145" WIDTH="825" HEIGHT="28">
							<String ID="string_149" HPOS="68" VPOS="1146" WIDTH="48" HEIGHT="21" WC="0.88" CONTENT="med"/><SP WIDTH="22" VPOS="1146" HPOS="116"/>
							<String ID="string_150" HPOS="138" VPOS="1145" WIDTH="109" HEIGHT="22" WC="0.88" CONTENT="obestridd"/><SP WIDTH="22" VPOS="1145" HPOS="247"/>
							<String ID="string_151" HPOS="269" VPOS="1145" WIDTH="156" HEIGHT="27" WC="0.88" CONTENT="röstpluralitet"/><SP WIDTH="22" VPOS="1145" HPOS="425"/>
							<String ID="string_152" HPOS="447" VPOS="1147" WIDTH="93" HEIGHT="26" WC="0.96" CONTENT="antagen"/><SP WIDTH="21" VPOS="1147" HPOS="540"/>
							<String ID="string_153" HPOS="561" VPOS="1146" WIDTH="7" HEIGHT="21" WC="0.96" CONTENT="i"/><SP WIDTH="20" VPOS="1146" HPOS="568"/>
							<String ID="string_154" HPOS="588" VPOS="1146" WIDTH="93" HEIGHT="26" WC="0.96" CONTENT="enlighet"/><SP WIDTH="22" VPOS="1146" HPOS="681"/>
							<String ID="string_155" HPOS="703" VPOS="1146" WIDTH="48" HEIGHT="21" WC="0.96" CONTENT="med"/><SP WIDTH="23" VPOS="1146" HPOS="751"/>
							<String ID="string_156" HPOS="774" VPOS="1146" WIDTH="119" HEIGHT="21" WC="0.94" CONTENT="utskottets"/>
						</TextLine>
						<TextLine ID="line_24" HPOS="68" VPOS="1173" WIDTH="141" HEIGHT="22">
							<String ID="string_157" HPOS="68" VPOS="1173" WIDTH="141" HEIGHT="22" WC="0.96" CONTENT="betänkande."/>
						</TextLine>
					</TextBlock>
				</ComposedBlock>
				<ComposedBlock ID="cblock_11" HPOS="67" VPOS="1231" WIDTH="825" HEIGHT="50">
					<TextBlock ID="block_10" HPOS="67" VPOS="1231" WIDTH="825" HEIGHT="50">
						<TextLine ID="line_25" HPOS="136" VPOS="1231" WIDTH="756" HEIGHT="27">
							<String ID="string_158" HPOS="136" VPOS="1231" WIDTH="11" HEIGHT="27" WC="0.88" CONTENT="$"/><SP WIDTH="24" VPOS="1231" HPOS="147"/>
							<String ID="string_159" HPOS="171" VPOS="1231" WIDTH="40" HEIGHT="21" WC="0.96" CONTENT="336"/><SP WIDTH="22" VPOS="1231" HPOS="211"/>
							<String ID="string_160" HPOS="233" VPOS="1231" WIDTH="123" HEIGHT="27" WC="0.96" CONTENT="godkändes"/><SP WIDTH="22" VPOS="1231" HPOS="356"/>
							<String ID="string_161" HPOS="378" VPOS="1231" WIDTH="103" HEIGHT="27" WC="0.96" CONTENT="enhälligt"/><SP WIDTH="21" VPOS="1231" HPOS="481"/>
							<String ID="string_162" HPOS="502" VPOS="1232" WIDTH="8" HEIGHT="20" WC="0.96" CONTENT="i"/><SP WIDTH="22" VPOS="1232" HPOS="510"/>
							<String ID="string_163" HPOS="532" VPOS="1231" WIDTH="94" HEIGHT="27" WC="0.96" CONTENT="enlighet"/><SP WIDTH="24" VPOS="1231" HPOS="626"/>
							<String ID="string_164" HPOS="650" VPOS="1232" WIDTH="48" HEIGHT="21" WC="0.96" CONTENT="med"/><SP WIDTH="23" VPOS="1232" HPOS="698"/>
							<String ID="string_165" HPOS="721" VPOS="1231" WIDTH="117" HEIGHT="22" WC="0.93" CONTENT="utskottets"/><SP WIDTH="19" VPOS="1231" HPOS="838"/>
							<String ID="string_166" HPOS="857" VPOS="1231" WIDTH="35" HEIGHT="21" WC="0.92" CONTENT="be-"/>
						</TextLine>
						<TextLine ID="line_26" HPOS="67" VPOS="1260" WIDTH="114" HEIGHT="21">
							<String ID="string_167" HPOS="67" VPOS="1260" WIDTH="114" HEIGHT="21" WC="0.96" CONTENT="tänkande."/>
						</TextLine>
					</TextBlock>
				</ComposedBlock>
				<ComposedBlock ID="cblock_12" HPOS="135" VPOS="1317" WIDTH="562" HEIGHT="140">
					<TextBlock ID="block_11" HPOS="135" VPOS="1317" WIDTH="562" HEIGHT="140">
						<TextLine ID="line_27" HPOS="135" VPOS="1317" WIDTH="456" HEIGHT="26">
							<String ID="string_168" HPOS="135" VPOS="1317" WIDTH="24" HEIGHT="26" WC="0.67" CONTENT="$$"/><SP WIDTH="17" VPOS="1317" HPOS="159"/>
							<String ID="string_169" HPOS="176" VPOS="1317" WIDTH="112" HEIGHT="21" WC="0.87" CONTENT="337—339"/><SP WIDTH="15" VPOS="1317" HPOS="288"/>
							<String ID="string_170" HPOS="303" VPOS="1317" WIDTH="123" HEIGHT="26" WC="0.96" CONTENT="godkändes"/><SP WIDTH="16" VPOS="1317" HPOS="426"/>
							<String ID="string_171" HPOS="442" VPOS="1317" WIDTH="149" HEIGHT="21" WC="0.96" CONTENT="oförändrade."/>
						</TextLine>
						<TextLine ID="line_28" HPOS="136" VPOS="1374" WIDTH="561" HEIGHT="27">
							<String ID="string_172" HPOS="136" VPOS="1374" WIDTH="12" HEIGHT="27" WC="0.90" CONTENT="$"/><SP WIDTH="16" VPOS="1374" HPOS="148"/>
							<String ID="string_173" HPOS="164" VPOS="1374" WIDTH="41" HEIGHT="21" WC="0.96" CONTENT="340"/><SP WIDTH="14" VPOS="1374" HPOS="205"/>
							<String ID="string_174" HPOS="219" VPOS="1374" WIDTH="123" HEIGHT="26" WC="0.96" CONTENT="godkändes"/><SP WIDTH="15" VPOS="1374" HPOS="342"/>
							<String ID="string_175" HPOS="357" VPOS="1374" WIDTH="28" HEIGHT="27" WC="0.97" CONTENT="på"/><SP WIDTH="15" VPOS="1374" HPOS="385"/>
							<String ID="string_176" HPOS="400" VPOS="1375" WIDTH="43" HEIGHT="20" WC="0.96" CONTENT="sätt"/><SP WIDTH="16" VPOS="1375" HPOS="443"/>
							<String ID="string_177" HPOS="459" VPOS="1374" WIDTH="106" HEIGHT="21" WC="0.96" CONTENT="utskottet"/><SP WIDTH="15" VPOS="1374" HPOS="565"/>
							<String ID="string_178" HPOS="580" VPOS="1374" WIDTH="117" HEIGHT="26" WC="0.95" CONTENT="föreslagit."/>
						</TextLine>
						<TextLine ID="line_29" HPOS="135" VPOS="1431" WIDTH="415" HEIGHT="26">
							<String ID="string_179" HPOS="135" VPOS="1431" WIDTH="23" HEIGHT="26" WC="0.58" CONTENT="$$"/><SP WIDTH="17" VPOS="1431" HPOS="158"/>
							<String ID="string_180" HPOS="175" VPOS="1431" WIDTH="112" HEIGHT="21" WC="0.88" CONTENT="341—343"/><SP WIDTH="16" VPOS="1431" HPOS="287"/>
							<String ID="string_181" HPOS="303" VPOS="1431" WIDTH="123" HEIGHT="26" WC="0.96" CONTENT="godkändes"/><SP WIDTH="15" VPOS="1431" HPOS="426"/>
							<String ID="string_182" HPOS="441" VPOS="1431" WIDTH="109" HEIGHT="26" WC="0.94" CONTENT="enhälligt."/>
						</TextLine>
					</TextBlock>
				</ComposedBlock>
				<ComposedBlock ID="cblock_13" HPOS="65" VPOS="1487" WIDTH="826" HEIGHT="56">
					<TextBlock ID="block_12" HPOS="65" VPOS="1487" WIDTH="826" HEIGHT="56">
						<TextLine ID="line_30" HPOS="164" VPOS="1487" WIDTH="727" HEIGHT="28">
							<String ID="string_183" HPOS="164" VPOS="1488" WIDTH="41" HEIGHT="21" WC="0.96" CONTENT="344"/><SP WIDTH="15" VPOS="1488" HPOS="205"/>
							<String ID="string_184" HPOS="220" VPOS="1488" WIDTH="123" HEIGHT="26" WC="0.96" CONTENT="godkändes"/><SP WIDTH="16" VPOS="1488" HPOS="343"/>
							<String ID="string_185" HPOS="359" VPOS="1488" WIDTH="108" HEIGHT="27" WC="0.95" CONTENT="enhälligt,"/><SP WIDTH="17" VPOS="1488" HPOS="467"/>
							<String ID="string_186" HPOS="484" VPOS="1488" WIDTH="66" HEIGHT="26" WC="0.93" CONTENT="enligt"/><SP WIDTH="15" VPOS="1488" HPOS="550"/>
							<String ID="string_187" HPOS="565" VPOS="1487" WIDTH="252" HEIGHT="22" WC="0.91" CONTENT="utskottsbetänkandets"/><SP WIDTH="14" VPOS="1487" HPOS="817"/>
							<String ID="string_188" HPOS="831" VPOS="1487" WIDTH="60" HEIGHT="22" WC="0.96" CONTENT="förra"/>
						</TextLine>
						<TextLine ID="line_31" HPOS="65" VPOS="1515" WIDTH="270" HEIGHT="28">
							<String ID="string_189" HPOS="65" VPOS="1516" WIDTH="120" HEIGHT="27" WC="0.96" CONTENT="alternativ,"/><SP WIDTH="16" VPOS="1516" HPOS="185"/>
							<String ID="string_190" HPOS="201" VPOS="1515" WIDTH="134" HEIGHT="23" WC="0.96" CONTENT="oförändrad."/>
						</TextLine>
					</TextBlock>
				</ComposedBlock>
			</PrintSpace>
		</Page>
	</Layout>
</alto>
