1109 1795
233 117 42 21 770
431 121 166 18 Presteståndet.
623 122 55 17 1867.
702 123 25 16 27
739 122 64 21 April.

203 207 34 22 för
257 207 87 26 fattiga;
366 207 55 21 först
442 207 92 22 derefter
558 207 66 22 borde
647 207 137 27 restlängden
808 214 77 21 genom
900 209 132 21 kommunai-

203 235 107 22 nämnden
326 235 141 22 öfverlemnas
482 236 33 21 till
530 236 111 21 exekutor.

275 292 69 21 Sedan
367 293 147 20 diskussionen
537 291 106 28 afslutats,
666 292 145 23 framställdes
837 293 93 26 följande
955 300 77 20 propo-

205 321 73 20 sition:

275 377 133 21 Godkännes
430 379 29 18 13
479 377 15 27 $
514 377 66 27 enligt
602 377 111 20 utskottets
738 377 135 21 betänkande
896 378 51 20 eller
965 379 67 26 enligt

205 405 42 21 den
262 405 116 29 kejserliga
391 405 181 28 propositionen?
587 405 26 21 de
628 412 45 14 som
683 405 118 28 godkänna
813 406 144 22 betänkandet
968 413 64 14 svara

201 434 34 26 ja,
253 434 25 20 de
293 441 44 14 som
353 437 82 24 antaga
448 434 165 27 propositionen
629 441 65 13 svara
710 435 42 26 nej.

274 491 132 21 Besvarades
422 491 47 21 med
486 491 25 20 12
527 490 37 27 nej
578 491 39 20 och
635 491 26 20 10
672 491 39 27 ja;
727 491 32 20 till
774 491 53 27 följd
843 491 77 21 hvaraf
933 491 41 21 den
986 491 47 26 kej-

206 519 77 26 serliga
305 519 160 26 propositionen
481 519 6 20 i
504 519 68 21 denna
594 519 69 26 punkt
683 519 135 22 förklarades
837 526 52 14 vara
904 521 91 24 antagen
1010 519 24 21 af

206 547 92 21 ständet.

275 604 24 27 $$
318 605 25 20 14
359 604 38 21 och
415 605 24 20 15
455 604 122 26 godkändes
593 604 108 27 enhälligt.

275 661 12 27 $
303 662 33 20 16.

275 718 207 26 Kontraktsprosten
510 717 77 22 Sirén
614 718 55 21 fäste
696 719 216 26 uppmärksamheten
938 719 35 20 vid
1000 719 31 21 sin

205 747 132 20 reservation
362 747 40 20 och
429 747 154 20 understöddes
608 747 44 20 deri
679 747 23 20 af
727 747 202 27 kontraktsprosten
954 747 77 22 doktor

206 775 83 21 Hellen.

275 831 33 21 Dä
330 832 67 26 nägra
419 831 138 22 medlemmar
571 832 24 21 af
608 832 85 21 ständet
711 833 80 26 yrkade
807 833 27 26 pä
850 833 102 27 votering,
969 833 63 22 fram-

205 859 89 22 ställdes
309 859 93 28 följande
418 861 140 26 proposition:

276 922 131 21 Godkännes
423 923 14 26 $
452 923 29 20 16
496 923 65 26 enligt
577 922 116 29 kejserliga
705 924 165 27 propositionen
885 923 145 28 oförändrad,

205 951 52 20 eller
277 951 129 27 modifierad
429 951 67 27 enligt
511 951 200 27 kontraktsprosten
736 952 74 21 Sirens
832 953 146 20 reservation?
998 953 32 25 de,

205 985 45 14 som
273 979 68 20 önska
363 979 34 21 det
415 979 70 27 förra
507 986 64 14 svara
582 980 35 27 ja,
641 980 25 20 de
682 987 44 14 som
742 979 97 29 omfatta
851 984 89 24 prosten
956 981 74 21 Siréns

204 1009 131 20 reservation
351 1015 64 14 svara
431 1008 41 26 nej.

274 1070 130 21 Besvarades
421 1070 47 21 med
485 1071 24 20 17
526 1071 37 24 nej
577 1071 39 21 och
632 1072 13 20 4
657 1071 34 27 ja.

274 1133 12 27 $
303 1133 32 21 17,

273 1197 90 21 Prosten
379 1197 77 21 doktor
471 1197 82 26 Bergh
569 1197 48 21 ville
633 1197 113 26 godkänna
761 1197 6 20 i
783 1197 41 21 allo
841 1197 93 21 hvarken
949 1197 81 21 utskot-

203 1227 43 20 tets
261 1225 135 22 betänkande
411 1225 52 21 eller
478 1225 40 22 den
528 1225 112 27 kejserliga
652 1225 166 26 propositionen,
832 1225 132 22 beträffande
974 1225 57 22 löne-

203 1253 140 27 regleringen.
373 1253 112 22 Utskottet
506 1254 55 21 hade
584 1254 70 21 anfört
677 1253 78 27 vigtiga
778 1254 46 21 skäl
840 1255 45 20 mot
900 1253 130 27 regleringen

203 1288 76 21 genom
295 1282 158 26 länekomiteér,
470 1288 47 15 men
532 1283 87 25 prosten
635 1282 65 26 ansåg
716 1282 43 21 lika
774 1282 78 26 vigtiga
867 1282 46 21 skäl
928 1282 44 21 tala
987 1284 44 19 mot

203 1313 144 24 guvernörens
370 1311 39 20 och
431 1310 141 27 domkapitels
595 1310 85 26 ombud,
704 1310 98 21 hvarföre
821 1310 42 21 han
879 1310 47 27 sjelf
941 1310 90 27 föreslog

204 1339 104 21 komiteér
331 1339 127 25 prosterivis,
482 1338 87 22 emedan
592 1339 84 21 arbetet
700 1345 49 14 vore
765 1338 71 21 alltför
852 1339 78 26 digert;
954 1339 77 20 arvode

204 1366 33 22 för
252 1367 105 21 ombuden
372 1373 37 15 var
425 1367 6 20 i
447 1369 97 24 prostens
560 1367 63 21 tanke
639 1366 88 22 alldeles
743 1366 136 27 nödvändigt.

273 1431 90 21 Prosten
386 1430 71 27 Hjelt
480 1431 112 21 förordade
615 1431 49 21 herr
686 1437 39 15 von
741 1431 68 21 Borns
825 1430 136 26 reservation,
978 1437 54 14 eme-

204 1459 41 21 dan
265 1459 40 21 han
321 1460 65 25 ansåg
410 1461 31 20 ett
463 1459 76 27 tydligt
562 1459 107 21 företräde
693 1459 56 26 ligga
765 1459 76 26 deruti,
858 1461 31 19 att
908 1465 25 15 en
949 1459 79 21 komité

204 1493 50 15 vore
270 1488 76 21 utsedd
361 1487 31 21 för
409 1487 48 22 hela
472 1487 74 26 stiftet,
563 1490 50 19 enär
629 1488 122 21 densamma
766 1487 70 22 kunde
844 1487 95 27 jemnare
950 1487 82 27 reglera

203 1515 94 22 lönerna.
