1109 1795
357 143 167 18 Presteståndet.
549 143 56 17 1867.
628 144 8 17 1
649 143 48 21 Maj.
842 138 42 21 833

88 229 33 22 för
136 229 79 22 andras
234 229 115 26 utskylder,
365 228 89 21 anförde
469 229 89 26 prosten
573 228 36 21 det
624 227 28 27 på
667 228 54 21 hans
736 228 109 21 hemtrakt
860 228 53 21 hvar

88 258 40 21 och
150 264 26 15 en
198 257 97 27 inhysing
316 257 33 21 får
363 257 32 21 sin
411 262 52 21 egen
479 257 124 21 debetsedel
618 256 40 21 och
674 256 49 27 sjelf
737 256 33 21 får
785 256 72 22 betala
872 257 41 21 den

86 287 56 20 huru
156 286 43 21 han
214 286 49 21 kan.

154 348 155 27 Kyrkoherden
325 347 106 22 Castrén
447 347 97 21 uttalade
557 347 36 21 det
603 346 63 22 äfven
676 347 43 20 han
729 346 66 27 ansåg
805 349 33 19 att
848 346 66 27 något

86 377 68 26 skydd
170 377 66 20 borde
251 376 67 21 finnas
333 376 33 21 för
381 376 40 21 den
436 375 111 27 fattigaste
563 375 151 26 befolkningen
729 375 40 21 och
784 381 26 16 en
821 375 93 21 bestäm-

87 405 49 27 ning
152 405 71 21 derom
240 405 83 27 intagas
338 405 7 20 i
360 410 63 15 mom.
439 404 28 26 a).
498 404 33 21 De
546 404 82 21 uslaste
643 404 55 26 ägde
713 403 46 21 sina
773 409 55 21 egna
843 403 71 27 kyffen

86 434 41 21 och
150 434 45 21 små
217 436 54 23 torp,
295 439 48 14 men
359 433 25 20 de
399 432 71 21 kunde
493 432 88 21 dermed
597 432 46 21 icke
659 432 78 21 lifnära
753 432 25 21 de
793 432 52 25 sina,
861 434 52 19 utan

86 461 52 22 föllo
154 461 232 28 fattigvårdsstyrelsen
401 460 33 21 till
449 461 48 20 last.
528 461 50 20 Men
593 460 92 21 oaktadt
701 460 26 21 de
742 459 84 28 åtnjuta
840 459 74 27 fattig-

86 490 121 22 underhåll,
230 490 89 21 oaktadt
341 489 54 21 både
417 489 230 26 kommunalstyrelsen
670 489 40 20 och
729 491 86 24 presten
829 489 83 26 intygat

86 519 63 20 deras
164 519 119 26 fattigdom,
299 518 54 21 hade
368 517 206 26 kronobetjeningen
591 517 47 21 icke
653 517 44 20 fäst
711 517 32 26 sig
757 517 79 26 dervid,
852 519 59 24 utan,

88 547 90 21 emedan
201 547 25 20 de
249 549 40 24 äga
311 552 26 15 en
358 546 51 21 liten
425 545 127 27 jordtorfva,
569 545 72 26 belagt
657 545 62 21 deras
734 545 60 27 ringa
809 545 103 26 egendom

87 575 49 21 med
160 575 124 26 utmätning.
314 574 43 21 För
379 576 32 19 att
431 574 81 27 afvärja
528 574 61 21 detta
603 573 116 27 tillstyrkte
734 573 156 27 kyrkoherden,
906 573 7 21 i

87 604 68 21 likhet
177 603 48 21 med
245 603 78 21 doktor
337 602 77 27 Bergh,
430 604 31 19 ett
476 602 75 27 tillägg
566 602 32 21 till
614 608 63 15 mom.
694 602 21 26 a)
731 602 7 21 i
753 602 36 21 det
804 601 60 27 syfte,
880 603 33 19 att

86 632 88 25 sådana,
198 638 45 15 som
258 631 19 26 ej
292 632 7 20 i
315 631 41 21 allo
379 631 69 20 förmå
465 630 75 27 sjelfva
556 630 126 22 underhålla
697 631 38 26 sig,
751 630 68 21 måtte
833 629 79 22 befrias

86 660 49 21 från
150 660 165 27 tingsgästnings
330 659 124 26 utgörande.

157 728 91 21 Prosten
268 727 77 22 doktor
359 727 82 26 Bergh
455 727 93 26 yttrade,
565 728 33 20 att
612 728 88 25 prosten
715 726 60 22 Sirén
791 727 71 20 ansett
877 727 36 20 det

88 762 53 15 vara
156 756 119 27 ogrundadt
290 758 32 19 att
337 755 230 27 fattigvårdsstyrelsen
583 755 69 21 skulle
667 755 69 26 ålagts
751 756 32 19 att
797 754 73 21 betala
880 756 33 19 ut-

90 785 85 26 skylder
197 785 33 20 för
245 784 78 27 någon;
341 784 64 27 något
421 784 76 21 sådant
513 784 51 21 sade
580 784 31 26 sig
627 783 92 22 doktorn
735 783 18 26 ej
768 782 68 22 heller
850 783 64 20 hafva

89 815 75 25 yttrat.
189 813 49 21 Men
254 819 33 15 om
303 812 69 27 någon
387 813 119 26 beklagade
522 813 31 20 sin
569 812 43 21 nöd
627 811 33 22 för
675 811 237 27 fattigvårdsstyrelsen,

90 841 24 22 så
136 841 80 22 erhölle
238 841 42 21 han
295 842 13 20 4
323 841 80 26 kappar
426 841 104 26 spanmål,
551 841 73 20 hvilka
645 840 43 21 han
711 840 64 21 sedan
792 841 74 25 tvangs
881 841 33 19 att

90 870 48 21 föra
154 870 32 21 till
199 869 191 26 häradshöfdingen
400 869 35 21 för
447 869 115 21 betalande
575 869 22 21 af
606 869 187 26 tingsgästningen.
819 867 95 22 Sålunda

88 898 63 27 ginge
164 898 24 27 ju
204 898 135 26 betalningen
360 897 47 21 från
429 897 154 27 fattigvården;
600 899 31 20 ett
645 898 60 26 intyg
719 896 48 22 från
781 896 133 21 kommunal-

90 927 103 26 styrelsen
209 927 79 26 hjelpte
303 926 53 26 icke,
373 926 26 21 då
415 933 49 14 man
479 926 18 26 ej
514 926 71 21 kunde
601 926 73 26 intyga
689 927 32 20 att
737 925 40 21 den
792 925 74 26 fattige
882 931 32 15 er-

90 955 68 21 håller
180 955 121 26 beständigt
321 955 122 20 understöd.
474 955 76 25 Någon
572 955 52 20 värd
647 954 69 21 talare
738 953 55 21 hade
813 954 47 25 sagt
878 953 36 20 det

90 989 52 15 vara
164 983 96 27 omöjligt
280 983 32 21 för
327 983 61 26 lagen
403 985 33 19 att
451 983 120 21 bestämma
587 984 31 19 ett
633 983 108 25 undantag
756 982 34 20 för
805 981 48 21 dem
868 987 45 14 som

89 1011 64 22 hafva
169 1014 31 19 ett
215 1012 52 21 visst
281 1012 59 20 antal
356 1011 59 27 barn,
431 1011 77 21 sådant
523 1011 52 21 sade
585 1011 32 26 sig
627 1013 86 24 prosten
724 1010 46 21 icke
780 1009 67 22 heller
857 1009 57 21 före-

89 1039 71 27 slagit.
190 1040 45 21 Allt
258 1040 58 21 detta
338 1039 65 27 ansåg
418 1039 42 21 han
477 1039 54 22 dock
546 1039 73 21 kunna
634 1039 81 27 hjelpas
730 1044 75 21 genom
821 1037 93 27 följande

90 1069 85 26 tillägg:
191 1081 27 2 —
234 1081 27 2 —
277 1068 33 27 ,ej
332 1069 81 20 mindre
435 1068 32 26 de,
491 1074 46 15 som
558 1067 34 21 för
611 1067 114 27 fattigdom
740 1066 84 27 åtnjuta
840 1066 74 26 bidrag

89 1096 48 21 från
153 1097 148 26 fattigvården,
317 1098 27 19 än
360 1097 26 20 de
401 1096 52 21 etc.*
487 1096 92 21 Talaren
593 1097 86 26 yttrade
694 1095 72 21 vidare
782 1095 36 20 det
828 1096 86 25 prosten

90 1125 59 26 Hjelt
171 1125 42 21 fäst
234 1125 215 26 uppmärksamheten
473 1125 80 24 dervid,
569 1126 33 19 att
616 1125 149 26 gerningsmän
781 1123 67 21 borde
863 1129 52 14 vara

91 1153 95 21 befriade
202 1153 47 22 från
265 1153 166 27 tingsgästnings
446 1153 140 26 erläggande;
602 1153 83 20 talaren
701 1152 50 21 sade
767 1152 31 26 sig
808 1157 66 20 gerna
883 1151 31 20 in-

88 1183 94 20 stämma
204 1182 77 21 häruti.
311 1182 61 20 Hvad
395 1181 46 22 åter
464 1181 118 21 beträffade
602 1181 76 26 fattige
691 1180 142 27 jordtorpare,
850 1179 66 26 ansåg

90 1212 87 24 prosten
199 1210 70 26 Bergh
293 1210 35 21 det
349 1216 53 15 vara
422 1209 70 27 billigt
507 1212 33 19 att
555 1216 49 15 man
619 1209 75 27 gjorde
709 1209 56 21 hvad
780 1214 49 15 man
844 1207 71 21 kunde

89 1238 34 21 för
146 1239 61 20 deras
226 1239 113 20 befriande.
370 1238 62 21 Hvad
448 1238 77 26 angick
540 1239 88 26 prosten
643 1237 70 27 Hjelts
728 1236 140 26 anmärkning
883 1237 33 20 att

90 1267 133 26 inhysingars
239 1267 134 20 debetsedlar
387 1267 47 20 icke
449 1266 110 21 lemnades
575 1266 22 21 ät
612 1266 157 25 husbönderna,
785 1264 24 21 så
821 1264 94 21 önskade

90 1295 82 21 talaren
187 1295 78 21 betona
281 1295 59 22 detta
355 1295 30 26 så,
401 1297 32 19 att
449 1295 36 21 det
501 1295 62 20 äfven
574 1295 7 20 i
591 1295 120 26 Uleåborgs
726 1293 35 22 län
774 1293 66 21 måtte
851 1292 65 21 blifva

89 1329 27 15 en
131 1323 66 22 sådan
212 1324 77 26 praxis.

158 1385 70 22 Sedan
244 1386 146 21 diskussionen
405 1385 69 27 härpå
485 1385 100 22 afslutats
596 1384 39 22 och
647 1384 49 21 herr
707 1384 135 21 talemannen
852 1382 64 22 fram-

89 1414 60 21 ställt
172 1414 131 26 proposition
324 1413 101 22 särskildt
440 1414 34 21 för
489 1414 106 21 hvardera
611 1415 117 19 momentet
742 1411 124 28 godkändes
882 1417 34 15 en-

89 1442 39 27 ligt
150 1443 117 20 utskottets
291 1442 132 21 betänkande
447 1449 63 14 mom.
527 1443 19 25 a)
563 1442 48 21 med
634 1441 155 27 öfvervägande
807 1439 109 28 pluralitet

89 1471 40 21 och
144 1477 64 15 mom.
224 1471 23 26 b)
263 1470 107 27 enhälligt.

158 1533 8 27 8
185 1533 19 21 2.
