1109 1795
243 117 42 20 550
445 120 166 18 Presteståndet.
637 122 55 16 1867.
717 122 14 16 8
745 122 60 20 April

283 209 13 25 8
314 208 39 20 113
368 207 123 26 godkändes
508 207 107 26 enhälligt.

283 265 12 25 &
313 265 46 20 114.
389 265 80 20 Härom
485 264 85 27 yttrade
585 264 42 27 sig:

284 321 89 20 Prosten
389 321 139 26 Grönberg,
544 327 45 14 som
605 321 65 26 ansåg
685 321 48 20 hela
749 320 126 27 paragrafen
887 321 83 26 onödig,
984 321 56 26 isyn-

215 349 76 21 nerhet
313 349 68 21 under
403 350 132 20 närvarande
554 349 155 23 förhällanden,
726 349 27 21 dä
768 355 49 15 man
833 349 47 21 icke
896 349 92 21 behöfde
1002 349 37 21 be-

215 378 47 21 fara
277 377 66 27 nägot
359 377 101 22 öfverflöd
477 378 28 26 pä
520 377 194 27 prestkandidater.

285 435 56 20 Herr
356 435 134 20 talemannen
506 435 105 26 upplyste,
627 436 33 19 att
674 434 27 21 dä
716 435 156 25 erkebiskopen
888 434 99 21 Melartin
999 435 40 20 till-

216 463 76 20 trädde
316 463 36 20 sitt
375 463 82 21 embete
479 463 33 21 för
534 463 27 21 30
584 463 24 20 är
627 463 71 23 sedan,
715 464 27 20 14
757 463 185 26 prestkandidater
957 463 83 24 funnos,

216 491 71 22 hvilka
303 491 46 22 icke
364 491 70 22 kunde
451 492 118 25 ordineras;
585 491 7 21 i
607 491 54 22 brist
676 491 27 26 pä
718 492 103 21 vocation.

285 549 89 20 Prosten
397 548 142 27 Grönberg
561 549 88 22 vidhöll,
664 550 32 19 att
712 549 27 20 dä
755 549 36 20 det
805 550 62 25 säges
882 550 32 19 att
929 548 61 26 ingen
1006 548 34 21 mä

217 577 81 27 invigas
313 579 51 18 utan
380 577 94 24 kallelse,
490 577 23 21 sä
528 583 38 15 var
580 577 125 26 paragrafen
722 577 111 26 obehötlig.

286 634 79 26 Biskop
389 634 141 21 Schauman
552 633 88 22 anförde
663 636 31 18 att
711 634 27 21 dä
753 634 101 21 öfverfiöd
870 633 27 27 pä
912 633 128 21 kandidatur

217 663 86 25 funnits,
320 662 55 21 hade
389 662 101 21 vokation
506 663 33 20 för
554 663 63 20 skens
633 663 54 20 skull
704 664 37 24 ägt
756 669 47 14 rum
819 662 39 21 och
874 663 26 20 de
916 662 124 21 ordinerade

218 691 68 21 blifvit
301 691 154 21 informatorer.

286 747 113 22 Professor
417 747 96 21 Geitlin
528 747 102 21 förenade
646 748 31 25 sig
692 747 49 21 med
757 750 85 23 prosten
859 747 111 26 Grönberg
985 747 55 26 isyn-

218 776 75 21 nerhet
314 782 45 15 som
380 775 126 27 paragrafen
527 776 70 21 kunde
616 775 131 22 afskrämma
761 782 56 20 unga
833 777 49 19 män
898 775 46 21 frän
960 775 81 22 studier

217 805 34 20 för
267 805 146 26 prestakallet,
430 805 39 20 och
488 805 64 21 redan
568 805 6 20 i
590 805 13 26 &
621 805 38 20 112
675 805 115 25 stadgades
805 806 33 19 att
852 804 63 26 ingen
930 804 32 21 får
978 804 64 21 blifva

218 836 65 23 prest,
306 835 51 19 utan
379 835 32 19 att
434 833 41 21 han
497 833 74 23 kallas,
594 835 55 19 samt
670 833 37 21 det
729 833 45 21 ofta
794 839 49 15 vore
859 833 58 20 svärt
932 835 32 18 att
980 832 62 27 skilja

218 862 78 21 mellan
311 861 91 27 verkligt
417 862 39 21 och
472 862 46 21 icke
533 861 92 27 verkligt
640 861 69 22 behof.

288 919 154 26 Kyrkoherden
458 918 107 21 Castrén
580 918 66 27 ansåg
661 918 127 27 paragrafen
803 919 6 20 i
826 918 43 21 allo
882 917 126 28 berättigad,
1019 920 22 24 ty

218 947 150 26 stiftstyrelsen
385 947 66 21 borde
466 947 71 20 känna
552 953 34 15 om
601 947 92 26 verkligt
708 947 66 20 behof
782 947 108 21 förefanns
902 949 55 18 samt
968 946 74 27 afböja

217 976 70 20 falska
310 976 129 21 vokationer.
471 976 41 21 Det
535 982 49 15 vore
606 976 47 21 icke
675 975 67 21 heller
765 976 78 26 nyttigt
865 975 33 21 för
913 975 81 27 kyrkan
1010 979 32 17 att

218 1004 82 21 erhålla
322 1007 32 18 ett
376 1005 75 26 tillopp
467 1005 22 20 af
503 1007 87 24 prester,
606 1011 45 14 som
667 1004 18 26 ej
702 1010 51 15 voro
770 1004 160 26 vederbörligen
946 1004 95 25 kallade;

218 1033 64 21 hvart
304 1033 68 20 skulle
394 1035 31 19 ett
447 1033 77 21 sådant
546 1033 109 21 underslef
673 1032 62 21 leda?
750 1033 141 26 Paragrafens
906 1033 136 20 uteslutande

218 1067 50 15 vore
292 1061 119 27 betänkligt
433 1061 39 22 och
495 1061 68 21 skulle
585 1061 99 26 möjligen
707 1061 66 21 verka
798 1061 193 22 demoraliserande
1015 1061 27 26 på

218 1090 92 21 ståndet.

287 1147 31 20 På
333 1147 95 21 härefter
443 1147 120 21 framställd
578 1147 132 27 proposition
721 1147 125 26 godkändes
857 1146 126 27 paragrafen
995 1147 46 20 med

219 1175 110 21 obestridd
344 1176 117 26 pluralitet.

288 1232 23 27 88
329 1233 46 26 115,
394 1233 39 20 116
450 1233 38 20 och
505 1233 39 20 117
561 1233 122 26 godkändes
699 1233 110 26 enhälligt.

287 1289 115 26 Angående
419 1291 10 24 $
445 1290 41 20 118
501 1289 76 27 ansåg:

287 1346 90 21 Prosten
396 1346 130 26 Borenius,
543 1348 32 19 att
589 1346 113 27 presteden
718 1346 67 21 borde
801 1346 161 21 omformuleras
977 1346 7 20 i
996 1347 48 19 när-

219 1380 58 15 mare
297 1374 219 22 öfverensstämmelse
532 1375 47 21 med
595 1375 38 21 vår
647 1381 29 14 nu
691 1374 99 27 gällande
806 1374 113 27 kyrkolag;
936 1374 37 21 der
988 1373 55 22 före-

220 1403 69 21 skrefs
305 1404 25 21 ed
345 1404 47 21 icke
407 1403 28 27 pä
450 1406 65 19 annat
530 1405 27 19 än
573 1404 40 20 den
629 1404 70 26 heliga
714 1403 45 22 lära
775 1409 45 15 som
837 1409 18 15 o.
873 1409 17 14 s.
905 1409 25 18 v.,
946 1403 40 20 här
998 1402 46 21 åter

218 1432 132 21 förekommo
367 1435 60 18 utom
442 1433 25 20 de
484 1433 12 20 3
512 1432 177 27 hufvudsymbola
705 1432 39 21 och
753 1432 161 26 Augsburgiska
930 1431 114 21 bekännel-

219 1467 37 14 sen
279 1460 41 21 alla
342 1461 93 26 kyrkans
459 1461 219 20 bekännelseskrifter.
709 1461 91 20 Talaren
822 1461 52 20 sade
893 1460 31 26 sig
938 1460 47 21 icke
1000 1460 44 21 inse

217 1489 100 21 hvarföre
333 1491 86 24 presten
435 1489 53 21 skall
504 1489 101 26 förpligta
620 1489 32 27 sig
667 1489 32 21 till
715 1489 73 26 hvarje
801 1489 47 26 jota
863 1489 7 20 i
886 1495 26 14 en
925 1488 119 27 dogmatisk

218 1517 62 22 skrift
303 1517 66 22 sådan
393 1524 44 15 som
456 1518 101 21 Formula
572 1517 138 22 Concordiae.
741 1517 74 22 Redan
830 1517 82 22 Luther
928 1517 48 26 sjelf
990 1517 54 22 hade
