1109 1795
332 135 167 18 Presteståndet.
524 135 56 17 1867.
604 135 13 16 3
630 134 48 22 Maj.
848 129 41 22 839

89 222 95 27 köparen
199 221 66 21 sedan
280 220 55 21 hade
350 219 43 22 lika
407 219 50 28 lång
473 219 31 22 tid
522 221 33 20 att
570 219 90 22 klandra
675 219 122 28 räkningen.
828 221 90 21 Talaren

90 249 72 28 utgick
184 249 105 26 nemligen
311 248 46 22 från
373 248 41 21 den
429 249 83 26 åsigten
528 250 33 19 att
575 248 50 27 lång
640 248 71 21 kredit
725 248 78 22 skadar
819 249 39 22 och
872 255 46 16 ver-

90 278 39 21 kar
144 277 88 27 menligt
246 278 28 26 på
289 276 128 22 affärslifvet.

159 334 154 28 Kyrkoherden
327 333 113 22 Juselius
455 333 105 22 instämde
575 333 48 21 med
639 333 40 21 den
695 333 126 26 föregående
836 334 81 21 talaren

90 363 70 21 deruti
183 365 32 19 att
229 363 50 26 lång
294 362 69 21 kredit
377 362 7 21 i
400 361 77 22 handel
492 361 7 22 i
514 361 117 22 allmänhet
645 363 25 20 är
685 361 112 27 förderflig,
813 361 105 28 hvarföre,

90 391 41 22 och
153 391 28 22 dä
195 391 132 22 handelsbok
341 390 55 21 skall
411 389 88 22 afslutas
514 390 49 21 med
579 389 72 27 hvarje
666 390 35 21 års
716 391 85 26 utgång,
817 390 36 21 det
869 397 49 15 vore

91 420 69 27 billigt
175 422 32 19 att
222 420 94 26 köparen
332 418 67 22 erhöll
413 419 32 21 sin
461 418 91 27 räkning
567 418 115 22 utskrifven
699 418 56 22 inom
771 420 32 20 tre
818 419 101 21 månader

92 448 98 21 derefter.
220 448 103 21 Deremot
337 447 76 21 trodde
429 447 82 21 talaren
528 447 35 21 det
579 446 114 27 ingalunda
708 446 21 22 få
743 446 51 22 bero
809 448 29 26 på
850 449 68 19 ömse-

91 477 55 26 sidig
169 475 212 23 öfverenskommelse
401 477 32 20 att
453 475 97 27 förlänga
573 475 65 24 tiden,
661 477 22 24 ty
705 475 7 20 i
735 475 66 22 sådan
816 475 102 22 händelse

91 505 71 21 kunde
185 505 86 21 fordran
293 504 46 21 icke
361 509 58 16 mera
441 503 83 27 grunda
546 503 31 26 sig
595 504 13 21 å
623 503 164 22 handelsboken.
817 503 99 28 Köparen

91 533 71 26 kupde
177 533 7 20 i
199 534 24 20 så
238 532 36 22 fall
290 532 83 21 utfärda
388 531 91 22 särskild
494 531 138 27 förskrifning
647 531 31 22 till
694 531 95 27 säljaren.

160 589 85 22 Doktor
266 588 96 22 Hellén
384 589 84 27 yttrade
491 590 33 20 att
548 589 36 20 det
603 588 22 21 af
639 589 66 26 några
720 589 65 21 värda
800 588 67 22 talare
882 595 37 15 an-

90 618 62 21 förda
174 617 89 22 klander
285 623 50 16 vore
355 617 130 26 berättigadt
500 623 35 15 om
552 617 36 21 det
603 616 56 22 förut
675 617 53 22 hade
744 617 54 21 varit
812 617 107 27 förbjudet

92 648 32 19 att
147 646 96 21 tillställa
266 646 79 26 köpare
367 645 90 26 räkning
480 645 90 26 tidigare
585 647 27 19 än
627 645 107 22 bestämdt
749 647 30 25 är,
795 651 49 16 men
859 646 60 21 detta

92 681 38 14 var
145 675 17 26 ej
180 674 64 26 fallet,
260 676 51 19 utan
327 674 54 21 hade
396 680 48 15 man
460 673 39 22 här
515 673 75 22 endast
605 674 56 21 velat
677 673 103 28 medgifva
791 673 91 27 säljaren
892 680 26 15 en

91 703 73 26 längre
180 702 190 27 preskriptionstid.
401 702 42 21 Det
462 701 35 27 låg
511 702 24 26 ju
550 702 40 21 ock
605 701 7 21 i
627 701 102 27 säljarens
743 702 90 21 intresse
848 704 32 19 att
895 703 24 20 så

91 731 43 21 fort
156 737 46 15 som
225 731 81 26 möjligt
328 730 44 21 låta
392 729 103 22 utskrifva
510 730 127 27 räkningen;
654 736 47 15 men
717 730 26 21 då
758 730 76 21 hinder
848 731 71 20 kunde

92 760 78 26 uppstå
185 759 32 21 för
232 759 91 27 säljaren
338 759 45 21 dels
398 765 76 20 genom
490 758 98 27 sjukdom
607 758 46 21 dels
668 758 32 21 till
715 758 51 27 följd
781 758 22 21 af
816 765 60 14 resor
890 765 28 14 m.

92 794 27 14 m.
143 794 50 15 vore
217 787 35 22 det
275 787 69 21 bättre
364 793 34 15 om
414 787 58 21 tiden
488 787 18 26 ej
522 793 39 15 var
576 786 71 21 alltför
662 787 77 26 knapp,
755 786 97 22 hvarföre
867 787 53 21 tala-

92 822 37 15 ren
152 815 115 28 tillstyrkte
293 815 119 27 antagande
436 815 23 21 af
481 815 58 21 förra
565 815 137 22 alternativet
724 815 5 20 i
753 815 166 21 utskottsbetän-

92 844 86 22 kandet.

162 900 205 27 Kontraktsprosten
390 899 78 22 Sirén
486 900 114 21 förordade
623 906 74 15 senare
718 900 140 26 alternativet,
875 899 44 22 dels

92 929 28 27 på
143 929 26 21 de
184 929 47 21 skäl
246 929 65 26 några
326 928 67 21 talare
409 928 76 25 anfört,
502 928 45 21 dels
563 928 89 21 emedan
668 929 39 20 här
722 929 17 26 ej
757 935 37 14 var
809 928 60 27 fråga
884 934 35 15 om

92 957 114 26 betalning,
223 959 50 19 utan
288 957 56 21 blott
359 957 141 21 afiemnandet
515 956 23 21 af
552 957 121 26 räkningen.
705 957 89 21 Talaren
807 957 65 26 ansåg
883 957 36 20 det

92 991 52 15 vara
167 985 48 21 med
237 985 42 26 god
302 985 89 26 ordning
414 985 231 21 öfverensstämmande
666 987 32 19 att
713 985 160 26 ifrågavarande
888 985 31 20 tid

92 1013 121 22 bestämdes
228 1013 32 21 till
275 1019 37 16 sex
327 1013 106 22 månader.
464 1013 85 21 Doktor
564 1013 75 21 Hellén
656 1013 54 21 hade
726 1013 32 22 väl
769 1015 109 19 omnämnt
888 1015 32 19 att

93 1041 121 22 handlande
235 1041 72 22 kunde
326 1048 50 15 vara
395 1041 104 22 hindrade
521 1043 32 20 att
569 1041 43 22 låta
627 1041 104 22 utskrifva
745 1041 46 22 sina
806 1041 114 26 räkningar

93 1070 98 26 tidigare,
214 1076 48 15 men
285 1069 81 22 talaren
389 1070 76 21 trodde
487 1071 33 20 att
546 1069 164 27 expedierandet
734 1069 21 22 af
779 1069 141 26 räkningarne

93 1098 71 21 kunde
180 1098 129 27 ombesörjas
324 1098 23 21 af
359 1097 146 22 handlandens
521 1097 105 22 biträden.

162 1155 91 21 Prosten
277 1155 148 26 Grönberg,
447 1154 66 27 jemte
536 1155 35 20 det
594 1155 42 20 han
658 1161 37 15 var
715 1160 48 16 ense
779 1153 48 22 med
843 1153 77 22 doktor

93 1183 84 24 Hellén,
199 1183 108 26 nödgades
328 1183 61 26 dock,
409 1183 7 20 i
435 1183 67 21 likhet
521 1183 48 21 med
589 1183 200 27 kontraktsprosten
805 1182 67 26 Sirén,
888 1189 33 14 er-

93 1211 70 22 känna
185 1211 108 27 principen
317 1217 33 15 om
373 1211 102 27 säljarens
496 1213 45 19 rätt
561 1211 32 21 till
608 1211 32 21 sin
655 1211 92 21 fordran.
779 1211 49 20 Men
843 1210 78 21 beträf-

92 1239 64 22 fande
171 1241 87 26 prosten
273 1239 70 27 Hjelts
357 1239 107 27 yttrande,
479 1240 25 21 så
519 1245 50 16 vore
585 1240 36 21 det
637 1241 57 20 orätt
709 1241 31 20 att
755 1245 77 20 genom
848 1245 25 14 en
886 1238 34 27 lag

93 1268 76 26 ålägga
183 1268 135 21 handlanden
335 1267 140 27 mångfaldiga
490 1267 128 22 skrifverier.
649 1267 109 22 Härintills
773 1267 55 21 hade
840 1267 36 20 det
886 1273 34 14 va-

92 1296 28 21 rit
143 1302 26 15 en
185 1296 127 26 vedertagen
327 1296 38 21 sed
381 1298 32 19 att
428 1296 81 27 årligen
524 1297 53 26 göra
591 1296 93 26 bokslut,
700 1296 85 21 hvilken
800 1295 37 21 sed
854 1294 67 22 blifvit

92 1324 7 21 i
121 1324 58 21 förra
201 1324 135 21 alternativet
358 1324 130 26 bibehållen;
506 1324 39 21 och
561 1324 115 27 tillstyrkte
691 1324 82 21 talaren
788 1329 28 15 nu
831 1323 90 21 likasom

92 1352 7 20 i
115 1352 105 22 utskottet
235 1352 120 26 antagande
370 1352 21 21 af
406 1352 64 27 sagde
486 1352 120 22 alternativ.

162 1409 90 21 Prosten
267 1409 147 26 Rosengren
430 1409 114 21 förordade
556 1409 78 26 jemväl
647 1409 56 21 förra
715 1409 136 21 alternativet
865 1409 7 20 i
888 1411 32 19 ut-

93 1437 220 22 skottsbetänkandet.
343 1437 37 21 Uti
402 1437 141 26 lagutskottet
566 1437 55 22 hade
637 1443 25 15 en
678 1444 40 14 van
733 1437 120 25 affärsmän,
868 1437 53 21 kon-

93 1465 33 22 sul
141 1465 110 26 Rosenius,
267 1465 113 22 framställt
395 1465 41 22 alla
452 1465 26 21 de
493 1465 138 27 svårigheter,
647 1472 45 15 som
708 1472 25 15 en
742 1465 86 21 kortare
844 1465 78 22 tidsbe-

94 1493 106 27 stämning
222 1493 68 22 skulle
310 1493 95 22 medföra
425 1493 32 21 för
479 1493 98 27 säljaren.
609 1494 28 21 Så
652 1494 70 21 kunde
737 1493 32 21 till
785 1493 95 27 exempel
896 1500 25 15 en

94 1522 121 21 handlande
237 1522 47 21 icke
303 1522 74 21 kräfva
393 1528 25 15 en
434 1522 41 26 god
491 1522 64 25 kund,
571 1528 46 15 som
633 1522 42 21 han
691 1522 17 26 ej
725 1521 49 22 ville
790 1521 67 26 mista,
874 1528 48 15 men

832 1561 23 17 54
