1109 1795
230 121 42 20 578
439 125 165 18 Presteståndet.
628 125 55 17 1867.
707 125 12 17 9
732 125 63 21 April.

201 212 70 26 righet
285 211 84 27 uppstå,
385 211 28 22 då
428 213 86 25 presten
529 211 46 22 icke
591 211 54 22 hade
661 212 70 25 någon
747 213 44 20 rätt
806 211 39 22 och
857 211 127 26 befogenhet
994 213 33 20 att

201 240 78 21 blanda
295 241 32 26 sig
341 241 7 20 i
364 240 80 26 odöpta
459 240 65 21 barns
539 239 131 28 uppfostran.
694 240 92 21 Talaren
797 241 51 20 sade
858 240 32 27 sig
905 240 47 21 icke
962 242 66 19 annat

201 269 78 25 kunna,
295 271 26 18 än
338 275 51 14 anse
404 269 48 20 dem
468 269 71 21 såsom
554 269 95 21 hörande
664 269 32 20 till
712 269 158 26 församlingen.
900 268 75 27 Någon
990 275 37 14 an-

201 297 66 26 tydan
283 303 34 15 om
333 297 59 21 detta
407 297 132 21 förhållande
555 297 66 21 borde
637 297 54 21 dock
707 297 7 21 i
729 297 62 26 lagen
806 297 91 26 intagas,
914 297 39 21 och
975 303 52 15 vun-

201 332 38 15 nes
255 326 60 21 detta
329 332 76 20 genom
421 326 75 21 orden:
513 326 25 20 så
554 325 45 21 vidt
611 326 32 26 på
658 325 78 21 honom
752 326 104 27 (presten)
872 325 66 22 beror.

271 383 90 20 Prosten
377 382 137 27 Grönberg
528 383 145 21 understödde
689 383 60 21 detta
765 382 142 27 andragande.

271 440 144 26 Domprosten
430 440 54 21 Borg
518 440 93 26 yttrade,
627 441 32 20 att
675 441 31 20 ett
721 440 53 21 barn
790 446 45 15 som
851 440 19 26 ej
884 441 23 19 är
918 440 52 26 döpt
980 440 47 21 icke

202 468 39 21 hör
264 468 33 21 till
319 468 161 26 församlingen;
503 468 84 21 derföre
610 468 66 21 borde
699 467 11 28 $
733 468 19 27 ej
775 470 63 25 göras
859 468 101 27 tvetydig,
975 470 53 19 utan

203 496 90 22 bifallas.

272 553 89 22 Prosten
384 553 154 26 Rosengren
560 553 93 27 frågade,
677 560 35 15 om
734 559 49 15 man
805 553 28 21 då
849 553 67 21 måste
928 553 101 21 betrakta

204 582 61 21 dessa
281 582 53 21 barn
350 582 22 21 af
388 582 51 21 äkta
455 582 81 25 makar,
557 588 48 15 men
628 582 72 21 hvilka
722 581 104 22 förblifvit
850 581 84 28 odöpta,
958 581 70 21 såsom

203 617 120 20 vargungar
339 611 39 20 och
394 611 87 20 stående
497 613 58 18 utom
571 611 158 26 församlingen.

273 667 142 26 Domprosten
430 667 66 26 Borg
511 667 99 21 svarade:
627 667 148 21 diskussionen
791 667 73 21 derom
880 667 54 20 hade
948 667 81 21 kunnat

204 697 40 25 äga
260 702 46 15 rum
323 696 26 21 då
365 696 36 21 det
416 702 37 14 var
467 695 61 27 fråga
544 702 34 15 om
594 696 76 26 dopet;
687 702 28 15 nu
732 698 24 19 är
772 695 40 21 den
828 695 92 21 sentida.
946 695 84 21 Såsnar

205 724 61 21 dessa
282 724 53 21 barn
351 724 18 27 ej
385 726 36 19 äro
438 725 71 26 döpta,
525 724 34 21 mä
573 724 25 21 de
609 731 51 14 vara
671 726 148 25 ,,vargungar"
833 724 52 21 eller
895 724 55 21 hvad
964 725 65 19 annat

204 758 45 15 som
265 753 62 26 helst,
343 759 48 15 men
409 753 64 26 dopet
494 755 24 18 är
541 753 40 21 den
604 753 55 20 enda
680 753 230 26 anslutningspunkten
934 753 32 20 till
988 752 40 21 för-

204 781 122 27 samlingen.

273 838 130 27 Paragrafen
418 838 124 27 godkändes
557 838 48 21 med
621 838 109 21 obestridd
746 838 117 26 pluralitet.

274 895 11 28 8
302 896 47 20 145.

274 952 90 21 Prosten
379 952 149 27 Grönberg
550 952 95 27 yttrade:
661 951 82 22 Genom
759 952 62 26 lagen
838 957 33 15 om
887 951 143 27 fattigvården

205 980 39 22 och
260 981 40 20 den
316 987 34 14 om
363 981 226 26 kommunalstyrelsen
605 981 39 20 har
659 982 31 19 ett
705 982 67 19 annat
793 980 133 21 förhållande
949 980 81 21 inträdt

205 1009 6 21 i
227 1009 161 27 församlingen;
412 1009 37 21 der
472 1009 227 21 kommunalnämnder
721 1009 75 26 finnas,
820 1009 72 20 hvilka
910 1009 120 20 handhafva

204 1037 149 27 fattigvården,
369 1038 38 21 der
423 1038 39 20 har
478 1037 148 28 kyrkoherden
641 1037 46 21 icke
703 1043 82 15 samma
796 1036 115 27 inflytande
922 1043 44 15 som
978 1037 51 21 förr.

205 1066 62 21 Huru
283 1073 28 14 nu
327 1066 86 21 dermed
429 1066 54 21 skall
503 1066 88 21 förlikas
607 1067 40 20 den
670 1066 135 26 bestämning
827 1068 32 19 att
881 1066 149 26 kyrkoherden

205 1095 55 20 skall
276 1095 62 21 hafva
353 1101 26 15 en
395 1095 98 20 särskilld
510 1101 84 20 omsorg
609 1101 34 14 om
658 1095 164 26 församlingens
845 1094 82 27 fattiga,
951 1094 79 21 förmår

203 1123 36 26 jag
255 1123 47 22 icke
318 1123 60 26 fatta,
395 1123 38 21 och
449 1123 42 21 kan
506 1123 19 26 ej
540 1123 113 26 godkänna
669 1123 124 21 densamma
807 1123 7 20 i
830 1124 66 19 annat
906 1123 42 25 fall,
960 1125 27 18 än
998 1125 32 18 att

205 1151 87 22 dermed
308 1158 72 15 menas
396 1152 40 21 den
451 1152 108 21 allmänna
573 1152 98 26 kristliga
687 1152 79 26 pligten
782 1153 32 20 att
835 1151 45 21 visa
904 1151 126 26 deltagande

205 1183 45 18 mot
265 1180 77 27 fattiga
357 1181 176 20 medmenniskor.

275 1237 153 26 Kyrkoherden
452 1237 110 20 Castrén
581 1237 73 26 ansåg,
670 1237 7 20 i
692 1239 92 19 motsats
799 1239 45 19 mot
860 1238 85 25 prosten
961 1236 69 21 Grön-

205 1265 58 27 berg,
279 1265 127 27 paragrafen
421 1272 52 14 vara
488 1265 127 26 berättigad,
631 1268 22 24 ty
669 1267 74 24 pastor
758 1265 55 22 hade
829 1267 47 19 säte
891 1265 39 21 och
942 1267 89 19 stämma

205 1294 6 21 i
228 1294 229 21 kommunalnämnden
480 1294 34 20 vid
537 1294 184 27 öfverläggningar
743 1300 35 15 om
793 1294 84 26 fattiga.
907 1294 42 21 Det
964 1295 24 19 är
1003 1307 28 2 —

205 1323 74 20 tillade
296 1323 81 20 talaren
393 1335 27 2 —
436 1329 25 14 en
477 1323 92 25 naturlig
585 1323 38 20 sak
635 1325 32 18 att
680 1324 73 24 pastor
765 1325 89 23 antager
866 1323 31 25 sig
908 1322 26 21 de
944 1322 87 26 fattigas

206 1351 46 25 öde,
269 1351 39 21 och
325 1351 34 21 mä
375 1350 40 21 han
431 1350 49 27 sjelf
493 1350 114 21 bedömma
623 1352 38 19 när
677 1350 52 22 hans
745 1352 91 19 närvaro
852 1352 24 19 är
891 1350 34 21 vid
935 1350 96 21 kommu-

205 1379 142 21 nalstämman
363 1379 102 27 behöflig;
482 1386 25 14 ur
522 1379 84 27 kristlig
621 1379 107 27 synpunkt
744 1379 35 21 vill
793 1379 37 27 jag
853 1379 82 21 derföre
958 1381 74 19 votera

205 1407 34 21 för
254 1408 133 27 paragrafen.

274 1465 130 26 Paragrafen
419 1465 123 26 godkändes
558 1465 47 20 med
622 1465 110 21 obestridd
748 1465 116 26 pluralitet.

275 1521 12 27 $
306 1522 38 21 146
359 1521 124 27 godkändes
498 1521 108 27 enhälligt.
