1109 1795
233 93 42 20 588
436 97 164 18 Presteständet.
625 99 56 16 1867.
705 99 24 16 10
742 98 63 21 April.

207 185 91 26 längden
321 183 49 27 ingä
390 184 51 21 eller
456 184 53 25 icke,
525 184 120 26 lämpligast
661 184 72 20 kunna
748 184 23 21 af
785 184 145 27 domkapitlen
946 185 86 26 ordnas;

207 213 40 21 och
263 213 34 20 för
312 213 32 20 sin
360 213 33 20 del
408 212 50 21 fann
475 212 82 21 talaren
573 212 36 21 det
624 219 51 14 vara
691 212 58 21 svärt
764 215 32 18 att
811 213 70 21 införa
897 213 75 21 sädant
988 214 44 21 ien

207 241 165 27 lysningslängd,
395 241 90 26 hvilken,
502 247 33 14 om
552 241 40 21 den
608 240 152 21 öfverlastades
776 241 47 21 med
840 242 55 20 slika
910 243 123 20 antecknin-

207 276 44 20 gar,
275 270 68 26 aldrig
365 269 70 21 kunde
458 275 22 15 se
503 269 105 26 ordentlig
631 273 29 16 ut.
692 269 31 20 En
745 269 86 21 absolut
852 270 108 21 föreskrift
975 271 6 20 i
997 271 35 21 det

207 298 120 27 föreslagna
351 297 64 27 syftet
436 297 66 27 ansåg
524 298 83 20 talaren
630 304 51 14 vara
703 298 6 20 i
733 298 42 21 allo
798 299 106 26 olämplig.
936 299 96 21 Emellan

207 333 63 14 mom.
287 328 12 19 7
315 326 40 21 och
371 329 12 18 8
398 327 48 20 ville
468 327 88 25 talaren,
579 328 58 19 emot
659 326 56 21 hvad
730 326 149 27 kyrkoherden
896 327 87 21 Castrén
998 335 34 20 yr-

207 355 44 26 kat,
275 357 52 24 göra
351 355 39 21 den
414 355 112 26 åtskilnad,
549 357 32 18 att
597 355 10 26 $
625 355 46 26 102,
695 354 57 21 afser
768 361 62 14 mom.
848 357 11 19 7
875 355 46 22 icke
936 356 96 26 lagförda

208 384 40 20 och
271 389 62 15 mom.
350 385 12 19 8
378 383 46 21 åter
441 383 97 27 lagförda
553 389 108 21 personer.
692 383 33 21 Då
741 383 68 26 någon
825 384 115 26 undergått
955 385 77 26 kyrko-

207 412 56 26 tukt,
286 412 66 21 borde
375 412 76 21 sådant
466 412 22 21 af
501 412 82 26 kyrkan
605 412 110 26 glömmas,
736 412 112 21 hvaremot
863 413 40 21 den
919 414 113 26 verldsliga

208 441 174 20 domaremakten
404 441 45 20 icke
471 441 69 20 kunde
561 441 52 20 eller
636 446 36 15 ens
695 440 54 27 finge
765 441 84 26 förgäta
864 443 33 18 att
912 441 118 27 förbrytare

207 469 70 21 blifvit
301 468 92 21 straffad.
425 469 42 21 För
483 470 31 19 att
530 469 45 20 åter
591 469 44 20 inse
651 469 185 26 nödvändigheten
852 469 23 21 af
890 476 61 15 mom.
969 471 11 20 9
997 477 33 14 om

207 498 27 21 in-
253 497 40 21 och
308 497 203 27 utflyttningslängd,
528 497 47 21 ville
592 497 89 26 talaren,
697 498 66 20 under
779 497 136 27 åberopande
930 499 22 20 af
968 500 8 19 1
995 499 36 20 de-

207 527 34 20 len
257 526 40 21 och
313 527 12 19 3
340 527 61 20 delen
417 526 69 21 häftet
502 527 12 20 3
529 527 78 25 pagina
623 527 38 20 108
678 526 47 21 utaf
736 526 99 26 Agardhs
848 526 39 21 och
900 527 130 26 Ljungbergs

206 555 95 20 statistik
326 555 61 25 1864,
404 555 75 20 endast
493 554 84 27 påpeka
593 554 100 21 behofvet
708 555 23 20 af
744 555 80 20 sådana
840 555 56 24 data,
914 555 53 21 helst
982 555 48 21 med

207 583 85 26 hänsigt
313 583 31 21 till
368 583 101 21 Finlands
490 583 39 21 och
551 583 116 26 Rysslands
693 583 127 26 ömsesidiga
845 583 132 21 förhållande
1000 583 31 21 till

207 612 128 21 hvarandra.
366 611 32 21 Då
419 611 74 21 chefen
516 612 32 20 för
571 611 119 21 statistiska
713 611 67 26 byrån
795 613 7 19 i
818 611 86 27 Sverige
925 613 55 26 Berg
998 613 33 20 vid

206 640 161 21 internationelt
387 642 57 19 möte
465 641 5 20 i
494 640 59 21 Paris
578 640 53 21 1856
655 640 71 20 kunde
748 640 94 26 åberopa
864 647 52 14 anor
939 641 33 20 för
992 641 39 20 den

206 669 91 20 svenska
319 669 120 20 statistiken
459 669 46 20 från
521 669 57 20 förra
594 668 151 25 århundradet,
762 669 23 20 så
801 669 70 21 kunde
888 669 39 20 han
944 669 39 21 ock
999 669 32 21 så-

207 703 46 15 som
276 697 51 26 följd
349 697 64 21 häraf
432 697 96 25 förmäla,
552 700 32 18 att
605 697 85 26 Sverige
707 699 59 19 strax
782 697 45 21 från
844 697 75 26 början
934 697 49 21 kom
999 700 31 19 att

207 726 73 27 intaga
296 728 31 19 ett
342 726 107 21 hedrande
467 732 46 14 rum
529 726 64 21 bland
609 725 145 22 kulturfolken
770 726 6 20 i
793 726 59 21 detta
868 725 104 22 afseende.
1003 726 27 21 Så

207 755 68 20 skuile
299 755 63 20 också
385 755 81 26 engång
488 755 85 20 komma
591 756 32 19 att
639 754 37 20 ske
692 755 48 20 med
755 754 48 21 vårt
818 755 56 20 land.
905 754 44 21 Och
965 755 65 26 ansåg

207 783 83 20 talaren
311 783 131 21 fördenskull
465 783 36 20 det
522 789 52 14 vara
589 783 23 20 af
627 785 79 18 största
727 783 50 26 vigt,
793 785 33 18 att
842 783 62 26 ingen
920 783 88 26 ändring
1023 783 6 21 i

208 811 60 22 detta
290 811 99 22 afseende
411 811 90 27 gjordes,
524 814 51 19 utan
599 811 66 21 borde
681 811 26 21 de
723 813 99 19 närmare
838 812 190 26 anordningarna
1017 807 14 35 i

207 841 60 20 detta
289 840 97 21 afseende
409 840 20 21 få
451 840 112 21 ankomma
586 840 27 27 på
635 840 160 21 vederbörande
817 840 136 26 domkapitel.
984 841 45 20 Mot

207 875 62 14 mom.
296 869 31 25 10,
346 875 33 14 om
395 869 183 26 inventariilängd,
593 869 50 20 sade
659 869 84 20 talaren
759 869 31 26 sig
806 869 17 26 ej
840 869 64 20 hafva
918 871 64 18 annat
998 871 32 18 att

207 897 106 26 påminna,
335 899 26 19 än
384 900 32 18 att
439 897 103 26 önskeligt
565 897 55 21 varit
639 897 36 21 det
694 897 90 20 diarium
798 897 78 26 jemväl
892 897 54 21 hade
962 897 68 21 blifvit

207 925 142 22 föreskrifvet.
379 925 163 22 Slutmomentet
557 926 6 20 i
580 927 11 25 $
609 927 39 20 147
665 926 54 20 hade
730 926 33 20 väl
774 926 102 20 förefallit
886 925 66 27 några
962 926 67 20 talare

207 954 86 26 vådligt,
318 955 68 20 såsom
403 955 109 20 lemnande
528 954 72 21 alltför
616 956 44 19 stor
677 954 58 21 makt
751 954 22 21 åt
788 955 177 26 kyrkostyrelsen,
982 961 47 14 men

207 983 70 20 denna
292 983 54 26 åsigt
361 983 70 21 kunde
447 983 82 20 talaren
544 984 33 20 för
593 983 31 20 sin
640 983 34 20 del
691 983 18 26 ej
725 983 67 20 heller
808 983 84 20 biträda
912 985 50 18 enär
978 983 51 20 nöd-

207 1011 141 27 vändigheten
369 1012 22 20 af
411 1012 126 26 stadgandet
557 1012 6 20 i
579 1012 81 21 samma
682 1013 94 19 moment
799 1011 66 21 borde
887 1011 23 21 af
930 1018 26 14 en
978 1011 52 21 hvar

207 1047 62 14 inses.

276 1097 153 27 Kyrkoherden
445 1097 114 21 Juselius
574 1097 91 26 yttrade,
682 1099 33 18 att
730 1097 41 21 han
789 1097 75 26 begärt
880 1097 60 20 ordet
956 1097 31 20 för
998 1098 32 19 att

206 1126 75 20 förena
305 1126 30 26 sig
357 1126 47 20 med
421 1126 76 21 doktor
513 1126 106 26 Alopaeus
636 1126 79 25 derom,
732 1128 32 18 att
780 1131 29 14 nu
824 1125 115 21 omordade
955 1125 74 26 detalj-

208 1154 158 26 bestämningar
381 1155 45 20 icke
442 1154 66 21 måtte
524 1155 6 20 i
546 1154 129 27 kyrkolagen
691 1154 55 27 ingå,
762 1161 48 14 men
825 1154 6 21 i
848 1153 100 21 händelse
962 1154 68 20 denna

207 1183 86 26 mening
308 1183 18 26 ej
342 1182 68 21 blefve
431 1183 102 25 ståndets,
557 1183 48 20 ville
627 1183 83 20 talaren
733 1183 85 20 biträda
840 1183 39 20 den
902 1182 22 21 af
944 1185 86 24 prosten

207 1211 112 26 Grönberg
333 1211 96 21 uttalade
445 1211 61 26 åsigt.

276 1268 152 27 Kyrkoherden
451 1268 126 21 Bäckvall
601 1268 54 21 utlät
677 1269 38 25 sig,
733 1270 32 19 att
781 1274 34 14 om
831 1269 73 25 pastor
919 1269 6 19 i
940 1267 87 21 försam-

207 1297 70 26 lingen
299 1297 82 26 engång
403 1297 72 21 ålades
493 1299 33 18 att
540 1297 47 20 föra
602 1297 85 25 böcker,
703 1296 24 21 så
742 1303 51 14 vore
809 1296 36 21 det
861 1297 70 20 bättre
947 1297 32 20 för
994 1296 36 21 ho-

207 1331 49 15 nom
279 1328 32 19 att
332 1325 63 21 hafva
415 1325 109 21 föreskrift
546 1332 34 14 om
604 1325 25 20 de
653 1325 84 24 böcker,
760 1325 41 20 han
824 1325 40 20 bör
879 1325 53 25 föra,
948 1325 82 20 hvadan

207 1354 148 26 kyrkoberden
379 1354 46 20 med
444 1354 31 20 sin
491 1355 45 19 röst
551 1354 76 25 bidrog
642 1354 32 20 till
691 1354 137 25 paragrafens
843 1353 120 25 antagande
979 1354 51 19 utan

206 1382 97 26 ändring.

276 1439 88 21 Prosten
387 1439 133 26 Grönberg
543 1439 90 26 yttrade,
650 1441 32 18 att
697 1439 92 20 änskönt
805 1438 77 27 många
897 1437 133 22 anmärknin-

205 1474 38 20 gar
266 1469 56 19 ännu
344 1468 69 21 kunde
437 1467 70 27 mot
495 1462 12 36 &
526 1468 37 20 147
583 1469 70 25 göras,
677 1468 92 20 förutom
789 1467 54 25 dem,
860 1473 45 15 som
922 1466 108 21 allaredan

207 1496 47 21 med
277 1503 46 14 mer
345 1497 50 20 eller
416 1496 81 21 mindre
521 1496 45 21 skäl
582 1496 133 26 framställts,
731 1496 23 21 så
771 1496 47 21 ville
834 1496 83 21 talaren
932 1501 29 15 nu
976 1494 54 22 blott
