1109 1795
238 132 41 21 654
434 137 166 18 Presteståndet.
625 138 53 17 1867.
703 139 23 16 12
739 138 62 21 April.

486 251 36 24 XIX
537 252 42 28 kap.
610 253 31 22 Om
658 251 99 30 kyrkoråd.

278 309 49 21 Alla
341 309 32 21 till
389 309 60 22 detta
464 309 81 27 kapitel
560 309 97 22 hörande
672 310 33 27 $$,
720 310 7 20 i
737 309 137 28 ursprunglig
883 310 150 27 nummerföljd

210 337 120 26 332—349,
346 340 95 24 antogos,
458 338 54 21 dock
528 338 47 21 med
591 338 26 21 de
634 338 22 21 af
671 338 106 21 utskottet
787 338 116 27 tillstyrkta
912 339 122 21 förändrin-

209 372 39 21 gar
263 366 35 21 vid
313 366 24 28 $$
353 367 48 25 335,
419 367 48 25 336,
484 367 48 25 340,
548 367 42 20 344
606 367 67 26 enligt
688 367 58 20 förra
761 367 143 26 alternativet,
920 369 54 19 samt
985 367 48 22 345.

483 451 28 23 XX
527 451 41 29 kap.
600 451 31 24 Om
647 451 112 29 kyrkovärd.

280 508 56 21 Hela
358 509 95 26 kapitlet,
477 509 145 21 innefattande
645 509 24 27 $$
693 509 120 26 350—357,
834 509 130 27 godkändes,
986 510 48 21 med

212 537 87 22 rättelse
316 537 75 22 endast
405 538 24 21 af
443 537 36 21 det
494 538 35 21 vid
544 538 11 27 $
572 538 41 21 355
630 538 22 21 af
665 538 107 21 utskottet
787 538 113 21 anmärkta
915 537 118 28 tryckfelet.

459 622 34 23 XXI
510 622 42 29 kap.
583 623 31 22 Om
631 622 158 29 biskopsembete.

282 679 101 28 Samtlige
398 680 128 21 hithörande
541 680 24 27 $$
582 680 112 21 358—386
709 680 130 27 godkändes,
856 681 11 26 $
884 681 40 20 360
936 681 47 21 med
995 681 39 21 den

213 709 128 21 förändrade
356 708 177 27 tidsbestämning
548 709 23 20 af
584 709 41 20 fem
642 709 30 27 är,
688 715 45 15 som
749 709 105 21 utskottet
869 709 117 27 föreslagit.

479 793 43 24 XXII
538 793 42 29 kap.
611 794 31 23 Om
658 793 120 29 domkapitel.

283 851 24 27 $$
323 851 111 20 387—401
451 852 89 25 anotgos
556 851 48 21 med
620 851 25 20 de
661 851 23 20 af
697 851 106 21 utskottet
819 851 35 21 vid
870 851 23 28 $$
916 851 48 25 387,
988 852 48 26 388,

215 879 48 26 389,
279 879 40 21 391
337 879 38 21 och
392 879 41 21 394
448 867 121 38 föreslagna
585 879 121 26 ändringar.

283 937 12 26 &
316 937 41 21 402
381 938 74 25 antogs
472 937 48 20 med
535 936 135 21 uteslutande
685 937 23 20 af
722 936 79 21 orden:
817 936 65 25 ,eller
898 936 139 27 uppkommer

215 965 73 21 derom
304 965 119 27 uppenbart
441 965 80 26 rykte.*

285 1022 23 27 $$
324 1023 112 20 403—421
452 1022 124 27 godkändes
593 1022 148 21 oförändrade.

284 1079 11 28 $
316 1080 41 20 422
379 1081 75 25 antogs
470 1079 48 21 med
534 1085 25 15 en
575 1079 23 20 af
611 1079 96 21 ståndets
723 1079 72 21 beslut
809 1079 91 21 rörande
916 1079 11 27 $
944 1079 39 21 142
1000 1080 38 25 på-

215 1108 72 21 kallad
303 1108 88 26 ändring
406 1108 23 21 af
443 1108 77 21 orden:
536 1108 41 25 ,,då
593 1107 55 22 skall
664 1108 39 21 den
719 1108 95 27 skyldige
829 1108 33 21 till
878 1107 42 21 viss
943 1108 41 26 dag
1006 1109 31 20 in-

215 1137 33 20 för
270 1137 139 26 domkapitlet
432 1137 96 24 inkallas,
551 1137 94 26 utslaget
659 1137 101 26 uppläsas
775 1137 40 20 och
830 1136 154 27 prestembetet
998 1136 39 21 ho-

216 1171 49 15 nom
281 1165 83 27 afsägas
379 1165 28 26 på
421 1167 44 19 sätt
480 1165 7 20 i
503 1165 10 27 $
531 1165 39 20 142
587 1165 62 26 sagdt
664 1167 44 23 är*,
725 1165 32 21 till
772 1165 25 20 så
811 1165 103 26 lydande:
932 1165 40 24 ,,då
983 1165 54 21 skall

216 1194 48 21 med
280 1193 40 22 den
335 1193 95 27 skyldige
445 1193 91 22 förfaras
551 1193 28 26 på
595 1195 43 19 sätt
654 1193 5 21 i
675 1193 12 28 $
703 1194 40 20 142
758 1193 63 27 sagdt
837 1193 43 21 är.”

298 1251 11 27 8
325 1251 112 21 423—429
452 1251 125 26 godkändes
592 1251 104 26 föröfrigt,
712 1253 59 19 utom
787 1252 32 19 att
836 1251 52 20 sista
903 1257 61 14 mom.
984 1250 23 21 af
1028 1250 10 27 $

216 1280 42 21 425
274 1279 6 21 i
292 1279 93 27 enlighet
399 1280 48 20 med
461 1279 117 21 utskottets
589 1279 121 27 tillstyrkan
721 1279 67 21 borde
800 1279 44 22 helt
855 1279 40 21 och
905 1278 67 22 hället
982 1279 56 26 utgä.

411 1364 50 23 XXIII
478 1364 41 29 kap.
551 1364 30 23 Om
598 1364 249 27 kontraktsprosteemhete.

285 1422 24 27 88
326 1422 41 21 430
383 1422 39 21 och
438 1423 39 20 431
494 1422 125 27 godkändes
635 1422 40 21 den
691 1428 73 15 senare
786 1422 48 21 med
855 1422 41 21 den
917 1421 123 26 förändring

217 1451 106 21 utskottet
339 1451 44 20 deri
397 1451 116 26 föreslagit.

287 1508 11 27 $
315 1507 42 21 432
373 1509 76 24 antogs
463 1507 47 21 med
527 1508 40 21 den
583 1507 153 27 modifikation,
753 1509 32 20 att
800 1507 117 27 uttrycket:
934 1507 52 25 ,och
1010 1507 30 20 in-

217 1536 195 27 ventariilängden*
428 1538 55 19 samt
497 1536 47 21 från
561 1536 64 21 slutet
641 1537 22 21 af
676 1536 139 27 paragrafen:
834 1536 52 27 ,och
908 1535 104 22 anteckne
1032 1536 7 20 i
