1109 1795
315 109 166 19 Presteståndet.
506 109 55 17 1867.
587 109 19 16 11
619 109 63 21 April.
840 103 41 20 605

83 197 34 22 kel
140 197 155 26 röstpluralitet
317 196 79 27 afgjort
416 195 67 22 blifna
498 195 131 21 Ständernas
644 194 77 26 beslut,
736 195 52 20 utan
803 193 41 22 har
858 193 54 22 Bor-

83 225 137 28 gareståndet
242 225 34 20 för
291 225 48 21 dess
355 225 35 20 del
405 225 87 20 stannat
506 223 35 21 vid
557 223 41 21 den
614 223 62 26 åsigt,
692 224 32 19 att
739 223 34 20 för
789 224 32 19 ett
836 223 24 20 så
875 222 36 21 be-

84 253 91 22 skaffadt
198 253 77 26 beslut,
291 253 54 21 skall
361 252 107 22 erfordras
484 252 35 21 två
534 251 130 27 tredjedelar
679 251 23 21 af
715 251 197 21 utskottsmedlem-

84 289 84 15 marnes
191 284 76 19 röster.
298 281 45 22 Och
356 282 66 26 jemte
438 281 36 20 det
489 280 183 26 Borgareständet
687 280 7 20 i
710 279 63 27 öfrigt
789 279 95 26 godkänt
899 279 12 27 $

84 313 34 23 75,
143 311 40 21 har
203 310 86 22 ståndet
303 310 112 21 förordnat
430 311 32 20 att
477 309 124 21 densamma
617 309 54 20 skall
686 308 142 21 underkastas
844 307 67 22 sådan

84 340 161 26 omredigering,
268 345 46 15 som
334 338 96 27 påkallas
445 338 23 21 af
481 337 141 27 nyssnämnde
637 337 90 26 ändring
742 337 23 20 af
778 337 11 26 $
806 337 34 26 74,
856 338 55 19 samt

84 371 38 22 att,
138 369 33 20 för
186 367 163 27 ifrågavarande
364 369 77 19 tvänne
457 366 135 27 paragrafers
608 365 116 22 affattande
739 365 8 21 i
758 363 94 29 enlighet
862 365 48 21 med

84 397 26 21 de
126 397 22 21 af
163 396 90 22 Ståndet
268 396 90 22 sålunda
368 395 82 22 fattade
461 395 77 23 beslut,
549 394 126 22 återförvisa
685 394 88 21 ärendet
784 394 32 21 till
827 393 84 22 Grund-

91 426 164 26 agsutskottet''.

155 453 20 28 b)
195 453 22 22 af
230 453 94 22 innehäll
339 454 31 20 att
385 452 85 21 ståndet
493 451 102 27 enhälligt
610 451 95 27 godkänt
721 457 80 15 samma
816 451 94 20 utskotts

84 483 136 21 betänkande
243 482 91 21 rörande
349 481 120 26 föreslagen
485 481 35 26 lag
534 481 34 20 för
583 480 91 21 åhörare
689 479 35 22 vid
739 479 101 22 ståndens
856 485 54 15 sam-

84 512 127 21 manträden
227 511 68 21 under
310 510 116 27 påstående
441 509 109 27 landtdag.

153 569 75 21 Såsom
251 568 46 21 icke
318 567 152 21 föranledande
486 567 31 20 till
533 566 70 27 någon
619 566 76 27 åtgärd
711 566 58 21 lades
785 565 61 21 dessa
861 571 49 20 pro-

84 597 158 26 tokollsutdrag
257 597 33 21 till
305 596 159 26 handlingarne.

153 757 121 22 Fortsattes
289 757 184 26 handläggningen
489 757 24 20 af
526 755 223 28 kyrkolagsförslaget.

154 843 34 23 XVI
205 843 42 28 kap.
277 843 30 22 Om
323 843 94 26 klockare,
434 843 115 28 orgelnister
565 842 34 23 och
616 842 48 29 öfrig
681 841 160 30 kyrkobetjening.

154 906 99 21 Rörande
269 906 11 27 $
297 907 41 20 264
353 906 84 27 yttrade
453 907 32 25 sig

154 964 90 21 Prosten
269 963 78 22 doktor
371 963 110 27 Bergh,
505 969 45 15 som
575 963 48 21 med
649 963 134 27 åberopande
808 964 23 21 af
852 965 32 20 sin
904 965 7 21 i

86 992 232 27 kyrkolagsutskottets
340 992 135 21 betänkande
493 992 7 21 i
515 991 74 27 frågan
612 991 81 27 afgifna
715 993 137 23 reservation,
875 993 35 21 be-

86 1020 103 22 träffande
205 1021 40 21 den
261 1021 23 20 af
298 1021 106 21 utskottet
419 1021 121 26 föreslagna
555 1021 113 20 redaktion
684 1020 23 21 af
718 1021 162 26 ifrågavarande
890 1022 21 27 8,

86 1049 66 27 ansåg
173 1051 40 22 att,
231 1049 28 22 då
274 1050 7 20 i
297 1049 99 22 afseende
412 1049 13 21 å
440 1049 104 21 särskilda
560 1050 128 26 presterliga
703 1049 159 27 förrättningar,
878 1051 33 20 så-

86 1084 45 15 som
155 1077 215 28 bibelförklarningar
391 1084 28 15 m.
439 1077 27 26 fl.,
489 1078 55 21 intet
559 1077 67 22 finnes
642 1077 162 26 ,föreskrifvet'*
820 1079 91 21 rörande

87 1107 112 20 klockares
214 1107 121 26 skyldighet
349 1108 33 19 att
396 1107 35 20 vid
447 1107 48 20 dem
512 1106 47 21 leda
573 1106 86 27 sängen,
670 1107 62 20 ordet
742 1106 168 27 ,,föreskrifven'

87 1135 65 21 borde
175 1135 86 27 utbytas
285 1137 57 19 emot
364 1151 5 9 ,
372 1135 99 26 mnödig',;
489 1137 55 18 samt
559 1136 38 25 att,
614 1137 51 18 enär
680 1135 148 26 kyrkosängen
844 1141 45 16 som
904 1137 8 20 i

86 1164 117 21 allmänhet
218 1170 50 15 vore
283 1164 7 20 i
307 1163 60 27 djupt
381 1163 78 25 förfall,
475 1163 46 21 icke
537 1163 71 21 kunde
624 1163 125 27 upphjelpas
763 1169 77 21 genom
853 1164 59 21 kloc-

86 1193 77 20 karnes
186 1192 117 27 äläggande
326 1194 33 19 att
379 1192 44 21 deri
442 1192 113 21 undervisa
577 1192 242 27 skriftskoleungdomen
835 1193 77 25 allena,

87 1221 116 21 utskottets
218 1221 80 26 förslag
312 1221 7 20 i
335 1221 68 20 denna
419 1220 34 21 del
469 1221 70 20 kunde
555 1221 82 20 erhålla
647 1221 93 26 följande
751 1221 88 27 lydelse:
855 1221 57 26 ,,han

87 1249 53 21 skall
164 1249 40 21 ock
219 1249 162 26 församlingens
396 1249 53 20 barn
465 1249 40 21 och
520 1249 124 27 isynnerhet
659 1249 231 22 skriftskolasundomen
904 1250 8 21 i

86 1277 116 27 koralsäng
223 1278 120 27 undervisa,
364 1277 39 22 och
419 1277 66 21 sädan
500 1277 64 27 afsigt
579 1277 54 22 efter
649 1279 172 26 presterskapets
836 1278 76 21 anord-

87 1307 75 26 nande,
178 1306 28 27 pä
221 1306 101 28 lämpliga
337 1307 55 20 tider
407 1306 48 21 med
471 1306 48 21 dem
535 1306 150 27 sängöfningar
701 1307 106 21 anställa*
817 1308 40 19 etc.
868 1307 45 21 lika

86 1335 48 20 med
149 1335 116 21 utskottets
280 1335 141 21 betänkande.

155 1392 90 21 Prosten
268 1391 159 27 Grönberg
442 1392 51 21 sade
508 1392 32 27 sig
555 1392 47 21 icke
617 1391 64 22 hafva
691 1392 65 27 nägot
766 1393 33 20 att
810 1392 103 21 anmärka

86 1422 58 19 emot
166 1421 26 20 de
214 1420 23 21 af
257 1420 77 21 doktor
355 1421 71 26 Bergh
441 1420 114 21 förordade
571 1421 74 26 tillägg
660 1421 39 21 och
715 1421 149 26 förändringar
880 1421 33 21 till

86 1448 161 27 ifrågavarande
263 1449 18 27 8,
305 1455 47 15 men
367 1449 67 26 ansåg
449 1449 32 26 sig
495 1449 47 21 icke
557 1449 74 21 kunna
646 1449 85 22 biträda
745 1449 117 22 utskottets
878 1449 35 22 be-

86 1477 107 21 tänkande
217 1477 126 22 derutinnan
362 1480 33 19 att
412 1478 128 21 klockarene
563 1477 125 22 frikallades
703 1478 47 21 frän
765 1478 149 27 skyldigheten

86 1508 33 19 att
135 1505 112 22 fortskaffa
261 1506 171 27 presterskapets
446 1506 135 27 tjenstebref,
597 1506 72 21 hvilka
684 1507 7 20 i
705 1506 107 22 anseende
827 1507 33 21 till
875 1513 39 14 nu-
