1109 1795
325 113 166 18 Presteståndet.
516 115 57 16 1867.
598 115 9 16 1
619 115 48 20 Maj.
840 111 40 20 815

150 198 11 21 I
183 198 113 27 anledning
311 198 23 21 af
347 199 153 26 lagutskottets
516 199 13 21 å
544 205 47 20 pag.
609 200 26 20 27
652 199 21 21 af
688 199 145 22 betänkandet
848 200 64 21 fram-

82 226 78 21 ställda
182 226 87 27 förslag,
292 227 91 21 rörande
406 227 151 21 användandet
579 227 24 21 af
626 227 286 28 lagmanstingsgästningen,

82 255 93 26 uppstod
190 255 93 26 följande
299 255 126 21 diskussion.

151 311 90 22 Prosten
262 312 144 27 Grönberg
427 312 50 21 ville
497 312 57 21 fästa
569 312 97 21 ståndets
682 312 189 27 uppmärksamhet
886 313 27 26 på

82 340 118 21 utskottets
215 339 132 22 beträffande
363 341 69 20 denna
447 341 61 26 fråga
522 341 98 21 uttalade
629 341 96 26 motiver,
738 341 23 20 af
769 341 73 21 hvilka
849 341 65 22 fram-

83 369 54 26 gick,
154 370 32 19 att
202 369 93 26 klyfning
311 369 22 21 af
347 369 141 26 domsagorna
504 369 40 21 och
560 369 110 21 införande
686 369 23 20 af
723 372 137 23 permanenta
875 377 38 14 un-

84 397 107 21 derrätter
206 397 28 27 på
249 397 72 21 landet
336 397 45 22 icke
397 403 50 15 vore
463 397 104 22 tänkbart
585 400 51 19 utan
653 397 120 27 förhöjning
788 398 23 21 af
825 398 89 21 härads-

83 426 149 26 höfdingarnes
255 426 97 26 aflöning,
375 426 99 21 hvarföre
498 426 65 22 också
578 426 83 22 talaren
676 426 113 22 förordade
805 426 59 22 bifall
880 427 33 21 till

83 454 116 22 utskottets
214 455 139 21 betänkande.

152 511 89 21 Prosten
264 511 79 26 Hjelt
365 511 71 21 kunde
459 511 98 21 deremot
576 511 47 21 icke
637 511 52 27 gilla
704 513 31 19 att
750 511 163 27 ifrågavarande

82 539 94 22 inkomst
198 540 7 21 i
228 540 48 20 dess
291 539 72 21 helhet
377 539 140 22 tillerkändes
532 540 226 25 häradshöfdingarne,
774 540 72 21 hvilka
861 547 51 14 voro

82 568 84 21 landets
189 568 48 21 bäst
259 567 96 22 aflönade
377 568 135 26 tjenstemän,
528 569 66 20 sedan
610 568 193 27 expeditionslösen
818 568 34 21 för
867 569 46 21 icke

83 597 61 26 länge
159 596 92 21 tillbaka
266 597 68 20 blifvit
349 596 83 27 förhöjd
449 599 56 18 samt
521 597 63 20 deras
601 597 74 20 arbete
687 597 137 21 förminskats
836 603 76 20 genom

83 624 136 21 föreskriften
243 631 34 14 om
300 625 97 20 befrielse
420 625 46 20 från
490 625 121 21 renskrifna
627 625 139 21 domböckers
782 625 131 22 insändande

84 653 32 21 till
132 652 113 22 hofrätten.
275 653 34 22 Då
323 653 73 21 härtill
411 654 73 20 vidare
499 653 50 21 kom
566 655 33 19 att
615 654 68 20 ehuru
694 654 64 26 enligt
768 654 99 26 gällande
878 655 34 26 lag

84 684 32 18 tre
139 681 88 26 lagtima
247 682 44 26 ting
310 688 33 15 om
359 682 46 21 året
421 682 66 21 borde
503 682 104 21 förrättas
622 683 6 20 i
646 682 73 27 hvarje
734 683 107 25 domsaga,
857 683 55 20 hade

83 709 47 22 icke
152 710 50 21 flere
226 712 27 19 än
272 710 36 21 två
323 711 44 26 ting
382 710 79 26 hållits,
478 712 56 19 samt
550 710 70 27 kongl.
637 710 82 21 brefvet
735 711 22 20 af
771 711 41 20 den
828 711 26 20 22
871 711 41 20 De-

84 739 84 20 cember
192 739 53 20 1743
261 739 127 20 tillerkände
403 739 128 26 lagmännen
547 739 56 21 blott
619 739 80 21 hälften
715 739 23 20 af
751 739 161 26 ifrågavarande

84 767 161 26 tingsgästning,
261 767 91 26 föreslog
367 767 82 22 talaren
465 769 32 19 att
513 768 91 20 nämnde
617 767 55 21 hälft
682 767 23 21 af
716 767 119 21 inkomsten
845 767 67 22 måtte

83 795 114 21 framdeles
213 795 21 22 få
249 795 23 21 af
286 795 217 28 häradshöfdingarne
519 796 114 26 uppbäras,
647 798 44 19 mot
701 796 120 26 skyldighet
832 795 23 22 af
864 797 48 20 dem

84 825 32 19 att
138 823 57 22 hålla
217 826 32 19 tre
272 824 45 26 ting
336 831 34 14 om
385 824 52 25 året,
454 824 28 21 då
497 825 97 20 deremot
610 825 40 20 den
666 824 67 21 andra
748 824 81 21 hälften
846 824 22 21 af
881 825 31 20 in-

84 852 97 21 komsten
197 852 73 27 borde,
284 853 84 26 jemlikt
385 853 54 20 1772
455 853 36 21 års
506 853 171 27 regeringsform,
695 853 83 21 tillfalla
786 853 126 26 justitiesta-

84 882 36 19 ten
134 881 7 20 i
156 881 79 21 landet.

152 937 84 21 Doktor
251 937 81 27 Bergh
347 944 38 15 var
401 944 48 15 ense
465 938 49 21 med
530 940 87 24 prosten
633 938 59 26 Hjelt
707 938 7 21 i
729 937 70 27 öfrigt,
815 944 48 14 men
876 944 37 15 an-

84 965 38 27 såg
136 966 278 27 lagmanstingsgästningen
429 966 54 21 böra
499 966 100 27 tilläggas
613 967 109 20 hofrätten
733 967 6 20 i
750 966 118 26 ersättning
880 966 32 21 för

85 995 35 20 det
143 993 104 22 förökade
269 995 79 26 arbete,
371 1001 45 15 som
432 995 69 21 blefve
518 1001 25 15 en
559 995 52 26 följd
626 995 23 20 af
663 995 204 26 lagmansrätternas
882 995 30 20 in-

83 1022 109 27 dragning.

152 1079 90 21 Prosten
266 1079 135 27 Grönberg
423 1080 96 26 yttrade:
536 1082 33 19 att
584 1080 66 26 enligt
667 1081 24 20 15
709 1079 11 28 &
736 1080 7 20 i
760 1080 54 20 1772
829 1079 35 21 års
880 1086 31 15 re-

83 1108 140 27 geringsform
239 1108 277 27 lagmanstingsgästningen
532 1109 41 20 bör
587 1109 109 20 användas
706 1108 32 21 till
749 1108 38 21 sitt
798 1114 115 21 ursprung-

84 1137 43 26 liga
149 1136 104 21 ändamål.
285 1137 159 20 Hofrättsrådet
467 1137 122 21 Grotenfelt
612 1137 55 21 hade
688 1137 31 21 uti
734 1137 30 20 sin
781 1136 131 21 reservation

84 1165 114 26 ådagalagt
219 1167 32 18 att
273 1165 68 21 denna
364 1165 93 21 inkomst
472 1166 164 26 ursprungligen
651 1166 84 21 tillhört
750 1164 162 22 häradshöfdin-

83 1199 71 20 garne,
177 1199 48 15 men
248 1193 121 22 sedermera
391 1194 81 25 tillagts
495 1194 134 26 lagmännen.
659 1194 34 21 Då
715 1200 28 14 nu
763 1193 62 27 fråga
845 1192 67 22 blifvit

83 1221 63 22 väckt
162 1228 33 15 om
211 1221 151 28 domsagornas
378 1222 106 26 reglering
499 1222 40 21 och
555 1225 139 24 permanenta
709 1222 128 21 domstolars
847 1222 66 21 inrät-

83 1250 71 25 tande,
178 1250 23 21 så
224 1257 49 14 vore
297 1251 35 20 det
355 1250 64 22 också
441 1251 89 20 alldeles
546 1251 131 26 nödvändigt
693 1253 32 19 att
740 1251 64 26 sagde
819 1250 94 21 inkomst

84 1279 85 20 tillades
191 1279 224 26 häradshöfdingarne.
447 1279 74 21 Skulle
544 1285 49 15 man
613 1279 46 21 åter
674 1280 72 20 kunna
761 1279 105 21 deducera
882 1279 31 26 sig

84 1307 70 21 dertill
177 1309 33 19 att
231 1307 278 27 lagmanstingsgästningen
524 1307 67 22 borde
607 1308 108 21 användas
730 1308 33 21 för
779 1308 134 20 kommuner-

84 1341 38 15 nas
143 1335 96 27 räkning,
263 1335 24 21 så
308 1336 65 26 följde
396 1336 62 20 deraf
481 1338 33 18 att
536 1336 28 20 då
586 1336 230 26 häradshöfdingarnes
831 1335 82 21 löner
903 1331 14 36 i

83 1364 114 20 framtiden
213 1364 113 26 påkallade
340 1364 127 26 förhöjning,
484 1370 50 15 vore
551 1365 37 21 det
603 1364 72 22 alltför
686 1364 57 22 svårt
756 1366 32 19 att
798 1363 47 22 från
856 1364 58 20 kom-

84 1399 103 14 munerna
203 1392 96 26 återtaga
315 1393 68 21 denna
399 1393 99 21 inkomst.

152 1449 84 22 Doktor
258 1450 136 27 Alopaeus
416 1450 67 26 ansåg
498 1450 280 27 lagmanstingsgästningen
794 1449 70 21 såsom
880 1455 33 15 ur-

84 1478 135 26 sprungligen
235 1479 128 20 tillhörande
378 1479 178 26 rättskipningen,
572 1479 54 20 böra
641 1485 119 15 reserveras
776 1478 33 21 till
824 1484 26 15 en
862 1477 51 22 fond

82 1506 34 21 för
131 1509 139 23 permanenta
285 1507 127 21 domstolars
428 1507 151 26 organisation.
