1109 1795
329 128 167 17 Presteståndet.
521 129 56 16 1867.
601 129 8 16 1
622 128 48 21 Maj.
769 135 3 2 .
843 123 41 22 803

154 214 100 22 Härefter
277 214 45 21 blef
343 220 63 15 mom.
425 214 13 20 2
459 214 6 20 i
487 213 247 24 utskottsbetänkandet,
749 213 28 27 på
793 213 120 23 framställd

87 243 138 27 proposition,
241 242 23 21 af
278 243 85 21 ståndet
377 242 112 27 godkändt
504 243 48 20 med
569 242 109 21 obestridd
694 242 114 26 pluralitet.

154 299 65 21 Mom.
235 301 14 19 3
265 299 39 21 och
319 300 14 19 4
347 299 90 26 gillades
452 299 110 22 likaledes.

403 355 195 29 Rättegångsbalken:

156 413 57 27 Kap.
230 414 70 20 1—11
315 414 90 25 antogos
420 414 52 20 utan
488 413 104 27 votering.

156 470 59 27 Kap.
231 471 35 20 12.

155 527 15 26 $
184 528 22 20 2.

156 583 83 20 Doktor
262 582 111 21 Hellön
395 582 66 27 ansåg
485 583 41 21 den
547 583 7 20 i
575 582 68 21 första
663 583 115 20 momentet
792 582 122 27 föreslagna

87 611 138 26 fördubbling
240 611 23 20 af
276 611 91 21 böterna
381 610 34 21 för
429 612 56 25 part,
501 617 46 15 som
563 611 46 21 icke
622 610 89 21 infinner
720 611 31 26 sig
761 611 68 20 under
839 610 75 21 mälets

88 639 136 26 behandling,
240 639 47 22 icke
303 645 50 15 vara
368 639 108 26 päkallad,
492 639 101 21 hvarföre
609 639 82 21 talaren
706 639 80 27 yrkade
801 641 32 19 att
849 639 65 21 orden

86 668 97 21 kommer
206 668 41 21 han
267 668 18 27 ej
301 667 112 26 tillstädes,
429 668 77 21 medan
522 668 67 21 mälet
605 669 24 19 är
643 667 52 26 före,
711 667 50 22 böte
776 667 95 27 dubbelt,
887 667 28 27 pä

87 698 45 19 sätt
147 696 178 27 borgareständet
340 696 65 21 ocksä
421 696 101 27 beslutat,
538 696 90 21 alldeles
638 696 57 27 utgä.

157 753 83 21 Doktor
262 753 99 26 Bergh
385 753 100 26 önskade,
504 752 67 27 jemte
591 753 37 21 det
643 752 42 21 han
701 752 130 21 beträffande
847 752 68 21 första

88 783 117 20 momentet
226 787 38 15 var
287 787 49 16 ense
359 781 48 21 med
430 781 40 21 den
493 781 130 26 föregäende
643 781 89 26 talaren,
753 781 114 20 hemställa
882 781 33 20 till

86 810 88 21 ständet
196 810 105 21 huruvida
319 810 109 27 principen
445 816 34 15 om
495 810 102 21 böternas
612 809 121 27 förhöjning
747 809 6 21 i
769 809 69 21 denna
853 815 62 20 para-

86 838 50 27 graf
157 844 50 15 vore
231 839 72 26 riktig,
323 838 27 21 dä
371 838 151 21 häradsrätten
538 838 91 21 sälunda
644 838 127 27 upprycktes
787 837 32 22 till
835 843 81 16 samma

88 872 53 21 rang
164 873 45 14 som
231 867 174 26 lagmansrätten,
428 867 139 26 hvarigenom
590 866 268 27 rättegängskostnaderna
882 865 33 22 för

88 897 74 25 parter
183 895 114 21 framdeles
320 895 69 21 blefvo
405 895 44 21 lika
464 895 66 27 dryga
546 901 46 15 som
607 895 138 21 härförinnan
761 895 34 20 vid
811 895 105 26 lagmans-

88 925 76 20 rätten.
197 923 44 22 Och
264 923 27 22 dä
313 923 149 22 häradsrätten
485 924 100 21 öfverallt
607 924 7 20 i
637 923 59 21 detta
717 923 79 26 förslag
818 923 96 21 kallades

88 952 114 21 underrätt
216 954 56 19 samt
288 953 11 20 1
315 952 12 27 &
344 953 25 20 12
386 952 53 27 Kap.
456 952 25 21 R.
497 953 25 20 B.
538 952 23 21 af
575 958 28 15 nu
618 952 98 26 gällande
732 951 78 27 lagbok
825 951 33 21 för
868 953 47 19 ute-

89 986 51 15 varo
159 980 103 27 stadgade
285 987 26 14 en
327 981 70 20 dalers
412 981 63 21 böter
489 981 35 20 vid
540 981 131 25 häradsrätt,
686 979 59 27 insäg
760 981 84 20 talaren
858 980 19 26 ej
894 979 22 21 af

90 1009 55 20 hvad
160 1009 48 20 skäl
223 1015 50 14 man
288 1015 29 14 nu
332 1009 68 21 skulle
415 1009 116 21 fördubbla
546 1009 63 21 dessa
625 1008 67 22 böter.
722 1008 44 21 Det
780 1015 49 14 vore
839 1009 75 20 visser-

87 1037 57 26 ligen
167 1037 13 21 &
203 1043 40 15 ena
265 1037 61 21 sidan
347 1040 70 23 sannt,
439 1039 33 19 att
490 1044 35 15 om
547 1037 158 21 rädstufvurätt
719 1037 70 26 gällde
804 1036 112 22 enahanda

87 1065 142 27 bötesbelopp
253 1066 39 21 och
311 1067 32 20 att
364 1066 99 21 städerne
477 1072 78 21 genom
571 1066 204 21 kämnersrätternes
791 1065 126 26 indragning

87 1093 109 22 förlorade
219 1094 32 21 sin
268 1095 117 23 underrätt,
402 1101 45 14 som
463 1094 96 21 härefter
573 1095 69 20 skulle
659 1095 157 26 representeras
831 1093 23 21 af
868 1093 48 21 räd-

88 1122 151 26 stufvurätten,
257 1125 56 18 samt
329 1124 33 19 att
377 1123 36 21 det
429 1123 83 20 säledes
527 1123 72 20 kunde
614 1129 52 14 vara
681 1123 33 20 väl
730 1124 32 19 att
777 1122 89 21 böterne
882 1122 34 21 vid

89 1151 66 26 begge
179 1151 164 21 underrätterna
365 1157 52 15 voro
440 1151 54 26 lika;
515 1157 49 15 men
579 1151 13 21 å
607 1152 68 20 andra
690 1151 59 21 sidan
764 1151 66 20 borde
846 1156 48 15 man
910 1151 7 20 i

89 1179 156 26 Ofvervägande
267 1181 51 24 taga
337 1179 41 22 den
394 1180 193 26 omständigheten,
603 1182 32 18 att
651 1179 265 26 rättegängskostnaderne

88 1207 125 27 härigenom
229 1207 68 22 skulle
313 1208 124 27 ytterligare
453 1208 67 21 blifva
534 1208 100 27 förhöjda
649 1208 34 21 för
698 1208 40 21 den
753 1207 76 27 fattiga
841 1207 71 21 allmo-

87 1242 47 20 gen,
158 1235 27 22 dä
209 1236 63 21 dessa
294 1236 117 21 kostnader
433 1237 66 20 redan
518 1237 6 20 i
545 1237 53 26 följd
613 1237 24 20 af
651 1237 40 20 den
706 1237 65 26 högre
787 1236 68 25 karta,
871 1241 45 15 som

89 1263 134 22 erfordrades
245 1265 36 20 vid
303 1265 114 26 hofrätten,
439 1271 52 15 voro
508 1265 91 27 drygare
615 1267 27 19 än
657 1265 110 21 tillförene.
798 1264 49 21 Med
862 1263 54 21 afse-

88 1292 54 21 ende
158 1292 13 21 ä
186 1293 38 20 allt
239 1293 60 20 detta
314 1293 81 27 yrkade
412 1293 84 21 talaren
512 1295 33 20 att
554 1293 162 27 ifrägavarande
727 1292 188 27 bötesförhöjning.

88 1321 67 21 mätte
171 1321 22 20 af
207 1321 86 22 ständet
308 1322 157 21 underkännas.

157 1377 91 22 Prosten
271 1377 162 27 Grönberg
455 1378 50 21 ville
526 1378 50 21 med
591 1378 114 26 anledning
720 1377 22 22 af
756 1377 40 22 den
812 1376 104 22 nästföre-

86 1405 83 27 gäende
191 1406 94 21 talarens
299 1407 108 26 yttrande,
423 1407 57 20 fästa
495 1406 98 22 ständets
608 1407 189 26 uppmärksamhet
811 1405 28 28 pä
854 1405 62 21 moti-

88 1439 65 16 verna
168 1435 7 20 i
191 1435 242 21 utskottsbetänkandet
448 1441 47 20 pag.
515 1435 25 21 13
556 1435 39 21 och
613 1436 32 23 14,
661 1435 71 20 hvilka
747 1435 82 20 talaren
841 1433 33 21 för
884 1433 32 22 sin

87 1462 35 21 del
144 1462 51 21 fann
217 1463 34 20 väl
267 1463 117 26 grundade.
415 1463 63 21 Hvad
493 1463 48 22 äter
556 1464 91 25 anginge
662 1463 166 26 anmärkningen
844 1462 73 21 derom

87 1492 33 19 att
143 1491 151 21 häradsrätten
317 1497 76 20 genom
416 1492 129 26 stadgandet
567 1493 32 20 uti
623 1491 160 27 ifrägavarande
816 1490 102 27 paragraf

86 1518 70 22 skulle
179 1519 104 27 upphöjas
306 1520 32 21 till
361 1526 53 21 rang
438 1520 40 21 och
499 1520 112 27 värdighet
631 1520 24 21 af
674 1521 147 26 lagmansrätt,
841 1519 24 21 sä
880 1525 37 16 var
