1109 1795
232 123 41 20 576
441 126 165 18 Presteständet.
631 127 55 16 1867.
711 127 11 16 9
735 127 64 21 April.

273 213 71 22 Sedan
367 213 134 26 proposition
522 212 133 26 framställts,
679 213 124 26 godkändes
829 213 77 22 doktor
931 214 100 21 Andelins

204 242 81 27 förslag
300 242 48 21 med
365 241 109 22 obestridd
490 241 118 27 pluralitet;
632 242 32 21 till
687 241 52 27 följd
763 242 77 21 hvaraf
861 243 76 20 orden:
965 245 67 18 ärans

200 271 88 27 förlust
303 271 53 20 eller
371 270 68 21 skulle
455 269 48 22 från
518 270 128 27 paragrafen
662 270 57 27 utgå.

275 328 10 25 8
304 327 45 21 137.

273 384 91 20 Prosten
380 383 141 27 Grönberg
536 384 112 21 anmärkte
663 385 33 20 att
711 384 37 21 det
763 384 7 20 i
785 385 128 26 paragrafen
924 384 66 27 heter,
1001 387 32 18 att

205 418 26 16 en
247 412 113 26 anklagad,
376 412 6 21 i
398 412 101 22 händelse
515 412 41 21 han
573 411 116 27 frikännes,
712 412 54 21 skall
789 413 62 26 njuta
873 414 117 26 ersättning
1012 414 22 20 af

205 441 129 26 angifvaren.
365 440 40 21 Om
421 441 68 21 denne
505 441 65 20 likväl
585 441 110 26 ingenting
710 441 61 26 ägde,
787 442 24 20 så
827 441 69 22 blefve
916 442 40 21 den
976 442 56 21 förre

205 469 126 21 blottställd.

274 525 31 22 På
320 525 61 28 gjord
397 525 158 27 framställning
570 525 124 27 godkändes
709 526 128 27 paragrafen
856 527 48 20 med
926 526 107 21 obestridd

207 555 116 26 pluralitet.

276 612 26 26 $$
320 611 112 22 138—144
447 611 124 26 godkändes
587 611 109 26 enhälligt.

275 669 11 26 $
304 669 46 20 142.

277 725 89 21 Prosten
389 725 137 26 Grönberg
548 725 100 21 iramhöll
669 725 69 21 denna
753 725 104 27 paragraf
870 725 69 22 såsom
955 726 80 21 mindre

208 753 71 27 nödig,
303 753 40 22 och
365 754 51 21 sade
439 754 31 25 sig
492 753 46 21 icke
557 754 51 25 inse,
629 753 99 22 hvarföre
749 760 26 15 en
794 760 45 15 som
856 754 73 21 mistat
944 754 92 21 embetet

211 782 54 21 skall
281 783 71 25 släpas
368 782 32 21 till
415 782 142 26 domkapitlet
571 782 33 21 för
620 783 32 20 att
673 782 126 27 ytterligare
822 783 80 26 plågas,
924 783 56 21 helst
1001 783 35 21 det

211 811 45 21 ofta
271 811 42 20 kan
329 811 72 20 hända
416 813 32 18 att
463 811 43 20 han
521 812 24 19 är
561 811 62 26 fattig
639 811 23 20 så
678 812 32 19 att
725 811 42 20 han
784 811 19 26 ej
817 811 42 21 kan
871 811 91 22 bekosta
972 817 65 15 resan

278 867 144 26 Domprosten
438 867 74 27 Borg
533 867 106 26 framhöll,
656 869 32 19 att
704 867 40 21 den
760 867 135 28 bestämning
911 868 126 26 paragrafen

211 896 94 21 innehöll
327 896 66 21 redan
415 896 114 26 granskats
544 896 7 21 i
567 896 23 21 så
611 896 78 26 många
711 896 112 24 instanser,
842 898 32 19 att
894 897 40 20 den
952 897 47 20 icke
1014 897 24 21 så

212 925 161 26 knapphändigt
396 925 70 20 kunde
489 924 97 21 affärdas.
618 925 46 20 Den
687 931 44 14 som
747 925 58 26 gjort
821 925 31 26 sig
867 925 87 27 förtjent
969 925 24 21 af
1006 927 32 19 att

211 953 97 25 afsättas,
325 953 65 21 borde
406 953 62 20 äfven
484 953 56 20 inför
556 953 147 26 domkapitlet,
719 959 45 15 som
781 953 108 21 ordinerat
904 954 77 21 honom
1006 954 32 21 till

211 981 98 27 tjensten,
325 981 98 21 afklädas
438 981 219 27 prestavärdigheten.
688 981 50 21 Man
753 982 72 21 kunde
846 984 56 24 säga,
926 984 30 19 att
979 983 59 20 detta

212 1012 24 19 är
252 1017 26 14 en
293 1012 45 19 tom
353 1010 122 25 formalitet,
492 1016 47 15 men
556 1011 35 20 det
606 1016 39 15 var
655 1010 18 26 ej
687 1010 33 26 så;
736 1010 62 21 äfven
811 1010 150 27 församlingen
972 1011 65 21 borde

215 1038 22 21 få
253 1041 48 19 veta
316 1041 32 18 att
364 1039 40 20 den
419 1038 69 21 blifvit
504 1039 71 24 afsatt,
591 1045 46 14 som
652 1039 57 26 gjort
725 1039 31 26 sig
772 1039 88 27 ovärdig
874 1040 163 26 prestembetet;

211 1067 40 22 och
273 1068 61 20 detta
356 1074 79 15 vunnes
459 1067 128 27 derigenom,
611 1069 32 19 att
666 1067 143 26 afsättningen
832 1068 83 26 tillgick
938 1068 30 26 så,
992 1074 45 15 som

210 1096 128 27 föreslagits.

279 1153 153 26 Kyrkoherden
449 1152 117 21 Juselius
581 1153 102 21 förenade
699 1153 31 26 sig
752 1153 49 21 med
817 1155 87 24 prosten
919 1153 117 26 Grönberg.

210 1182 59 21 Hvar
286 1181 38 21 och
341 1188 25 14 en
382 1181 71 25 visste,
468 1183 33 19 att
517 1181 25 21 de
558 1183 83 25 prester
657 1187 45 15 som
719 1181 90 21 afsättas
824 1182 96 26 vanligen
936 1183 37 19 äro
994 1181 43 21 för-

209 1210 67 21 fallna
292 1210 127 25 menniskor,
435 1209 73 21 hvilka
523 1210 115 26 ingalunda
653 1210 72 21 kunna
741 1210 64 21 vinna
819 1210 70 27 uågon
910 1210 127 27 förbättring

209 1245 77 20 genom
309 1240 32 19 att
362 1239 97 20 inställas
481 1238 55 21 inför
555 1239 148 26 domkapitlet.
734 1238 26 27 Ej
781 1239 67 20 heller
863 1239 75 20 trodde
954 1238 82 21 talaren

211 1267 36 21 det
262 1274 51 14 vara
328 1266 69 27 någon
413 1267 150 26 uppbyggelse,
581 1273 33 15 om
630 1267 19 26 ej
665 1267 100 26 möjligen
777 1267 33 21 för
821 1267 140 26 domkapitlet
973 1267 63 26 sjelft,

209 1299 33 18 att
258 1297 72 25 tvinga
345 1302 26 14 en
387 1295 83 21 felande
485 1297 33 19 att
534 1295 89 21 sålunda
638 1296 88 21 inställa
746 1296 32 26 sig
796 1296 56 21 inför
874 1302 46 15 sina
943 1295 92 21 domare.

210 1325 42 20 Det
267 1331 50 15 vore
333 1330 47 20 nog,
397 1330 33 15 om
447 1324 176 26 myndigheterna
639 1330 22 15 se
677 1324 32 21 till
731 1326 32 19 att
787 1331 26 14 en
835 1330 77 20 genom
934 1324 102 21 domstols

210 1353 71 26 utslag
296 1352 66 22 afsatt
377 1354 59 25 prest
451 1352 46 21 icke
513 1359 58 14 mera
586 1352 87 21 utöfvar
688 1353 99 26 tjensten.

279 1409 207 26 Kontraktsprosten
504 1409 73 22 Sirén
592 1410 86 26 yttrade
694 1411 32 19 att
745 1409 26 21 de
791 1409 129 21 föreskrifna
943 1415 93 15 ceremo-

209 1438 76 21 nierna
300 1445 50 14 voro
366 1438 72 21 alltför
453 1438 128 27 högtidliga;
598 1438 23 21 af
635 1444 26 15 en
677 1439 26 20 25
720 1438 45 26 årig
781 1438 122 21 erfarenhet
918 1437 54 22 hade
994 1437 42 21 han

210 1467 32 26 sig
257 1467 85 26 bekant,
358 1469 32 18 att
405 1467 76 20 endast
496 1473 26 14 en
538 1467 31 20 till
586 1467 117 26 afsättning
718 1467 65 20 dömd
798 1468 59 25 prest
872 1466 72 21 infann
956 1467 30 25 sig
998 1466 38 21 hos

210 1495 149 26 domkapitlet,
375 1495 25 21 de
416 1495 67 21 andra
498 1495 114 21 uteblefvo.
637 1495 10 21 I
663 1495 68 26 dylikt
745 1495 38 21 fall
794 1495 163 21 underrättades
968 1494 68 21 stiftet
