1109 1795
233 116 44 21 848
445 121 167 18 Presteständet.
637 122 56 17 1867.
718 122 12 17 6
743 121 48 22 Maj.

273 206 122 27 Föredrogs
411 208 32 20 ett
457 207 201 26 protokollsutdrag
673 206 48 22 frän
737 207 155 21 bondeständet
908 207 34 21 för
960 207 40 22 den
1022 207 9 20 1

205 235 44 26 Maj
267 235 62 26 1867,
345 234 24 22 sä
385 235 104 27 lydande:

275 291 34 28 nS-
325 291 26 21 D.
367 291 121 27 Föredrogs
503 293 156 20 sammansatta
674 292 111 21 ekonomi-
799 294 56 19 samt
870 293 64 20 stats-
945 291 40 22 och
996 291 38 22 be-

204 320 218 27 villningsutskottets
437 321 136 20 betänkande
589 321 6 20 i
611 321 115 26 anledning
736 320 23 21 af
768 320 59 21 Hans
838 320 118 27 Kejserliga
966 320 67 27 Maje-

205 350 56 20 stäts
276 348 78 27 nädiga
369 349 132 26 proposition
517 349 111 26 angäende
643 348 76 27 anslag
734 349 33 21 till
785 349 146 21 förbättrande
948 349 24 21 af
989 349 44 21 far-

205 377 63 21 leden
283 377 91 21 emellan
389 377 87 27 Nyslott
492 377 39 22 och
546 377 86 27 Kuopio
649 377 80 22 städer.

274 434 71 21 Sedan
361 434 121 21 diskussion
497 434 7 21 i
520 434 89 21 ärendet
628 436 37 25 ägt
687 441 47 14 rum
755 434 46 21 blef
820 434 116 21 utskottets
957 434 76 21 betän-

205 462 71 21 kande
291 462 24 21 af
329 462 156 21 bondeständet
500 463 104 26 enhälligt
619 463 117 26 godkändt.
761 463 45 20 Och
821 462 69 21 skulle
904 461 128 28 protokolls-

204 490 80 27 utdrag
306 491 73 20 derom
402 491 98 21 utfärdas
523 491 19 26 ej
562 491 82 21 mindre
659 491 33 21 till
709 491 26 21 de
750 491 120 26 respektive
885 489 146 28 medständen,

205 520 28 19 än
248 519 34 21 till
297 521 154 20 sammansatta
467 519 109 22 ekonomi-
591 521 56 20 samt
663 521 63 20 stats-
743 519 40 22 och
794 519 237 27 bevillningsutskottet.

205 547 52 22 Som
272 547 81 22 ofvan."
835 555 2 3 i

275 603 87 22 Hvilket
377 604 150 21 antecknades.

274 734 121 27 Föredrogs
419 735 40 21 och
482 735 115 21 bordlades
618 735 133 21 hedervärda
766 734 167 22 bondeständets
949 734 82 28 inbjud-

205 763 51 26 ning
270 762 34 22 till
319 763 127 26 deltagande
461 763 32 22 uti
508 763 97 22 ständets
620 763 71 21 beslut
707 763 22 21 af
744 763 41 22 den
800 764 27 20 26
843 763 60 26 April
924 764 54 21 1867
998 765 34 20 rö-

205 791 68 22 rande
288 791 127 27 indragning
430 792 23 21 af
466 792 49 21 bro-
531 792 40 21 och
585 791 246 28 skallfogdetjensterna,
847 791 24 22 sä
886 792 102 27 lydande:

275 847 32 26 »S.
322 848 27 21 D.
365 848 120 27 Föredrogs
501 848 167 22 bondeständets
684 849 96 21 enskilda
795 849 182 21 besvärsutskotts
996 848 36 21 be-

205 877 110 21 tänkande
330 877 41 20 N:o
387 877 20 25 4,
423 877 6 21 i
444 877 114 26 anledning
573 877 24 21 af
611 877 78 21 Gustaf
709 877 66 22 Adolf
797 877 156 25 Ovarnströms,
974 877 58 21 Elias

205 905 87 21 Krooks
307 905 40 21 och
362 905 83 22 Anders
460 905 149 22 Ahvenainens
625 905 106 22 särskilda
746 906 211 27 petitionsmemoria]
968 905 64 27 angä-

206 934 54 21 ende
282 933 127 28 indragning
431 934 23 21 af
471 934 49 21 bro-
533 934 42 21 och
591 934 238 27 skallfogdetjensterna
844 935 7 20 i
866 934 79 25 landet,
960 934 73 21 hvilka

205 962 119 27 memorial,
340 962 39 21 här
395 962 87 27 intagna
497 962 63 21 hvart
575 963 55 21 efter
645 965 72 23 annat,
733 965 38 19 äro
787 963 127 26 sälydande:

277 1007 10 8 »
291 990 26 21 Vi
333 990 64 27 tycka
412 993 32 19 att
459 991 50 21 bro-
524 991 39 21 och
579 991 238 27 skallfogdetjensterna
831 991 71 21 kunde
925 990 107 27 afskaffas,

206 1018 40 22 och
262 1019 37 21 det
314 1019 26 21 de
356 1019 82 22 erhålla
453 1019 7 21 i
475 1020 36 20 lön
526 1019 110 22 användas
651 1020 33 21 till
700 1019 206 27 ändamälsenligare
921 1025 55 21 gagn
998 1019 35 21 för

206 1047 125 21 socknarne.

677 1077 64 20 Karis
755 1076 139 22 sockneboer.

744 1121 83 22 Genom

627 1161 79 22 Gustaf
719 1161 67 22 Adolf
800 1161 157 26 Qvarnström.”

275 1217 73 25 wEnär
363 1217 43 22 alla
421 1217 26 22 de
463 1217 131 28 sysslanden,
611 1224 46 15 som
672 1219 7 20 i
695 1219 28 20 23
738 1219 49 26 kap.
803 1219 24 20 B.
847 1219 24 20 B.
892 1217 141 22 föreskrifvits

206 1244 167 27 skallfogdarne,
389 1247 16 20 t.
421 1252 32 15 ex.
469 1248 33 19 att
517 1246 64 21 hafva
601 1246 53 21 värd
677 1253 35 15 om
734 1249 90 24 vargnät
846 1246 39 21 och
908 1246 126 27 skadedjurs

206 1274 116 21 utrotande
337 1276 56 19 samt
408 1275 85 26 ledning
509 1275 23 21 af
546 1275 118 26 skallgäng,
680 1281 89 16 numera
785 1281 63 21 synas
864 1275 115 26 olämpliga
994 1275 40 21 och

207 1303 103 26 onyttiga,
327 1303 89 21 emedan
431 1309 50 15 man
495 1303 7 21 i
518 1305 52 19 nära
585 1309 42 21 nog
643 1304 42 21 alla
700 1304 126 21 kommuner
848 1303 186 21 öfverenskommit

206 1336 35 15 om
257 1331 177 27 skottpenningar
449 1331 32 21 till
497 1331 126 27 skadedjurs
638 1333 115 20 utrotande
774 1332 109 21 äfvensom
903 1331 132 21 kommunal-

205 1358 131 26 styrelserne
359 1358 70 28 älagts
450 1361 33 20 att
503 1359 65 22 hafva
582 1360 88 27 uppsigt
685 1360 59 22 öfver
759 1360 55 22 slika
829 1360 60 26 djurs
903 1359 130 27 utdödande,

205 1386 140 27 hvarigenom
359 1387 34 22 för
409 1388 132 27 skalltogden
557 1388 77 21 endast
649 1388 93 22 återstår
757 1388 121 28 sysslandet
892 1390 34 19 att
938 1388 97 27 uppbära

206 1415 33 21 sin
254 1415 71 27 kappe
340 1416 47 21 frän
402 1416 63 22 hvart
480 1417 106 21 hemman.
616 1417 30 21 Af
661 1417 70 21 denna
745 1417 66 22 orsak
825 1417 68 21 borde
911 1416 49 21 hela
979 1423 55 20 syss-

206 1443 36 21 lan
257 1444 101 27 indragas
373 1445 39 20 och
429 1445 40 21 den
485 1445 118 26 åtföljande
618 1445 85 27 kappen
719 1445 72 22 anslås
812 1445 33 21 till
867 1445 169 21 kommunalför-

206 1472 135 27 valtningens
356 1473 139 22 användande
510 1473 35 22 för
560 1473 133 22 folkskolans
709 1473 62 22 bästa
786 1475 58 20 inom
856 1473 99 22 socknen.

796 1513 60 22 Elias
871 1513 95 21 Krook."
