1109 1795
227 126 41 21 698
426 129 164 19 Presteständet.
615 131 55 16 1867.
693 131 28 16 24
732 130 62 22 April.

267 216 119 26 Föredrogs
401 216 72 21 vidare
489 215 206 28 protokollsutdrag:

268 272 23 27 b)
307 272 45 21 från
368 272 105 27 vällofliga
488 272 182 27 borgareständet:

270 329 21 26 1)
307 328 21 21 af
342 329 39 21 den
399 330 24 20 12
439 329 141 21 innevarande
596 329 60 26 april,
671 329 24 21 sä
709 328 99 27 lydande:

269 385 55 26 Vid
339 385 36 21 det
389 385 175 26 borgareständet
580 385 40 21 den
635 386 20 25 9,
673 387 25 19 10
715 385 39 21 och
771 386 22 20 11
813 385 139 21 innevarande
968 385 53 27 april

199 415 56 21 samt
271 414 66 21 denne
354 414 39 26 dag
409 414 32 21 till
455 414 129 26 granskning
599 414 90 21 förehaft
705 414 227 27 kyrkolagsutskottets
951 414 71 21 betän-

199 442 70 21 kande
292 442 6 20 i
314 442 111 27 anledning
449 442 22 21 af
484 443 76 26 nädiga
575 442 157 27 propositionen
756 442 107 25 angäende
878 448 27 21 ny
920 442 102 27 kyrkolag

200 471 33 20 för
255 471 26 20 de
304 470 237 26 evangelisk-lutherska
563 470 174 26 församlingarne
759 471 7 20 i
786 470 79 25 landet,
887 471 38 20 har
939 471 83 20 ständet

200 505 77 20 genom
292 498 79 22 fattade
386 499 70 21 beslut
471 499 130 21 beträffande
617 499 160 21 nedannämnda
793 499 24 26 $$
833 499 90 26 antagit:

270 556 11 25 8
299 556 9 19 1
325 555 6 21 i
347 555 92 27 enlighet
461 556 47 21 med
532 556 39 21 den
595 555 77 27 nådiga
687 555 167 28 propositionen;

270 612 13 25 8
299 612 27 21 30
341 611 64 27 enligt
426 612 131 21 rådmannen
579 612 80 27 Berghs
681 613 12 20 ä
709 618 46 21 pag.
773 613 26 20 76
815 612 6 20 i
837 612 142 21 betänkandet
994 612 30 21 in-

201 641 65 26 tagna
281 640 136 26 reservation;

271 697 11 25 8
299 697 26 20 33
349 696 64 27 enligt
436 697 35 20 det
493 696 7 21 i
515 697 143 21 betänkandet
673 699 115 25 upptagna,
807 697 46 21 från
869 697 156 27 propositionen

203 724 111 22 afvikande
332 725 142 23 alternativet;

273 782 12 25 $
301 781 26 21 39
344 781 64 26 enligt
423 781 129 22 rådmannen
563 781 81 27 Berghs
659 783 13 20 å
682 788 47 21 pag.
747 783 26 20 76
786 782 21 21 af
817 782 142 21 betänkandet
973 789 52 20 upp-

203 812 64 24 tagna
290 810 135 26 reservation,
449 810 134 26 hvarigenom
599 811 65 25 orden
681 810 130 27 ,välfrejdad
827 811 92 21 kristen"
942 811 83 21 komme

203 841 32 18 att
251 838 84 27 utbytas
351 840 44 19 mot
410 839 204 26 ,,nattvardsgången
631 839 110 21 medlem."

273 897 13 24 8
303 895 26 20 64
353 895 64 26 enligt
439 895 114 22 utskottets
576 901 73 15 senare
673 895 118 26 alternativ,
815 896 23 20 så
862 895 100 28 lydande:
986 913 4 10 ,
992 897 34 26 på

204 923 63 22 hvars
283 923 39 21 och
338 929 36 15 ens
390 930 51 20 egen
465 923 96 27 pröfning
576 925 34 20 må
626 924 36 20 det
677 924 113 21 ankomma
813 924 53 21 huru
882 924 42 21 ofta
939 925 40 21 han
995 925 31 26 sig

205 952 32 21 till
253 952 124 26 deltagande
392 952 7 20 i
415 952 40 21 den
470 952 69 27 heliga
554 952 125 21 nattvarden
694 952 79 21 infinna
789 952 58 24 vill;

274 1013 27 28 $$
317 1015 26 20 65
361 1014 38 21 och
415 1015 27 20 66
459 1014 65 27 enligt
539 1014 114 21 utskottets
669 1014 56 21 förra
741 1015 48 20 med
806 1015 39 20 den
861 1015 75 26 nådiga
950 1022 77 20 propo-

205 1042 89 21 sitionen
308 1043 77 26 jemväl
400 1043 216 21 öfverenstämmande
631 1043 122 26 alternativ;

275 1105 13 26 &
305 1105 27 20 72
355 1105 64 26 enligt
441 1105 49 21 herr
505 1105 87 21 Linders
615 1105 136 26 reservation,
775 1104 85 27 intagen
876 1105 12 20 &
903 1111 45 20 pag.
966 1105 26 21 37
1008 1105 21 21 af

207 1133 142 21 betänkandet
373 1134 23 20 sä
412 1135 31 19 att
465 1133 73 27 början
554 1133 21 21 af
596 1133 124 27 paragrafen
741 1133 85 21 komme
842 1135 30 19 att
888 1133 56 21 heta:
977 1134 51 26 ,De,

206 1161 71 21 hvilka
290 1161 92 27 kyrkligt
397 1162 116 26 äktenskap
525 1162 47 21 med
583 1161 118 22 hvarandra
719 1162 48 26 ingå
779 1161 60 27 vilja,
851 1171 28 9 =
894 1171 27 9 =
936 1171 27 9 =
979 1164 47 23 etc.;

275 1224 24 25 88
317 1224 25 21 79
358 1223 38 22 och
413 1224 26 21 80
455 1224 6 20 i
485 1223 205 22 öfverenstämmelse
706 1225 48 20 med
770 1224 35 21 det
824 1224 117 26 alternativ,
964 1225 64 26 enligt

207 1252 80 21 hvilket
303 1252 59 21 dessa
377 1252 24 27 $$
416 1252 84 21 komme
516 1254 31 19 att
563 1253 58 26 utgå;

277 1315 10 26 $
304 1315 27 20 82
354 1315 47 20 med
417 1315 65 21 sådan
505 1315 94 26 ändring,
619 1317 31 19 att
673 1315 65 21 orden
754 1332 5 8 ,
762 1315 178 26 vederbörande"
962 1315 68 21 skulle

209 1344 106 20 användas
338 1343 7 20 i
359 1343 72 21 stället
446 1343 33 21 för
494 1343 66 26 ,,hans
575 1343 122 26 anhöriga",
713 1345 28 25 på
757 1343 36 21 det
816 1345 37 24 att,
872 1344 3 20 i
891 1343 99 21 händelse
1005 1350 25 14 en

208 1370 75 22 afliden
306 1377 76 21 person
398 1372 93 21 saknade
506 1371 107 27 anhöriga,
631 1372 35 21 det
681 1372 70 21 kunne
768 1378 50 15 vara
833 1372 87 26 behörig
936 1372 94 27 myndig-

208 1399 36 22 het
261 1401 64 25 öppet
339 1399 93 22 lemnadt
447 1402 32 19 att
493 1400 100 21 förordna
609 1407 33 14 om
659 1401 40 20 den
715 1400 86 21 aflidnes
817 1401 116 26 lägerstad;

279 1463 10 25 $
306 1463 27 20 89
348 1462 94 26 sålunda,
466 1463 31 20 ått
512 1462 137 27 paragrafens
664 1463 57 21 förra
736 1469 63 15 mom.
815 1463 68 21 skulle
898 1463 80 21 erhålla
992 1463 39 21 föl-

207 1490 63 26 jande
293 1491 134 26 slutmening:
448 1499 29 10 =
491 1500 28 9 =
534 1501 28 8 =
578 1493 68 24 ,samt
662 1491 40 21 den
718 1497 45 16 som
785 1491 47 22 med
849 1491 73 22 berådt
937 1492 49 21 mod
1000 1492 31 26 sig

209 1518 47 27 sjelf
269 1517 59 23 lifvet
343 1518 113 27 afhändt;*
