1109 1795
333 139 166 17 Presteståndet.
524 139 57 16 1867.
605 139 9 16 1
627 139 48 20 Maj.
848 135 42 20 829

159 223 154 27 Kyrkoherden
333 223 114 22 Juselius
467 223 116 22 förordade
598 223 90 22 friherre
703 230 40 15 von
759 224 68 22 Troils
842 225 7 21 i
864 225 54 21 hans

90 253 130 20 reservation
240 252 95 21 uttalade
350 251 61 27 åsigt.
441 252 44 21 Det
499 251 57 22 hade
571 251 85 26 klagats
672 251 58 22 öfver
745 253 174 27 otillförlitlighe-

90 283 36 18 ten
142 280 22 21 af
181 281 92 20 bönders
295 280 88 27 borgen,
405 280 40 21 och
461 280 64 21 enke-
540 280 41 21 och
596 280 145 27 pupillkassan
757 282 78 25 antoge
850 281 68 22 hellre

91 315 26 15 en
134 309 80 32 borgen
229 308 23 21 af
265 309 138 21 handelsmän
419 310 26 19 än
462 309 23 21 af
498 308 89 25 bönder,
603 309 89 20 emedan
708 309 60 21 desse
779 315 75 16 senare
864 312 54 25 göra

90 337 24 21 af
126 337 49 21 med
193 337 32 21 sin
249 337 108 26 egendom,
379 336 28 22 då
422 337 25 21 de
465 337 75 21 befara
554 339 34 19 att
603 337 21 21 få
639 337 72 21 betala
726 343 25 15 en
768 337 85 27 borgen.
884 338 33 21 En

90 365 68 22 sådan
181 365 132 27 opålitlighet
332 365 54 22 hade
402 367 91 19 smärtat
508 365 151 27 kyrkoherden
674 365 40 22 och
729 365 41 21 han
786 365 50 27 såge
850 372 68 21 gerna

90 395 33 20 att
143 394 65 26 något
230 394 69 21 medel
321 393 74 22 funnes
417 395 32 20 att
469 393 65 27 stäfja
557 393 132 27 densamma;
711 396 30 19 ett
756 394 77 21 sådant
848 394 70 22 medel

90 422 66 28 ansåg
171 423 42 21 han
229 422 48 22 frih.
292 428 41 16 von
347 422 68 21 Troils
431 422 81 27 förslag
527 422 110 22 innebära.

158 479 123 22 Utskottets
303 479 141 26 betänkande
461 478 125 27 godkändes
601 479 7 20 i
625 479 69 21 denna
716 479 67 26 punkt
802 479 50 22 med
866 479 51 22 obe-

90 507 56 22 stidd
162 508 117 27 pluralitet.

158 564 12 27 8
187 565 33 20 15.

158 621 91 20 Prosten
271 620 76 27 Hjelt
365 620 100 21 framhöll
486 621 34 20 att
540 620 69 21 denna
630 620 102 26 paragraf
753 621 110 26 stadgade,
884 622 32 20 att

90 648 130 27 gäldenären
242 648 42 21 kan
306 648 71 21 betala
394 649 32 20 sin
448 649 64 20 skuld
534 648 61 21 äfven
612 655 34 14 om
661 648 154 27 förfallodagen
830 649 19 26 ej
865 655 51 16 vore

90 677 56 26 inne,
162 677 40 21 och
218 677 66 26 ansåg
299 677 59 21 detta
374 677 119 26 stadgande
505 677 108 26 grundadt
623 677 27 26 på
664 677 87 21 rättvisa
761 677 40 22 och
812 677 103 27 billighet.

90 705 70 21 Häraf
174 705 65 27 följde
258 705 67 26 äfven,
345 707 32 19 att
391 705 125 27 inteckning
530 705 69 26 aldrig
615 705 71 21 kunde
701 705 88 27 beviljas
804 707 52 20 utan
871 706 45 26 gäl-

90 734 104 21 denärens
215 733 66 21 bifall.
311 734 49 21 Men
376 739 33 16 om
425 740 50 15 man
491 734 66 26 enligt
572 733 152 27 förordningen
738 734 23 21 af
777 735 54 20 1864
847 734 69 21 blefve

92 763 64 25 ägare
171 762 23 21 af
207 768 26 15 en
248 762 52 21 liten
315 762 102 27 egendom
433 762 41 21 och
489 762 71 21 såsom
576 762 101 21 säkerhet
692 763 91 25 begärde
793 762 123 27 inteckning

91 791 6 20 i
113 791 40 20 den
169 791 76 20 andres
261 791 105 26 lägenhet,
382 790 24 21 sä
421 791 72 20 kunde
508 791 61 21 detta
584 791 65 26 enligt
665 791 12 26 $
695 791 24 20 15
735 791 112 25 bestridas,
860 797 56 15 eme-

90 819 41 20 dan
146 819 109 26 ingenting
269 825 38 14 var
322 819 107 21 bestämdt
444 819 56 21 huru
516 819 28 21 då
559 819 54 20 skall
629 819 98 21 förfaras.
756 819 39 21 Om
806 825 50 14 man
866 819 50 21 med

89 853 27 15 en
131 853 81 15 annans
228 847 124 27 begifvande
368 847 65 27 byggt
448 849 15 19 t.
481 854 32 14 ex.
529 853 26 15 en
571 847 50 21 villa
631 847 28 27 på
670 847 53 21 hans
733 848 67 25 mark,
812 847 24 21 så
848 847 66 21 borde

89 875 43 21 han
154 875 47 22 icke
223 875 72 22 kunna
317 875 56 22 neka
392 876 150 26 inteckningen
564 876 39 21 och
619 875 111 22 tillskansa
745 876 31 26 sig
792 876 123 21 densamma

89 904 33 21 till
138 906 31 19 ett
183 904 33 21 för
231 903 44 27 lågt
290 904 49 27 pris.

158 960 89 21 Prosten
267 960 135 27 Grönberg
420 960 55 22 fäste
491 961 41 20 den
547 960 129 27 föregående
691 960 93 21 talarens
799 960 115 27 uppmärk-

88 988 84 21 samhet
187 988 72 27 derpå,
276 990 32 19 att
322 989 39 20 här
376 989 55 21 blott
446 995 52 15 vore
514 989 61 26 fråga
591 995 34 15 om
641 989 121 26 inteckning
777 989 34 21 för
821 995 37 15 ren
870 988 45 22 for-

88 1017 60 26 dran,
164 1017 47 21 icke
227 1023 34 16 om
276 1017 95 21 arrende.

156 1073 90 22 Prosten
262 1073 81 27 Hjelt
360 1074 51 21 sade
426 1073 31 28 sig
473 1074 48 21 icke
536 1073 65 22 hafva
617 1074 91 21 bestridt
723 1073 137 27 paragrafens
876 1073 38 27 gil-

88 1101 74 27 tighet,
178 1107 48 16 men
242 1103 32 20 att
289 1102 41 21 han
345 1101 49 22 fann
411 1102 39 21 den
466 1102 33 21 för
514 1102 119 21 inskränkt.

157 1158 129 27 Paragrafen
301 1159 123 26 godkändes
440 1158 132 22 oförändrad
587 1159 49 21 med
651 1159 97 21 obestidd
765 1158 117 27 pluralitet.

157 1215 24 27 $$
198 1215 83 21 16—35
299 1215 123 32 godkändes
438 1215 104 27 enhälligt
557 1215 66 27 enligt
638 1215 115 22 utskottets
769 1215 143 25 betänkande;

88 1243 54 21 dock
158 1243 69 21 skulle
242 1245 76 20 tvänne
334 1244 6 20 i
356 1245 13 25 8
385 1244 27 21 20
427 1229 184 46 förekommande
619 1243 89 27 tryckfel
719 1245 74 24 rättas,
805 1243 109 21 äfvensom

88 1271 86 22 ståndet
194 1272 77 24 beslöt,
293 1272 48 21 med
363 1272 100 21 afseende
480 1272 13 21 å
507 1273 59 20 tiden
588 1272 48 21 från
659 1272 84 21 hvilken
761 1260 153 37 förordningen

88 1299 66 22 borde
170 1299 81 22 erhålla
265 1300 98 27 gällande
378 1300 65 27 kraft,
459 1302 33 19 att
508 1301 131 20 öfverlemna
654 1299 171 22 bestämmandet
840 1299 74 22 derom

87 1327 23 21 åt
126 1329 110 26 styrelsen,
260 1329 47 20 med
322 1329 40 20 den
378 1329 142 27 anmärkning
535 1331 33 19 att
584 1329 86 21 ståndet
685 1329 18 26 ej
720 1328 66 26 ansåg
801 1327 113 27 anledning

87 1356 133 21 förekomma
235 1358 32 20 att
281 1356 95 28 fördröja
391 1357 130 21 densamma.

156 1413 90 21 Ståndet
269 1413 106 26 öfvergick
396 1413 69 27 härpå
488 1414 32 21 till
542 1413 131 27 granskning
693 1414 22 21 af
731 1414 68 20 andra
815 1413 62 22 delen
892 1413 23 21 af

86 1441 118 22 utskottets
219 1441 134 22 betänkande
368 1442 112 26 angående
495 1442 142 27 borgenärers
653 1444 43 19 rätt
711 1442 39 21 och
763 1441 108 22 företräde
881 1440 33 22 för

86 1469 121 22 hvarandra
230 1470 32 21 till
282 1470 108 27 betalning
405 1477 26 14 ur
447 1471 110 26 egendom,
581 1477 46 14 som
643 1470 68 21 blifvit
726 1471 33 20 till
774 1470 96 21 konkurs
884 1469 30 22 af-

86 1498 71 27 trädd,
179 1498 81 21 hvilket
281 1499 56 20 ända
359 1499 32 20 till
415 1499 40 20 den
473 1499 26 21 10
515 1499 11 26 8
542 1499 103 26 enhälligt
660 1499 123 26 godkändes
799 1498 67 26 enligt
880 1499 33 20 ut-

86 1526 92 21 skottets
193 1526 86 27 förslag.
309 1527 99 21 Rörande
423 1527 13 26 $
453 1527 28 21 10
495 1527 86 27 yttrade
