1109 1795
245 123 41 21 678
442 127 167 18 Presteständet.
633 127 56 18 1867.
713 128 27 17 24
752 128 62 21 April

285 214 56 21 Herr
363 213 136 22 talemannen
521 213 146 27 tillkännagaf,
687 215 33 20 att
735 213 66 26 enligt
817 213 56 22 hvad
889 214 106 21 allmänna
1010 219 33 16 re-

215 242 268 21 ferendariesekreteraren
505 243 7 20 i
535 242 113 27 kejserliga
669 244 89 19 senaten
781 242 33 21 för
837 243 49 20 herr
908 243 134 21 talemannen

215 271 88 24 anmält,
326 271 39 21 har
387 271 60 21 Hans
467 271 119 26 Kejserliga
605 270 102 27 Majestät
721 271 7 20 i
744 271 67 20 nåder
826 271 78 21 bifallit
918 272 124 21 ständernes

215 299 147 27 underdåniga
384 299 99 21 anhållan
507 305 33 15 om
563 299 135 27 förlängning
720 299 23 21 af
765 299 58 21 tiden
847 300 33 20 för
902 300 140 26 landtdagens

217 334 155 20 sammanvaro,
388 328 88 21 hvarom
492 327 49 22 herr
557 329 100 20 senatorn
673 327 39 22 och
725 327 100 22 riddaren
838 327 50 22 Clas
898 328 144 21 Nordenheim

217 357 86 21 komme
319 357 5 20 i
341 357 40 26 dag
397 358 32 19 att
444 356 98 21 meddela
557 356 85 21 ståndet
657 356 164 21 underrättelse.

286 413 79 22 Vidare
381 414 36 26 gaf
431 413 49 21 herr
495 414 135 20 talemannen
643 414 111 26 tillkänna,
767 415 32 19 att
809 414 233 21 talmanskonferensen

216 444 72 19 ansett
304 442 176 27 ändamålsenligt
495 444 33 19 att
542 442 245 26 plenisammanträdena
803 442 68 21 skulle
882 442 68 21 hållas
961 443 27 25 på
999 442 43 21 för-

218 471 145 25 middagarne,
387 470 27 21 då
437 470 97 21 deremot
554 470 192 27 eftermiddagarne
769 470 69 21 skulle
856 470 70 21 anslås
942 471 32 20 till
990 471 52 20 slut-

217 499 89 21 förande
329 499 22 20 af
373 499 26 21 de
421 499 190 26 utskottsarbeten,
634 505 45 15 som
699 499 100 26 möjligen
815 500 57 19 ännu
887 505 50 15 vore
953 499 89 21 ofullän-

217 527 62 22 dade.
309 527 108 27 Derjemte
441 527 153 21 underrättade
617 527 49 21 herr
683 527 136 21 talemannen
835 527 85 21 ståndet
935 529 32 19 att
982 527 60 27 fråga

218 556 62 21 äfven
295 555 101 22 förevarit
411 556 6 21 i
433 556 246 21 talemanskonferensen
695 562 34 15 om
745 556 142 21 tillsättandet
902 555 23 22 af
936 558 30 19 ett
975 555 67 27 juste-

218 585 148 25 ringsutskott,
389 585 86 20 hvartill
498 585 117 20 ledamöter
637 584 23 21 af
679 584 43 21 alla
738 584 62 21 stånd
816 584 66 21 borde
898 586 58 19 utses
971 584 32 21 till
1018 584 24 21 så

218 615 56 19 stort
297 613 64 23 antal,
384 619 45 14 som
452 613 138 21 härförinnan
612 613 34 20 vid
667 613 130 26 landtdagen
819 613 34 20 för
876 613 63 21 enkla
959 613 83 21 utskott

219 641 69 22 blifvit
309 641 114 26 bestämdt,
439 641 81 21 hvilket
535 641 53 27 ägde
604 643 32 19 att
651 641 55 22 efter
721 641 141 26 landtdagens
878 641 116 27 högtidliga
1009 643 33 19 ut-

218 669 97 27 blåsning
331 657 92 39 granska
438 670 25 21 de
479 670 79 26 förslag
573 670 32 20 till
621 676 48 15 svar
685 669 27 27 på
728 670 59 21 Hans
803 669 119 28 Kejserliga
932 670 110 26 Mejestäts

218 698 78 27 nådiga
318 699 163 26 propositioner,
504 704 45 15 som
570 698 158 21 dessförrinnan
743 698 19 27 ej
779 698 69 21 hunne
864 698 23 21 af
901 699 141 26 expeditions-

217 727 108 21 utskottet
346 727 117 25 utarbetas,
486 727 138 26 hvarigenom
643 727 313 26 landtdagsrepresentanterne
972 727 70 21 kunde

219 755 90 22 beredas
332 755 83 22 tillfälle
437 757 33 19 att
492 757 59 19 strax
574 755 54 21 efter
650 755 141 27 landtdagens
807 755 43 21 slut
865 755 83 27 begifva
963 756 31 26 sig
1009 755 33 21 till

217 785 48 20 sina
279 783 58 26 hem;
354 784 38 21 och
408 784 54 21 hade
478 783 245 22 talemanskonferensen
739 784 69 21 tillika
818 786 70 19 ansett
900 784 35 21 det
946 784 96 27 lämpligt

219 815 39 23 att,
281 812 28 27 på
331 812 36 21 det
387 813 45 20 icke
449 813 58 20 tiden
522 812 68 21 under
605 812 26 21 de
647 812 137 22 återstående
799 812 243 27 plenisammanträdena

218 841 69 20 skulle
310 841 91 21 behöfva
423 843 105 24 upptagas
550 841 23 20 af
583 841 106 26 justering
705 841 22 20 af
741 841 63 21 dessa
819 841 85 27 förslag,
918 841 124 27 justerings-

219 869 104 22 utskottet
339 875 28 15 nu
382 871 75 25 genast
472 869 68 21 skulle
557 869 138 26 organiseras,
713 872 54 19 samt
783 870 55 20 intill
850 869 139 27 landtdagens
1000 870 42 20 slut

219 898 90 21 sålunda
331 904 50 14 vara
397 898 6 21 i
420 898 140 26 verksamhet,
575 899 33 20 att
623 897 55 22 efter
693 898 36 21 det
745 898 247 27 expeditionsutskottets
1008 904 34 15 re-

218 926 204 26 daktionsförslager
441 927 22 20 af
475 926 222 27 justeringsutskottet
712 927 112 26 godkänts,
842 927 102 26 sistsagde
959 927 83 20 utskott

219 954 66 21 borde
301 955 72 21 derom
389 955 38 20 hos
443 955 90 21 stånden
548 955 85 20 anmäla
648 958 55 18 samt
719 955 121 21 sedermera
856 955 44 21 låta
915 955 126 21 desamma
1027 950 19 36 i

218 983 100 22 afseende
333 983 12 21 å
360 983 129 27 granskning
504 983 68 21 under
586 984 28 20 24
630 983 96 21 timmars
741 984 31 21 tid
788 983 116 28 bordligga.

288 1012 65 21 Detta
368 1012 80 26 förslag
462 1012 123 26 godkändes
601 1012 23 21 af
637 1012 86 21 ståndet
738 1012 109 27 enhälligt.

289 1068 102 27 Slutligen
413 1069 142 26 tillkännagaf
576 1069 49 21 herr
647 1069 136 21 talemannen
798 1071 38 24 att,
853 1069 71 22 derest
938 1069 46 22 icke
1000 1069 42 21 alla

217 1097 84 27 frågors
323 1097 115 27 afgörande
462 1097 131 22 medhunnes
608 1098 67 21 under
691 1098 40 21 den
746 1098 32 21 tid
794 1103 44 16 som
854 1098 33 21 för
902 1098 140 27 landtdagens

219 1131 147 16 sammanvaro
385 1126 68 21 blifvit
468 1126 99 27 beviljad,
582 1126 233 21 talmanskonferensen
831 1126 33 21 för
879 1127 36 20 det
929 1126 61 21 fallet
1004 1133 38 14 an-

217 1157 43 20 sett
283 1153 100 28 frågorna
398 1160 33 16 om
454 1155 140 27 hållskjutsen
616 1157 55 19 samt
686 1155 254 26 konkurslagstiftningen
955 1155 87 21 framför

218 1183 69 22 andra
301 1183 100 28 möjligen
417 1184 72 21 kunna
504 1183 125 28 uppskjutas
645 1183 32 22 till
693 1185 62 20 nästa
771 1184 107 26 landtdag.

287 1355 56 20 Herr
358 1356 100 20 senatorn
473 1354 40 22 och
528 1354 99 22 riddaren
643 1354 152 24 Nordenheim,
811 1360 45 16 som
872 1354 22 21 af
908 1354 88 21 utsedde
1008 1354 34 21 de-

217 1383 104 26 puterade
345 1385 104 25 emottogs
471 1384 40 21 och
526 1383 153 27 beledsagades
694 1383 56 22 inför
766 1383 91 26 ståndet,
874 1383 97 26 uppläste
987 1385 55 19 samt

217 1411 118 22 aflemnade
346 1412 6 21 i
364 1412 69 27 styrkt
443 1412 86 21 afskrift
540 1412 59 21 Hans
610 1412 119 27 Kejserliga
739 1411 112 27 Majestäts
862 1411 76 27 nådiga
949 1411 93 27 reskript

217 1440 24 21 af
254 1440 41 21 den
313 1442 25 20 10
353 1440 60 27 April
429 1441 36 26 (29
481 1441 67 26 Mars)
561 1441 142 21 innevarande
719 1441 24 20 år
753 1447 35 14 om
799 1441 133 26 förlängning
942 1440 23 21 af
973 1440 68 21 landt-

217 1468 127 22 ständernas
369 1475 147 16 sammanvaro
541 1469 56 22 intill
622 1469 106 27 utgången
753 1469 24 21 af
800 1469 175 21 nästkommande
998 1469 42 26 Maj

217 1497 84 27 månad,
318 1497 23 22 så
357 1497 99 27 lydande:
