1109 1795
224 113 41 20 776
422 117 165 17 Presteständet.
612 117 54 18 1867.
691 118 27 16 30
731 117 62 22 April.

269 212 148 33 Tisdagen
436 213 57 27 den
512 213 34 26 30
564 213 88 33 April
671 213 68 28 1867
757 213 42 27 kl.
818 213 35 28 10
871 214 21 27 f.
911 222 38 20 m.

263 281 90 22 Plenum
375 281 108 28 öppnades
505 281 47 22 med
576 281 23 22 af
619 281 199 28 kontraktsprosten
844 282 77 22 doktor
945 282 75 23 Hellön

195 309 69 22 hällen
281 309 48 22 bön.

263 440 42 21 Vid
329 440 62 21 skedt
414 447 81 21 upprop
518 441 103 21 befunnos
643 441 97 26 samtlige
762 441 96 21 ständets
884 441 136 22 medlemmar

194 469 137 21 närvarande.

263 525 40 21 Till
317 525 104 27 justering
436 525 106 27 upplästes
557 527 84 24 tvenne,
658 525 58 22 öfver
731 525 95 22 ständets
843 526 39 21 den
898 527 26 20 27
941 525 78 22 dennes

194 553 99 26 vidtagne
309 553 70 22 beslut
394 556 99 25 uppsatte
508 553 195 26 protokollsutdrag
719 553 106 22 äfvensom
842 554 132 26 protokollen
987 554 32 21 för

195 582 40 21 den
257 583 19 25 3,
300 583 25 20 12
348 582 39 21 och
409 583 26 19 13
456 582 6 21 i
484 582 68 21 denna
575 582 76 21 månad
673 582 7 21 i
696 581 111 22 enahanda
822 582 97 22 afseende
934 582 58 21 lades
1006 583 13 20 ä

194 609 82 22 bordet.

263 740 126 21 Bordlades:
405 741 20 26 a)
441 741 150 26 lagutskottets
606 740 136 21 betänkande
757 740 5 20 i
779 740 113 27 anledning
908 740 22 21 af
942 741 76 26 nädiga

193 769 159 26 propositionen
373 769 108 26 angäende
497 769 118 26 antagande
631 769 20 20 af
666 775 26 14 en
707 768 124 27 förordning
846 769 90 21 rörande
951 769 67 21 bevis-

193 798 50 25 ning
265 803 75 20 genom
363 797 131 21 handelsbok
514 797 38 21 och
568 797 90 26 räkning
674 797 58 21 öfver
747 797 118 26 utborgade
880 803 68 20 varor,
964 799 54 19 samt

192 825 24 26 b)
232 825 43 26 lag-
297 825 39 21 och
357 825 214 22 ekonomiutskottets
593 825 135 22 betänkande
750 825 7 20 i
778 825 113 26 anledning
906 825 22 21 af
942 825 76 26 nådiga

193 853 158 27 propositionen
367 854 108 26 angående
490 854 94 26 lagmans
597 854 39 21 och
647 853 371 27 häradshöfdingetingsgästningens

192 881 125 27 utgörande.

261 1012 84 21 Ankom
368 1011 37 22 och
429 1014 104 25 emottogs
556 1018 26 15 en
598 1012 123 26 deputation
737 1011 46 21 från
799 1011 104 26 vällofliga
918 1011 98 26 borgare-

192 1040 84 21 ständet
295 1040 68 21 under
378 1041 114 20 anförande
508 1040 21 21 af
542 1040 160 27 borgmästaren
719 1040 70 26 Holm,
805 1045 46 16 som
866 1039 36 27 gaf
916 1039 102 22 tillkänna

191 1069 32 20 att
245 1069 86 20 ständet
346 1069 81 26 antagit
441 1069 151 26 inbjudningen
607 1069 33 20 till
656 1056 133 39 deltagande'
797 1068 7 20 i
820 1068 130 26 underdänig
966 1069 52 31 peti-

191 1102 35 15 om
247 1097 100 26 ätgärder
362 1097 32 20 till
409 1097 101 21 fredande
525 1097 22 21 af
561 1097 83 21 landets
659 1096 140 26 fornminnen,
815 1098 56 19 samt
885 1096 70 27 invalt
964 1096 6 20 i
985 1096 32 27 ju-

191 1125 202 26 steringsutskottet,
416 1125 32 27 till
464 1125 117 21 ledamöter
595 1125 131 21 rädmannen
742 1124 189 21 hofrättassessorn
948 1119 69 26 Öhrn-

191 1152 58 27 berg,
270 1153 128 22 rådmannen
415 1153 85 26 Östring
516 1153 39 21 och
571 1153 160 27 borgmästaren
747 1153 74 21 Krank
837 1154 54 20 samt
906 1152 32 21 till
954 1159 62 20 supp-

190 1180 58 22 leant
263 1181 160 27 borgmästaren
439 1181 86 22 Ottelin.

259 1311 134 26 Föredrogos
408 1311 39 21 och
463 1311 142 22 antecknades
621 1311 32 22 till
667 1311 132 28 protokollet
814 1311 99 28 följande,
928 1312 46 21 frän
990 1312 26 21 de

189 1335 119 55 vonpektivo
325 1339 137 21 medständen
477 1340 112 26 ankomne,
605 1341 24 20 sä
644 1340 91 26 lydande
747 1340 202 26 protokollsutdrag,
960 1346 56 15 nem-

197 1372 57 20 igen:

258 1423 27 26 A)
301 1423 46 22 frän
362 1423 113 27 höglofliga
490 1424 147 27 ridderskapet
653 1424 39 21 och
709 1425 68 21 adeln.

259 1481 32 20 1:0
314 1480 32 21 för
369 1480 39 21 den
430 1481 27 20 24
473 1480 66 27 April.
571 1497 5 9 ,
577 1481 38 24 På
631 1481 155 26 framställning
802 1480 21 22 af
837 1481 49 21 herr
901 1481 115 21 landtmar-

187 1507 88 22 skalken
299 1508 68 21 beslöt
389 1508 147 27 ridderskapet
557 1509 39 21 och
612 1509 62 22 adeln
689 1511 38 25 att,
743 1509 6 21 i
766 1509 67 22 likhet
848 1509 48 22 med
911 1508 55 23 hvad
982 1509 33 22 vid
