1109 1795
209 145 41 24 738
407 148 167 21 Presteståndet.
599 149 57 20 1867.
679 150 26 19 26
717 149 64 22 April.

179 236 48 27 slag
248 235 33 21 till
303 235 143 27 underdånigt
467 241 49 17 svar
538 234 28 27 på
588 235 61 21 Hans
670 234 120 27 Kejserliga
805 234 112 27 Majestäts
932 235 78 27 nådiga

179 263 165 27 propositioner.

251 319 70 22 Sedan
337 320 153 27 deputationen
506 319 105 28 aflägsnat
627 320 37 27 sig,
680 320 102 23 fortsatte

250 377 84 21 Doktor
357 377 74 26 Berg:
461 377 42 26 Jag
518 383 63 14 anser
596 377 37 22 det
647 377 33 21 för
695 377 44 21 min
754 377 54 27 pligt
823 379 33 20 att
871 377 87 28 tillägga
974 378 35 21 det

178 405 37 28 jag
238 405 124 28 visserligen
382 405 57 21 inser
453 405 57 21 huru
526 405 87 27 obilliga
628 405 39 22 och
683 405 196 27 ändamålsvidriga
895 406 25 21 de
936 406 72 22 åbero-

180 434 56 27 pade
251 434 34 21 för
300 433 139 22 Österbotten
454 434 39 21 och
509 428 70 27 Åland
595 434 98 26 gällande
708 434 182 27 författningarne
906 436 44 24 äro,
961 442 48 14 men

180 463 46 20 ifall
249 462 62 21 dessa
334 461 135 27 öfvergifvas,
492 462 78 21 saknas
592 462 29 21 all
637 462 64 27 laglig
716 463 70 26 grund
801 462 35 22 för
850 463 160 26 presterskapet

181 491 112 21 derstädes
315 492 33 20 att
368 490 46 21 utfå
429 490 56 21 hvad
501 491 48 20 dem
564 490 137 26 tillkommer,
718 491 40 21 och
774 491 70 26 någon
860 497 69 15 annan
944 493 65 24 utväg

181 519 34 21 för
237 519 136 26 afhjelpande
396 519 23 20 af
435 519 37 21 det
487 519 56 21 onda
558 519 81 21 känner
653 519 37 27 jag
706 519 19 26 ej
741 521 26 20 än
783 521 33 19 att
832 525 26 15 en
872 519 82 26 verklig
969 519 39 22 och

182 547 69 26 skälig
277 547 166 26 tiondesättning
471 547 85 25 införes,
583 547 87 22 hvilken
693 547 70 22 skulle
788 547 106 22 förmedla
918 548 90 21 emellan

181 575 249 27 grundförfattningarne
453 575 40 22 och
520 576 26 21 de
568 577 124 20 nuvarande
717 576 217 27 aflöningsbeloppen.
964 576 44 21 Min

182 605 55 26 äsigt
260 606 24 19 är
306 604 69 27 alltsä,
397 606 33 19 att
453 604 86 21 ständet
553 604 68 21 borde
636 605 101 26 antingen
753 605 117 26 uppskjuta
885 604 124 27 afgörandet

181 632 24 21 af
226 633 69 20 denna
317 633 80 26 vigtiga
419 632 62 27 fräga
501 633 39 20 och
557 633 102 27 derjemte
675 633 50 26 ingä
739 633 50 22 med
803 633 133 27 underdänig
952 633 57 22 hem-

182 661 78 21 ställan
276 661 31 21 till
323 661 60 21 Hans
398 660 102 27 Majestät
516 661 103 26 Kejsaren
635 667 34 15 om
685 661 144 22 tillsättandet
845 661 24 21 af
883 667 24 15 en
924 661 86 26 komitö,

181 689 86 22 hvilken
283 689 53 26 ägde
352 689 113 21 förbereda
480 689 81 27 frågan,
571 689 52 22 eller
635 690 39 21 ock
687 690 49 21 med
747 689 143 22 fasthällande
901 689 22 21 af
932 690 77 26 grund-

183 717 186 27 författningarne,
385 718 119 21 bestämma
520 720 30 19 ett
566 718 115 21 maximum
698 718 40 21 och
753 718 111 22 minimum
880 718 30 21 uti
922 718 88 21 aflönin-

181 752 53 21 gens
258 746 83 27 belopp.
372 746 10 21 I
401 746 130 21 sistnämnde
546 746 100 21 afseende
662 746 33 21 får
709 746 36 27 jag
761 747 79 24 erinra,
857 749 33 18 att
904 747 40 20 den
959 747 51 26 hög-

183 777 33 18 sta
238 774 99 27 aflöning,
360 781 45 16 som
428 773 102 28 förslaget
552 775 32 20 till
600 775 135 21 skolverkets
750 775 170 26 reorganisation
935 775 33 21 för
984 781 26 15 en

182 803 118 22 skollärare
316 805 111 24 upptager,
443 805 63 24 utgör
521 803 115 21 etthundra
652 805 78 20 tunnor
745 803 105 27 spanmål,
865 803 93 22 förutom
972 803 37 26 hy-

181 831 112 22 resmedel.
323 831 69 26 Tager
414 837 49 15 man
486 831 59 22 detta
566 831 78 27 belopp
660 832 33 21 till
709 832 110 21 minimum
834 832 34 21 för
884 837 25 15 en
924 831 86 22 ordina-

181 860 32 21 rie
235 862 65 24 prest,
323 872 28 3 —
373 860 80 21 hvilket
476 861 24 20 är
522 860 123 27 oafvisligen
665 861 139 25 nödvändigt,
820 872 28 4 —
864 860 24 21 så
902 859 66 22 förslå
983 861 26 20 de

182 889 133 20 närvarande
338 887 210 28 aflöningsbeloppen
571 889 58 25 icke;
653 889 39 20 och
708 889 119 21 fastställes
842 888 120 27 aflöningen
977 889 33 20 till

183 918 30 19 ett
229 919 56 18 ännu
301 917 57 26 lägre
374 917 84 26 belopp,
475 917 23 20 så
514 917 77 26 uppstå
607 923 25 14 en
648 917 79 26 mängd
743 917 112 21 svältande
870 919 88 24 prester,
970 917 39 21 och

183 945 27 20 då
233 945 92 21 återstår
343 945 40 21 den
399 945 54 21 enda
468 947 92 24 utvägen
576 947 33 20 att
624 947 85 24 pastors
725 946 40 21 och
781 945 229 27 kapellanstjensterna

183 973 138 22 sammanslås
343 974 34 21 för
399 976 32 19 att
453 973 59 22 bilda
532 975 31 20 ett
577 974 66 21 skildt
659 975 104 25 pastorat.
794 974 42 26 Jag
852 973 94 22 anhåller
962 974 47 20 der-

181 1001 53 23 före,
258 1004 32 19 att
313 1003 35 20 det
371 1002 130 27 högvördiga
523 1002 86 21 ståndet
631 1002 73 24 måtte,
721 1002 49 22 med
786 1002 81 21 fästadt
883 1002 98 21 afseende
996 1002 13 21 å

183 1031 62 20 dessa
260 1031 57 20 mina
332 1031 172 26 anmärkningar,
524 1031 72 21 skrida
611 1031 33 20 till
659 1031 132 26 granskning
807 1030 22 21 af
843 1031 115 20 utskottets
974 1031 35 21 be-

182 1059 107 21 tänkande
305 1059 101 26 paragraf
419 1059 32 22 för
467 1059 106 27 paragraf.

251 1116 206 27 Kontraktsprosten
480 1116 147 21 Ehrström
649 1117 86 26 yttrade
758 1118 40 23 att,
823 1115 27 22 då
865 1116 143 27 föreliggande

182 1144 61 26 fråga
258 1151 37 14 var
311 1145 22 20 af
347 1145 50 26 vigt,
414 1144 93 26 önskligt
521 1145 55 20 varit
591 1147 33 19 att
639 1145 186 26 samstämmighet
841 1144 49 22 rådt
900 1145 42 20 alla
952 1145 56 20 stån-

182 1173 40 20 den
246 1173 96 21 emellan.
372 1173 91 21 Talaren
481 1173 108 26 nödgades
604 1172 74 26 tillstä,
694 1175 33 20 att
742 1173 43 22 han
801 1173 71 21 blifvit
887 1173 123 26 obehagligt

181 1201 80 22 berörd
276 1201 23 21 af
314 1201 35 21 det
364 1203 51 23 sätt,
431 1201 81 27 hvarpå
526 1201 107 22 utskottet
649 1202 55 21 hade
720 1202 118 21 framställt
848 1202 117 21 motiverna
976 1201 33 21 till

181 1229 38 21 sitt
242 1229 141 22 betänkande.
414 1230 10 21 1
440 1229 72 23 stället
527 1229 34 22 för
577 1232 32 19 att
624 1230 45 21 helt
685 1230 73 22 enkelt
774 1229 96 27 åberopa
884 1229 70 22 Moses
970 1230 38 21 ord

181 1257 57 22 huru
260 1258 82 21 Herren
365 1258 92 21 befallde
480 1260 32 19 att
534 1259 73 20 tionde
629 1259 69 21 skulle
719 1261 97 25 utgöras,
832 1258 56 21 hade
903 1258 107 21 utskottet

181 1286 45 27 lagt
249 1287 31 26 sig
302 1286 28 27 på
352 1287 132 26 komparativ
500 1287 97 26 tolkning
612 1287 23 20 af
649 1287 43 21 alla
707 1287 119 22 forntidens
841 1287 102 26 folkslags
958 1286 51 21 aflö-

181 1315 112 26 ningssätt.
324 1315 90 22 Talaren
437 1315 48 22 ville
509 1315 102 27 derjemte
634 1315 57 22 fästa
706 1315 98 22 ståndets
819 1315 190 26 uppmärksamhet

181 1343 35 21 vid
232 1343 40 22 den
288 1343 23 21 af
325 1344 105 20 utskottet
445 1344 32 21 uti
491 1344 119 20 motiverna
625 1344 86 26 inlagda
726 1343 87 27 tonfärg
829 1344 39 20 och
877 1343 69 27 klang,
957 1343 53 21 hvil-

181 1371 42 22 ken
245 1371 167 28 uppenbarligen
435 1372 117 27 ådagalade
575 1372 40 21 hos
638 1372 25 21 de
687 1378 110 21 personer,
823 1378 45 15 som
894 1371 116 22 behandlat

181 1400 70 21 denna
272 1400 66 26 fråga,
359 1407 26 14 en
400 1402 45 19 mot
461 1401 36 21 det
512 1400 68 21 finska
595 1401 162 26 presterskapet
773 1401 85 26 ovänlig
874 1401 137 20 sinnesstäm-

180 1429 57 26 ning.
268 1428 111 22 Utskottet
403 1429 55 21 hade
481 1429 76 21 liksom
573 1430 58 21 velat
645 1429 86 22 inkasta
746 1435 27 16 en
789 1428 140 22 brandfackla
944 1429 65 20 bland

180 1457 84 22 landets
287 1457 143 26 presterskap.
461 1457 49 21 Men
530 1457 107 22 törhända
653 1458 55 21 hade
723 1458 84 21 talaren
824 1457 64 22 också
904 1457 106 26 misstagit

181 1485 37 26 sig.
249 1486 46 21 Den
318 1485 113 27 kejserliga
454 1486 161 26 propositionen
636 1486 56 21 hade
714 1486 119 21 framhållit
857 1486 106 21 bristerna
977 1485 33 21 uti

180 1513 171 27 presterskapets
367 1514 123 21 nuvarande
506 1514 155 26 aflöningssätt,
677 1521 48 15 men
741 1514 108 22 huruvida
860 1514 106 21 utskottet
977 1520 33 15 re-

180 1542 43 21 dan
243 1542 82 27 lyckats
349 1542 52 23 eller
424 1543 116 22 ständerna
563 1549 29 15 nu
607 1543 68 22 skulle
691 1543 74 27 lyckas
781 1543 52 22 bota
850 1543 61 21 dessa
926 1541 84 27 brister,
