1109 1795
231 119 41 21 872
434 121 166 19 Presteståndet.
625 121 54 18 1867.
704 121 13 17 8
732 121 48 21 Maj.

196 211 34 20 tes
252 208 73 22 härtill
339 208 79 26 bifalla,
435 208 39 21 den
490 207 123 22 nuvarande
628 205 203 29 tryckfrihetslagen
847 206 27 21 då
890 206 65 21 måtte
970 205 7 21 i
992 205 36 22 nå-

198 238 38 21 der
251 237 104 21 förklaras
370 236 98 27 gällande
483 235 54 22 intill
552 235 142 28 nyssnämnde
710 235 39 21 tid.

267 293 126 22 Kännedom
403 293 75 22 härom
491 292 68 22 skulle
571 292 108 21 meddelas
689 291 122 27 respektive
825 291 138 22 medstånden
974 291 54 21 samt

197 322 141 27 lagutskottet
353 321 90 22 medelst
457 322 116 21 transsumt
589 321 22 21 af
624 320 138 27 protokollet.

269 451 88 22 Ståndet
372 451 109 27 åtskiljdes
496 451 29 21 kl.
542 452 13 20 2
572 457 17 15 e.
605 457 28 15 m.

787 507 21 17 In
821 506 61 18 fidem:

683 541 58 21 And.
758 541 60 21 John
834 541 125 27 Hornborg.

290 723 155 32 Onsdagen
463 723 57 26 den
541 722 16 27 S
576 721 58 34 Maj
655 721 67 28 1867
741 721 42 28 kl.
802 721 35 28 10
854 721 22 27 f.
894 729 38 20 m.

268 791 89 21 Plenum
381 791 108 27 öppnades
511 791 48 20 med
578 791 23 20 af
617 791 201 26 kontraktsprosten
841 790 76 21 doktor
935 789 90 21 Andelin

198 820 72 21 hällen
286 819 48 22 bön.

267 950 103 21 Förutom
392 951 85 25 prosten
493 949 59 27 Hjelt
567 949 32 22 för
614 949 85 21 hvilken
715 949 179 27 sjukdomsförfall
910 948 113 27 anmäldes,

198 978 104 22 befannos
317 978 96 21 ständets
428 978 95 26 samtlige
539 977 118 22 ledamöter
673 977 137 22 närvarande.

267 1035 41 21 Till
321 1035 104 26 justering
440 1034 107 27 upplästes
564 1036 31 19 ett
610 1034 197 27 protokollsutdrag
822 1033 33 22 för
866 1034 40 21 den
917 1035 11 20 6
942 1033 84 26 dennes,

198 1063 109 27 angäende
322 1063 95 21 ständets
432 1063 69 21 beslut
516 1063 7 20 i
539 1063 75 26 frägan
629 1069 34 15 om
679 1062 126 27 tryckfrihet
819 1062 7 21 i
838 1062 91 21 Finland
941 1062 39 21 och
990 1061 36 22 vil-

197 1092 69 21 koren
281 1091 33 22 för
329 1091 46 22 dess
391 1091 143 27 begagnande.

266 1148 11 21 I
292 1147 113 27 anledning
419 1147 61 22 häraf
494 1147 71 22 anhöll
581 1148 137 26 domprosten
734 1147 77 22 doktor
826 1147 80 26 Borg
921 1153 34 15 om
966 1147 61 20 ordet

198 1177 39 21 och
259 1176 85 27 yttrade
365 1178 38 23 att,
424 1176 65 26 enligt
503 1176 56 21 hvad
574 1176 67 21 kändt
657 1182 55 20 vore,
729 1175 141 22 medstånden
885 1175 35 21 vid
935 1175 92 21 behand-

197 1205 71 26 lingen
284 1204 23 22 af
320 1204 77 27 nådiga
412 1205 158 26 propositionen
586 1205 109 26 angående
711 1203 127 28 tryckfrihet
853 1204 7 20 i
876 1203 90 22 Finland
976 1203 51 26 god-

196 1233 53 22 känt
265 1233 14 27 &
295 1234 27 20 70
338 1233 65 26 enligt
418 1233 151 26 lagutskottets
587 1233 134 21 betänkande
737 1232 40 21 och
793 1232 97 24 sålunda,
906 1238 75 20 genom
996 1231 30 21 in-

196 1262 88 21 förande
299 1261 22 22 af
334 1261 228 27 presslagstiftningens
578 1261 145 21 öfverlåtande
738 1261 24 20 åt
778 1261 68 25 begge
862 1260 165 21 statsmakterna

197 1291 69 20 såsom
287 1289 68 22 vilkor
376 1289 33 21 för
429 1289 170 26 propositionens
621 1289 126 26 antagande,
767 1289 64 26 gjort,
848 1289 66 26 enligt
930 1289 96 24 dompro-

196 1320 58 19 stens
277 1318 144 27 öfvertygelse,
445 1317 28 21 all
495 1317 134 22 stadfästelse
645 1317 22 21 af
685 1318 40 21 den
747 1317 122 26 föreslagna
884 1316 144 27 tryckfrihets-

196 1346 150 26 förordningen
362 1346 31 20 till
409 1352 26 14 en
451 1346 128 26 omöjlighet,
599 1345 135 22 alldenstund
750 1345 61 21 Hans
826 1345 119 26 Kejserliga
961 1344 67 26 Maje-

196 1376 53 20 stäts
265 1374 7 21 i
287 1374 73 27 sjelfva
382 1374 158 27 propositionen
564 1374 95 21 uttalade
677 1374 112 21 försäkran
805 1379 35 15 om
856 1373 62 27 ingen
934 1372 94 27 eftergift

195 1403 8 21 i
224 1403 127 21 sistnämndt
373 1402 98 21 afseende
491 1409 51 15 vore
565 1404 44 20 satt
630 1404 59 19 utom
711 1403 38 21 allt
771 1401 81 26 tvifvel;
876 1407 48 16 men
940 1401 88 21 emedan

197 1431 137 26 domprosten
357 1431 54 20 hade
434 1431 112 26 anledning
569 1433 32 19 att
619 1433 41 23 tro,
676 1431 37 20 det
727 1431 130 21 åtminstone
872 1429 156 22 bondeståndet

196 1466 88 15 numera
305 1459 94 21 önskade
414 1459 73 27 frångå
503 1459 37 21 sitt
555 1459 70 21 beslut
640 1459 133 21 beträffande
789 1459 69 20 denna
874 1457 100 28 paragraf
989 1457 39 21 och

196 1488 113 21 instämma
324 1488 7 20 i
347 1487 35 22 det
403 1487 49 24 slut,
474 1487 60 22 hvari
549 1487 158 27 prestaståndet
723 1489 92 24 stannat,
832 1487 79 21 trodde
928 1486 100 26 dompro-

197 1518 47 19 sten
267 1516 32 27 sig
319 1515 53 22 böra
389 1515 32 22 till
436 1516 85 21 ståndet
537 1516 134 26 öfverlemna,
688 1522 34 15 om
737 1515 47 22 icke
800 1515 79 22 sakens
894 1515 45 26 vigt
954 1513 74 22 kräfde
