1109 1795
236 123 42 21 870
451 128 166 18 Presteständet.
642 129 55 18 1867.
721 129 12 17 6
745 129 48 21 Maj.

206 215 90 20 ständer
320 215 124 20 fastställas.
476 215 120 20 Ständerna
619 215 66 21 borde
698 217 52 24 göra
769 215 36 21 det
821 215 61 21 äfven
899 215 91 27 derföre,
1007 217 33 20 att

206 243 63 21 deras
294 243 70 21 beslut
385 244 65 20 mätte
466 244 54 20 inför
537 243 60 21 Hans
613 243 101 27 Majestät
729 243 22 22 fä
766 244 36 20 det
818 244 106 21 anseende
941 246 32 19 att
988 251 52 14 vara

207 273 32 19 ett
259 271 48 22 fullt
330 272 85 27 uttryck
431 271 23 21 af
471 272 68 21 finska
562 272 79 21 folkets
657 272 86 27 äsigter.
775 272 72 21 Skulle
864 272 59 21 Hans
939 273 100 26 Majestät

208 300 46 21 icke
271 300 58 21 finna
345 301 62 20 deras
423 300 79 26 förslag
516 301 103 26 lämpligt,
635 300 66 27 ansäg
717 301 83 20 talaren
812 301 64 20 likväl
888 303 31 19 att
930 301 109 27 ingenting

207 329 92 21 särande
316 329 65 21 borde
398 329 71 21 kunna
484 329 57 26 ligga
557 330 52 23 deri,
625 331 32 19 att
673 329 116 21 ständerna
805 331 64 24 öppet
885 330 79 21 uttalat
980 331 37 26 sig.

276 386 91 21 Prosten
386 385 77 22 doktor
479 386 146 25 Alopaeus
644 386 73 21 tillade
733 389 32 18 att
780 386 41 21 han
838 386 76 21 önskat
930 387 36 20 det
981 387 56 20 stän-

209 415 43 25 det,
276 416 48 20 med
347 415 137 21 förkastande
500 415 23 21 af
539 415 117 21 utskottets
679 415 78 27 förslag
773 415 5 20 i
795 415 68 21 denna
880 416 72 26 punkt,
970 416 68 20 skulle

208 443 75 21 förena
298 444 31 25 sig
345 450 34 14 om
395 446 30 18 ett
441 444 109 20 uttalande
566 444 69 20 säsom
647 444 164 25 önskningsmäl,
823 446 32 18 att
867 444 39 20 den
920 444 118 25 föreslagna

209 471 153 27 författningen
387 471 46 21 med
453 471 24 21 de
497 471 44 22 deri
561 478 28 14 nu
604 471 74 27 gjorda
701 472 175 26 törändringarne
899 472 68 21 skulle
983 472 55 26 gälla

209 499 31 21 till
262 502 61 19 nästa
347 499 111 27 landtdags
480 500 48 25 slut,
552 507 47 14 men
623 501 61 25 ingen
701 501 88 26 petition
806 500 88 26 afgifvas
910 501 80 25 derom,
1007 502 31 19 att

209 528 218 27 presslagstiftningen
444 528 124 21 hädanefter
584 529 59 20 alltid
660 529 66 20 måtte
741 529 63 21 blifva
820 529 106 20 beroende
938 529 22 21 af
972 529 66 26 bägge

209 557 173 21 statsmakterna.
413 557 89 21 Prosten
518 557 51 21 sade
585 557 32 26 sig
632 557 45 21 icke
694 557 66 21 förstå
771 557 53 21 huru
836 557 147 27 kyrkoherden
995 557 43 22 Ro-

209 591 90 20 sengren
316 586 5 20 i
337 585 40 22 den
393 585 140 22 formulerade
550 585 124 27 paragrafen
692 586 69 21 kunde
777 592 22 15 se
815 588 65 19 annat
890 588 26 19 än
928 588 30 19 ett
972 586 67 21 öfver-

209 614 115 21 skridande
339 614 22 21 af
376 614 54 21 hvad
445 621 45 14 som
507 614 121 21 tillkommit
644 614 111 21 utskottet.

279 671 143 26 Domprosten
445 671 78 26 Borg
546 671 93 26 begärde
663 671 61 21 ordet
740 671 75 21 endast
831 671 32 21 för
878 673 32 19 att
926 671 112 27 förtydliga

209 699 46 21 sina
278 699 45 25 ord,
347 699 131 21 alldenstund
497 700 61 21 dessa
575 699 21 21 af
611 699 77 22 doktor
703 700 70 26 Bergh
790 699 67 21 blifvit
873 699 163 22 missförstådda.

209 727 144 27 Domprosten
375 727 119 22 förklarade
513 730 31 19 att
561 728 52 21 hans
638 728 84 27 mening
745 728 113 27 ingalunda
875 729 53 20 varit
944 728 46 25 den,
1006 730 32 19 att

210 756 42 21 alla
277 756 26 21 de
325 756 148 26 förändringar
495 757 114 20 ständerna
625 757 6 20 i
648 757 158 26 propositionen
829 757 73 26 gjorde
918 757 68 20 skulle
1002 757 37 21 be-

210 785 83 20 traktas
309 785 69 21 såsom
395 785 162 26 önskningsmäl.
590 785 32 21 Då
637 785 59 21 Hans
712 785 99 26 Majestät
827 785 75 26 begärt
915 785 123 21 ständernas

209 813 106 27 yttrande,
339 814 24 20 så
381 814 66 20 måste
469 814 25 20 de
514 813 65 27 enligt
600 813 82 21 landets
699 813 194 22 rättsmedvetande
909 813 53 21 efter
978 813 60 22 bästa

209 844 95 19 samvete
326 847 61 16 svara
411 842 38 21 och
472 842 83 21 derföre
577 842 45 21 icke
639 841 96 28 begagna
750 842 61 21 ordet
827 841 164 27 önskningsmål
1007 842 32 21 till

210 870 134 21 undvikande
365 870 22 21 af
401 871 74 20 sådant
491 877 44 14 som
552 871 25 20 de
594 871 16 26 ej
627 870 71 21 kunde
713 871 119 26 godkänna.
864 870 39 21 Om
920 870 58 21 Hans
994 871 44 20 Ma-

208 899 66 26 jestät
297 898 64 22 funne
377 899 31 26 sig
424 898 45 22 icke
485 898 48 27 vilja
549 899 49 26 ingå
614 899 73 26 derpå,
703 900 23 20 så
742 898 111 22 utfärdade
869 899 40 21 han
926 905 71 15 ensam
1013 905 25 15 en

210 927 123 26 förordning
348 927 7 20 i
371 929 76 24 ämnet,
465 934 45 14 men
527 927 82 22 talaren
626 927 93 22 önskade
736 928 107 26 ingenting
857 929 23 20 så
892 927 88 27 mycket,
994 934 44 15 som

209 958 48 19 rent
281 956 39 21 och
343 957 64 25 öppet
429 956 63 26 språk
515 956 55 21 inför
589 956 114 21 monarken
720 956 38 21 och
774 956 41 21 alla
832 956 126 21 menniskor.
990 956 48 21 Men

210 984 55 21 hvad
282 985 27 20 70
325 985 11 26 $
351 984 6 21 i
373 985 114 20 utskottets
510 984 135 21 betänkande
665 985 96 26 anginge,
777 984 85 21 hvilken
878 984 80 21 talaren
974 985 65 26 ansåg

210 1012 46 21 icke
273 1013 52 20 böra
340 1014 93 25 antagas,
450 1013 65 21 borde
532 1013 71 21 derom
620 1019 25 15 en
661 1019 36 15 ren
714 1013 89 27 petition
819 1013 109 21 inlemnas.

279 1069 91 21 Prosten
392 1069 131 22 Borenius
557 1069 100 22 förenade
673 1070 32 26 sig
721 1070 47 21 med
785 1070 135 27 domprosten
937 1070 56 27 Borg
1008 1071 31 20 att

209 1098 86 21 ståndet
311 1098 66 21 borde
393 1100 64 25 öppet
472 1099 38 20 och
526 1098 108 21 bestämdt
649 1099 68 20 uttala
733 1099 32 26 sig
781 1105 32 14 om
831 1099 25 20 de
872 1097 118 28 föreslagna
1004 1101 36 18 än-

210 1127 120 26 dringarne,
349 1133 47 14 men
413 1127 16 26 ej
447 1127 60 21 träda
526 1126 59 22 öfver
600 1127 31 20 sin
648 1127 131 27 befogenhet,
795 1129 52 19 utan
863 1127 54 20 hvad
934 1128 26 20 70
976 1128 12 25 $
1005 1127 35 21 be-

209 1154 91 22 träffade
323 1155 67 21 uttala
407 1157 38 19 den
465 1155 86 26 önskan,
575 1158 31 18 att
622 1155 40 22 den
678 1155 120 27 föreslagna
813 1155 122 27 presslagen
951 1155 47 21 med
1014 1155 26 22 de

209 1183 116 27 ändringar
348 1183 114 22 ständerna
484 1184 55 27 gjort
561 1184 65 21 måtte
642 1183 115 22 fastställas
773 1186 32 19 att
821 1184 55 26 gälla
893 1184 30 20 till
941 1183 63 22 slutet
1020 1183 22 22 af

209 1214 62 19 nästa
294 1211 107 27 landtdag.
432 1212 88 21 Prosten
537 1213 66 26 ansåg
618 1213 115 21 ständerna
748 1219 50 14 vara
814 1213 5 20 i
836 1212 32 21 sin
884 1212 51 21 fulla
951 1215 42 18 rätt
1008 1214 32 19 att

209 1241 24 20 så
255 1247 70 18 svara,
349 1247 46 14 men
419 1241 45 21 icke
486 1241 104 26 befogade
613 1243 31 19 att
663 1241 88 21 tillvälla
768 1241 31 26 sig
815 1241 85 21 makten
916 1243 32 18 att
964 1241 76 21 föreslå

209 1269 65 26 något
297 1271 71 19 annat.
399 1269 54 21 Ville
473 1270 46 20 åter
540 1269 59 22 Hans
622 1269 101 27 Majestät
737 1269 46 22 icke
799 1269 113 26 godkänna
928 1269 60 22 dessa
1004 1271 36 19 än-

209 1297 94 27 dringar,
327 1298 27 20 då
377 1297 70 22 kunde
469 1298 84 21 ståndet
577 1298 126 27 petitionera
725 1305 34 14 om
776 1298 38 21 den
831 1298 121 21 nuvarande
968 1298 72 26 lagens

209 1325 130 22 fortfarande
355 1325 102 27 giltighet.

279 1382 90 21 Prosten
393 1382 147 27 Grönberg
559 1382 98 22 framhöll
673 1384 31 20 att
720 1382 127 25 utskottet.i
864 1384 10 25 $
892 1383 26 21 70
933 1382 107 27 ingenting

209 1412 66 19 annat
291 1411 56 26 gjort
363 1413 26 18 än
405 1417 26 15 en
447 1411 63 27 nödig
526 1411 253 26 redaktionsföräudring,
796 1411 6 21 i
819 1411 35 21 det
866 1411 106 21 utskottet
983 1413 58 20 utta-

209 1439 30 21 lat
261 1439 33 26 sig
317 1445 34 15 om
374 1440 102 21 terminus
492 1447 12 14 a
519 1446 41 21 gvo
583 1440 38 21 och
637 1441 102 20 terminus
757 1440 26 21 ad
799 1446 62 21 guem.
899 1439 141 22 Alldenstund

209 1467 41 22 den
273 1467 120 27 föreslagna
411 1467 60 28 lagen
488 1469 48 20 med
552 1469 99 20 afseende
666 1469 13 20 ä
695 1469 40 20 den
753 1469 58 26 långt
826 1468 141 21 framskridna
983 1468 56 21 tiden

208 1495 46 22 icke
271 1497 75 26 ansägs
362 1497 71 20 kunna
453 1497 63 21 blifva
531 1497 98 27 gällande
645 1497 46 21 frän
709 1497 68 21 denna
794 1497 112 26 landtdags
921 1497 49 24 slut,
986 1496 54 22 hade

208 1525 103 21 terminus
327 1531 12 15 a
356 1531 39 21 gvo
411 1525 66 27 gjorts
494 1525 116 27 obestämd,
628 1525 38 22 och
684 1526 26 21 dä
726 1526 54 21 intet
791 1525 145 22 ständermöte
949 1531 49 16 vore
1010 1527 31 20 att
