1109 1795
300 109 166 17 Presteståndet.
491 109 56 16 1867.
572 109 25 16 27
609 109 63 20 April.
836 105 41 20 713

78 193 63 22 likväl
156 193 47 22 icke
219 193 52 21 böra
287 195 59 24 tagas
361 193 6 20 i
385 193 145 26 betraktande,
547 194 52 19 utan
615 193 99 21 tillhörde
730 193 40 21 den
786 194 26 21 de
827 193 79 22 förhål-

77 222 76 21 landen
169 221 87 22 hvarom
273 227 24 15 en
314 221 137 26 dissenterlag
467 221 113 21 framdeles
595 221 85 21 komme
696 223 31 19 att
743 221 123 22 bestämma.

146 279 143 26 Domprosten
311 278 65 26 Borg
398 277 121 22 förklarade
542 279 33 19 att
587 277 41 21 han
644 283 65 21 gerna
723 277 43 22 läte
782 279 66 20 saken
864 279 41 20 för-

78 307 56 26 falla,
157 307 90 20 emedan
269 306 48 21 med
333 306 38 21 den
387 307 80 25 utgång
482 305 169 28 prestaståndets
666 305 123 27 inbjudning
804 306 7 21 i
827 307 79 26 kyrko-

78 335 133 26 tuktsfrågan
234 335 38 20 hos
290 335 23 20 de
336 335 65 20 andra
417 335 89 20 stånden
522 334 51 23 haft,
591 334 36 21 det
649 334 50 26 såge
713 336 24 19 ut
751 341 45 14 som
813 341 34 14 om
871 335 35 20 det

78 363 93 22 hvarken
188 363 21 21 af
223 362 162 27 religionsfrihet
400 363 51 21 eller
467 369 25 20 ny
509 362 104 27 kyrkolag
628 362 67 21 blefve
711 363 121 26 någonting.

147 511 204 26 Kontraktsprosten
373 510 76 21 Sirén
472 509 93 27 begärde
588 510 67 25 ordet,
677 511 54 20 samt
745 511 94 26 yttrade:
870 511 34 20 Då

78 539 40 21 den
134 539 77 26 nådiga
226 538 157 27 propositionen
399 539 109 26 angående
524 537 106 27 reglering
645 538 22 21 af
676 538 168 27 presterskapets
855 538 49 21 aflö-

78 567 50 27 ning
149 567 57 21 inom
222 567 156 26 prestaståndet
399 573 88 15 numera
502 569 24 18 är
541 566 160 27 genomgången
719 566 39 21 och
775 567 128 25 diskuterad,

78 595 38 22 och
132 595 89 26 kunnigt
233 595 77 26 jemväl
326 597 29 23 är,
371 597 32 19 att
417 595 161 27 propositionen
593 594 22 21 af
629 595 146 26 ridderskapet
787 595 39 21 och
842 595 62 21 adeln

78 625 54 20 samt
148 623 175 26 borgareståndet
337 623 68 21 blifvit
420 623 110 21 förkastad
546 623 39 21 och
598 623 37 26 jag
650 623 17 26 ej
680 623 65 22 heller
760 623 63 27 hyser
838 624 66 25 några

78 651 165 27 förhoppningar
266 657 34 15 om
323 651 169 27 propositionens
518 651 120 26 antagande
660 652 56 21 inom
741 651 162 26 bondeståndet,

78 680 95 21 anhåller
193 680 36 26 jag
244 681 31 20 att
291 679 6 21 i
312 680 167 26 presteståndets
495 679 108 27 protokoll
619 679 21 21 få
661 679 102 27 nedlägga
779 680 57 21 mina
850 680 54 27 åsig-

77 710 33 19 ter
124 708 7 21 i
147 708 88 21 ärendet
250 708 39 21 och
304 707 32 22 till
352 709 54 20 mine
422 708 74 21 herrar
512 707 162 22 ståndsbröders
690 708 136 27 behjertande
837 708 67 21 öfver-

78 736 67 21 lemna
170 736 91 27 följande
283 737 184 26 omständigheter.
499 737 42 21 Det
565 738 23 19 är
603 736 32 21 för
657 743 25 14 en
698 736 51 21 hvar
771 736 79 21 bekant
872 738 33 19 att

78 765 30 20 uti
124 771 26 14 en
166 767 45 18 stor
226 764 34 21 del
275 764 22 21 af
311 765 81 21 landets
407 765 149 26 församlingar
572 767 55 18 ännu
643 765 76 20 saknas
730 764 110 21 bestämda
850 764 54 21 före-

78 793 74 26 ningar
167 799 34 15 om
217 793 168 26 presterskapets
400 793 92 27 aflöning
508 793 39 21 och
563 795 32 18 att
610 793 31 21 uti
657 793 105 26 åtskilliga
781 793 67 20 andra
862 793 42 21 för-

77 821 114 26 samlingar
206 821 147 26 föreningarne
368 823 37 20 äro
422 823 54 20 1732
493 821 40 22 och
556 822 53 20 1734
626 821 129 21 stadfästade
778 823 55 19 samt
848 823 57 19 ännu

77 849 6 21 i
106 850 36 21 sitt
164 849 119 22 föråldrade
307 850 38 21 och
368 850 125 21 obestämda
514 849 59 22 skick
596 849 104 26 gällande.
729 850 32 20 De
784 849 121 26 obehaglig-

78 877 60 22 heter
160 878 39 21 och
215 878 74 21 tvister
304 884 44 15 som
364 878 32 21 till
415 878 49 27 följe
479 878 63 21 häraf
556 878 77 21 mellan
649 878 109 26 löntagare
773 877 40 21 och
828 877 26 21 de
870 877 34 21 be-

77 906 85 21 talande
178 906 30 21 tid
225 905 52 22 efter
292 913 68 14 annan
376 907 133 26 uppkommit
524 907 40 20 och
580 906 91 26 troligen
692 905 129 22 fortfarande
837 906 67 21 måste

77 935 83 26 uppstå,
183 937 37 18 äro
236 935 7 20 i
258 935 88 26 sanning
361 935 92 26 sorgliga
468 935 40 21 och
524 935 129 20 nedslående
668 936 55 19 samt
737 934 107 27 förslappa
860 933 44 22 ofta

77 962 186 27 församlingarnes
279 963 79 26 sedliga
373 963 58 26 vård,
447 963 89 21 emedan
552 963 37 21 det
604 965 23 19 är
643 969 26 15 en
684 963 43 20 lika
743 962 98 21 orubblid
856 968 47 15 san-

77 991 49 26 ning
142 992 32 20 att
189 991 60 21 äfven
266 991 39 21 den
321 991 80 22 ädlaste
417 991 40 22 och
475 993 55 19 mest
546 991 77 21 nitiske
643 997 101 15 mannens
761 990 143 27 tillgöranden

76 1019 60 21 skola
152 1019 23 21 af
188 1020 69 25 någon
272 1019 63 21 bland
347 1019 50 22 flere
408 1020 89 21 tusende
508 1026 45 15 som
565 1021 36 20 äro
617 1019 7 21 i
635 1019 53 22 hans
698 1019 51 21 vård
760 1019 142 25 anförtrodde,

76 1047 100 26 antingen
192 1047 112 27 misstydas
320 1048 51 21 eller
385 1048 136 24 missförstås,
536 1049 56 20 samt
607 1048 42 21 han
659 1047 89 22 sålunda
765 1049 91 19 utsättas
872 1047 32 20 för

76 1075 104 27 följderna
195 1075 22 22 af
230 1076 73 27 illvilja
319 1077 38 20 och
373 1077 89 27 okynne.
486 1077 34 20 Då
535 1076 80 21 sådana
631 1076 36 21 fall
681 1076 67 21 under
757 1076 52 20 våra
820 1075 84 20 mensk-

76 1103 42 27 liga
133 1103 146 22 förhållanden
295 1104 17 27 ej
328 1105 71 20 kunna
415 1105 110 24 undvikas,
540 1104 55 21 skall
611 1104 59 21 äfven
682 1104 82 26 tvisten,
787 1104 37 20 der
847 1103 57 21 löne-

76 1132 101 27 beloppet
192 1132 17 27 ej
226 1134 24 19 är
265 1133 112 26 bestämdt,
393 1135 75 24 genast
483 1139 52 15 vara
550 1132 68 27 färdig
634 1132 89 21 emellan
738 1132 110 25 löntagare
864 1131 40 21 och

76 1160 97 26 åhörare,
188 1161 7 20 i
211 1161 99 21 händelse
325 1161 124 27 löntagaren
465 1161 18 27 ej
501 1161 95 21 befinner
611 1161 32 26 sig
658 1161 6 20 i
680 1161 23 21 så
721 1159 90 28 lyckliga
826 1159 78 22 ekono-

76 1189 68 20 miska
165 1189 180 26 omständigheter
369 1192 31 19 att
415 1189 42 21 han
472 1190 56 26 gång
551 1189 54 21 efter
619 1195 70 15 annan
710 1189 41 21 kan
774 1188 55 21 afstå
847 1187 57 22 hvad

76 1217 78 21 honom
177 1217 48 21 med
247 1219 56 19 rätta
318 1217 134 28 tillkommer,
475 1219 23 26 ty
514 1218 36 21 det
574 1217 54 22 skall
644 1217 153 26 otvifvelaktigt
811 1215 91 26 inträffa,

76 1247 32 19 att
133 1245 40 22 den
189 1245 88 22 hatfulle
300 1246 39 21 och
355 1246 93 27 illvillige
463 1246 111 21 betalaren
597 1246 18 26 ej
631 1246 61 26 ingär
707 1246 27 26 pä
749 1245 26 21 de
798 1244 106 26 billigaste

76 1273 69 22 vilkor
167 1276 51 19 utan
241 1274 72 26 lagens
336 1275 69 26 tväng.
437 1274 36 21 Uti
488 1277 52 18 nära
563 1280 42 21 nog
627 1274 42 21 alla
684 1273 147 26 församlingar
846 1273 58 20 inom

75 1301 100 28 Wiborgs
197 1302 34 21 län
247 1304 55 19 samt
317 1303 26 21 de
359 1303 58 21 delar
437 1303 22 21 af
472 1303 85 26 Kuopio
581 1302 52 24 stift,
649 1308 46 15 som
710 1301 56 22 förut
781 1301 67 20 hörde
871 1300 32 21 till

76 1330 73 26 Borgä
171 1330 46 21 stift
231 1330 62 21 hafva
317 1331 27 26 pä
359 1337 74 15 senare
449 1332 50 20 ären
522 1331 121 25 föreningar
661 1330 68 21 blifvit
744 1330 104 26 ingängne
864 1328 40 21 och

75 1358 201 27 Högöfverhetligen
299 1359 135 21 stadfästade.
465 1360 65 20 Detta
546 1359 39 21 har
600 1359 57 21 skett
672 1358 7 21 i
694 1358 51 26 följd
762 1357 23 22 af
805 1356 99 27 stadgan-

76 1386 36 21 det
127 1387 5 20 i
150 1387 61 21 15:de
227 1387 39 21 och
287 1387 60 22 16:de
362 1387 151 27 paragraferna
528 1387 31 21 uti
575 1386 114 27 kejserliga
703 1386 149 25 förordningen
869 1390 34 15 om

75 1415 209 22 ecklesiastikverket
307 1416 6 21 i
328 1416 91 27 Viborgs
438 1416 35 21 län
490 1415 22 22 af
526 1416 40 21 den
583 1417 27 20 24
625 1415 88 22 Januari
731 1415 60 25 1824,
814 1413 38 21 der
867 1413 36 20 det

75 1443 61 21 heter
159 1445 32 19 att
213 1443 198 28 sockneföreningar
437 1451 33 14 om
494 1443 228 28 prestarättigheterne
737 1442 74 21 böra
801 1437 14 40 i
833 1441 71 32 lönets

74 1471 149 28 församlingar
243 1472 7 21 i
273 1472 108 21 öfvervaro
398 1473 22 21 af
437 1472 187 26 landshöfdingens
641 1472 39 21 och
695 1470 151 27 domkapitlets
861 1469 41 21 till-

74 1499 129 23 förordnade
218 1500 85 27 ombud,
319 1501 32 21 till
366 1501 170 21 vederbörandes
548 1500 141 22 efterrättelse
699 1499 52 22 efter
767 1497 137 28 möjligheten
