1109 1795
240 115 40 20 552
445 119 165 18 Presteständet.
636 119 53 18 1867.
713 119 13 17 8
739 119 62 21 April.

279 205 90 21 Prosten
392 205 131 26 Grönberg
545 205 48 21 ville
617 205 46 21 icke
681 205 100 21 insistera
795 206 28 26 pä
837 206 126 26 prestedens
978 206 58 21 bibe-

210 234 108 25 hållande;
335 239 48 15 men
398 234 67 21 skulle
482 234 40 21 den
538 234 73 26 finnas,
627 233 67 22 borde
705 234 41 21 den
757 234 34 21 stä
801 234 7 21 i
819 234 218 22 öfverensstämmelse

211 263 47 21 med
275 263 40 20 den
331 262 65 21 redan
411 264 93 25 antagna
519 262 11 27 $
547 264 18 21 1.

279 319 90 21 Prosten
392 319 75 21 Sirén
489 319 90 27 medgaf,
603 321 32 19 att
656 321 87 25 prosten
767 319 111 22 Hackzells
900 320 95 26 yrkande
1009 320 29 26 pä

209 348 124 27 prestedens
353 347 161 22 bortlemnande
529 347 34 21 väl
578 347 56 22 hade
648 348 65 27 nägot
729 348 46 21 skäl
789 348 33 21 för
837 348 37 27 sig,
891 355 47 14 men
954 349 82 20 talaren

211 376 94 21 önskade
327 376 64 21 likväl
413 377 46 20 icke
481 379 33 18 att
532 377 40 20 den
587 378 67 19 under
669 377 122 20 nuvarande
806 377 147 21 förhållanden
969 377 67 21 skulle

210 405 57 27 utgä.
299 405 42 21 Det
355 405 54 21 enda
424 411 45 15 som
484 405 75 21 härvid
575 405 65 21 borde
657 405 106 27 iakttagas
779 411 44 21 var,
833 406 33 20 att
876 405 161 21 föreskrifterna

211 440 34 15 om
261 434 53 21 eden
329 434 40 21 och
384 434 142 21 bekännelsen
541 434 66 21 borde
623 434 33 21 stä
667 434 6 20 i
685 434 217 21 öfverensstämmelse
918 434 48 21 med
976 434 60 21 hvar-

211 462 72 26 andra,
304 462 105 24 hvarföre,
433 462 26 21 dä
474 463 13 25 &
505 464 8 19 1
531 462 66 21 redan
620 468 37 15 var
679 463 98 26 antagen,
801 462 61 21 äfven
878 463 13 26 &
907 463 41 20 118
971 463 66 20 borde

211 491 120 21 modifieras
347 491 97 21 derefter.

280 548 141 25 Domprosten
437 548 70 26 Borg
524 547 93 22 önskade
633 547 7 21 i
655 547 66 26 några
737 547 21 21 få
774 548 38 20 ord
828 548 74 21 anföra
918 548 72 21 skälen
1004 547 31 21 till

211 577 40 20 den
274 576 131 27 förändring,
429 583 43 14 som
489 576 127 27 paragrafen
641 576 116 26 undergätt
779 577 7 20 i
808 576 227 27 kyrkolagsutskottet.

211 605 143 26 Domprosten
369 604 100 21 förenade
485 606 32 25 sig
532 605 7 20 i
555 605 41 20 allo
613 605 48 20 med
676 605 47 20 dem
740 611 52 17 som,
808 605 5 20 i
827 605 209 21 öfverenstämmelse

211 634 48 21 med
277 634 7 19 1
304 635 17 24 &,
338 633 44 21 deri
405 633 40 21 den
468 633 243 27 evangelisk-lutherska
730 633 93 26 kyrkans
839 633 127 22 bekännelse
982 639 52 20 upp-

210 662 66 21 fattas
299 662 69 21 säsom
391 664 32 19 ett
445 662 132 21 vittnesbörd
601 668 34 14 om
656 662 48 21 dess
724 664 41 22 tro,
782 662 126 21 betraktade
923 662 113 26 presteden

211 690 69 21 säsom
297 697 26 14 en
338 691 132 26 upprepning
485 690 23 21 af
522 691 149 20 bekännelsen.
702 690 31 21 Pä
749 697 80 14 samma
845 693 49 23 sätt,
911 703 27 2 —
950 691 85 26 yttrade

211 719 82 21 talaren
309 731 27 3 —
352 721 37 18 äro
405 719 26 21 de
447 719 130 26 symboliska
592 719 107 20 böckerna
714 719 129 21 bekännelse
859 719 39 21 och
914 719 18 26 ej
948 720 44 25 lag;
1012 718 23 21 sä

211 747 64 21 hafva
297 747 42 21 alla
361 747 107 27 uppfattat
491 748 47 21 dem
561 748 56 20 ända
639 747 46 21 från
709 747 135 22 Melanchton
868 747 33 21 till
924 747 110 22 Osiander.

210 777 41 26 Jag
272 776 80 26 nödgas
373 776 84 21 derföre
481 778 96 24 motsäga
593 776 54 24 dem,
664 782 45 15 som
724 778 34 19 tro
774 778 32 19 att
822 776 68 21 denna
906 776 128 21 bekännelse

211 805 52 20 eller
278 805 81 26 edgång
375 805 6 20 i
397 805 40 20 den
452 804 113 27 kejserliga
583 805 160 26 propositionen
759 806 24 19 är
798 805 90 20 affattad
904 805 6 20 i
927 805 107 20 öfverens-

211 833 121 21 stämmelse
354 833 48 20 med
418 834 12 25 &
447 834 22 23 1;
486 835 22 24 ty
524 839 74 15 senare
615 833 60 21 delen
692 835 24 18 är
731 833 141 26 bortlemnad,
888 833 99 21 hvarföre
1002 835 32 18 ut-

211 861 81 22 skottet
313 862 130 26 nödvändigt
464 862 31 21 hit
516 862 77 21 önskat
615 861 90 21 tillbaka
723 861 66 22 orden
805 861 71 28 ,Guds
892 862 70 26 heliga
977 862 55 20 ord*.

210 890 91 21 Prosten
321 891 134 25 Rosengrens
478 891 48 20 hela
548 890 99 27 yttrande
669 891 57 20 visar
749 891 52 20 hans
821 890 135 27 uppfattning
971 890 23 21 af
1008 890 24 21 de

211 919 129 26 symboliska
361 919 108 21 böckerna
489 919 70 21 såsom
582 925 25 14 en
631 919 35 26 lag
689 919 33 20 för
745 920 54 25 tron,
816 919 116 26 någonting
947 925 44 14 som
1008 919 25 20 de

210 947 46 21 icke
279 949 49 24 äro;
351 950 22 24 ty
395 947 82 27 kyrkan
500 947 108 21 bekänner
630 947 46 21 icke
699 948 31 20 sin
746 949 33 19 tro
796 947 69 21 säsom
882 953 25 16 en
923 948 39 26 lag.
994 947 38 20 Om

211 977 85 25 presten
319 975 67 22 mäste
409 976 32 21 till
460 976 68 26 punkt
550 976 39 21 och
612 976 73 26 pricka
707 976 46 20 lära
776 976 70 21 säsom
862 976 26 21 de
904 976 129 26 symboliska

210 1005 113 25 böckerna,
342 1004 23 21 sä
380 1004 33 21 fär
428 1005 41 20 han
484 1005 109 26 ingenting
609 1006 65 19 annat
689 1006 52 25 göra
756 1006 26 19 än
798 1011 96 20 upprepa
910 1005 72 20 dessas
998 1004 35 21 be-

210 1033 131 27 stämningar
363 1033 40 21 och
425 1033 40 21 blir
488 1033 54 21 blott
565 1039 25 15 en
606 1033 103 25 maschin;
726 1033 27 21 dä
768 1033 96 21 inträffar
879 1033 67 26 äfven,
963 1033 70 20 såsom

211 1064 86 23 prosten
319 1062 103 21 Borenius
441 1061 104 27 anmärkt,
569 1063 32 19 att
623 1062 42 20 han
688 1061 41 21 blir
745 1062 84 20 bunden
845 1062 33 20 till
893 1061 73 27 hvarje
980 1061 52 27 jota.

211 1090 49 21 Men
282 1091 54 20 intet
359 1091 128 26 domkapitel
512 1090 41 21 kan
569 1091 7 20 i
591 1090 38 21 vär
644 1090 111 21 lutherska
770 1090 68 27 kyrka
852 1090 118 21 fördömma
986 1091 47 24 den,

211 1125 45 14 som
277 1119 48 20 med
347 1119 60 20 Guds
428 1119 37 21 ord
481 1119 84 20 bevisar
579 1121 33 18 att
628 1119 52 20 hans
695 1119 135 27 uppfattning
846 1120 24 19 är
886 1119 70 26 riktig,
972 1119 61 20 äfven

211 1153 34 15 om
261 1147 41 21 den
317 1147 80 21 strider
412 1150 43 18 mot
471 1148 25 20 de
512 1147 130 27 symboliska
657 1147 113 21 böckerna.
800 1148 11 20 I
827 1147 69 21 denna
911 1147 84 26 mening
1010 1149 24 18 är

210 1175 12 28 8
239 1177 9 19 1
265 1177 98 25 antagen,
380 1175 39 22 och
435 1176 83 21 derföre
532 1177 24 20 är
571 1176 117 21 utskottets
703 1176 74 27 tillägg
792 1176 23 21 sä
830 1176 137 26 nödvändigt,
978 1182 55 15 eme-

211 1204 41 21 dan
267 1204 125 27 paragrafen
409 1211 76 14 annars
499 1205 46 20 icke
562 1205 199 20 öfverensstämmer
776 1205 47 20 med
839 1205 11 26 $
864 1205 17 20 1.
907 1205 46 20 Den
964 1204 69 27 gamla

210 1233 165 26 formuleringen
391 1235 24 18 är
430 1233 27 26 pä
472 1233 53 21 intet
540 1233 31 21 vis
583 1233 134 26 lämpligare;
733 1233 80 21 lemnas
824 1233 210 21 konkordieformeln

210 1261 56 24 bort,
289 1261 23 21 sä
334 1261 131 22 bortlemnas
487 1262 36 21 det
544 1261 113 27 vigtigaste
675 1261 136 27 hvarigenom
826 1262 38 21 vär
879 1261 67 27 kyrka
962 1261 71 27 skiljer

211 1290 31 26 sig
257 1290 46 21 frän
319 1290 40 21 den
375 1290 131 21 reformerta.
537 1290 76 21 Fattar
628 1297 49 14 man
693 1290 82 27 engäng
790 1290 244 21 bekännelseskrifterna

211 1318 70 21 säsom
297 1319 221 25 bekännelseskrifter,
535 1319 39 20 och
589 1319 46 21 icke
651 1319 70 21 säsom
738 1319 58 26 lagar
811 1319 34 20 för
860 1321 56 21 tron,
932 1319 24 20 sä
966 1318 68 21 mäste

210 1346 26 21 de
253 1346 60 22 äfven
329 1346 124 25 bibehållas,
469 1347 39 21 och
524 1347 27 21 dä
566 1347 43 21 kan
624 1353 48 15 man
689 1347 18 26 ej
718 1347 67 21 heller
795 1347 115 26 godkänna
919 1346 114 27 presteden

210 1375 54 22 efter
281 1376 53 21 1686
351 1375 34 22 ärs
401 1375 103 27 kyrkolag
520 1376 51 21 eller
587 1376 40 21 den
644 1376 114 27 kejserliga
773 1375 164 27 propositionen.

279 1433 111 21 Professor
413 1432 94 21 Geitlin
530 1433 147 21 äterhemtade
699 1433 37 21 sitt
757 1433 99 27 yttrande
878 1433 36 21 vid
936 1433 11 27 $&
971 1434 18 24 1,
1006 1433 28 20 dä

210 1461 42 20 han
275 1461 92 26 föreslog
387 1463 33 19 att
441 1461 85 22 ständet
548 1468 76 20 genom
639 1463 33 20 att
687 1463 50 25 taga
753 1464 30 19 ett
798 1464 47 24 steg
860 1461 90 22 tillbaka
965 1461 68 22 skulle

209 1491 53 25 göra
273 1491 30 19 ett
313 1491 55 20 stort
379 1492 47 24 steg
435 1489 82 22 framät.
540 1490 43 21 Det
593 1489 102 22 formulär
705 1496 46 15 som
761 1497 28 14 nu
799 1490 107 27 begagnas
922 1490 54 21 hade
991 1490 41 21 till-

210 1518 89 21 kommit
321 1520 59 19 utom
403 1519 172 26 grundlagsenlig
595 1520 47 25 väg,
665 1519 75 21 endast
761 1525 76 20 genom
859 1520 31 20 ett
905 1518 93 22 cirkulär
1012 1519 24 21 af
