1109 1795
306 120 166 18 Presteständet.
498 120 56 17 1867.
579 120 25 17 27
616 120 63 21 April.
835 116 42 20 769

77 207 25 21 så
116 207 56 20 ville.
203 205 54 28 Sjelf
270 206 54 21 hade
339 205 122 27 professorn
477 205 7 21 i
500 206 26 19 17
543 205 24 20 år
582 205 102 21 förrättat
699 205 104 26 uppbörd,
818 206 88 21 hvartill

78 235 72 26 hvarje
165 234 56 27 gång
237 234 68 27 åtgått
320 234 76 21 endast
411 235 76 20 tvenne
504 233 73 26 dagar.

147 296 207 27 Kontraktsprosten
369 296 133 21 Ehrström
519 295 48 22 ville
583 295 76 22 endast
674 295 47 21 med
737 295 20 21 få
770 296 38 21 ord
821 296 85 27 påpeka

78 325 183 27 inkonseqvensen
277 325 77 24 deruti,
370 326 33 19 att
417 325 87 25 presten
520 324 49 26 sjelf
583 324 55 21 skall
649 323 90 21 indrifva
750 327 102 24 resterna,
866 325 40 21 och

79 354 66 27 ansåg
166 354 37 21 det
218 353 99 26 riktigast
332 355 33 18 att
381 353 40 20 den
437 359 45 14 som
497 353 120 20 förrättade
633 353 125 26 uppbörden
773 353 61 21 äfven
850 353 56 22 hade

79 383 32 25 sig
134 382 121 21 ombetrodt
278 383 32 20 att
333 381 90 21 indrifva
445 382 103 20 resterna.
580 381 10 20 I
607 380 64 27 öfrigt
691 381 111 26 godkände
817 383 89 24 prosten

79 411 132 27 paragrafen.

148 473 91 21 Prosten
261 473 145 25 Rosengren
428 471 123 21 förklarade
575 471 32 26 sig
629 471 47 21 icke
698 471 71 21 kunna
791 472 115 27 godkänna

74 501 138 27 paragrafen,
229 501 27 20 då
272 501 61 26 ingen
349 500 135 26 reciprocitet
500 500 45 21 deri
561 499 71 26 fanns;
648 501 87 24 prosten
749 500 70 21 kunde
830 501 75 21 nemli-

79 536 39 20 gen
141 530 46 21 icke
208 529 51 26 gilla
281 531 32 18 att
334 529 151 26 församlingen
507 528 55 21 skall
585 529 72 20 kunna
679 530 51 23 göra
745 529 48 20 med
808 531 97 24 prestens

79 559 91 20 boställe
185 557 57 22 hvad
257 557 40 21 den
313 557 36 20 vill
365 557 39 21 och
419 563 29 14 nu
460 556 62 22 äfven
535 557 120 20 bestämma
668 556 57 22 öfver
735 557 54 21 hans
799 557 105 26 uppbörd,

79 587 70 21 såsom
164 585 127 28 paragrafen
306 585 111 22 föreskref.

148 649 92 20 Prosten
263 649 77 20 doktor
361 647 88 27 Bergh
472 647 89 21 anförde
584 649 32 19 att
639 647 148 26 kyrkoherden
806 648 99 21 Juselius

80 677 136 26 andragande
232 677 77 21 vittnat
324 683 33 14 om
373 676 23 21 så
412 677 60 25 ringa
487 675 128 27 erfarenhet,
631 677 33 20 att
679 676 36 21 det
729 676 46 21 icke
786 676 120 27 förtjenade

80 706 66 26 något
168 706 133 20 bemötande.
332 705 61 20 Hvad
416 703 118 22 beträffade
559 704 118 21 utskottets
701 704 86 27 förslag,
812 707 32 18 att
870 705 36 21 det

81 735 68 21 skulle
172 734 52 21 bero
245 733 28 27 på
294 733 151 26 församlingen
460 733 107 20 huruvida
582 734 86 25 presten
684 733 51 20 eller
749 733 70 26 någon
835 739 71 15 annan

81 763 67 21 skulle
163 763 116 20 verkställa
294 762 133 27 uppbörden,
443 761 66 26 ansåg
525 761 93 21 doktorn
634 762 117 20 detsamma
763 761 24 21 så
797 761 108 26 förfeladt,

81 793 33 19 att
134 798 33 14 om
191 791 36 21 det
249 792 93 25 antoges,
365 792 86 25 presten
473 790 70 26 aldrig
566 790 84 21 komme
665 792 33 19 att
713 789 76 22 befrias
805 790 100 26 derifrån,

81 820 81 21 hvilket
185 819 54 21 dock
263 819 55 21 varit
336 819 40 20 den
392 819 62 20 bästa
469 818 144 27 förhoppning
629 825 49 14 man
693 818 48 26 hyst
755 818 7 21 i
778 818 100 21 afseende
894 818 12 21 å

81 848 189 27 prestaflöningens
286 848 131 26 reglerande.
447 847 40 20 Om
504 847 36 21 det
555 846 18 27 ej
591 853 50 14 vore
657 847 32 20 för
704 847 147 26 kyrkoherden
867 847 39 21 Ju-

82 877 70 20 selius”
176 877 61 25 skull,
261 876 85 21 hvilken
366 876 71 26 tyckte
459 875 127 27 uppbörden
609 881 51 15 vara
675 875 24 21 sä
713 875 116 26 innerligen
845 875 60 27 rolig,

82 911 45 15 som
150 905 42 21 han
215 905 68 21 skulle
306 904 107 21 bibehålla
433 904 47 26 den,
497 904 23 21 så
536 904 95 21 önskade
647 904 82 21 talaren
744 904 106 26 tillstyrka
866 904 40 21 den

82 933 113 27 kejserliga
211 933 164 26 propositionen,
393 939 44 14 som
453 932 93 27 föreslog
556 933 137 26 uppbördens
704 932 142 21 bortfallande
858 932 48 21 från

82 962 158 26 presttjensten.
270 961 113 26 Föröfrigt.
393 961 99 21 framhöll
508 961 82 21 talaren
607 963 32 18 att
654 963 91 24 presten,
761 967 35 14 om
811 961 37 20 det
860 961 46 21 icke

81 996 39 15 var
142 990 77 21 honom
241 991 82 25 möjligt
343 992 32 18 att
397 990 68 26 slippa
487 989 193 27 restindrifningen,
697 989 70 21 kunde
783 991 50 24 taga
848 992 58 18 emot

82 1019 135 26 restlängden
241 1019 39 20 och
301 1018 72 21 skicka
396 1018 40 21 den
459 1018 32 20 till
513 1018 114 25 exekutor;
651 1024 48 15 men
721 1018 42 21 han
777 1018 67 20 borde
859 1017 46 22 icke

82 1047 121 21 sedermera
219 1047 48 26 sjelf
281 1047 21 21 få
313 1047 52 21 bära
375 1053 42 20 upp
430 1046 69 26 någon
512 1046 22 21 af
545 1046 26 21 de
581 1046 8 21 i
601 1045 92 28 längden
705 1048 108 24 upptagna
823 1047 83 20 restan-

82 1075 74 21 tierna.

151 1137 154 27 Kyrkoherden
328 1137 106 21 Castrén
457 1137 95 20 önskade
575 1137 125 26 paragrafen
719 1135 187 22 omformulerad
893 1131 18 37 i

81 1166 37 21 det
141 1166 60 26 syfte,
223 1168 32 19 att
279 1167 35 20 det
334 1166 67 21 skulle
417 1166 115 20 ankomma
546 1165 28 26 på
590 1167 85 25 presten
691 1166 32 19 att
738 1165 119 20 bestämma
872 1171 34 14 om

82 1194 41 20 han
146 1194 49 27 sjelf
215 1194 48 21 ville
285 1194 115 21 verkställa
419 1194 98 27 uppbörd
534 1194 51 21 eller
601 1194 52 24 icke,
671 1196 54 18 samt
739 1195 33 19 att
787 1193 41 21 han
844 1193 62 26 ingen

82 1222 119 27 befattning
216 1223 67 20 skulle
299 1223 63 20 hafva
377 1223 48 20 med
441 1222 148 27 restlängdens
604 1222 148 21 realiserande.

149 1285 92 21 Prosten
257 1284 130 27 Grönberg
401 1285 101 21 förenade
518 1285 31 25 sig
565 1285 81 20 härom.

150 1342 91 21 Prosten
263 1342 72 26 Hjelt
357 1342 122 20 förklarade
500 1343 32 19 att
547 1341 151 26 förändringen
713 1341 7 20 i
736 1341 26 20 13
777 1341 12 26 $
803 1339 56 21 hade
874 1339 33 21 sin

82 1371 69 26 grund
173 1371 45 20 deri
241 1372 32 19 att
295 1372 92 25 presten,
403 1370 6 20 i
425 1370 102 20 händelse
547 1370 42 20 han
609 1370 62 20 stode
685 1369 7 20 i
707 1368 51 27 godt
773 1367 134 22 förhållande

82 1399 32 21 till
130 1399 157 26 församlingen,
303 1399 48 26 sjelf
365 1399 70 20 kunde
451 1398 120 27 ombesörja
587 1398 135 27 uppbörden;
739 1403 50 15 vore
805 1397 47 20 åter
864 1396 43 21 för-

82 1427 111 21 hållandet
215 1429 95 24 motsatt,
332 1427 23 21 så
375 1427 68 21 måste
458 1427 150 26 församlingen
623 1426 22 21 få
659 1428 53 25 göra
727 1425 124 27 uppbörden
868 1424 40 21 och

82 1456 58 26 gifva
161 1456 78 21 honom
263 1456 55 21 hvad
340 1462 45 15 som
409 1455 84 21 influtit.
524 1455 72 26 Enligt
619 1457 98 24 prostens
739 1455 55 25 åsigt
816 1459 38 14 var
872 1453 36 20 det

81 1484 66 21 också
169 1485 108 26 naturligt,
299 1486 32 19 att
353 1486 86 25 presten
462 1484 54 21 efter
537 1483 119 21 verkställd
671 1483 97 27 uppbörd
784 1482 54 25 finge
854 1483 54 19 rest-

81 1513 92 26 längden
188 1513 32 21 till
235 1513 164 26 genomgående,
415 1515 22 24 ty
453 1512 75 21 endast
544 1512 43 21 han
603 1512 70 21 kunde
689 1513 51 25 göra
761 1510 147 26 afkortningar
