<?xml version="1.0" encoding="UTF-8"?>
<alto xmlns="http://www.loc.gov/standards/alto/ns-v3#" xmlns:xlink="http://www.w3.org/1999/xlink" xmlns:xsi="http://www.w3.org/2001/XMLSchema-instance" xsi:schemaLocation="http://www.loc.gov/standards/alto/ns-v3# http://www.loc.gov/alto/v3/alto-3-0.xsd">
	<Description>
		<MeasurementUnit>pixel</MeasurementUnit>
		<sourceImageInformation>
			<fileName>/tmp/tess_oyg9708s_input.PNG</fileName>
		</sourceImageInformation>
		<OCRProcessing ID="OCR_0">
			<ocrProcessingStep>
				<processingSoftware>
					<softwareName>tesseract 5.3.4</softwareName>
				</processingSoftware>
			</ocrProcessingStep>
		</OCRProcessing>
	</Description>
	<Layout>
		<Page WIDTH="1109" HEIGHT="1795" PHYSICAL_IMG_NR="0" ID="page_0">
			<PrintSpace HPOS="0" VPOS="0" WIDTH="1109" HEIGHT="1795">
				<ComposedBlock ID="cblock_0" HPOS="316" VPOS="119" WIDTH="572" HEIGHT="25">
					<TextBlock ID="block_0" HPOS="316" VPOS="119" WIDTH="572" HEIGHT="25">
						<TextLine ID="line_0" HPOS="316" VPOS="119" WIDTH="572" HEIGHT="25">
							<String ID="string_0" HPOS="316" VPOS="123" WIDTH="165" HEIGHT="19" WC="0.92" CONTENT="Presteståndet."/><SP WIDTH="27" VPOS="123" HPOS="481"/>
							<String ID="string_1" HPOS="508" VPOS="124" WIDTH="55" HEIGHT="17" WC="0.96" CONTENT="1867."/><SP WIDTH="21" VPOS="124" HPOS="563"/>
							<String ID="string_2" HPOS="584" VPOS="117" WIDTH="28" HEIGHT="32" WC="0.96" CONTENT="24"/><SP WIDTH="15" VPOS="117" HPOS="612"/>
							<String ID="string_3" HPOS="627" VPOS="123" WIDTH="61" HEIGHT="21" WC="0.92" CONTENT="April."/><SP WIDTH="161" VPOS="123" HPOS="688"/>
							<String ID="string_4" HPOS="849" VPOS="119" WIDTH="39" HEIGHT="20" WC="0.96" CONTENT="681"/>
						</TextLine>
					</TextBlock>
				</ComposedBlock>
				<GraphicalElement ID="cblock_1" HPOS="96" VPOS="162" WIDTH="823" HEIGHT="6"></GraphicalElement >
				<ComposedBlock ID="cblock_2" HPOS="94" VPOS="209" WIDTH="827" HEIGHT="564">
					<TextBlock ID="block_1" HPOS="94" VPOS="209" WIDTH="827" HEIGHT="341">
						<TextLine ID="line_1" HPOS="95" VPOS="209" WIDTH="826" HEIGHT="26">
							<String ID="string_5" HPOS="95" VPOS="210" WIDTH="113" HEIGHT="21" WC="0.92" CONTENT="afseenden"/><SP WIDTH="15" VPOS="210" HPOS="208"/>
							<String ID="string_6" HPOS="223" VPOS="210" WIDTH="108" HEIGHT="21" WC="0.96" CONTENT="utbildade"/><SP WIDTH="16" VPOS="210" HPOS="331"/>
							<String ID="string_7" HPOS="347" VPOS="210" WIDTH="96" HEIGHT="25" WC="0.96" CONTENT="svenska,"/><SP WIDTH="17" VPOS="210" HPOS="443"/>
							<String ID="string_8" HPOS="460" VPOS="209" WIDTH="39" HEIGHT="22" WC="0.96" CONTENT="och"/><SP WIDTH="17" VPOS="209" HPOS="499"/>
							<String ID="string_9" HPOS="516" VPOS="210" WIDTH="36" HEIGHT="21" WC="0.96" CONTENT="det"/><SP WIDTH="15" VPOS="210" HPOS="552"/>
							<String ID="string_10" HPOS="567" VPOS="211" WIDTH="57" HEIGHT="19" WC="0.95" CONTENT="ännu"/><SP WIDTH="15" VPOS="211" HPOS="624"/>
							<String ID="string_11" HPOS="639" VPOS="209" WIDTH="7" HEIGHT="20" WC="0.95" CONTENT="i"/><SP WIDTH="15" VPOS="209" HPOS="646"/>
							<String ID="string_12" HPOS="661" VPOS="209" WIDTH="37" HEIGHT="20" WC="0.96" CONTENT="sitt"/><SP WIDTH="15" VPOS="209" HPOS="698"/>
							<String ID="string_13" HPOS="713" VPOS="209" WIDTH="68" HEIGHT="21" WC="0.96" CONTENT="första"/><SP WIDTH="16" VPOS="209" HPOS="781"/>
							<String ID="string_14" HPOS="797" VPOS="209" WIDTH="92" HEIGHT="22" WC="0.94" CONTENT="stadium"/><SP WIDTH="9" VPOS="209" HPOS="889"/>
							<String ID="string_15" HPOS="898" VPOS="209" WIDTH="23" HEIGHT="22" WC="0.94" CONTENT="af"/>
						</TextLine>
						<TextLine ID="line_2" HPOS="94" VPOS="237" WIDTH="824" HEIGHT="28">
							<String ID="string_16" HPOS="94" VPOS="239" WIDTH="121" HEIGHT="26" WC="0.96" CONTENT="utveckling"/><SP WIDTH="14" VPOS="239" HPOS="215"/>
							<String ID="string_17" HPOS="229" VPOS="239" WIDTH="92" HEIGHT="20" WC="0.96" CONTENT="varande"/><SP WIDTH="15" VPOS="239" HPOS="321"/>
							<String ID="string_18" HPOS="336" VPOS="239" WIDTH="67" HEIGHT="20" WC="0.96" CONTENT="finska"/><SP WIDTH="16" VPOS="239" HPOS="403"/>
							<String ID="string_19" HPOS="419" VPOS="238" WIDTH="87" HEIGHT="27" WC="0.96" CONTENT="språket"/><SP WIDTH="15" VPOS="238" HPOS="506"/>
							<String ID="string_20" HPOS="521" VPOS="238" WIDTH="32" HEIGHT="25" WC="0.96" CONTENT="sig"/><SP WIDTH="16" VPOS="238" HPOS="553"/>
							<String ID="string_21" HPOS="569" VPOS="237" WIDTH="84" HEIGHT="22" WC="0.96" CONTENT="befinna"/><SP WIDTH="15" VPOS="237" HPOS="653"/>
							<String ID="string_22" HPOS="668" VPOS="237" WIDTH="55" HEIGHT="21" WC="0.95" CONTENT="inses"/><SP WIDTH="16" VPOS="237" HPOS="723"/>
							<String ID="string_23" HPOS="739" VPOS="237" WIDTH="47" HEIGHT="25" WC="0.96" CONTENT="lätt,"/><SP WIDTH="15" VPOS="237" HPOS="786"/>
							<String ID="string_24" HPOS="801" VPOS="240" WIDTH="33" HEIGHT="19" WC="0.93" CONTENT="att"/><SP WIDTH="16" VPOS="240" HPOS="834"/>
							<String ID="string_25" HPOS="850" VPOS="237" WIDTH="68" HEIGHT="22" WC="0.92" CONTENT="öfver-"/>
						</TextLine>
						<TextLine ID="line_3" HPOS="95" VPOS="265" WIDTH="823" HEIGHT="28">
							<String ID="string_26" HPOS="95" VPOS="267" WIDTH="108" HEIGHT="21" WC="0.91" CONTENT="sättandet"/><SP WIDTH="22" VPOS="267" HPOS="203"/>
							<String ID="string_27" HPOS="225" VPOS="267" WIDTH="23" HEIGHT="21" WC="0.96" CONTENT="af"/><SP WIDTH="17" VPOS="267" HPOS="248"/>
							<String ID="string_28" HPOS="265" VPOS="269" WIDTH="31" HEIGHT="19" WC="0.95" CONTENT="ett"/><SP WIDTH="16" VPOS="269" HPOS="296"/>
							<String ID="string_29" HPOS="312" VPOS="267" WIDTH="115" HEIGHT="21" WC="0.96" CONTENT="dokument"/><SP WIDTH="14" VPOS="267" HPOS="427"/>
							<String ID="string_30" HPOS="441" VPOS="266" WIDTH="24" HEIGHT="21" WC="0.96" CONTENT="af"/><SP WIDTH="14" VPOS="266" HPOS="465"/>
							<String ID="string_31" HPOS="479" VPOS="266" WIDTH="23" HEIGHT="21" WC="0.96" CONTENT="så"/><SP WIDTH="15" VPOS="266" HPOS="502"/>
							<String ID="string_32" HPOS="517" VPOS="269" WIDTH="46" HEIGHT="18" WC="0.96" CONTENT="stor"/><SP WIDTH="15" VPOS="269" HPOS="563"/>
							<String ID="string_33" HPOS="578" VPOS="265" WIDTH="108" HEIGHT="27" WC="0.96" CONTENT="betydelse"/><SP WIDTH="16" VPOS="265" HPOS="686"/>
							<String ID="string_34" HPOS="702" VPOS="266" WIDTH="38" HEIGHT="21" WC="0.97" CONTENT="och"/><SP WIDTH="16" VPOS="266" HPOS="740"/>
							<String ID="string_35" HPOS="756" VPOS="273" WIDTH="46" HEIGHT="14" WC="0.96" CONTENT="som"/><SP WIDTH="16" VPOS="273" HPOS="802"/>
							<String ID="string_36" HPOS="818" VPOS="267" WIDTH="24" HEIGHT="21" WC="0.96" CONTENT="så"/><SP WIDTH="15" VPOS="267" HPOS="842"/>
							<String ID="string_37" HPOS="857" VPOS="267" WIDTH="61" HEIGHT="26" WC="0.96" CONTENT="djupt"/>
						</TextLine>
						<TextLine ID="line_4" HPOS="94" VPOS="295" WIDTH="824" HEIGHT="27">
							<String ID="string_38" HPOS="94" VPOS="296" WIDTH="93" HEIGHT="26" WC="0.96" CONTENT="ingriper"/><SP WIDTH="22" VPOS="296" HPOS="187"/>
							<String ID="string_39" HPOS="209" VPOS="296" WIDTH="7" HEIGHT="20" WC="0.96" CONTENT="i"/><SP WIDTH="21" VPOS="296" HPOS="216"/>
							<String ID="string_40" HPOS="237" VPOS="295" WIDTH="69" HEIGHT="21" WC="0.96" CONTENT="finska"/><SP WIDTH="21" VPOS="295" HPOS="306"/>
							<String ID="string_41" HPOS="327" VPOS="295" WIDTH="78" HEIGHT="21" WC="0.93" CONTENT="folkets"/><SP WIDTH="22" VPOS="295" HPOS="405"/>
							<String ID="string_42" HPOS="427" VPOS="295" WIDTH="160" HEIGHT="21" WC="0.91" CONTENT="konstitionella"/><SP WIDTH="22" VPOS="295" HPOS="587"/>
							<String ID="string_43" HPOS="609" VPOS="295" WIDTH="30" HEIGHT="25" WC="0.80" CONTENT="lif,"/><SP WIDTH="20" VPOS="295" HPOS="639"/>
							<String ID="string_44" HPOS="659" VPOS="296" WIDTH="23" HEIGHT="19" WC="0.97" CONTENT="är"/><SP WIDTH="16" VPOS="296" HPOS="682"/>
							<String ID="string_45" HPOS="698" VPOS="296" WIDTH="30" HEIGHT="19" WC="0.96" CONTENT="ett"/><SP WIDTH="15" VPOS="296" HPOS="728"/>
							<String ID="string_46" HPOS="743" VPOS="295" WIDTH="23" HEIGHT="20" WC="0.96" CONTENT="af"/><SP WIDTH="13" VPOS="295" HPOS="766"/>
							<String ID="string_47" HPOS="779" VPOS="295" WIDTH="26" HEIGHT="20" WC="0.93" CONTENT="de"/><SP WIDTH="16" VPOS="295" HPOS="805"/>
							<String ID="string_48" HPOS="821" VPOS="301" WIDTH="97" HEIGHT="15" WC="0.92" CONTENT="ansvars-"/>
						</TextLine>
						<TextLine ID="line_5" HPOS="95" VPOS="323" WIDTH="822" HEIGHT="28">
							<String ID="string_49" HPOS="95" VPOS="324" WIDTH="85" HEIGHT="21" WC="0.96" CONTENT="fullaste"/><SP WIDTH="22" VPOS="324" HPOS="180"/>
							<String ID="string_50" HPOS="202" VPOS="324" WIDTH="102" HEIGHT="27" WC="0.96" CONTENT="uppdrag,"/><SP WIDTH="23" VPOS="324" HPOS="304"/>
							<String ID="string_51" HPOS="327" VPOS="324" WIDTH="27" HEIGHT="26" WC="0.96" CONTENT="på"/><SP WIDTH="18" VPOS="324" HPOS="354"/>
							<String ID="string_52" HPOS="372" VPOS="330" WIDTH="81" HEIGHT="15" WC="0.96" CONTENT="samma"/><SP WIDTH="14" VPOS="330" HPOS="453"/>
							<String ID="string_53" HPOS="467" VPOS="323" WIDTH="56" HEIGHT="27" WC="0.96" CONTENT="gång"/><SP WIDTH="15" VPOS="323" HPOS="523"/>
							<String ID="string_54" HPOS="538" VPOS="329" WIDTH="46" HEIGHT="15" WC="0.96" CONTENT="som"/><SP WIDTH="16" VPOS="329" HPOS="584"/>
							<String ID="string_55" HPOS="600" VPOS="323" WIDTH="35" HEIGHT="20" WC="0.96" CONTENT="det"/><SP WIDTH="15" VPOS="323" HPOS="635"/>
							<String ID="string_56" HPOS="650" VPOS="324" WIDTH="24" HEIGHT="19" WC="0.96" CONTENT="är"/><SP WIDTH="15" VPOS="324" HPOS="674"/>
							<String ID="string_57" HPOS="689" VPOS="324" WIDTH="31" HEIGHT="19" WC="0.96" CONTENT="ett"/><SP WIDTH="15" VPOS="324" HPOS="720"/>
							<String ID="string_58" HPOS="735" VPOS="323" WIDTH="23" HEIGHT="20" WC="0.96" CONTENT="af"/><SP WIDTH="13" VPOS="323" HPOS="758"/>
							<String ID="string_59" HPOS="771" VPOS="323" WIDTH="26" HEIGHT="21" WC="0.96" CONTENT="de"/><SP WIDTH="16" VPOS="323" HPOS="797"/>
							<String ID="string_60" HPOS="813" VPOS="323" WIDTH="104" HEIGHT="24" WC="0.96" CONTENT="svåraste;"/>
						</TextLine>
						<TextLine ID="line_6" HPOS="96" VPOS="351" WIDTH="822" HEIGHT="28">
							<String ID="string_61" HPOS="96" VPOS="353" WIDTH="40" HEIGHT="20" WC="0.96" CONTENT="och"/><SP WIDTH="15" VPOS="353" HPOS="136"/>
							<String ID="string_62" HPOS="151" VPOS="353" WIDTH="68" HEIGHT="20" WC="0.96" CONTENT="denna"/><SP WIDTH="15" VPOS="353" HPOS="219"/>
							<String ID="string_63" HPOS="234" VPOS="353" WIDTH="106" HEIGHT="26" WC="0.96" CONTENT="svårighet"/><SP WIDTH="15" VPOS="353" HPOS="340"/>
							<String ID="string_64" HPOS="355" VPOS="353" WIDTH="60" HEIGHT="20" WC="0.96" CONTENT="torde"/><SP WIDTH="16" VPOS="353" HPOS="415"/>
							<String ID="string_65" HPOS="431" VPOS="352" WIDTH="34" HEIGHT="21" WC="0.96" CONTENT="för"/><SP WIDTH="16" VPOS="352" HPOS="465"/>
							<String ID="string_66" HPOS="481" VPOS="352" WIDTH="41" HEIGHT="21" WC="0.96" CONTENT="den"/><SP WIDTH="15" VPOS="352" HPOS="522"/>
							<String ID="string_67" HPOS="537" VPOS="353" WIDTH="109" HEIGHT="19" WC="0.96" CONTENT="närmaste"/><SP WIDTH="11" VPOS="353" HPOS="646"/>
							<String ID="string_68" HPOS="657" VPOS="351" WIDTH="113" HEIGHT="21" WC="0.96" CONTENT="framtiden"/><SP WIDTH="11" VPOS="351" HPOS="770"/>
							<String ID="string_69" HPOS="781" VPOS="351" WIDTH="50" HEIGHT="26" WC="0.93" CONTENT="föga"/><SP WIDTH="11" VPOS="351" HPOS="831"/>
							<String ID="string_70" HPOS="842" VPOS="358" WIDTH="76" HEIGHT="15" WC="0.91" CONTENT="annor-"/>
						</TextLine>
						<TextLine ID="line_7" HPOS="95" VPOS="379" WIDTH="823" HEIGHT="27">
							<String ID="string_71" HPOS="95" VPOS="381" WIDTH="65" HEIGHT="21" WC="0.91" CONTENT="lunda"/><SP WIDTH="15" VPOS="381" HPOS="160"/>
							<String ID="string_72" HPOS="175" VPOS="381" WIDTH="71" HEIGHT="20" WC="0.95" CONTENT="kunna"/><SP WIDTH="15" VPOS="381" HPOS="246"/>
							<String ID="string_73" HPOS="261" VPOS="381" WIDTH="108" HEIGHT="25" WC="0.95" CONTENT="undvikas,"/><SP WIDTH="16" VPOS="381" HPOS="369"/>
							<String ID="string_74" HPOS="385" VPOS="383" WIDTH="27" HEIGHT="18" WC="0.96" CONTENT="än"/><SP WIDTH="15" VPOS="383" HPOS="412"/>
							<String ID="string_75" HPOS="427" VPOS="382" WIDTH="32" HEIGHT="19" WC="0.96" CONTENT="att"/><SP WIDTH="16" VPOS="382" HPOS="459"/>
							<String ID="string_76" HPOS="475" VPOS="381" WIDTH="41" HEIGHT="20" WC="0.96" CONTENT="den"/><SP WIDTH="16" VPOS="381" HPOS="516"/>
							<String ID="string_77" HPOS="532" VPOS="380" WIDTH="91" HEIGHT="21" WC="0.96" CONTENT="svenska"/><SP WIDTH="15" VPOS="380" HPOS="623"/>
							<String ID="string_78" HPOS="638" VPOS="379" WIDTH="39" HEIGHT="22" WC="0.96" CONTENT="och"/><SP WIDTH="14" VPOS="379" HPOS="677"/>
							<String ID="string_79" HPOS="691" VPOS="380" WIDTH="68" HEIGHT="21" WC="0.96" CONTENT="finska"/><SP WIDTH="16" VPOS="380" HPOS="759"/>
							<String ID="string_80" HPOS="775" VPOS="381" WIDTH="72" HEIGHT="20" WC="0.92" CONTENT="texten"/><SP WIDTH="15" VPOS="381" HPOS="847"/>
							<String ID="string_81" HPOS="862" VPOS="386" WIDTH="56" HEIGHT="15" WC="0.91" CONTENT="sam-"/>
						</TextLine>
						<TextLine ID="line_8" HPOS="95" VPOS="408" WIDTH="822" HEIGHT="28">
							<String ID="string_82" HPOS="95" VPOS="409" WIDTH="62" HEIGHT="27" WC="0.96" CONTENT="tidigt"/><SP WIDTH="22" VPOS="409" HPOS="157"/>
							<String ID="string_83" HPOS="179" VPOS="409" WIDTH="115" HEIGHT="26" WC="0.96" CONTENT="utarbetas,"/><SP WIDTH="23" VPOS="409" HPOS="294"/>
							<String ID="string_84" HPOS="317" VPOS="409" WIDTH="24" HEIGHT="21" WC="0.96" CONTENT="så"/><SP WIDTH="21" VPOS="409" HPOS="341"/>
							<String ID="string_85" HPOS="362" VPOS="411" WIDTH="33" HEIGHT="19" WC="0.96" CONTENT="att"/><SP WIDTH="21" VPOS="411" HPOS="395"/>
							<String ID="string_86" HPOS="416" VPOS="409" WIDTH="34" HEIGHT="21" WC="0.91" CONTENT="vid"/><SP WIDTH="24" VPOS="409" HPOS="450"/>
							<String ID="string_87" HPOS="474" VPOS="408" WIDTH="209" HEIGHT="22" WC="0.91" CONTENT="redaktionsarbetet"/><SP WIDTH="16" VPOS="408" HPOS="683"/>
							<String ID="string_88" HPOS="699" VPOS="408" WIDTH="128" HEIGHT="22" WC="0.96" CONTENT="åtminstone"/><SP WIDTH="15" VPOS="408" HPOS="827"/>
							<String ID="string_89" HPOS="842" VPOS="415" WIDTH="32" HEIGHT="18" WC="0.96" CONTENT="en,"/><SP WIDTH="18" VPOS="415" HPOS="874"/>
							<String ID="string_90" HPOS="892" VPOS="409" WIDTH="25" HEIGHT="21" WC="0.96" CONTENT="de"/>
						</TextLine>
						<TextLine ID="line_9" HPOS="95" VPOS="437" WIDTH="821" HEIGHT="28">
							<String ID="string_91" HPOS="95" VPOS="438" WIDTH="56" HEIGHT="21" WC="0.96" CONTENT="båda"/><SP WIDTH="15" VPOS="438" HPOS="151"/>
							<String ID="string_92" HPOS="166" VPOS="438" WIDTH="91" HEIGHT="27" WC="0.96" CONTENT="språken"/><SP WIDTH="15" VPOS="438" HPOS="257"/>
							<String ID="string_93" HPOS="272" VPOS="438" WIDTH="49" HEIGHT="21" WC="0.96" CONTENT="fullt"/><SP WIDTH="15" VPOS="438" HPOS="321"/>
							<String ID="string_94" HPOS="336" VPOS="438" WIDTH="81" HEIGHT="26" WC="0.96" CONTENT="mäktig"/><SP WIDTH="14" VPOS="438" HPOS="417"/>
							<String ID="string_95" HPOS="431" VPOS="444" WIDTH="78" HEIGHT="19" WC="0.96" CONTENT="person"/><SP WIDTH="16" VPOS="444" HPOS="509"/>
							<String ID="string_96" HPOS="525" VPOS="438" WIDTH="70" HEIGHT="20" WC="0.96" CONTENT="kunde"/><SP WIDTH="17" VPOS="438" HPOS="595"/>
							<String ID="string_97" HPOS="612" VPOS="438" WIDTH="91" HEIGHT="25" WC="0.96" CONTENT="deltaga,"/><SP WIDTH="15" VPOS="438" HPOS="703"/>
							<String ID="string_98" HPOS="718" VPOS="437" WIDTH="33" HEIGHT="21" WC="0.96" CONTENT="för"/><SP WIDTH="15" VPOS="437" HPOS="751"/>
							<String ID="string_99" HPOS="766" VPOS="439" WIDTH="33" HEIGHT="19" WC="0.96" CONTENT="att"/><SP WIDTH="15" VPOS="439" HPOS="799"/>
							<String ID="string_100" HPOS="814" VPOS="438" WIDTH="7" HEIGHT="20" WC="0.96" CONTENT="i"/><SP WIDTH="16" VPOS="438" HPOS="821"/>
							<String ID="string_101" HPOS="837" VPOS="438" WIDTH="25" HEIGHT="20" WC="0.96" CONTENT="de"/><SP WIDTH="10" VPOS="438" HPOS="862"/>
							<String ID="string_102" HPOS="872" VPOS="437" WIDTH="44" HEIGHT="26" WC="0.96" CONTENT="fall,"/>
						</TextLine>
						<TextLine ID="line_10" HPOS="96" VPOS="465" WIDTH="821" HEIGHT="23">
							<String ID="string_103" HPOS="96" VPOS="466" WIDTH="27" HEIGHT="21" WC="0.96" CONTENT="då"/><SP WIDTH="22" VPOS="466" HPOS="123"/>
							<String ID="string_104" HPOS="145" VPOS="467" WIDTH="34" HEIGHT="21" WC="0.95" CONTENT="vid"/><SP WIDTH="20" VPOS="467" HPOS="179"/>
							<String ID="string_105" HPOS="199" VPOS="469" WIDTH="81" HEIGHT="19" WC="0.93" CONTENT="textens"/><SP WIDTH="15" VPOS="469" HPOS="280"/>
							<String ID="string_106" HPOS="295" VPOS="466" WIDTH="156" HEIGHT="21" WC="0.91" CONTENT="formulerande"/><SP WIDTH="16" VPOS="466" HPOS="451"/>
							<String ID="string_107" HPOS="467" VPOS="466" WIDTH="81" HEIGHT="21" WC="0.96" CONTENT="sådana"/><SP WIDTH="15" VPOS="466" HPOS="548"/>
							<String ID="string_108" HPOS="563" VPOS="466" WIDTH="90" HEIGHT="21" WC="0.96" CONTENT="svenska"/><SP WIDTH="15" VPOS="466" HPOS="653"/>
							<String ID="string_109" HPOS="668" VPOS="466" WIDTH="39" HEIGHT="20" WC="0.96" CONTENT="ord"/><SP WIDTH="15" VPOS="466" HPOS="707"/>
							<String ID="string_110" HPOS="722" VPOS="465" WIDTH="39" HEIGHT="22" WC="0.96" CONTENT="och"/><SP WIDTH="16" VPOS="465" HPOS="761"/>
							<String ID="string_111" HPOS="777" VPOS="466" WIDTH="88" HEIGHT="21" WC="0.93" CONTENT="talesätt"/><SP WIDTH="14" VPOS="466" HPOS="865"/>
							<String ID="string_112" HPOS="879" VPOS="472" WIDTH="38" HEIGHT="14" WC="0.90" CONTENT="au-"/>
						</TextLine>
						<TextLine ID="line_11" HPOS="95" VPOS="493" WIDTH="823" HEIGHT="28">
							<String ID="string_113" HPOS="95" VPOS="495" WIDTH="86" HEIGHT="26" WC="0.96" CONTENT="vändas,"/><SP WIDTH="22" VPOS="495" HPOS="181"/>
							<String ID="string_114" HPOS="203" VPOS="495" WIDTH="72" HEIGHT="21" WC="0.96" CONTENT="hvilka"/><SP WIDTH="20" VPOS="495" HPOS="275"/>
							<String ID="string_115" HPOS="295" VPOS="495" WIDTH="46" HEIGHT="21" WC="0.96" CONTENT="icke"/><SP WIDTH="21" VPOS="495" HPOS="341"/>
							<String ID="string_116" HPOS="362" VPOS="495" WIDTH="114" HEIGHT="26" WC="0.96" CONTENT="lämpligen"/><SP WIDTH="14" VPOS="495" HPOS="476"/>
							<String ID="string_117" HPOS="490" VPOS="495" WIDTH="73" HEIGHT="20" WC="0.91" CONTENT="kunna"/><SP WIDTH="16" VPOS="495" HPOS="563"/>
							<String ID="string_118" HPOS="579" VPOS="494" WIDTH="113" HEIGHT="27" WC="0.91" CONTENT="återgifvas"/><SP WIDTH="15" VPOS="494" HPOS="692"/>
							<String ID="string_119" HPOS="707" VPOS="494" WIDTH="28" HEIGHT="26" WC="0.96" CONTENT="på"/><SP WIDTH="14" VPOS="494" HPOS="735"/>
							<String ID="string_120" HPOS="749" VPOS="493" WIDTH="74" HEIGHT="27" WC="0.95" CONTENT="finska,"/><SP WIDTH="16" VPOS="493" HPOS="823"/>
							<String ID="string_121" HPOS="839" VPOS="495" WIDTH="79" HEIGHT="21" WC="0.95" CONTENT="föreslå"/>
						</TextLine>
						<TextLine ID="line_12" HPOS="95" VPOS="523" WIDTH="518" HEIGHT="27">
							<String ID="string_122" HPOS="95" VPOS="524" WIDTH="67" HEIGHT="21" WC="0.92" CONTENT="andra"/><SP WIDTH="15" VPOS="524" HPOS="162"/>
							<String ID="string_123" HPOS="177" VPOS="524" WIDTH="101" HEIGHT="26" WC="0.92" CONTENT="liktydiga"/><SP WIDTH="15" VPOS="524" HPOS="278"/>
							<String ID="string_124" HPOS="293" VPOS="530" WIDTH="47" HEIGHT="15" WC="0.96" CONTENT="men"/><SP WIDTH="15" VPOS="530" HPOS="340"/>
							<String ID="string_125" HPOS="355" VPOS="523" WIDTH="78" HEIGHT="21" WC="0.93" CONTENT="lättare"/><SP WIDTH="16" VPOS="523" HPOS="433"/>
							<String ID="string_126" HPOS="449" VPOS="523" WIDTH="164" HEIGHT="21" WC="0.91" CONTENT="öfversättbara."/>
						</TextLine>
					</TextBlock>
					<TextBlock ID="block_2" HPOS="95" VPOS="551" WIDTH="823" HEIGHT="222">
						<TextLine ID="line_13" HPOS="162" VPOS="551" WIDTH="755" HEIGHT="28">
							<String ID="string_127" HPOS="162" VPOS="552" WIDTH="70" HEIGHT="27" WC="0.96" CONTENT="Långt"/><SP WIDTH="20" VPOS="552" HPOS="232"/>
							<String ID="string_128" HPOS="252" VPOS="552" WIDTH="53" HEIGHT="21" WC="0.96" CONTENT="ifrån"/><SP WIDTH="16" VPOS="552" HPOS="305"/>
							<String ID="string_129" HPOS="321" VPOS="552" WIDTH="81" HEIGHT="21" WC="0.96" CONTENT="således"/><SP WIDTH="16" VPOS="552" HPOS="402"/>
							<String ID="string_130" HPOS="418" VPOS="554" WIDTH="33" HEIGHT="18" WC="0.93" CONTENT="att"/><SP WIDTH="15" VPOS="554" HPOS="451"/>
							<String ID="string_131" HPOS="466" VPOS="552" WIDTH="60" HEIGHT="21" WC="0.91" CONTENT="tadla"/><SP WIDTH="16" VPOS="552" HPOS="526"/>
							<String ID="string_132" HPOS="542" VPOS="552" WIDTH="51" HEIGHT="20" WC="0.93" CONTENT="eller"/><SP WIDTH="16" VPOS="552" HPOS="593"/>
							<String ID="string_133" HPOS="609" VPOS="551" WIDTH="115" HEIGHT="27" WC="0.92" CONTENT="småaktigt"/><SP WIDTH="15" VPOS="551" HPOS="724"/>
							<String ID="string_134" HPOS="739" VPOS="553" WIDTH="80" HEIGHT="20" WC="0.91" CONTENT="mästra"/><SP WIDTH="15" VPOS="553" HPOS="819"/>
							<String ID="string_135" HPOS="834" VPOS="551" WIDTH="83" HEIGHT="22" WC="0.92" CONTENT="föreva-"/>
						</TextLine>
						<TextLine ID="line_14" HPOS="95" VPOS="580" WIDTH="821" HEIGHT="27">
							<String ID="string_136" HPOS="95" VPOS="581" WIDTH="65" HEIGHT="21" WC="0.96" CONTENT="rande"/><SP WIDTH="16" VPOS="581" HPOS="160"/>
							<String ID="string_137" HPOS="176" VPOS="581" WIDTH="67" HEIGHT="20" WC="0.93" CONTENT="finska"/><SP WIDTH="16" VPOS="581" HPOS="243"/>
							<String ID="string_138" HPOS="259" VPOS="581" WIDTH="156" HEIGHT="26" WC="0.91" CONTENT="öfversättning,"/><SP WIDTH="16" VPOS="581" HPOS="415"/>
							<String ID="string_139" HPOS="431" VPOS="586" WIDTH="51" HEIGHT="15" WC="0.96" CONTENT="anse"/><SP WIDTH="15" VPOS="586" HPOS="482"/>
							<String ID="string_140" HPOS="497" VPOS="581" WIDTH="21" HEIGHT="20" WC="0.96" CONTENT="vi"/><SP WIDTH="12" VPOS="581" HPOS="518"/>
							<String ID="string_141" HPOS="530" VPOS="581" WIDTH="34" HEIGHT="20" WC="0.96" CONTENT="för"/><SP WIDTH="12" VPOS="581" HPOS="564"/>
							<String ID="string_142" HPOS="576" VPOS="580" WIDTH="37" HEIGHT="21" WC="0.93" CONTENT="vår"/><SP WIDTH="10" VPOS="580" HPOS="613"/>
							<String ID="string_143" HPOS="623" VPOS="580" WIDTH="59" HEIGHT="26" WC="0.90" CONTENT="pligt,"/><SP WIDTH="11" VPOS="580" HPOS="682"/>
							<String ID="string_144" HPOS="693" VPOS="582" WIDTH="32" HEIGHT="19" WC="0.93" CONTENT="att"/><SP WIDTH="10" VPOS="582" HPOS="725"/>
							<String ID="string_145" HPOS="735" VPOS="580" WIDTH="102" HEIGHT="21" WC="0.92" CONTENT="hembära"/><SP WIDTH="11" VPOS="580" HPOS="837"/>
							<String ID="string_146" HPOS="848" VPOS="580" WIDTH="68" HEIGHT="21" WC="0.92" CONTENT="öfver-"/>
						</TextLine>
						<TextLine ID="line_15" HPOS="96" VPOS="608" WIDTH="821" HEIGHT="27">
							<String ID="string_147" HPOS="96" VPOS="611" WIDTH="99" HEIGHT="24" WC="0.91" CONTENT="sättaren,"/><SP WIDTH="17" VPOS="611" HPOS="195"/>
							<String ID="string_148" HPOS="212" VPOS="609" WIDTH="39" HEIGHT="21" WC="0.92" CONTENT="eho"/><SP WIDTH="17" VPOS="609" HPOS="251"/>
							<String ID="string_149" HPOS="268" VPOS="609" WIDTH="41" HEIGHT="21" WC="0.95" CONTENT="han"/><SP WIDTH="15" VPOS="609" HPOS="309"/>
							<String ID="string_150" HPOS="324" VPOS="615" WIDTH="51" HEIGHT="14" WC="0.95" CONTENT="vara"/><SP WIDTH="14" VPOS="615" HPOS="375"/>
							<String ID="string_151" HPOS="389" VPOS="609" WIDTH="41" HEIGHT="25" WC="0.96" CONTENT="må,"/><SP WIDTH="16" VPOS="609" HPOS="430"/>
							<String ID="string_152" HPOS="446" VPOS="609" WIDTH="38" HEIGHT="20" WC="0.93" CONTENT="vår"/><SP WIDTH="15" VPOS="609" HPOS="484"/>
							<String ID="string_153" HPOS="499" VPOS="609" WIDTH="132" HEIGHT="26" WC="0.91" CONTENT="högaktning"/><SP WIDTH="16" VPOS="609" HPOS="631"/>
							<String ID="string_154" HPOS="647" VPOS="609" WIDTH="39" HEIGHT="20" WC="0.97" CONTENT="och"/><SP WIDTH="16" VPOS="609" HPOS="686"/>
							<String ID="string_155" HPOS="702" VPOS="609" WIDTH="98" HEIGHT="20" WC="0.96" CONTENT="erkänsla"/><SP WIDTH="15" VPOS="609" HPOS="800"/>
							<String ID="string_156" HPOS="815" VPOS="608" WIDTH="34" HEIGHT="21" WC="0.96" CONTENT="för"/><SP WIDTH="15" VPOS="608" HPOS="849"/>
							<String ID="string_157" HPOS="864" VPOS="609" WIDTH="53" HEIGHT="20" WC="0.96" CONTENT="hans"/>
						</TextLine>
						<TextLine ID="line_16" HPOS="95" VPOS="637" WIDTH="821" HEIGHT="26">
							<String ID="string_158" HPOS="95" VPOS="638" WIDTH="146" HEIGHT="21" WC="0.95" CONTENT="mödosamma"/><SP WIDTH="14" VPOS="638" HPOS="241"/>
							<String ID="string_159" HPOS="255" VPOS="638" WIDTH="82" HEIGHT="25" WC="0.96" CONTENT="arbete;"/><SP WIDTH="16" VPOS="638" HPOS="337"/>
							<String ID="string_160" HPOS="353" VPOS="644" WIDTH="47" HEIGHT="14" WC="0.96" CONTENT="men"/><SP WIDTH="16" VPOS="644" HPOS="400"/>
							<String ID="string_161" HPOS="416" VPOS="637" WIDTH="26" HEIGHT="21" WC="0.96" CONTENT="då"/><SP WIDTH="16" VPOS="637" HPOS="442"/>
							<String ID="string_162" HPOS="458" VPOS="637" WIDTH="41" HEIGHT="21" WC="0.96" CONTENT="den"/><SP WIDTH="15" VPOS="637" HPOS="499"/>
							<String ID="string_163" HPOS="514" VPOS="638" WIDTH="71" HEIGHT="25" WC="0.96" CONTENT="gamla"/><SP WIDTH="14" VPOS="638" HPOS="585"/>
							<String ID="string_164" HPOS="599" VPOS="639" WIDTH="81" HEIGHT="19" WC="0.93" CONTENT="satsen:"/><SP WIDTH="15" VPOS="639" HPOS="680"/>
							<String ID="string_165" HPOS="695" VPOS="637" WIDTH="58" HEIGHT="26" WC="0.91" CONTENT=",plus"/><SP WIDTH="15" VPOS="637" HPOS="753"/>
							<String ID="string_166" HPOS="768" VPOS="638" WIDTH="72" HEIGHT="20" WC="0.92" CONTENT="vident"/><SP WIDTH="14" VPOS="638" HPOS="840"/>
							<String ID="string_167" HPOS="854" VPOS="637" WIDTH="62" HEIGHT="25" WC="0.92" CONTENT="oculi,"/>
						</TextLine>
						<TextLine ID="line_17" HPOS="96" VPOS="665" WIDTH="821" HEIGHT="28">
							<String ID="string_168" HPOS="96" VPOS="673" WIDTH="61" HEIGHT="20" WC="0.89" CONTENT="qvam"/><SP WIDTH="17" VPOS="673" HPOS="157"/>
							<String ID="string_169" HPOS="174" VPOS="667" WIDTH="90" HEIGHT="25" WC="0.92" CONTENT="oculus*,"/><SP WIDTH="15" VPOS="667" HPOS="264"/>
							<String ID="string_170" HPOS="279" VPOS="666" WIDTH="125" HEIGHT="27" WC="0.96" CONTENT="näppeligen"/><SP WIDTH="15" VPOS="666" HPOS="404"/>
							<String ID="string_171" HPOS="419" VPOS="666" WIDTH="43" HEIGHT="21" WC="0.93" CONTENT="kan"/><SP WIDTH="13" VPOS="666" HPOS="462"/>
							<String ID="string_172" HPOS="475" VPOS="665" WIDTH="77" HEIGHT="27" WC="0.93" CONTENT="jäfvas,"/><SP WIDTH="16" VPOS="665" HPOS="552"/>
							<String ID="string_173" HPOS="568" VPOS="665" WIDTH="61" HEIGHT="21" WC="0.92" CONTENT="hafve"/><SP WIDTH="16" VPOS="665" HPOS="629"/>
							<String ID="string_174" HPOS="645" VPOS="666" WIDTH="19" HEIGHT="20" WC="0.96" CONTENT="vi"/><SP WIDTH="16" VPOS="666" HPOS="664"/>
							<String ID="string_175" HPOS="680" VPOS="666" WIDTH="45" HEIGHT="21" WC="0.96" CONTENT="icke"/><SP WIDTH="16" VPOS="666" HPOS="725"/>
							<String ID="string_176" HPOS="741" VPOS="666" WIDTH="70" HEIGHT="26" WC="0.96" CONTENT="dragit"/><SP WIDTH="12" VPOS="666" HPOS="811"/>
							<String ID="string_177" HPOS="823" VPOS="666" WIDTH="7" HEIGHT="21" WC="0.93" CONTENT="i"/><SP WIDTH="13" VPOS="666" HPOS="830"/>
							<String ID="string_178" HPOS="843" VPOS="666" WIDTH="74" HEIGHT="21" WC="0.93" CONTENT="betän-"/>
						</TextLine>
						<TextLine ID="line_18" HPOS="96" VPOS="694" WIDTH="821" HEIGHT="27">
							<String ID="string_179" HPOS="96" VPOS="695" WIDTH="68" HEIGHT="20" WC="0.96" CONTENT="kande"/><SP WIDTH="19" VPOS="695" HPOS="164"/>
							<String ID="string_180" HPOS="183" VPOS="697" WIDTH="32" HEIGHT="18" WC="0.96" CONTENT="att"/><SP WIDTH="16" VPOS="697" HPOS="215"/>
							<String ID="string_181" HPOS="231" VPOS="695" WIDTH="35" HEIGHT="20" WC="0.92" CONTENT="det"/><SP WIDTH="15" VPOS="695" HPOS="266"/>
							<String ID="string_182" HPOS="281" VPOS="695" WIDTH="130" HEIGHT="26" WC="0.91" CONTENT="högvördiga"/><SP WIDTH="15" VPOS="695" HPOS="411"/>
							<String ID="string_183" HPOS="426" VPOS="695" WIDTH="96" HEIGHT="20" WC="0.92" CONTENT="ståndets"/><SP WIDTH="16" VPOS="695" HPOS="522"/>
							<String ID="string_184" HPOS="538" VPOS="694" WIDTH="99" HEIGHT="27" WC="0.91" CONTENT="pröfning"/><SP WIDTH="15" VPOS="694" HPOS="637"/>
							<String ID="string_185" HPOS="652" VPOS="694" WIDTH="39" HEIGHT="21" WC="0.93" CONTENT="och"/><SP WIDTH="15" VPOS="694" HPOS="691"/>
							<String ID="string_186" HPOS="706" VPOS="694" WIDTH="158" HEIGHT="21" WC="0.92" CONTENT="skärskådande"/><SP WIDTH="15" VPOS="694" HPOS="864"/>
							<String ID="string_187" HPOS="879" VPOS="701" WIDTH="38" HEIGHT="14" WC="0.91" CONTENT="un-"/>
						</TextLine>
						<TextLine ID="line_19" HPOS="96" VPOS="723" WIDTH="822" HEIGHT="42">
							<String ID="string_188" HPOS="96" VPOS="723" WIDTH="101" HEIGHT="21" WC="0.92" CONTENT="derställa"/><SP WIDTH="22" VPOS="723" HPOS="197"/>
							<String ID="string_189" HPOS="219" VPOS="723" WIDTH="92" HEIGHT="27" WC="0.96" CONTENT="följande"/><SP WIDTH="22" VPOS="723" HPOS="311"/>
							<String ID="string_190" HPOS="333" VPOS="723" WIDTH="120" HEIGHT="26" WC="0.96" CONTENT="ändringar,"/><SP WIDTH="19" VPOS="723" HPOS="453"/>
							<String ID="string_191" HPOS="472" VPOS="723" WIDTH="66" HEIGHT="26" WC="0.96" CONTENT="jemte"/><SP WIDTH="15" VPOS="723" HPOS="538"/>
							<String ID="string_192" HPOS="553" VPOS="723" WIDTH="90" HEIGHT="21" WC="0.96" CONTENT="motiver"/><SP WIDTH="15" VPOS="723" HPOS="643"/>
							<String ID="string_193" HPOS="658" VPOS="723" WIDTH="32" HEIGHT="21" WC="0.96" CONTENT="till"/><SP WIDTH="16" VPOS="723" HPOS="690"/>
							<String ID="string_194" HPOS="706" VPOS="723" WIDTH="53" HEIGHT="23" WC="0.96" CONTENT="dem,"/><SP WIDTH="15" VPOS="723" HPOS="759"/>
							<String ID="string_195" HPOS="774" VPOS="723" WIDTH="7" HEIGHT="20" WC="0.96" CONTENT="i"/><SP WIDTH="16" VPOS="723" HPOS="781"/>
							<String ID="string_196" HPOS="797" VPOS="723" WIDTH="25" HEIGHT="21" WC="0.95" CONTENT="de"/><SP WIDTH="16" VPOS="723" HPOS="822"/>
							<String ID="string_197" HPOS="838" VPOS="723" WIDTH="44" HEIGHT="42" WC="0.88" CONTENT="fall,"/><SP WIDTH="15" VPOS="723" HPOS="882"/>
							<String ID="string_198" HPOS="897" VPOS="723" WIDTH="21" HEIGHT="20" WC="0.96" CONTENT="vi"/>
						</TextLine>
						<TextLine ID="line_20" HPOS="95" VPOS="751" WIDTH="497" HEIGHT="22">
							<String ID="string_199" HPOS="95" VPOS="754" WIDTH="70" HEIGHT="19" WC="0.96" CONTENT="ansett"/><SP WIDTH="16" VPOS="754" HPOS="165"/>
							<String ID="string_200" HPOS="181" VPOS="752" WIDTH="81" HEIGHT="21" WC="0.96" CONTENT="sådana"/><SP WIDTH="15" VPOS="752" HPOS="262"/>
							<String ID="string_201" HPOS="277" VPOS="752" WIDTH="101" HEIGHT="21" WC="0.96" CONTENT="särskildt"/><SP WIDTH="15" VPOS="752" HPOS="378"/>
							<String ID="string_202" HPOS="393" VPOS="752" WIDTH="53" HEIGHT="21" WC="0.96" CONTENT="böra"/><SP WIDTH="15" VPOS="752" HPOS="446"/>
							<String ID="string_203" HPOS="461" VPOS="751" WIDTH="131" HEIGHT="22" WC="0.95" CONTENT="framhållas."/>
						</TextLine>
					</TextBlock>
				</ComposedBlock>
				<ComposedBlock ID="cblock_3" HPOS="445" VPOS="809" WIDTH="120" HEIGHT="26">
					<TextBlock ID="block_3" HPOS="445" VPOS="809" WIDTH="120" HEIGHT="26">
						<TextLine ID="line_21" HPOS="445" VPOS="809" WIDTH="120" HEIGHT="26">
							<String ID="string_204" HPOS="445" VPOS="809" WIDTH="120" HEIGHT="26" WC="0.95" CONTENT="Ingressen."/>
						</TextLine>
					</TextBlock>
				</ComposedBlock>
				<ComposedBlock ID="cblock_4" HPOS="93" VPOS="865" WIDTH="823" HEIGHT="684">
					<TextBlock ID="block_4" HPOS="93" VPOS="865" WIDTH="823" HEIGHT="684">
						<TextLine ID="line_22" HPOS="162" VPOS="865" WIDTH="754" HEIGHT="27">
							<String ID="string_205" HPOS="162" VPOS="866" WIDTH="47" HEIGHT="21" WC="0.96" CONTENT="Den"/><SP WIDTH="16" VPOS="866" HPOS="209"/>
							<String ID="string_206" HPOS="225" VPOS="867" WIDTH="6" HEIGHT="20" WC="0.93" CONTENT="i"/><SP WIDTH="16" VPOS="867" HPOS="231"/>
							<String ID="string_207" HPOS="247" VPOS="865" WIDTH="244" HEIGHT="26" WC="0.91" CONTENT="utskottsbetänkandet,"/><SP WIDTH="17" VPOS="865" HPOS="491"/>
							<String ID="string_208" HPOS="508" VPOS="871" WIDTH="49" HEIGHT="21" WC="0.92" CONTENT="pag."/><SP WIDTH="16" VPOS="871" HPOS="557"/>
							<String ID="string_209" HPOS="573" VPOS="865" WIDTH="33" HEIGHT="26" WC="0.95" CONTENT="28,"/><SP WIDTH="16" VPOS="865" HPOS="606"/>
							<String ID="string_210" HPOS="622" VPOS="865" WIDTH="173" HEIGHT="21" WC="0.96" CONTENT="förekommande"/><SP WIDTH="13" VPOS="865" HPOS="795"/>
							<String ID="string_211" HPOS="808" VPOS="865" WIDTH="108" HEIGHT="26" WC="0.96" CONTENT="ingressen"/>
						</TextLine>
						<TextLine ID="line_23" HPOS="94" VPOS="893" WIDTH="822" HEIGHT="28">
							<String ID="string_212" HPOS="94" VPOS="894" WIDTH="117" HEIGHT="21" WC="0.96" CONTENT="innehåller"/><SP WIDTH="22" VPOS="894" HPOS="211"/>
							<String ID="string_213" HPOS="233" VPOS="894" WIDTH="66" HEIGHT="27" WC="0.96" CONTENT="några"/><SP WIDTH="20" VPOS="894" HPOS="299"/>
							<String ID="string_214" HPOS="319" VPOS="894" WIDTH="112" HEIGHT="27" WC="0.95" CONTENT="nybildade"/><SP WIDTH="20" VPOS="894" HPOS="431"/>
							<String ID="string_215" HPOS="451" VPOS="893" WIDTH="69" HEIGHT="22" WC="0.96" CONTENT="finska"/><SP WIDTH="16" VPOS="893" HPOS="520"/>
							<String ID="string_216" HPOS="536" VPOS="894" WIDTH="46" HEIGHT="25" WC="0.96" CONTENT="ord,"/><SP WIDTH="16" VPOS="894" HPOS="582"/>
							<String ID="string_217" HPOS="598" VPOS="894" WIDTH="77" HEIGHT="24" WC="0.96" CONTENT="hvilka,"/><SP WIDTH="16" VPOS="894" HPOS="675"/>
							<String ID="string_218" HPOS="691" VPOS="893" WIDTH="66" HEIGHT="27" WC="0.96" CONTENT="enligt"/><SP WIDTH="14" VPOS="893" HPOS="757"/>
							<String ID="string_219" HPOS="771" VPOS="893" WIDTH="38" HEIGHT="21" WC="0.93" CONTENT="vår"/><SP WIDTH="16" VPOS="893" HPOS="809"/>
							<String ID="string_220" HPOS="825" VPOS="893" WIDTH="91" HEIGHT="26" WC="0.91" CONTENT="öfverty-"/>
						</TextLine>
						<TextLine ID="line_24" HPOS="94" VPOS="921" WIDTH="822" HEIGHT="28">
							<String ID="string_221" HPOS="94" VPOS="923" WIDTH="62" HEIGHT="26" WC="0.90" CONTENT="gelse,"/><SP WIDTH="16" VPOS="923" HPOS="156"/>
							<String ID="string_222" HPOS="172" VPOS="923" WIDTH="46" HEIGHT="20" WC="0.96" CONTENT="icke"/><SP WIDTH="15" VPOS="923" HPOS="218"/>
							<String ID="string_223" HPOS="233" VPOS="925" WIDTH="37" HEIGHT="18" WC="0.93" CONTENT="äro"/><SP WIDTH="17" VPOS="925" HPOS="270"/>
							<String ID="string_224" HPOS="287" VPOS="922" WIDTH="229" HEIGHT="22" WC="0.92" CONTENT="öfverensstämmande"/><SP WIDTH="14" VPOS="922" HPOS="516"/>
							<String ID="string_225" HPOS="530" VPOS="923" WIDTH="48" HEIGHT="20" WC="0.96" CONTENT="med"/><SP WIDTH="16" VPOS="923" HPOS="578"/>
							<String ID="string_226" HPOS="594" VPOS="923" WIDTH="36" HEIGHT="20" WC="0.97" CONTENT="det"/><SP WIDTH="15" VPOS="923" HPOS="630"/>
							<String ID="string_227" HPOS="645" VPOS="922" WIDTH="68" HEIGHT="21" WC="0.96" CONTENT="finska"/><SP WIDTH="13" VPOS="922" HPOS="713"/>
							<String ID="string_228" HPOS="726" VPOS="921" WIDTH="97" HEIGHT="27" WC="0.91" CONTENT="språkets"/><SP WIDTH="9" VPOS="921" HPOS="823"/>
							<String ID="string_229" HPOS="832" VPOS="921" WIDTH="84" HEIGHT="27" WC="0.91" CONTENT="gemina"/>
						</TextLine>
						<TextLine ID="line_25" HPOS="94" VPOS="949" WIDTH="821" HEIGHT="29">
							<String ID="string_230" HPOS="94" VPOS="952" WIDTH="67" HEIGHT="25" WC="0.94" CONTENT="lynne."/><SP WIDTH="32" VPOS="952" HPOS="161"/>
							<String ID="string_231" HPOS="193" VPOS="951" WIDTH="68" HEIGHT="21" WC="0.96" CONTENT="Dessa"/><SP WIDTH="15" VPOS="951" HPOS="261"/>
							<String ID="string_232" HPOS="276" VPOS="952" WIDTH="37" HEIGHT="20" WC="0.96" CONTENT="ord"/><SP WIDTH="16" VPOS="952" HPOS="313"/>
							<String ID="string_233" HPOS="329" VPOS="953" WIDTH="46" HEIGHT="19" WC="0.93" CONTENT="äro:"/><SP WIDTH="17" VPOS="953" HPOS="375"/>
							<String ID="string_234" HPOS="392" VPOS="951" WIDTH="114" HEIGHT="27" WC="0.85" CONTENT=",ritaristo,"/><SP WIDTH="10" VPOS="951" HPOS="506"/>
							<String ID="string_235" HPOS="516" VPOS="951" WIDTH="91" HEIGHT="26" WC="0.96" CONTENT="papisto,"/><SP WIDTH="13" VPOS="951" HPOS="607"/>
							<String ID="string_236" HPOS="620" VPOS="951" WIDTH="125" HEIGHT="26" WC="0.93" CONTENT="porvaristo,"/><SP WIDTH="15" VPOS="951" HPOS="745"/>
							<String ID="string_237" HPOS="760" VPOS="949" WIDTH="155" HEIGHT="27" WC="0.61" CONTENT="talonpojisto.”"/>
						</TextLine>
						<TextLine ID="line_26" HPOS="93" VPOS="978" WIDTH="823" HEIGHT="28">
							<String ID="string_238" HPOS="93" VPOS="979" WIDTH="50" HEIGHT="22" WC="0.96" CONTENT="Man"/><SP WIDTH="23" VPOS="979" HPOS="143"/>
							<String ID="string_239" HPOS="166" VPOS="979" WIDTH="40" HEIGHT="21" WC="0.96" CONTENT="har"/><SP WIDTH="21" VPOS="979" HPOS="206"/>
							<String ID="string_240" HPOS="227" VPOS="979" WIDTH="34" HEIGHT="21" WC="0.96" CONTENT="väl"/><SP WIDTH="22" VPOS="979" HPOS="261"/>
							<String ID="string_241" HPOS="283" VPOS="980" WIDTH="34" HEIGHT="21" WC="0.96" CONTENT="vid"/><SP WIDTH="23" VPOS="980" HPOS="317"/>
							<String ID="string_242" HPOS="340" VPOS="980" WIDTH="108" HEIGHT="21" WC="0.96" CONTENT="bildandet"/><SP WIDTH="23" VPOS="980" HPOS="448"/>
							<String ID="string_243" HPOS="471" VPOS="979" WIDTH="23" HEIGHT="21" WC="0.96" CONTENT="af"/><SP WIDTH="22" VPOS="979" HPOS="494"/>
							<String ID="string_244" HPOS="516" VPOS="980" WIDTH="62" HEIGHT="21" WC="0.96" CONTENT="dessa"/><SP WIDTH="22" VPOS="980" HPOS="578"/>
							<String ID="string_245" HPOS="600" VPOS="980" WIDTH="39" HEIGHT="20" WC="0.96" CONTENT="och"/><SP WIDTH="24" VPOS="980" HPOS="639"/>
							<String ID="string_246" HPOS="663" VPOS="979" WIDTH="70" HEIGHT="27" WC="0.96" CONTENT="dylika"/><SP WIDTH="20" VPOS="979" HPOS="733"/>
							<String ID="string_247" HPOS="753" VPOS="979" WIDTH="45" HEIGHT="26" WC="0.95" CONTENT="ord,"/><SP WIDTH="16" VPOS="979" HPOS="798"/>
							<String ID="string_248" HPOS="814" VPOS="980" WIDTH="55" HEIGHT="19" WC="0.96" CONTENT="trott"/><SP WIDTH="15" VPOS="980" HPOS="869"/>
							<String ID="string_249" HPOS="884" VPOS="978" WIDTH="32" HEIGHT="27" WC="0.96" CONTENT="sig"/>
						</TextLine>
						<TextLine ID="line_27" HPOS="94" VPOS="1007" WIDTH="822" HEIGHT="27">
							<String ID="string_250" HPOS="94" VPOS="1008" WIDTH="79" HEIGHT="21" WC="0.95" CONTENT="handla"/><SP WIDTH="21" VPOS="1008" HPOS="173"/>
							<String ID="string_251" HPOS="194" VPOS="1008" WIDTH="7" HEIGHT="21" WC="0.96" CONTENT="i"/><SP WIDTH="22" VPOS="1008" HPOS="201"/>
							<String ID="string_252" HPOS="223" VPOS="1008" WIDTH="38" HEIGHT="21" WC="0.93" CONTENT="full"/><SP WIDTH="23" VPOS="1008" HPOS="261"/>
							<String ID="string_253" HPOS="284" VPOS="1008" WIDTH="217" HEIGHT="21" WC="0.91" CONTENT="öfverensstämmelse"/><SP WIDTH="23" VPOS="1008" HPOS="501"/>
							<String ID="string_254" HPOS="524" VPOS="1008" WIDTH="49" HEIGHT="21" WC="0.95" CONTENT="med"/><SP WIDTH="22" VPOS="1008" HPOS="573"/>
							<String ID="string_255" HPOS="595" VPOS="1008" WIDTH="70" HEIGHT="21" WC="0.95" CONTENT="finska"/><SP WIDTH="14" VPOS="1008" HPOS="665"/>
							<String ID="string_256" HPOS="679" VPOS="1007" WIDTH="96" HEIGHT="27" WC="0.96" CONTENT="språkets"/><SP WIDTH="16" VPOS="1007" HPOS="775"/>
							<String ID="string_257" HPOS="791" VPOS="1007" WIDTH="61" HEIGHT="24" WC="0.96" CONTENT="anda,"/><SP WIDTH="15" VPOS="1007" HPOS="852"/>
							<String ID="string_258" HPOS="867" VPOS="1013" WIDTH="49" HEIGHT="14" WC="0.96" CONTENT="men"/>
						</TextLine>
						<TextLine ID="line_28" HPOS="95" VPOS="1035" WIDTH="821" HEIGHT="29">
							<String ID="string_259" HPOS="95" VPOS="1037" WIDTH="59" HEIGHT="20" WC="0.96" CONTENT="detta"/><SP WIDTH="22" VPOS="1037" HPOS="154"/>
							<String ID="string_260" HPOS="176" VPOS="1038" WIDTH="24" HEIGHT="19" WC="0.96" CONTENT="är"/><SP WIDTH="22" VPOS="1038" HPOS="200"/>
							<String ID="string_261" HPOS="222" VPOS="1038" WIDTH="31" HEIGHT="19" WC="0.96" CONTENT="ett"/><SP WIDTH="21" VPOS="1038" HPOS="253"/>
							<String ID="string_262" HPOS="274" VPOS="1037" WIDTH="93" HEIGHT="27" WC="0.96" CONTENT="misstag."/><SP WIDTH="31" VPOS="1037" HPOS="367"/>
							<String ID="string_263" HPOS="398" VPOS="1037" WIDTH="67" HEIGHT="21" WC="0.93" CONTENT="Ordet"/><SP WIDTH="15" VPOS="1037" HPOS="465"/>
							<String ID="string_264" HPOS="480" VPOS="1037" WIDTH="103" HEIGHT="26" WC="0.92" CONTENT="ritaristo,"/><SP WIDTH="16" VPOS="1037" HPOS="583"/>
							<String ID="string_265" HPOS="599" VPOS="1038" WIDTH="16" HEIGHT="19" WC="0.93" CONTENT="t."/><SP WIDTH="16" VPOS="1038" HPOS="615"/>
							<String ID="string_266" HPOS="631" VPOS="1043" WIDTH="32" HEIGHT="14" WC="0.96" CONTENT="ex."/><SP WIDTH="15" VPOS="1043" HPOS="663"/>
							<String ID="string_267" HPOS="678" VPOS="1037" WIDTH="43" HEIGHT="20" WC="0.96" CONTENT="kan"/><SP WIDTH="14" VPOS="1037" HPOS="721"/>
							<String ID="string_268" HPOS="735" VPOS="1036" WIDTH="46" HEIGHT="21" WC="0.96" CONTENT="icke"/><SP WIDTH="15" VPOS="1036" HPOS="781"/>
							<String ID="string_269" HPOS="796" VPOS="1035" WIDTH="120" HEIGHT="27" WC="0.96" CONTENT="egentligen"/>
						</TextLine>
						<TextLine ID="line_29" HPOS="94" VPOS="1064" WIDTH="820" HEIGHT="27">
							<String ID="string_270" HPOS="94" VPOS="1065" WIDTH="79" HEIGHT="26" WC="0.96" CONTENT="betyda"/><SP WIDTH="15" VPOS="1065" HPOS="173"/>
							<String ID="string_271" HPOS="188" VPOS="1067" WIDTH="71" HEIGHT="23" WC="0.95" CONTENT="annat,"/><SP WIDTH="16" VPOS="1067" HPOS="259"/>
							<String ID="string_272" HPOS="275" VPOS="1067" WIDTH="26" HEIGHT="19" WC="0.96" CONTENT="än"/><SP WIDTH="16" VPOS="1067" HPOS="301"/>
							<String ID="string_273" HPOS="317" VPOS="1067" WIDTH="30" HEIGHT="19" WC="0.96" CONTENT="ett"/><SP WIDTH="15" VPOS="1067" HPOS="347"/>
							<String ID="string_274" HPOS="362" VPOS="1066" WIDTH="68" HEIGHT="25" WC="0.96" CONTENT="ställe,"/><SP WIDTH="17" VPOS="1066" HPOS="430"/>
							<String ID="string_275" HPOS="447" VPOS="1065" WIDTH="38" HEIGHT="21" WC="0.96" CONTENT="der"/><SP WIDTH="15" VPOS="1065" HPOS="485"/>
							<String ID="string_276" HPOS="500" VPOS="1065" WIDTH="86" HEIGHT="21" WC="0.96" CONTENT="riddare"/><SP WIDTH="15" VPOS="1065" HPOS="586"/>
							<String ID="string_277" HPOS="601" VPOS="1067" WIDTH="54" HEIGHT="19" WC="0.96" CONTENT="växa"/><SP WIDTH="16" VPOS="1067" HPOS="655"/>
							<String ID="string_278" HPOS="671" VPOS="1065" WIDTH="38" HEIGHT="21" WC="0.97" CONTENT="och"/><SP WIDTH="15" VPOS="1065" HPOS="709"/>
							<String ID="string_279" HPOS="724" VPOS="1065" WIDTH="72" HEIGHT="20" WC="0.96" CONTENT="frodas"/><SP WIDTH="12" VPOS="1065" HPOS="796"/>
							<String ID="string_280" HPOS="808" VPOS="1065" WIDTH="7" HEIGHT="20" WC="0.96" CONTENT="i"/><SP WIDTH="12" VPOS="1065" HPOS="815"/>
							<String ID="string_281" HPOS="827" VPOS="1064" WIDTH="87" HEIGHT="26" WC="0.96" CONTENT="mängd;"/>
						</TextLine>
						<TextLine ID="line_30" HPOS="95" VPOS="1093" WIDTH="821" HEIGHT="28">
							<String ID="string_282" HPOS="95" VPOS="1094" WIDTH="117" HEIGHT="21" WC="0.95" CONTENT="detsamma"/><SP WIDTH="20" VPOS="1094" HPOS="212"/>
							<String ID="string_283" HPOS="232" VPOS="1094" WIDTH="66" HEIGHT="26" WC="0.95" CONTENT="gäller"/><SP WIDTH="20" VPOS="1094" HPOS="298"/>
							<String ID="string_284" HPOS="318" VPOS="1094" WIDTH="121" HEIGHT="27" WC="0.95" CONTENT="betydelsen"/><SP WIDTH="16" VPOS="1094" HPOS="439"/>
							<String ID="string_285" HPOS="455" VPOS="1094" WIDTH="23" HEIGHT="21" WC="0.95" CONTENT="af"/><SP WIDTH="14" VPOS="1094" HPOS="478"/>
							<String ID="string_286" HPOS="492" VPOS="1094" WIDTH="26" HEIGHT="21" WC="0.96" CONTENT="de"/><SP WIDTH="16" VPOS="1094" HPOS="518"/>
							<String ID="string_287" HPOS="534" VPOS="1094" WIDTH="69" HEIGHT="26" WC="0.93" CONTENT="öfriga"/><SP WIDTH="15" VPOS="1094" HPOS="603"/>
							<String ID="string_288" HPOS="618" VPOS="1093" WIDTH="154" HEIGHT="21" WC="0.91" CONTENT="ofvannämnda"/><SP WIDTH="15" VPOS="1093" HPOS="772"/>
							<String ID="string_289" HPOS="787" VPOS="1093" WIDTH="75" HEIGHT="25" WC="0.96" CONTENT="orden;"/><SP WIDTH="17" VPOS="1093" HPOS="862"/>
							<String ID="string_290" HPOS="879" VPOS="1093" WIDTH="37" HEIGHT="20" WC="0.96" CONTENT="det"/>
						</TextLine>
						<TextLine ID="line_31" HPOS="95" VPOS="1121" WIDTH="821" HEIGHT="29">
							<String ID="string_291" HPOS="95" VPOS="1122" WIDTH="43" HEIGHT="21" WC="0.96" CONTENT="ofta"/><SP WIDTH="22" VPOS="1122" HPOS="138"/>
							<String ID="string_292" HPOS="160" VPOS="1122" WIDTH="123" HEIGHT="27" WC="0.93" CONTENT="begagnade"/><SP WIDTH="20" VPOS="1122" HPOS="283"/>
							<String ID="string_293" HPOS="303" VPOS="1123" WIDTH="106" HEIGHT="27" WC="0.91" CONTENT="lähetystö"/><SP WIDTH="23" VPOS="1123" HPOS="409"/>
							<String ID="string_294" HPOS="432" VPOS="1123" WIDTH="46" HEIGHT="20" WC="0.95" CONTENT="åter"/><SP WIDTH="23" VPOS="1123" HPOS="478"/>
							<String ID="string_295" HPOS="501" VPOS="1123" WIDTH="90" HEIGHT="26" WC="0.96" CONTENT="betyder"/><SP WIDTH="19" VPOS="1123" HPOS="591"/>
							<String ID="string_296" HPOS="610" VPOS="1123" WIDTH="46" HEIGHT="20" WC="0.93" CONTENT="icke"/><SP WIDTH="20" VPOS="1123" HPOS="656"/>
							<String ID="string_297" HPOS="676" VPOS="1121" WIDTH="130" HEIGHT="27" WC="0.91" CONTENT="deputation,"/><SP WIDTH="16" VPOS="1121" HPOS="806"/>
							<String ID="string_298" HPOS="822" VPOS="1123" WIDTH="52" HEIGHT="19" WC="0.96" CONTENT="utan"/><SP WIDTH="16" VPOS="1123" HPOS="874"/>
							<String ID="string_299" HPOS="890" VPOS="1127" WIDTH="26" HEIGHT="15" WC="0.96" CONTENT="en"/>
						</TextLine>
						<TextLine ID="line_32" HPOS="95" VPOS="1150" WIDTH="821" HEIGHT="27">
							<String ID="string_300" HPOS="95" VPOS="1151" WIDTH="88" HEIGHT="26" WC="0.79" CONTENT="samling"/><SP WIDTH="22" VPOS="1151" HPOS="183"/>
							<String ID="string_301" HPOS="205" VPOS="1151" WIDTH="22" HEIGHT="21" WC="0.96" CONTENT="af"/><SP WIDTH="20" VPOS="1151" HPOS="227"/>
							<String ID="string_302" HPOS="247" VPOS="1151" WIDTH="167" HEIGHT="26" WC="0.93" CONTENT="beskickningar."/><SP WIDTH="31" VPOS="1151" HPOS="414"/>
							<String ID="string_303" HPOS="445" VPOS="1151" WIDTH="124" HEIGHT="21" WC="0.90" CONTENT="Kollektiva"/><SP WIDTH="22" VPOS="1151" HPOS="569"/>
							<String ID="string_304" HPOS="591" VPOS="1151" WIDTH="100" HEIGHT="20" WC="0.96" CONTENT="ändelsen"/><SP WIDTH="22" VPOS="1151" HPOS="691"/>
							<String ID="string_305" HPOS="713" VPOS="1152" WIDTH="32" HEIGHT="19" WC="0.95" CONTENT="sto"/><SP WIDTH="24" VPOS="1152" HPOS="745"/>
							<String ID="string_306" HPOS="769" VPOS="1150" WIDTH="51" HEIGHT="21" WC="0.92" CONTENT="eller"/><SP WIDTH="24" VPOS="1150" HPOS="820"/>
							<String ID="string_307" HPOS="844" VPOS="1151" WIDTH="32" HEIGHT="19" WC="0.93" CONTENT="stö"/><SP WIDTH="16" VPOS="1151" HPOS="876"/>
							<String ID="string_308" HPOS="892" VPOS="1151" WIDTH="24" HEIGHT="18" WC="0.96" CONTENT="är"/>
						</TextLine>
						<TextLine ID="line_33" HPOS="94" VPOS="1178" WIDTH="822" HEIGHT="27">
							<String ID="string_309" HPOS="94" VPOS="1179" WIDTH="104" HEIGHT="26" WC="0.93" CONTENT="nemligen"/><SP WIDTH="22" VPOS="1179" HPOS="198"/>
							<String ID="string_310" HPOS="220" VPOS="1179" WIDTH="46" HEIGHT="22" WC="0.96" CONTENT="icke"/><SP WIDTH="22" VPOS="1179" HPOS="266"/>
							<String ID="string_311" HPOS="288" VPOS="1180" WIDTH="122" HEIGHT="21" WC="0.96" CONTENT="användbar"/><SP WIDTH="23" VPOS="1180" HPOS="410"/>
							<String ID="string_312" HPOS="433" VPOS="1185" WIDTH="34" HEIGHT="15" WC="0.91" CONTENT="om"/><SP WIDTH="22" VPOS="1185" HPOS="467"/>
							<String ID="string_313" HPOS="489" VPOS="1180" WIDTH="108" HEIGHT="21" WC="0.92" CONTENT="väsenden"/><SP WIDTH="22" VPOS="1180" HPOS="597"/>
							<String ID="string_314" HPOS="619" VPOS="1179" WIDTH="48" HEIGHT="21" WC="0.96" CONTENT="med"/><SP WIDTH="15" VPOS="1179" HPOS="667"/>
							<String ID="string_315" HPOS="682" VPOS="1179" WIDTH="28" HEIGHT="21" WC="0.96" CONTENT="fri"/><SP WIDTH="14" VPOS="1179" HPOS="710"/>
							<String ID="string_316" HPOS="724" VPOS="1179" WIDTH="86" HEIGHT="24" WC="0.96" CONTENT="rörelse,"/><SP WIDTH="16" VPOS="1179" HPOS="810"/>
							<String ID="string_317" HPOS="826" VPOS="1178" WIDTH="90" HEIGHT="21" WC="0.96" CONTENT="emedan"/>
						</TextLine>
						<TextLine ID="line_34" HPOS="94" VPOS="1207" WIDTH="822" HEIGHT="28">
							<String ID="string_318" HPOS="94" VPOS="1208" WIDTH="69" HEIGHT="21" WC="0.96" CONTENT="denna"/><SP WIDTH="16" VPOS="1208" HPOS="163"/>
							<String ID="string_319" HPOS="179" VPOS="1208" WIDTH="85" HEIGHT="21" WC="0.93" CONTENT="ändelse"/><SP WIDTH="15" VPOS="1208" HPOS="264"/>
							<String ID="string_320" HPOS="279" VPOS="1209" WIDTH="126" HEIGHT="26" WC="0.92" CONTENT="egentligast"/><SP WIDTH="15" VPOS="1209" HPOS="405"/>
							<String ID="string_321" HPOS="420" VPOS="1208" WIDTH="110" HEIGHT="26" WC="0.96" CONTENT="uttrycker"/><SP WIDTH="15" VPOS="1208" HPOS="530"/>
							<String ID="string_322" HPOS="545" VPOS="1208" WIDTH="72" HEIGHT="21" WC="0.96" CONTENT="stället"/><SP WIDTH="16" VPOS="1208" HPOS="617"/>
							<String ID="string_323" HPOS="633" VPOS="1208" WIDTH="37" HEIGHT="21" WC="0.96" CONTENT="der"/><SP WIDTH="10" VPOS="1208" HPOS="670"/>
							<String ID="string_324" HPOS="680" VPOS="1207" WIDTH="115" HEIGHT="27" WC="0.96" CONTENT="någonting"/><SP WIDTH="10" VPOS="1207" HPOS="795"/>
							<String ID="string_325" HPOS="805" VPOS="1207" WIDTH="14" HEIGHT="26" WC="0.93" CONTENT="(i"/><SP WIDTH="10" VPOS="1207" HPOS="819"/>
							<String ID="string_326" HPOS="829" VPOS="1212" WIDTH="87" HEIGHT="21" WC="0.92" CONTENT="synner-"/>
						</TextLine>
						<TextLine ID="line_35" HPOS="94" VPOS="1235" WIDTH="822" HEIGHT="28">
							<String ID="string_327" HPOS="94" VPOS="1236" WIDTH="36" HEIGHT="21" WC="0.96" CONTENT="het"/><SP WIDTH="21" VPOS="1236" HPOS="130"/>
							<String ID="string_328" HPOS="151" VPOS="1237" WIDTH="48" HEIGHT="20" WC="0.96" CONTENT="träd"/><SP WIDTH="23" VPOS="1237" HPOS="199"/>
							<String ID="string_329" HPOS="222" VPOS="1237" WIDTH="40" HEIGHT="20" WC="0.96" CONTENT="och"/><SP WIDTH="21" VPOS="1237" HPOS="262"/>
							<String ID="string_330" HPOS="283" VPOS="1239" WIDTH="82" HEIGHT="23" WC="0.96" CONTENT="växter)"/><SP WIDTH="20" VPOS="1239" HPOS="365"/>
							<String ID="string_331" HPOS="385" VPOS="1237" WIDTH="7" HEIGHT="20" WC="0.96" CONTENT="i"/><SP WIDTH="18" VPOS="1237" HPOS="392"/>
							<String ID="string_332" HPOS="410" VPOS="1238" WIDTH="69" HEIGHT="19" WC="0.93" CONTENT="större"/><SP WIDTH="16" VPOS="1238" HPOS="479"/>
							<String ID="string_333" HPOS="495" VPOS="1238" WIDTH="64" HEIGHT="25" WC="0.92" CONTENT="mäng"/><SP WIDTH="14" VPOS="1238" HPOS="559"/>
							<String ID="string_334" HPOS="573" VPOS="1237" WIDTH="78" HEIGHT="20" WC="0.96" CONTENT="frodas."/><SP WIDTH="30" VPOS="1237" HPOS="651"/>
							<String ID="string_335" HPOS="681" VPOS="1236" WIDTH="28" HEIGHT="21" WC="0.94" CONTENT="Så"/><SP WIDTH="16" VPOS="1236" HPOS="709"/>
							<String ID="string_336" HPOS="725" VPOS="1236" WIDTH="115" HEIGHT="21" WC="0.96" CONTENT="betecknar"/><SP WIDTH="14" VPOS="1236" HPOS="840"/>
							<String ID="string_337" HPOS="854" VPOS="1235" WIDTH="62" HEIGHT="20" WC="0.96" CONTENT="ordet"/>
						</TextLine>
						<TextLine ID="line_36" HPOS="94" VPOS="1263" WIDTH="822" HEIGHT="28">
							<String ID="string_338" HPOS="94" VPOS="1265" WIDTH="107" HEIGHT="20" WC="0.92" CONTENT="tammisto"/><SP WIDTH="23" VPOS="1265" HPOS="201"/>
							<String ID="string_339" HPOS="224" VPOS="1267" WIDTH="31" HEIGHT="19" WC="0.96" CONTENT="ett"/><SP WIDTH="22" VPOS="1267" HPOS="255"/>
							<String ID="string_340" HPOS="277" VPOS="1266" WIDTH="61" HEIGHT="21" WC="0.96" CONTENT="ställe"/><SP WIDTH="23" VPOS="1266" HPOS="338"/>
							<String ID="string_341" HPOS="361" VPOS="1266" WIDTH="37" HEIGHT="20" WC="0.96" CONTENT="der"/><SP WIDTH="22" VPOS="1266" HPOS="398"/>
							<String ID="string_342" HPOS="420" VPOS="1265" WIDTH="78" HEIGHT="26" WC="0.96" CONTENT="många"/><SP WIDTH="19" VPOS="1265" HPOS="498"/>
							<String ID="string_343" HPOS="517" VPOS="1265" WIDTH="52" HEIGHT="21" WC="0.96" CONTENT="ekar"/><SP WIDTH="15" VPOS="1265" HPOS="569"/>
							<String ID="string_344" HPOS="584" VPOS="1267" WIDTH="63" HEIGHT="24" WC="0.93" CONTENT="växa;"/><SP WIDTH="16" VPOS="1267" HPOS="647"/>
							<String ID="string_345" HPOS="663" VPOS="1265" WIDTH="121" HEIGHT="26" WC="0.91" CONTENT="nedhuggas"/><SP WIDTH="15" VPOS="1265" HPOS="784"/>
							<String ID="string_346" HPOS="799" VPOS="1264" WIDTH="63" HEIGHT="21" WC="0.96" CONTENT="dessa"/><SP WIDTH="14" VPOS="1264" HPOS="862"/>
							<String ID="string_347" HPOS="876" VPOS="1263" WIDTH="40" HEIGHT="21" WC="0.96" CONTENT="och"/>
						</TextLine>
						<TextLine ID="line_37" HPOS="94" VPOS="1292" WIDTH="820" HEIGHT="28">
							<String ID="string_348" HPOS="94" VPOS="1293" WIDTH="40" HEIGHT="21" WC="0.93" CONTENT="och"/><SP WIDTH="15" VPOS="1293" HPOS="134"/>
							<String ID="string_349" HPOS="149" VPOS="1294" WIDTH="124" HEIGHT="25" WC="0.92" CONTENT="uppstaplas"/><SP WIDTH="15" VPOS="1294" HPOS="273"/>
							<String ID="string_350" HPOS="288" VPOS="1294" WIDTH="28" HEIGHT="26" WC="0.96" CONTENT="på"/><SP WIDTH="15" VPOS="1294" HPOS="316"/>
							<String ID="string_351" HPOS="331" VPOS="1296" WIDTH="30" HEIGHT="19" WC="0.96" CONTENT="ett"/><SP WIDTH="16" VPOS="1296" HPOS="361"/>
							<String ID="string_352" HPOS="377" VPOS="1295" WIDTH="65" HEIGHT="20" WC="0.96" CONTENT="annat"/><SP WIDTH="15" VPOS="1295" HPOS="442"/>
							<String ID="string_353" HPOS="457" VPOS="1294" WIDTH="70" HEIGHT="23" WC="0.96" CONTENT="ställe,"/><SP WIDTH="14" VPOS="1294" HPOS="527"/>
							<String ID="string_354" HPOS="541" VPOS="1295" WIDTH="79" HEIGHT="25" WC="0.96" CONTENT="utgöra"/><SP WIDTH="12" VPOS="1295" HPOS="620"/>
							<String ID="string_355" HPOS="632" VPOS="1294" WIDTH="25" HEIGHT="20" WC="0.96" CONTENT="de"/><SP WIDTH="13" VPOS="1294" HPOS="657"/>
							<String ID="string_356" HPOS="670" VPOS="1294" WIDTH="63" HEIGHT="26" WC="0.93" CONTENT="ingen"/><SP WIDTH="10" VPOS="1294" HPOS="733"/>
							<String ID="string_357" HPOS="743" VPOS="1292" WIDTH="107" HEIGHT="21" WC="0.89" CONTENT="tammisto"/><SP WIDTH="11" VPOS="1292" HPOS="850"/>
							<String ID="string_358" HPOS="861" VPOS="1297" WIDTH="53" HEIGHT="19" WC="0.96" CONTENT="mer;"/>
						</TextLine>
						<TextLine ID="line_38" HPOS="94" VPOS="1320" WIDTH="821" HEIGHT="28">
							<String ID="string_359" HPOS="94" VPOS="1328" WIDTH="81" HEIGHT="15" WC="0.96" CONTENT="samma"/><SP WIDTH="22" VPOS="1328" HPOS="175"/>
							<String ID="string_360" HPOS="197" VPOS="1323" WIDTH="24" HEIGHT="20" WC="0.96" CONTENT="är"/><SP WIDTH="21" VPOS="1323" HPOS="221"/>
							<String ID="string_361" HPOS="242" VPOS="1322" WIDTH="141" HEIGHT="21" WC="0.93" CONTENT="förhållandet"/><SP WIDTH="23" VPOS="1322" HPOS="383"/>
							<String ID="string_362" HPOS="406" VPOS="1323" WIDTH="47" HEIGHT="20" WC="0.93" CONTENT="med"/><SP WIDTH="16" VPOS="1323" HPOS="453"/>
							<String ID="string_363" HPOS="469" VPOS="1323" WIDTH="99" HEIGHT="25" WC="0.90" CONTENT="koivisto,"/><SP WIDTH="16" VPOS="1323" HPOS="568"/>
							<String ID="string_364" HPOS="584" VPOS="1322" WIDTH="113" HEIGHT="25" WC="0.92" CONTENT="männistö,"/><SP WIDTH="15" VPOS="1322" HPOS="697"/>
							<String ID="string_365" HPOS="712" VPOS="1322" WIDTH="103" HEIGHT="23" WC="0.91" CONTENT="kuusisto,"/><SP WIDTH="15" VPOS="1322" HPOS="815"/>
							<String ID="string_366" HPOS="830" VPOS="1320" WIDTH="85" HEIGHT="26" WC="0.91" CONTENT="lepistö,"/>
						</TextLine>
						<TextLine ID="line_39" HPOS="94" VPOS="1348" WIDTH="820" HEIGHT="29">
							<String ID="string_367" HPOS="94" VPOS="1356" WIDTH="26" HEIGHT="14" WC="0.96" CONTENT="m."/><SP WIDTH="12" VPOS="1356" HPOS="120"/>
							<String ID="string_368" HPOS="132" VPOS="1356" WIDTH="27" HEIGHT="15" WC="0.93" CONTENT="m."/><SP WIDTH="13" VPOS="1356" HPOS="159"/>
							<String ID="string_369" HPOS="172" VPOS="1362" WIDTH="26" HEIGHT="2" WC="0.91" CONTENT="—"/><SP WIDTH="11" VPOS="1362" HPOS="198"/>
							<String ID="string_370" HPOS="209" VPOS="1350" WIDTH="60" HEIGHT="22" WC="0.96" CONTENT="Dock"/><SP WIDTH="15" VPOS="1350" HPOS="269"/>
							<String ID="string_371" HPOS="284" VPOS="1357" WIDTH="49" HEIGHT="15" WC="0.96" CONTENT="anse"/><SP WIDTH="15" VPOS="1357" HPOS="333"/>
							<String ID="string_372" HPOS="348" VPOS="1351" WIDTH="5" HEIGHT="21" WC="0.90" CONTENT="j"/><SP WIDTH="17" VPOS="1351" HPOS="353"/>
							<String ID="string_373" HPOS="370" VPOS="1350" WIDTH="79" HEIGHT="22" WC="0.92" CONTENT="sådane"/><SP WIDTH="15" VPOS="1350" HPOS="449"/>
							<String ID="string_374" HPOS="464" VPOS="1350" WIDTH="116" HEIGHT="27" WC="0.96" CONTENT="nybildade"/><SP WIDTH="13" VPOS="1350" HPOS="580"/>
							<String ID="string_375" HPOS="593" VPOS="1350" WIDTH="45" HEIGHT="26" WC="0.96" CONTENT="ord,"/><SP WIDTH="11" VPOS="1350" HPOS="638"/>
							<String ID="string_376" HPOS="649" VPOS="1356" WIDTH="55" HEIGHT="15" WC="0.96" CONTENT="som:"/><SP WIDTH="12" VPOS="1356" HPOS="704"/>
							<String ID="string_377" HPOS="716" VPOS="1350" WIDTH="91" HEIGHT="24" WC="0.96" CONTENT="rahasto,"/><SP WIDTH="11" VPOS="1350" HPOS="807"/>
							<String ID="string_378" HPOS="818" VPOS="1348" WIDTH="96" HEIGHT="27" WC="0.96" CONTENT="kirjasto,"/>
						</TextLine>
						<TextLine ID="line_40" HPOS="93" VPOS="1378" WIDTH="823" HEIGHT="28">
							<String ID="string_379" HPOS="93" VPOS="1378" WIDTH="90" HEIGHT="22" WC="0.96" CONTENT="laivasto"/><SP WIDTH="23" VPOS="1378" HPOS="183"/>
							<String ID="string_380" HPOS="206" VPOS="1385" WIDTH="51" HEIGHT="15" WC="0.93" CONTENT="vara"/><SP WIDTH="22" VPOS="1385" HPOS="257"/>
							<String ID="string_381" HPOS="279" VPOS="1379" WIDTH="86" HEIGHT="27" WC="0.92" CONTENT="lyckligt"/><SP WIDTH="22" VPOS="1379" HPOS="365"/>
							<String ID="string_382" HPOS="387" VPOS="1380" WIDTH="92" HEIGHT="25" WC="0.90" CONTENT="bildade,"/><SP WIDTH="25" VPOS="1380" HPOS="479"/>
							<String ID="string_383" HPOS="504" VPOS="1379" WIDTH="39" HEIGHT="21" WC="0.96" CONTENT="och"/><SP WIDTH="22" VPOS="1379" HPOS="543"/>
							<String ID="string_384" HPOS="565" VPOS="1379" WIDTH="72" HEIGHT="20" WC="0.93" CONTENT="kunna"/><SP WIDTH="22" VPOS="1379" HPOS="637"/>
							<String ID="string_385" HPOS="659" VPOS="1378" WIDTH="107" HEIGHT="21" WC="0.92" CONTENT="försvaras"/><SP WIDTH="20" VPOS="1378" HPOS="766"/>
							<String ID="string_386" HPOS="786" VPOS="1378" WIDTH="65" HEIGHT="25" WC="0.93" CONTENT="enligt"/><SP WIDTH="15" VPOS="1378" HPOS="851"/>
							<String ID="string_387" HPOS="866" VPOS="1383" WIDTH="50" HEIGHT="15" WC="0.92" CONTENT="ana-"/>
						</TextLine>
						<TextLine ID="line_41" HPOS="94" VPOS="1407" WIDTH="821" HEIGHT="28">
							<String ID="string_388" HPOS="94" VPOS="1407" WIDTH="56" HEIGHT="26" WC="0.96" CONTENT="login"/><SP WIDTH="16" VPOS="1407" HPOS="150"/>
							<String ID="string_389" HPOS="166" VPOS="1408" WIDTH="48" HEIGHT="21" WC="0.96" CONTENT="med"/><SP WIDTH="15" VPOS="1408" HPOS="214"/>
							<String ID="string_390" HPOS="229" VPOS="1408" WIDTH="36" HEIGHT="21" WC="0.93" CONTENT="det"/><SP WIDTH="15" VPOS="1408" HPOS="265"/>
							<String ID="string_391" HPOS="280" VPOS="1408" WIDTH="83" HEIGHT="27" WC="0.92" CONTENT="vanliga"/><SP WIDTH="16" VPOS="1408" HPOS="363"/>
							<String ID="string_392" HPOS="379" VPOS="1408" WIDTH="39" HEIGHT="21" WC="0.93" CONTENT="och"/><SP WIDTH="15" VPOS="1408" HPOS="418"/>
							<String ID="string_393" HPOS="433" VPOS="1408" WIDTH="115" HEIGHT="26" WC="0.92" CONTENT="godkända"/><SP WIDTH="15" VPOS="1408" HPOS="548"/>
							<String ID="string_394" HPOS="563" VPOS="1408" WIDTH="61" HEIGHT="21" WC="0.92" CONTENT="ordet"/><SP WIDTH="15" VPOS="1408" HPOS="624"/>
							<String ID="string_395" HPOS="639" VPOS="1408" WIDTH="99" HEIGHT="25" WC="0.96" CONTENT="saaristo;"/><SP WIDTH="16" VPOS="1408" HPOS="738"/>
							<String ID="string_396" HPOS="754" VPOS="1413" WIDTH="47" HEIGHT="15" WC="0.96" CONTENT="men"/><SP WIDTH="12" VPOS="1413" HPOS="801"/>
							<String ID="string_397" HPOS="813" VPOS="1413" WIDTH="34" HEIGHT="14" WC="0.93" CONTENT="om"/><SP WIDTH="11" VPOS="1413" HPOS="847"/>
							<String ID="string_398" HPOS="858" VPOS="1412" WIDTH="57" HEIGHT="15" WC="0.91" CONTENT="men-"/>
						</TextLine>
						<TextLine ID="line_42" HPOS="93" VPOS="1436" WIDTH="821" HEIGHT="27">
							<String ID="string_399" HPOS="93" VPOS="1436" WIDTH="73" HEIGHT="21" WC="0.92" CONTENT="niskor"/><SP WIDTH="15" VPOS="1436" HPOS="166"/>
							<String ID="string_400" HPOS="181" VPOS="1436" WIDTH="39" HEIGHT="21" WC="0.93" CONTENT="bör"/><SP WIDTH="14" VPOS="1436" HPOS="220"/>
							<String ID="string_401" HPOS="234" VPOS="1436" WIDTH="159" HEIGHT="27" WC="0.92" CONTENT="ifrägavarande"/><SP WIDTH="16" VPOS="1436" HPOS="393"/>
							<String ID="string_402" HPOS="409" VPOS="1436" WIDTH="93" HEIGHT="27" WC="0.91" CONTENT="ändelse,"/><SP WIDTH="16" VPOS="1436" HPOS="502"/>
							<String ID="string_403" HPOS="518" VPOS="1436" WIDTH="66" HEIGHT="26" WC="0.96" CONTENT="enligt"/><SP WIDTH="14" VPOS="1436" HPOS="584"/>
							<String ID="string_404" HPOS="598" VPOS="1436" WIDTH="38" HEIGHT="21" WC="0.93" CONTENT="vär"/><SP WIDTH="13" VPOS="1436" HPOS="636"/>
							<String ID="string_405" HPOS="649" VPOS="1436" WIDTH="60" HEIGHT="26" WC="0.93" CONTENT="äsigt,"/><SP WIDTH="12" VPOS="1436" HPOS="709"/>
							<String ID="string_406" HPOS="721" VPOS="1436" WIDTH="67" HEIGHT="25" WC="0.93" CONTENT="aldrig"/><SP WIDTH="12" VPOS="1436" HPOS="788"/>
							<String ID="string_407" HPOS="800" VPOS="1437" WIDTH="114" HEIGHT="24" WC="0.92" CONTENT="begagnas;"/>
						</TextLine>
						<TextLine ID="line_43" HPOS="93" VPOS="1463" WIDTH="823" HEIGHT="28">
							<String ID="string_408" HPOS="93" VPOS="1464" WIDTH="21" HEIGHT="21" WC="0.93" CONTENT="vi"/><SP WIDTH="21" VPOS="1464" HPOS="114"/>
							<String ID="string_409" HPOS="135" VPOS="1465" WIDTH="96" HEIGHT="20" WC="0.92" CONTENT="förkaste"/><SP WIDTH="16" VPOS="1465" HPOS="231"/>
							<String ID="string_410" HPOS="247" VPOS="1465" WIDTH="84" HEIGHT="21" WC="0.93" CONTENT="derföre"/><SP WIDTH="16" VPOS="1465" HPOS="331"/>
							<String ID="string_411" HPOS="347" VPOS="1465" WIDTH="62" HEIGHT="21" WC="0.95" CONTENT="dessa"/><SP WIDTH="15" VPOS="1465" HPOS="409"/>
							<String ID="string_412" HPOS="424" VPOS="1465" WIDTH="39" HEIGHT="21" WC="0.93" CONTENT="och"/><SP WIDTH="16" VPOS="1465" HPOS="463"/>
							<String ID="string_413" HPOS="479" VPOS="1465" WIDTH="73" HEIGHT="26" WC="0.92" CONTENT="dylika"/><SP WIDTH="16" VPOS="1465" HPOS="552"/>
							<String ID="string_414" HPOS="568" VPOS="1464" WIDTH="48" HEIGHT="21" WC="0.96" CONTENT="ord:"/><SP WIDTH="16" VPOS="1464" HPOS="616"/>
							<String ID="string_415" HPOS="632" VPOS="1465" WIDTH="104" HEIGHT="24" WC="0.93" CONTENT="miehistö,"/><SP WIDTH="16" VPOS="1465" HPOS="736"/>
							<String ID="string_416" HPOS="752" VPOS="1464" WIDTH="104" HEIGHT="25" WC="0.92" CONTENT="vaimisto,"/><SP WIDTH="16" VPOS="1464" HPOS="856"/>
							<String ID="string_417" HPOS="872" VPOS="1463" WIDTH="44" HEIGHT="26" WC="0.93" CONTENT="lap-"/>
						</TextLine>
						<TextLine ID="line_44" HPOS="93" VPOS="1491" WIDTH="823" HEIGHT="28">
							<String ID="string_418" HPOS="93" VPOS="1493" WIDTH="59" HEIGHT="26" WC="0.92" CONTENT="sisto,"/><SP WIDTH="21" VPOS="1493" HPOS="152"/>
							<String ID="string_419" HPOS="173" VPOS="1493" WIDTH="83" HEIGHT="26" WC="0.96" CONTENT="papisto"/><SP WIDTH="22" VPOS="1493" HPOS="256"/>
							<String ID="string_420" HPOS="278" VPOS="1495" WIDTH="39" HEIGHT="20" WC="0.92" CONTENT="etc."/><SP WIDTH="29" VPOS="1495" HPOS="317"/>
							<String ID="string_421" HPOS="346" VPOS="1493" WIDTH="61" HEIGHT="21" WC="0.91" CONTENT="Allra"/><SP WIDTH="14" VPOS="1493" HPOS="407"/>
							<String ID="string_422" HPOS="421" VPOS="1493" WIDTH="66" HEIGHT="21" WC="0.96" CONTENT="minst"/><SP WIDTH="14" VPOS="1493" HPOS="487"/>
							<String ID="string_423" HPOS="501" VPOS="1493" WIDTH="68" HEIGHT="21" WC="0.93" CONTENT="borde"/><SP WIDTH="16" VPOS="1493" HPOS="569"/>
							<String ID="string_424" HPOS="585" VPOS="1493" WIDTH="80" HEIGHT="21" WC="0.92" CONTENT="sädana"/><SP WIDTH="14" VPOS="1493" HPOS="665"/>
							<String ID="string_425" HPOS="679" VPOS="1492" WIDTH="172" HEIGHT="26" WC="0.89" CONTENT="missbildningar"/><SP WIDTH="15" VPOS="1492" HPOS="851"/>
							<String ID="string_426" HPOS="866" VPOS="1491" WIDTH="50" HEIGHT="27" WC="0.92" CONTENT="ingä"/>
						</TextLine>
						<TextLine ID="line_45" HPOS="94" VPOS="1519" WIDTH="821" HEIGHT="30">
							<String ID="string_427" HPOS="94" VPOS="1521" WIDTH="8" HEIGHT="20" WC="0.96" CONTENT="i"/><SP WIDTH="20" VPOS="1521" HPOS="102"/>
							<String ID="string_428" HPOS="122" VPOS="1528" WIDTH="26" HEIGHT="14" WC="0.96" CONTENT="en"/><SP WIDTH="21" VPOS="1528" HPOS="148"/>
							<String ID="string_429" HPOS="169" VPOS="1521" WIDTH="54" HEIGHT="22" WC="0.93" CONTENT="finsk"/><SP WIDTH="22" VPOS="1521" HPOS="223"/>
							<String ID="string_430" HPOS="245" VPOS="1522" WIDTH="102" HEIGHT="27" WC="0.95" CONTENT="grundlag"/><SP WIDTH="15" VPOS="1522" HPOS="347"/>
							<String ID="string_431" HPOS="362" VPOS="1522" WIDTH="39" HEIGHT="21" WC="0.93" CONTENT="och"/><SP WIDTH="16" VPOS="1522" HPOS="401"/>
							<String ID="string_432" HPOS="417" VPOS="1522" WIDTH="123" HEIGHT="25" WC="0.91" CONTENT="derigenom"/><SP WIDTH="15" VPOS="1522" HPOS="540"/>
							<String ID="string_433" HPOS="555" VPOS="1522" WIDTH="63" HEIGHT="21" WC="0.96" CONTENT="vinna"/><SP WIDTH="15" VPOS="1522" HPOS="618"/>
							<String ID="string_434" HPOS="633" VPOS="1523" WIDTH="32" HEIGHT="20" WC="0.93" CONTENT="ett"/><SP WIDTH="14" VPOS="1523" HPOS="665"/>
							<String ID="string_435" HPOS="679" VPOS="1521" WIDTH="111" HEIGHT="24" WC="0.96" CONTENT="anseende,"/><SP WIDTH="16" VPOS="1521" HPOS="790"/>
							<String ID="string_436" HPOS="806" VPOS="1527" WIDTH="46" HEIGHT="15" WC="0.96" CONTENT="som"/><SP WIDTH="16" VPOS="1527" HPOS="852"/>
							<String ID="string_437" HPOS="868" VPOS="1520" WIDTH="25" HEIGHT="21" WC="0.75" CONTENT="de"/><SP WIDTH="14" VPOS="1520" HPOS="893"/>
							<String ID="string_438" HPOS="907" VPOS="1519" WIDTH="8" HEIGHT="20" WC="0.75" CONTENT="i"/>
						</TextLine>
					</TextBlock>
				</ComposedBlock>
			</PrintSpace>
		</Page>
	</Layout>
</alto>
