1109 1795
295 108 166 18 Presteståndet.
487 109 55 17 1867.
567 109 25 17 27
604 109 63 21 April
825 105 42 22 755

135 193 122 27 Föredrogs
273 193 38 22 och
327 194 116 21 bordlades
459 195 154 20 sammansatta
629 194 106 21 ekonomi-
754 198 56 19 samt
831 198 65 20 stats-

67 222 40 22 och
122 222 245 27 bevillningsutskottets
382 222 137 21 betänkande
537 222 110 27 angående
671 223 76 26 nådiga
767 225 129 27 propositio-

67 257 40 15 nen
131 257 34 15 om
189 251 74 26 anslag
285 250 34 21 för
341 251 144 26 upprensning
508 251 24 21 af
548 251 97 21 farleden
660 251 78 22 mellan
753 252 87 27 Nyslott
855 254 41 21 och

67 279 85 27 Kuopio
169 279 78 21 städer.

136 427 121 26 Föredrogs
273 428 30 20 ett
319 427 198 26 protokollsutdrag
532 426 48 22 från
595 427 107 27 vällofliga
717 428 179 27 borgareståndet

68 455 24 21 af
105 455 41 22 den
164 457 25 20 15
205 455 60 28 April
280 455 24 21 så
319 455 102 27 lydande:

138 529 133 26 Föredrogs
297 529 78 26 utdrag
397 529 23 21 af
441 529 116 27 höglofliga
582 529 148 27 ridderskapet
755 531 40 21 och
820 532 74 21 adelns

69 559 108 26 protokoll
200 558 33 21 för
255 558 41 21 den
319 559 18 25 2,
361 558 12 21 3
397 558 39 21 och
451 559 14 20 4
480 558 145 21 innevarande
648 559 66 26 April,
735 559 45 21 deri
795 559 100 22 bemälda

69 587 68 26 stånd,
152 587 65 26 jemte
233 586 204 27 tillkännagifvande
453 593 34 14 om
504 587 48 20 dess
568 587 71 20 beslut
653 587 8 20 i
671 587 113 28 anledning
796 588 24 21 af
828 589 68 21 bank-

68 615 117 22 utskottets
201 615 136 21 betänkande
351 615 110 26 angående
477 615 79 26 nådiga
572 616 158 25 propositionen
746 623 33 14 om
791 617 105 26 styrelsen

70 644 39 21 och
124 643 155 27 förvaltningen
295 644 24 21 af
331 643 103 22 Fidlands
450 643 64 26 bank,
530 644 99 26 inbjuder
644 645 139 21 medstånden
799 647 32 20 att
852 645 42 22 för-

69 679 40 14 ena
124 672 32 26 sig
172 679 33 14 om
221 673 76 20 tvenne
314 672 23 21 af
350 672 149 27 ridderskapet
515 672 40 21 och
570 673 63 20 adeln
648 673 35 21 vid
699 674 91 21 nämnda
805 675 90 21 ärendes

69 701 130 26 behandling
214 700 83 22 fattade
312 701 77 25 beslut,
406 701 37 21 det
458 707 40 15 ena
514 701 22 21 af
551 701 94 21 innehåll
661 703 32 20 att
713 702 63 21 bland
795 703 25 20 de
841 709 55 21 upp-

70 730 58 25 drag,
152 735 46 15 som
220 729 60 27 ålåge
304 729 200 27 bankfullmäktige,
526 729 78 27 jemväl
628 730 68 21 skulle
718 731 87 26 införas,
821 733 33 20 att
869 732 26 21 de

69 758 67 21 borde
152 757 45 22 låta
211 758 64 21 innan
289 759 63 20 nästa
367 758 104 27 landtdag
485 760 98 25 uppgöra
598 758 80 27 ritning
693 759 39 21 och
747 759 147 22 kostnadsför-

70 787 45 26 slag
135 786 35 21 till
193 788 30 19 ett
245 786 98 21 bankhus
367 787 39 21 och
422 787 67 26 jemte
506 787 63 21 dessa
584 787 127 27 handlingar
725 787 98 22 meddela
838 791 57 18 stän-

70 815 65 21 derna
150 815 83 26 uppgift
249 821 34 15 om
298 815 87 26 lämplig
401 817 54 19 tomt
471 815 33 21 för
520 817 32 20 ett
567 815 77 22 sådant
656 816 40 21 hus
706 815 66 22 finnes
783 819 33 19 att
827 817 67 27 tillgå,

70 843 108 22 äfvensom
194 843 113 27 utredning
323 850 34 15 om
373 844 39 21 och
427 846 40 19 när
483 844 85 21 banken
584 844 42 21 kan
642 851 39 20 ega
699 845 88 26 tillgång
807 845 33 21 till
861 848 33 19 ut-

70 872 89 21 förande
180 872 23 21 af
224 874 31 19 ett
276 872 69 27 dylikt
364 873 201 26 byggnadsföretag,
581 874 56 20 samt
652 873 37 22 det
704 874 65 21 andra
785 873 110 27 angående

69 900 91 27 fogande
175 900 24 21 af
212 902 31 20 ett
258 900 123 27 ytterligare
397 901 75 27 tillägg
487 901 33 21 till
542 901 203 27 bankfullmäktiges
764 902 131 22 instruktion

70 929 79 26 derom,
165 931 34 19 att
213 929 26 21 de
255 929 100 27 antingen
370 929 34 22 för
419 930 32 27 sig
467 930 52 21 eller
534 930 6 21 i
557 930 85 21 samråd
657 931 49 21 med
727 931 67 21 andra
815 931 81 22 tillkal-

70 957 47 22 lade
139 957 132 27 sakkunnige
294 964 103 20 personer
412 958 69 21 skulle
497 958 101 22 utarbeta
613 958 80 28 förslag
708 959 31 21 till
755 965 26 16 en
797 965 98 22 omorga-

69 986 91 21 nisation
177 985 23 22 af
213 986 84 21 banken
312 987 7 20 i
335 987 36 21 det
386 987 61 26 syfte,
463 988 32 20 att
510 987 23 21 af
548 987 40 21 den
604 988 121 21 nuvarande
743 988 152 27 hypoteksfon-

70 1015 40 21 den
126 1015 69 21 skulle
210 1015 69 21 bildas
295 1021 26 15 en
337 1015 98 22 handels-
451 1015 40 22 och
507 1016 199 21 cirkulationsbank
721 1016 39 21 och
780 1016 23 21 af
822 1017 73 26 primi-

69 1043 43 22 tiva
134 1043 79 22 fonden
236 1049 27 16 en
282 1043 47 22 icke
350 1044 182 27 sedelutgifvande
556 1045 57 21 bank
635 1045 48 21 med
699 1045 148 21 bestämmelse
863 1047 31 20 att

68 1072 57 21 förse
138 1072 145 27 jordbrukare
298 1073 48 20 med
362 1073 117 27 förlagslän
493 1073 29 27 pä
534 1073 74 27 längre
618 1073 38 26 tid,
669 1076 54 19 samt
733 1074 95 21 enskilde
839 1073 55 22 tillä-

69 1103 33 19 tas
118 1102 33 20 att
166 1103 58 19 emot
239 1101 123 22 erhållande
378 1101 24 22 af
417 1102 70 21 aktier
510 1102 71 21 såsom
603 1102 99 26 delegare
717 1103 7 20 i
739 1102 66 27 begge
827 1102 67 21 bank-

67 1129 169 27 inrättningarne
251 1129 55 27 ingä.

136 1203 63 22 Efter
222 1205 36 20 det
281 1204 102 22 särskilde
407 1204 23 21 af
451 1203 97 22 ständets
567 1205 138 20 medlemmar
720 1205 6 20 i
741 1206 72 20 ämnet
826 1207 69 24 yttrat

70 1233 38 26 sig,
124 1232 44 21 blef
183 1239 75 20 genom
274 1233 107 21 anställda
397 1233 158 26 omröstningar
570 1233 97 21 ständets
682 1233 75 26 beslut,
774 1235 32 19 att
817 1233 78 27 ifräga-

69 1261 93 21 varande
177 1261 126 27 inbjudning
318 1262 46 21 icke
379 1262 70 21 skulle
465 1262 23 21 af
501 1261 86 22 ståndet
603 1263 96 25 antagas,
709 1261 116 27 hvarjemte
836 1261 58 22 stän-

69 1290 36 21 det
120 1290 66 27 ansäg
201 1291 33 20 att
249 1290 70 26 nägon
334 1290 76 27 ätgärd
425 1290 47 22 icke
487 1290 126 27 päkallades
628 1291 7 20 i
651 1290 113 27 anledning
779 1289 24 22 af
816 1289 79 22 ridder-

67 1319 78 26 skapet
168 1319 39 20 och
228 1319 74 21 adelns
325 1319 101 26 ätgärder
445 1319 8 21 i
473 1319 64 26 öfrigt
562 1319 134 21 beträffande
720 1319 175 21 bankutskottets

68 1346 163 27 ifrägavarande
246 1347 142 21 betänkande.
416 1347 44 21 Och
477 1347 68 21 skulle
562 1348 155 21 underrättelse
732 1348 74 20 härom
818 1353 76 19 genom

68 1376 198 27 protokollsutärag
295 1376 110 22 meddelas
435 1376 26 21 de
486 1376 69 27 öfriga
580 1376 90 22 stånden
695 1376 108 22 äfvensom
827 1375 68 22 bank-

67 1404 124 22 utskottet.”
