1109 1795
331 105 165 18 Presteständet.
522 106 56 17 1867.
602 106 9 17 6
624 106 65 21 April.
858 102 41 21 525

172 192 38 21 Att
225 191 67 21 första
307 197 63 15 mom.
386 191 23 21 af
423 191 26 20 20
466 192 11 25 $
493 193 76 25 antogs
585 191 66 26 enligt
666 191 83 27 Nädiga
760 193 168 26 propositionen,

104 221 110 20 hvaremot
236 220 36 21 det
295 225 74 16 senare
391 226 63 15 mom.
478 220 52 21 eller
548 220 76 21 orden:
641 220 84 24 ,Likväl
740 229 28 10 ==
783 230 28 9 =
826 229 29 10 =
870 221 58 22 inne-

104 249 78 21 häller*
199 249 68 21 skulle
282 248 45 21 helt
342 247 39 22 och
397 248 67 21 hället
479 248 57 27 utgä.

172 278 39 21 Att
226 277 26 26 $$
268 277 83 20 21—26
367 279 90 24 antogos
473 277 65 26 enligt
554 277 41 21 den
611 277 78 26 nådiga
703 278 165 26 propositionen.

172 307 38 20 Att
225 306 27 20 27
269 305 12 27 $
296 305 123 27 godkändes
434 305 7 21 i
457 305 93 27 enlighet
566 305 49 21 med
630 311 75 16 senare
721 306 137 22 alternativet
872 307 7 21 i
894 309 34 19 ut-

104 335 91 20 skottets
211 334 139 21 betänkande.

172 364 38 20 Att
231 363 26 26 $$
279 363 84 20 28—29
379 362 68 21 skulle
463 362 81 21 erhälla
559 362 44 21 lika
618 362 80 27 lydelse
714 363 47 20 med
777 364 150 21 motsvarande

104 391 26 27 $$
145 392 7 20 i
168 391 40 21 den
223 391 77 26 nådiga
315 391 165 27 propositionen.

172 420 38 21 Att
225 420 115 21 utskottets
356 420 111 20 redaktion
483 419 23 21 af
520 420 12 26 $
548 420 27 20 30
591 421 82 25 antogs.

171 449 39 20 Att
233 449 82 20 31—32
339 448 26 27 $$
389 448 63 26 jemte
475 449 9 19 1
501 454 62 15 mom.
581 448 23 21 af
619 449 26 20 33
661 448 11 27 $
688 448 67 21 skulle
771 448 66 21 blifva
852 449 75 27 likaly-

103 477 70 21 dande
188 477 48 21 med
251 477 40 21 den
306 476 78 27 nädiga
399 477 159 26 propositionen
574 477 6 20 i
597 477 62 20 dessa
674 477 65 20 delar.

172 506 37 21 Att
229 505 130 22 beträffande
379 511 74 15 senare
469 511 71 18 mom.,
556 505 6 21 i
578 505 27 21 33
621 506 12 26 $
649 505 117 21 utskottets
780 505 80 27 förslag
875 506 51 26 god-

103 534 88 21 kändes.

171 564 38 20 Att
229 563 26 27 38
277 563 83 20 34—38
382 564 88 25 antogos
486 562 136 27 likalydande
637 563 48 20 med
701 563 40 20 den
756 562 77 27 nådiga
849 569 77 21 propo-

102 591 97 21 sitionen.

172 620 38 21 Att
230 620 11 26 $
262 620 26 20 39
309 619 68 21 skulle
393 619 82 21 erhålla
490 620 40 21 den
546 619 23 21 af
583 619 106 21 utskottet
704 619 120 27 föreslagna
839 620 85 26 lydelse,

104 648 77 21 likaväl
196 649 47 20 med
259 648 134 21 uteslutande
409 648 22 21 af
445 648 75 21 orden:
536 648 51 26 ,och
598 649 24 20 är
633 648 36 21 det
680 648 46 21 icke
739 648 121 24 odalverk;*
870 651 56 18 samt

172 677 37 20 Att
225 677 26 26 $$
267 677 83 20 40—43
365 677 123 26 godkändes
504 677 81 20 sådana
601 677 26 20 de
642 677 7 20 i
660 677 40 20 den
711 677 76 26 nådiga
797 677 128 26 propositio-

104 711 39 15 nen
158 705 137 21 förekomma.

173 733 105 22 Skolande
293 733 58 22 såväl
366 734 56 26 Lag-
437 733 40 22 och
492 733 226 22 Ekonomieutskottet
727 739 45 16 som
785 734 140 21 Medstånden

102 762 62 21 häraf
179 762 63 21 undfå
258 763 33 20 del
306 768 75 21 genom
397 763 78 25 utdrag
490 769 26 14 ur
531 762 137 26 protokollet.
699 762 49 21 Som
764 762 79 21 ofvan".

171 820 22 26 2)

309 876 95 28 »Utdrag
426 883 25 14 ur
474 876 137 26 protokollet,
632 876 58 21 fördt
705 877 34 20 vid
754 877 170 21 Bondeståndets

239 905 156 21 sammanträde
417 905 68 21 under
508 905 140 27 Landtdagen
669 905 7 20 i
698 905 131 26 Helsingfors
851 905 40 22 den
911 906 13 21 3

238 933 60 27 April
315 934 60 20 1867.

112 1015 2 2 N
171 990 20 21 S.
214 990 25 21 D.
261 990 118 27 Föredrogs
395 990 19 27 ej
429 991 82 20 mindre
526 990 179 21 Bankutskottets
721 991 40 20 den
776 991 27 21 26
818 991 106 21 nästlidne

102 1019 57 20 Mars
175 1018 105 21 ankomna
295 1019 115 25 skrifvelse,
427 1019 117 26 hvarjemte
561 1019 149 20 öfverlemnats
722 1019 97 21 bemälda
830 1019 94 22 utskotts

102 1047 133 21 betänkande
255 1048 6 20 i
284 1047 112 26 anledning
412 1048 22 21 af
448 1048 60 20 Hans
523 1047 119 27 Kejserliga
657 1047 112 26 Majestäts
785 1047 77 27 nädiga
877 1054 47 20 pro-

101 1076 92 26 position
209 1076 108 26 angäende
333 1077 103 26 styrelsen
452 1076 39 21 och
507 1076 156 26 förvaltningen
679 1075 23 21 af
710 1076 101 21 Finlands
822 1076 63 27 bank,
897 1078 27 19 än

100 1104 63 21 äfven
186 1104 152 21 ordförandens
361 1105 7 20 i
389 1105 169 20 Bankutskottet
581 1104 110 21 skrifvelse
713 1104 23 21 af
754 1104 41 21 den
812 1106 9 19 1
839 1105 84 24 dennes,

101 1133 60 20 hvari
177 1133 98 26 anmäles,
292 1135 32 19 att
339 1139 76 20 genom
431 1136 31 18 ett
477 1133 134 22 förbiseende
623 1133 34 20 vid
668 1133 223 26 korrekturläsningen
903 1133 22 22 af

101 1161 124 22 förberörde
240 1161 134 21 betänkande
391 1162 114 21 utlemnats
521 1162 36 21 det
572 1161 75 27 tillägg
661 1162 35 21 vid
711 1168 62 14 mom.
789 1168 13 14 a
817 1161 23 21 af
848 1161 76 22 försla-

100 1192 37 24 get
152 1190 32 21 till
200 1190 127 21 instruktion
342 1190 33 21 för
391 1190 199 28 bankfullmäktige,
606 1196 45 15 som
667 1190 13 21 &
695 1190 59 21 sidan
773 1191 23 20 11
813 1190 23 21 af
846 1191 78 21 nämda

100 1218 135 21 betänkande
258 1219 75 20 funnos
356 1221 97 18 närmare
476 1219 135 25 motiveradt,
631 1219 80 20 hvilket
726 1219 73 26 tillägg
814 1219 55 20 hade
884 1219 39 21 föl-

98 1247 64 26 jande
185 1247 88 27 lydelse:
297 1247 79 26 ,säsom
400 1247 39 21 ock
461 1249 38 25 att,
521 1248 4 20 i
544 1247 102 21 händelse
665 1247 89 21 emellan
770 1247 153 26 landtdagarne

101 1275 66 22 behof
181 1276 139 26 uppkommer
335 1275 23 22 af
371 1276 143 26 förklaringar
530 1276 51 21 eller
597 1276 114 27 ändringar
726 1276 6 20 i
748 1276 25 21 de
787 1276 87 26 stadgar
884 1276 40 21 och

101 1304 142 26 reglementen
266 1310 45 15 som
333 1305 33 20 för
387 1304 89 21 Banken
499 1307 36 18 äro
558 1305 105 26 gällande,
684 1305 32 20 till
732 1305 58 20 Hans
805 1304 119 27 Kejserliga

100 1333 111 26 Majestäts
226 1333 47 20 med
288 1333 147 26 underdäning
449 1333 157 26 framställning
622 1333 73 21 derom
710 1333 69 26 ingä*.

168 1361 164 24 Bondeständet,
348 1367 45 15 som
409 1361 55 21 efter
479 1362 93 20 anställd
589 1362 120 20 diskussion
724 1361 66 26 ansåg
805 1360 25 21 de
846 1362 77 20 tvenne

99 1389 23 22 af
136 1390 59 21 Hans
210 1389 116 27 Kejserliga
341 1390 112 26 Majestäts
468 1390 6 21 i
490 1390 41 21 den
547 1390 78 27 nädiga
640 1390 170 27 propositionens
826 1389 13 20 2
855 1389 39 21 och
910 1390 12 21 5

99 1418 93 27 punkter
207 1418 104 21 innefatta
325 1419 69 20 vilkor
409 1418 34 21 för
459 1419 182 21 öfverlemnandet
656 1419 23 20 åt
694 1418 117 22 Ständerne
820 1413 19 36 af
834 1417 89 26 primi-

98 1447 44 20 tiva
165 1447 40 20 och
227 1447 223 27 hypotheksfonderna
473 1448 6 20 i
495 1447 88 21 Banken
599 1447 46 21 icke
661 1449 76 25 utgöra
752 1445 75 22 hinder
842 1445 34 22 för
890 1449 33 19 att

98 1475 114 26 godkänna
227 1475 164 27 propositionen,
408 1475 51 21 fann
474 1476 58 26 godt,
549 1476 66 21 sedan
631 1476 103 21 särskilde
750 1475 173 26 omröstningar
910 1471 15 36 i

98 1503 66 22 saken
181 1505 35 26 ägt
232 1511 52 20 rum,
300 1503 163 27 ifrågavarande
479 1505 33 20 till
528 1504 120 21 Ständerna
663 1504 79 21 atflätna
757 1503 76 26 nådiga
846 1509 76 21 propo-
