1109 1795
315 112 166 18 Presteståndet.
507 113 55 17 1867.
587 113 11 17 6
611 113 48 21 Maj.
828 109 42 20 849

138 199 89 26 ySävida
250 199 40 20 den
313 197 110 22 såkallade
446 197 204 28 skallfogdesysslan
672 200 56 19 ännu
751 198 115 23 förefinnes
891 199 8 21 i

70 227 48 21 vårt
138 211 59 47 land,
219 227 90 21 oaktadt
320 226 75 27 frågan
411 232 34 15 om
461 226 49 22 dess
525 225 134 22 afskaffande
673 233 38 14 var
725 227 47 21 före
788 228 34 21 vid
838 233 60 16 sena-

70 258 34 19 ste
126 243 109 38 landtdag,
259 255 39 22 och
321 255 65 26 sagde
401 254 68 27 syssla
484 255 19 26 ej
519 255 75 20 tillhör
609 256 68 20 annat
691 256 27 20 än
733 255 127 27 uppbörden
876 255 24 22 af

70 285 40 20 den
126 283 117 28 ätföljande
259 283 46 22 smä
319 282 159 22 löneförmäner
493 283 40 21 och
549 285 33 19 att
596 285 78 25 utgöra
689 283 82 27 betjent
796 284 23 21 ät
841 285 57 20 läns-

69 319 98 20 mannen,
182 313 49 20 ville
243 312 38 27 jag
296 311 39 22 hos
350 311 57 21 mina
422 311 155 22 ständsbröder
594 311 121 28 hemställa,
737 318 35 15 om
794 313 47 21 icke
862 313 36 21 det

69 347 51 15 vore
142 341 49 21 bäst
213 342 32 20 att
267 340 49 21 hela
338 339 82 28 sysslan
437 342 53 19 utan
506 339 73 22 vidare
593 342 78 25 genast
686 340 99 26 indrages
801 341 40 21 och
856 341 42 21 den

69 369 160 22 tillkommande
251 369 85 26 kappen
359 368 72 21 ansläs
452 368 34 21 till
508 369 69 20 andra
599 368 109 22 allmänna
727 369 70 21 behof.
827 369 11 21 I
853 370 45 21 min

70 398 64 21 tanke
149 404 51 16 vore
215 398 26 21 de
257 397 49 22 bäst
321 397 102 27 använde,
439 403 34 15 om
489 397 27 21 de
531 397 99 27 ansloges
641 397 33 21 till
685 397 132 22 folkskolans
827 397 69 26 bästa,

70 426 113 22 lemnanda
198 426 54 22 dock
267 426 32 22 till
315 425 96 21 ständets
427 425 117 27 afgörande
559 425 75 27 frägan
645 432 35 15 om
690 426 62 21 deras
763 428 55 20 mest
829 426 69 22 frukt-

70 455 116 27 bringande
204 454 146 22 användande.

628 482 26 21 A.
670 482 157 23 Ahvenainen.*

138 539 45 22 Och
205 539 40 21 har
265 539 113 25 utskottet,
403 538 54 22 efter
479 538 122 22 framställd
623 540 98 20 närmare
745 540 114 26 utredning
875 539 23 22 af

69 568 97 27 gällande
183 567 132 27 stadganden
331 573 33 15 om
380 567 48 21 bro-
443 567 40 22 och
504 567 171 27 skallfogdarnes
698 568 120 26 antagande
841 570 56 19 samt

70 597 62 21 deras
146 596 143 25 verksamhet,
304 595 117 27 hemställt,
438 602 34 15 om
487 596 53 26 icke,
557 595 67 22 sedan
643 596 253 27 kommunalförvaltning

70 625 45 22 dels
137 625 66 21 redan
226 626 25 19 är
274 624 143 27 organiserad,
442 624 46 21 dels
510 624 69 21 häller
594 623 29 27 pä
637 625 33 20 att
685 624 85 22 komma
785 625 32 21 till
833 624 63 22 ständ

69 655 56 20 samt
140 653 91 22 sälunda
247 653 7 21 i
269 653 26 21 de
311 652 61 21 flesta
387 654 58 20 orter
461 652 23 21 af
494 653 75 20 landet
580 652 57 21 inom
649 653 49 21 kort
708 653 115 22 förefinnas
833 653 64 21 hvar-

69 682 82 26 igenom
168 682 26 21 de
210 681 129 28 sysslanden,
356 681 72 21 hvilka
443 681 76 21 hittills
534 681 73 26 älegat
622 681 49 21 bro-
687 681 40 22 och
737 681 159 28 skallfogdarne

70 710 70 21 kunde
162 710 23 21 af
205 710 254 21 kommunalnämnderne
482 709 123 27 öfvertagas
627 709 40 21 och
689 709 138 28 handhafvas,
848 716 48 15 men

69 739 37 21 det
120 738 67 22 likväl
201 740 82 19 ansetts
299 738 112 27 olämpligt
425 739 32 20 att
473 738 28 26 pä
516 744 26 15 en
557 737 57 28 gäng
629 737 90 22 afskaffa
735 738 66 27 begge
816 738 80 27 ifräga-

69 767 77 22 komne
161 767 180 26 socknebetjente,
357 766 245 27 skallfogdetjensterne,
619 766 70 21 säsom
705 767 88 21 alldeles
808 767 88 21 obehöf-

69 795 41 27 lige
132 795 71 22 kunde
225 795 108 26 indragas,
354 795 66 26 jemte
436 795 36 20 det
487 796 33 20 att
536 795 37 21 det
588 795 7 20 i
610 795 28 21 46
654 796 11 25 &
681 795 31 21 uti
727 795 70 27 kong].
813 795 83 22 resolu-

68 824 73 21 tionen
155 824 28 27 pä
198 823 117 27 allmogens
330 823 77 22 besvär
422 823 23 21 af
458 823 41 22 den
520 824 26 20 16
568 823 59 21 Mars
651 824 54 21 1793
727 824 89 26 intagna
838 823 58 22 stad-

68 853 69 26 gande
160 859 34 14 om
217 852 181 21 socknemännens
420 851 151 27 berättigande
586 851 34 22 till
641 852 132 27 delaktighet
788 853 7 20 i
810 851 86 28 brofog-

68 881 77 21 darnes
166 881 121 26 antagande
309 880 74 26 mätte,
406 880 49 21 med
478 880 151 27 upphäfvande
647 880 23 21 af
683 880 70 27 kongl.
770 880 88 22 brefven
874 880 23 21 af

68 909 41 21 den
125 909 26 21 19
166 909 121 22 November
304 909 55 21 1799
375 909 40 21 och
431 910 12 20 %
459 909 93 26 Augusti
569 909 62 25 1801,
643 909 106 21 förklaras
759 909 62 21 skola
831 909 65 21 lända

68 937 32 21 till
115 937 113 27 efterföljd.
258 937 100 22 Börande
373 937 34 21 till
421 937 171 26 skallfogdarnes
607 937 93 27 atlöning
715 937 106 27 utgående
842 937 54 27 kap-

68 971 38 21 par
128 965 75 22 ställas
225 966 33 21 till
280 965 161 22 vederbörande
465 965 114 22 kommuns
598 965 125 27 förfogande
738 966 7 21 i
760 966 100 21 afseende
883 965 13 22 ä

68 994 146 26 organisation
229 994 23 21 af
265 994 118 21 folkskolor
399 994 40 21 och
453 994 83 21 lärares
552 993 113 22 aflönande
680 994 35 21 vid
730 994 115 21 desamma.

136 1050 162 22 Bondeständet
312 1051 50 21 fann
377 1050 54 22 härä
446 1051 53 26 godt
518 1050 104 27 enhälligt
645 1051 34 21 till
701 1050 42 22 alla
764 1051 60 22 delar
846 1051 51 26 gilla

68 1079 117 22 utskottets
201 1079 156 22 ofvanberörda
372 1079 137 21 betänkande
524 1081 56 19 samt
599 1079 51 22 ville
673 1079 32 21 till
729 1079 60 22 Hans
811 1079 86 27 Kejser-

68 1107 42 27 liga
125 1107 103 27 Majestät
243 1107 49 27 ingä
307 1108 48 21 med
371 1107 134 27 underdänig
519 1107 109 25 anhällan,
644 1107 37 22 det
694 1107 67 22 mätte
770 1107 127 27 författning

67 1136 7 21 i
90 1136 36 21 det
142 1136 23 21 af
179 1136 106 21 utskottet
301 1136 94 27 antydda
410 1136 54 27 syfte
479 1135 75 28 nädigt
569 1136 105 21 utfärdas.
704 1136 107 27 Föröfrigt
828 1136 68 21 skulle

67 1164 102 27 samtliga
189 1165 140 21 medständen
347 1171 76 20 genom
439 1164 132 21 afsändande
587 1165 126 26 deputation
728 1164 99 27 inbjudas
842 1165 32 20 att
890 1164 7 21 i

66 1192 149 22 omförmälda
238 1193 90 26 petition
353 1193 92 26 deltaga,
471 1193 109 21 äfvensom
603 1193 197 27 protokollsutdrag
822 1193 75 21 härom

67 1221 65 21 borde
155 1221 98 22 utfärdas
276 1221 33 22 till
331 1221 141 22 medstånden
492 1221 40 22 och
548 1221 33 21 till
597 1221 127 22 ständernes
738 1221 108 21 allmänna
861 1221 36 21 be-

66 1249 152 27 svärsutskott,
235 1249 82 22 hvilket
331 1250 84 21 utskott
430 1249 100 28 samtliga
546 1249 157 28 handlingarne
718 1250 7 21 i
740 1250 88 21 ärendet
843 1249 54 27 jem-

67 1278 35 21 väl
116 1277 85 22 komme
217 1279 32 20 att
265 1279 115 21 meddelas.
411 1277 50 22 Som
477 1278 86 21 ofvan.**

134 1419 122 28 Föredrogs
277 1420 39 21 och
337 1420 115 22 bordlades
471 1420 134 21 hedervärda
627 1419 169 22 bondeståndets
811 1419 87 27 inbjud-

66 1448 51 26 ning
132 1447 24 22 af
169 1448 42 21 den
227 1449 26 21 27
269 1449 60 26 April
346 1449 55 21 1867
417 1449 34 21 till
467 1449 128 26 deltagande
611 1448 7 21 i
633 1454 82 15 samma
731 1448 74 21 stånds
828 1447 70 22 beslut

66 1475 111 28 angående
193 1478 12 20 7
221 1483 63 15 mom.
300 1477 7 20 i
322 1477 76 27 frågan
414 1483 34 16 om
464 1477 111 22 kämners-
591 1476 40 22 och
647 1477 204 27 lagmansrätternas
867 1477 31 20 in-

68 1505 112 27 dragning,
197 1505 23 22 så
235 1505 101 28 lydande:
