<?xml version="1.0" encoding="UTF-8"?>
<alto xmlns="http://www.loc.gov/standards/alto/ns-v3#" xmlns:xlink="http://www.w3.org/1999/xlink" xmlns:xsi="http://www.w3.org/2001/XMLSchema-instance" xsi:schemaLocation="http://www.loc.gov/standards/alto/ns-v3# http://www.loc.gov/alto/v3/alto-3-0.xsd">
	<Description>
		<MeasurementUnit>pixel</MeasurementUnit>
		<sourceImageInformation>
			<fileName>/tmp/tess_3l7q40de_input.PNG</fileName>
		</sourceImageInformation>
		<OCRProcessing ID="OCR_0">
			<ocrProcessingStep>
				<processingSoftware>
					<softwareName>tesseract 5.3.4</softwareName>
				</processingSoftware>
			</ocrProcessingStep>
		</OCRProcessing>
	</Description>
	<Layout>
		<Page WIDTH="1109" HEIGHT="1795" PHYSICAL_IMG_NR="0" ID="page_0">
			<PrintSpace HPOS="0" VPOS="0" WIDTH="1109" HEIGHT="1795">
				<ComposedBlock ID="cblock_0" HPOS="225" VPOS="145" WIDTH="578" HEIGHT="28">
					<TextBlock ID="block_0" HPOS="225" VPOS="145" WIDTH="578" HEIGHT="28">
						<TextLine ID="line_0" HPOS="225" VPOS="145" WIDTH="578" HEIGHT="28">
							<String ID="string_0" HPOS="225" VPOS="145" WIDTH="42" HEIGHT="22" WC="0.95" CONTENT="752"/><SP WIDTH="162" VPOS="145" HPOS="267"/>
							<String ID="string_1" HPOS="429" VPOS="151" WIDTH="166" HEIGHT="18" WC="0.92" CONTENT="Presteständet."/><SP WIDTH="27" VPOS="151" HPOS="595"/>
							<String ID="string_2" HPOS="622" VPOS="152" WIDTH="55" HEIGHT="17" WC="0.96" CONTENT="1867."/><SP WIDTH="24" VPOS="152" HPOS="677"/>
							<String ID="string_3" HPOS="701" VPOS="152" WIDTH="26" HEIGHT="17" WC="0.96" CONTENT="26"/><SP WIDTH="13" VPOS="152" HPOS="727"/>
							<String ID="string_4" HPOS="740" VPOS="151" WIDTH="63" HEIGHT="22" WC="0.93" CONTENT="April."/>
						</TextLine>
					</TextBlock>
				</ComposedBlock>
				<GraphicalElement ID="cblock_1" HPOS="197" VPOS="190" WIDTH="827" HEIGHT="4"></GraphicalElement >
				<ComposedBlock ID="cblock_2" HPOS="196" VPOS="235" WIDTH="831" HEIGHT="57">
					<TextBlock ID="block_1" HPOS="196" VPOS="235" WIDTH="831" HEIGHT="57">
						<TextLine ID="line_1" HPOS="196" VPOS="235" WIDTH="831" HEIGHT="29">
							<String ID="string_5" HPOS="196" VPOS="235" WIDTH="114" HEIGHT="22" WC="0.88" CONTENT="betviflade"/><SP WIDTH="15" VPOS="235" HPOS="310"/>
							<String ID="string_6" HPOS="325" VPOS="236" WIDTH="42" HEIGHT="26" WC="0.96" CONTENT="det,"/><SP WIDTH="16" VPOS="236" HPOS="367"/>
							<String ID="string_7" HPOS="383" VPOS="238" WIDTH="22" HEIGHT="26" WC="0.95" CONTENT="ty"/><SP WIDTH="15" VPOS="238" HPOS="405"/>
							<String ID="string_8" HPOS="420" VPOS="236" WIDTH="33" HEIGHT="21" WC="0.93" CONTENT="för"/><SP WIDTH="14" VPOS="236" HPOS="453"/>
							<String ID="string_9" HPOS="467" VPOS="237" WIDTH="73" HEIGHT="21" WC="0.96" CONTENT="femtio"/><SP WIDTH="16" VPOS="237" HPOS="540"/>
							<String ID="string_10" HPOS="556" VPOS="237" WIDTH="25" HEIGHT="21" WC="0.96" CONTENT="år"/><SP WIDTH="14" VPOS="237" HPOS="581"/>
							<String ID="string_11" HPOS="595" VPOS="236" WIDTH="89" HEIGHT="22" WC="0.96" CONTENT="tillbaka"/><SP WIDTH="15" VPOS="236" HPOS="684"/>
							<String ID="string_12" HPOS="699" VPOS="236" WIDTH="54" HEIGHT="22" WC="0.96" CONTENT="hade"/><SP WIDTH="21" VPOS="236" HPOS="753"/>
							<String ID="string_13" HPOS="774" VPOS="243" WIDTH="49" HEIGHT="15" WC="0.92" CONTENT="man"/><SP WIDTH="17" VPOS="243" HPOS="823"/>
							<String ID="string_14" HPOS="840" VPOS="239" WIDTH="70" HEIGHT="20" WC="0.96" CONTENT="ansett"/><SP WIDTH="14" VPOS="239" HPOS="910"/>
							<String ID="string_15" HPOS="924" VPOS="237" WIDTH="32" HEIGHT="27" WC="0.93" CONTENT="sig"/><SP WIDTH="14" VPOS="237" HPOS="956"/>
							<String ID="string_16" HPOS="970" VPOS="237" WIDTH="57" HEIGHT="27" WC="0.93" CONTENT="lyck-"/>
						</TextLine>
						<TextLine ID="line_2" HPOS="196" VPOS="263" WIDTH="531" HEIGHT="29">
							<String ID="string_17" HPOS="196" VPOS="264" WIDTH="29" HEIGHT="27" WC="0.93" CONTENT="lig"/><SP WIDTH="15" VPOS="264" HPOS="225"/>
							<String ID="string_18" HPOS="240" VPOS="266" WIDTH="33" HEIGHT="20" WC="0.93" CONTENT="att"/><SP WIDTH="15" VPOS="266" HPOS="273"/>
							<String ID="string_19" HPOS="288" VPOS="263" WIDTH="62" HEIGHT="23" WC="0.91" CONTENT="hafva"/><SP WIDTH="14" VPOS="263" HPOS="350"/>
							<String ID="string_20" HPOS="364" VPOS="264" WIDTH="80" HEIGHT="23" WC="0.92" CONTENT="femton"/><SP WIDTH="15" VPOS="264" HPOS="444"/>
							<String ID="string_21" HPOS="459" VPOS="267" WIDTH="79" HEIGHT="20" WC="0.92" CONTENT="tunnor"/><SP WIDTH="15" VPOS="267" HPOS="538"/>
							<String ID="string_22" HPOS="553" VPOS="265" WIDTH="96" HEIGHT="27" WC="0.91" CONTENT="spanmäl"/><SP WIDTH="8" VPOS="265" HPOS="649"/>
							<String ID="string_23" HPOS="657" VPOS="259" WIDTH="10" HEIGHT="38" WC="0.96" CONTENT="i"/><SP WIDTH="19" VPOS="259" HPOS="667"/>
							<String ID="string_24" HPOS="686" VPOS="265" WIDTH="41" HEIGHT="21" WC="0.96" CONTENT="lön."/>
						</TextLine>
					</TextBlock>
				</ComposedBlock>
				<ComposedBlock ID="cblock_3" HPOS="197" VPOS="321" WIDTH="830" HEIGHT="342">
					<TextBlock ID="block_2" HPOS="197" VPOS="321" WIDTH="830" HEIGHT="342">
						<TextLine ID="line_3" HPOS="266" VPOS="321" WIDTH="761" HEIGHT="28">
							<String ID="string_25" HPOS="266" VPOS="321" WIDTH="84" HEIGHT="22" WC="0.96" CONTENT="Doktor"/><SP WIDTH="22" VPOS="321" HPOS="350"/>
							<String ID="string_26" HPOS="372" VPOS="322" WIDTH="103" HEIGHT="27" WC="0.96" CONTENT="Bergh:"/><SP WIDTH="22" VPOS="322" HPOS="475"/>
							<String ID="string_27" HPOS="497" VPOS="322" WIDTH="37" HEIGHT="27" WC="0.96" CONTENT="jag"/><SP WIDTH="21" VPOS="322" HPOS="534"/>
							<String ID="string_28" HPOS="555" VPOS="323" WIDTH="38" HEIGHT="20" WC="0.96" CONTENT="ber"/><SP WIDTH="15" VPOS="323" HPOS="593"/>
							<String ID="string_29" HPOS="608" VPOS="324" WIDTH="33" HEIGHT="19" WC="0.93" CONTENT="att"/><SP WIDTH="15" VPOS="324" HPOS="641"/>
							<String ID="string_30" HPOS="656" VPOS="322" WIDTH="27" HEIGHT="26" WC="0.92" CONTENT="fä,"/><SP WIDTH="17" VPOS="322" HPOS="683"/>
							<String ID="string_31" HPOS="700" VPOS="323" WIDTH="7" HEIGHT="20" WC="0.93" CONTENT="i"/><SP WIDTH="16" VPOS="323" HPOS="707"/>
							<String ID="string_32" HPOS="723" VPOS="322" WIDTH="115" HEIGHT="26" WC="0.92" CONTENT="aniedning"/><SP WIDTH="16" VPOS="322" HPOS="838"/>
							<String ID="string_33" HPOS="854" VPOS="322" WIDTH="23" HEIGHT="21" WC="0.93" CONTENT="af"/><SP WIDTH="13" VPOS="322" HPOS="877"/>
							<String ID="string_34" HPOS="890" VPOS="322" WIDTH="56" HEIGHT="21" WC="0.92" CONTENT="hvad"/><SP WIDTH="15" VPOS="322" HPOS="946"/>
							<String ID="string_35" HPOS="961" VPOS="322" WIDTH="66" HEIGHT="27" WC="0.92" CONTENT="nägra"/>
						</TextLine>
						<TextLine ID="line_4" HPOS="197" VPOS="350" WIDTH="830" HEIGHT="29">
							<String ID="string_36" HPOS="197" VPOS="350" WIDTH="68" HEIGHT="21" WC="0.96" CONTENT="värda"/><SP WIDTH="14" VPOS="350" HPOS="265"/>
							<String ID="string_37" HPOS="279" VPOS="351" WIDTH="69" HEIGHT="20" WC="0.96" CONTENT="talare"/><SP WIDTH="15" VPOS="351" HPOS="348"/>
							<String ID="string_38" HPOS="363" VPOS="353" WIDTH="68" HEIGHT="24" WC="0.96" CONTENT="yttrat"/><SP WIDTH="16" VPOS="353" HPOS="431"/>
							<String ID="string_39" HPOS="447" VPOS="351" WIDTH="32" HEIGHT="21" WC="0.93" CONTENT="till"/><SP WIDTH="16" VPOS="351" HPOS="479"/>
							<String ID="string_40" HPOS="495" VPOS="351" WIDTH="83" HEIGHT="21" WC="0.96" CONTENT="försvar"/><SP WIDTH="15" VPOS="351" HPOS="578"/>
							<String ID="string_41" HPOS="593" VPOS="351" WIDTH="34" HEIGHT="21" WC="0.96" CONTENT="för"/><SP WIDTH="15" VPOS="351" HPOS="627"/>
							<String ID="string_42" HPOS="642" VPOS="351" WIDTH="36" HEIGHT="21" WC="0.96" CONTENT="det"/><SP WIDTH="16" VPOS="351" HPOS="678"/>
							<String ID="string_43" HPOS="694" VPOS="351" WIDTH="45" HEIGHT="21" WC="0.96" CONTENT="ofta"/><SP WIDTH="15" VPOS="351" HPOS="739"/>
							<String ID="string_44" HPOS="754" VPOS="351" WIDTH="94" HEIGHT="21" WC="0.93" CONTENT="nämnda"/><SP WIDTH="16" VPOS="351" HPOS="848"/>
							<String ID="string_45" HPOS="864" VPOS="351" WIDTH="108" HEIGHT="26" WC="0.93" CONTENT="uttrycket"/><SP WIDTH="11" VPOS="351" HPOS="972"/>
							<String ID="string_46" HPOS="983" VPOS="357" WIDTH="44" HEIGHT="22" WC="0.75" CONTENT=",er-"/>
						</TextLine>
						<TextLine ID="line_5" HPOS="197" VPOS="379" WIDTH="829" HEIGHT="27">
							<String ID="string_47" HPOS="197" VPOS="379" WIDTH="74" HEIGHT="26" WC="0.88" CONTENT="lagts”,"/><SP WIDTH="16" VPOS="379" HPOS="271"/>
							<String ID="string_48" HPOS="287" VPOS="379" WIDTH="76" HEIGHT="24" WC="0.96" CONTENT="erinra,"/><SP WIDTH="16" VPOS="379" HPOS="363"/>
							<String ID="string_49" HPOS="379" VPOS="381" WIDTH="34" HEIGHT="19" WC="0.93" CONTENT="att"/><SP WIDTH="14" VPOS="381" HPOS="413"/>
							<String ID="string_50" HPOS="427" VPOS="379" WIDTH="46" HEIGHT="22" WC="0.96" CONTENT="ifall"/><SP WIDTH="16" VPOS="379" HPOS="473"/>
							<String ID="string_51" HPOS="489" VPOS="379" WIDTH="48" HEIGHT="22" WC="0.96" CONTENT="med"/><SP WIDTH="15" VPOS="379" HPOS="537"/>
							<String ID="string_52" HPOS="552" VPOS="380" WIDTH="61" HEIGHT="20" WC="0.96" CONTENT="detta"/><SP WIDTH="15" VPOS="380" HPOS="613"/>
							<String ID="string_53" HPOS="628" VPOS="380" WIDTH="38" HEIGHT="20" WC="0.93" CONTENT="ord"/><SP WIDTH="17" VPOS="380" HPOS="666"/>
							<String ID="string_54" HPOS="683" VPOS="385" WIDTH="73" HEIGHT="16" WC="0.93" CONTENT="menas"/><SP WIDTH="15" VPOS="385" HPOS="756"/>
							<String ID="string_55" HPOS="771" VPOS="379" WIDTH="205" HEIGHT="27" WC="0.91" CONTENT="författningsenligt"/><SP WIDTH="18" VPOS="379" HPOS="976"/>
							<String ID="string_56" HPOS="994" VPOS="385" WIDTH="32" HEIGHT="16" WC="0.92" CONTENT="er-"/>
						</TextLine>
						<TextLine ID="line_6" HPOS="197" VPOS="407" WIDTH="829" HEIGHT="28">
							<String ID="string_57" HPOS="197" VPOS="407" WIDTH="63" HEIGHT="27" WC="0.93" CONTENT="lagts,"/><SP WIDTH="22" VPOS="407" HPOS="260"/>
							<String ID="string_58" HPOS="282" VPOS="407" WIDTH="21" HEIGHT="21" WC="0.86" CONTENT="d."/><SP WIDTH="23" VPOS="407" HPOS="303"/>
							<String ID="string_59" HPOS="326" VPOS="414" WIDTH="17" HEIGHT="14" WC="0.96" CONTENT="v."/><SP WIDTH="23" VPOS="414" HPOS="343"/>
							<String ID="string_60" HPOS="366" VPOS="414" WIDTH="17" HEIGHT="15" WC="0.96" CONTENT="s."/><SP WIDTH="23" VPOS="414" HPOS="383"/>
							<String ID="string_61" HPOS="406" VPOS="407" WIDTH="66" HEIGHT="28" WC="0.93" CONTENT="enligt"/><SP WIDTH="19" VPOS="407" HPOS="472"/>
							<String ID="string_62" HPOS="491" VPOS="407" WIDTH="249" HEIGHT="28" WC="0.92" CONTENT="grundförfattningarne"/><SP WIDTH="23" VPOS="407" HPOS="740"/>
							<String ID="string_63" HPOS="763" VPOS="407" WIDTH="111" HEIGHT="27" WC="0.93" CONTENT="angående"/><SP WIDTH="20" VPOS="407" HPOS="874"/>
							<String ID="string_64" HPOS="894" VPOS="408" WIDTH="93" HEIGHT="26" WC="0.92" CONTENT="tionden,"/><SP WIDTH="16" VPOS="408" HPOS="987"/>
							<String ID="string_65" HPOS="1003" VPOS="407" WIDTH="23" HEIGHT="22" WC="0.96" CONTENT="sä"/>
						</TextLine>
						<TextLine ID="line_7" HPOS="197" VPOS="436" WIDTH="828" HEIGHT="27">
							<String ID="string_66" HPOS="197" VPOS="438" WIDTH="38" HEIGHT="19" WC="0.92" CONTENT="äro"/><SP WIDTH="24" VPOS="438" HPOS="235"/>
							<String ID="string_67" HPOS="259" VPOS="436" WIDTH="26" HEIGHT="21" WC="0.92" CONTENT="de"/><SP WIDTH="23" VPOS="436" HPOS="285"/>
							<String ID="string_68" HPOS="308" VPOS="436" WIDTH="86" HEIGHT="27" WC="0.91" CONTENT="obilliga"/><SP WIDTH="23" VPOS="436" HPOS="394"/>
							<String ID="string_69" HPOS="417" VPOS="436" WIDTH="38" HEIGHT="21" WC="0.93" CONTENT="och"/><SP WIDTH="23" VPOS="436" HPOS="455"/>
							<String ID="string_70" HPOS="478" VPOS="437" WIDTH="125" HEIGHT="26" WC="0.92" CONTENT="uppbörden"/><SP WIDTH="22" VPOS="437" HPOS="603"/>
							<String ID="string_71" HPOS="625" VPOS="436" WIDTH="48" HEIGHT="26" WC="0.93" CONTENT="blir,"/><SP WIDTH="22" VPOS="436" HPOS="673"/>
							<String ID="string_72" HPOS="695" VPOS="436" WIDTH="70" HEIGHT="21" WC="0.91" CONTENT="säsom"/><SP WIDTH="25" VPOS="436" HPOS="765"/>
							<String ID="string_73" HPOS="790" VPOS="436" WIDTH="39" HEIGHT="21" WC="0.90" CONTENT="ock"/><SP WIDTH="16" VPOS="436" HPOS="829"/>
							<String ID="string_74" HPOS="845" VPOS="436" WIDTH="97" HEIGHT="21" WC="0.93" CONTENT="bemälde"/><SP WIDTH="16" VPOS="436" HPOS="942"/>
							<String ID="string_75" HPOS="958" VPOS="437" WIDTH="67" HEIGHT="20" WC="0.93" CONTENT="talare"/>
						</TextLine>
						<TextLine ID="line_8" HPOS="197" VPOS="464" WIDTH="829" HEIGHT="27">
							<String ID="string_76" HPOS="197" VPOS="464" WIDTH="74" HEIGHT="26" WC="0.91" CONTENT="sjelfve"/><SP WIDTH="16" VPOS="464" HPOS="271"/>
							<String ID="string_77" HPOS="287" VPOS="464" WIDTH="82" HEIGHT="27" WC="0.91" CONTENT="erkänt,"/><SP WIDTH="17" VPOS="464" HPOS="369"/>
							<String ID="string_78" HPOS="386" VPOS="465" WIDTH="163" HEIGHT="21" WC="0.90" CONTENT="overkställbar."/><SP WIDTH="31" VPOS="465" HPOS="549"/>
							<String ID="string_79" HPOS="580" VPOS="465" WIDTH="89" HEIGHT="21" WC="0.92" CONTENT="Förstäs"/><SP WIDTH="15" VPOS="465" HPOS="669"/>
							<String ID="string_80" HPOS="684" VPOS="465" WIDTH="48" HEIGHT="21" WC="0.92" CONTENT="med"/><SP WIDTH="23" VPOS="465" HPOS="732"/>
							<String ID="string_81" HPOS="755" VPOS="465" WIDTH="164" HEIGHT="26" WC="0.91" CONTENT="ifrägavarande"/><SP WIDTH="21" VPOS="465" HPOS="919"/>
							<String ID="string_82" HPOS="940" VPOS="465" WIDTH="86" HEIGHT="26" WC="0.91" CONTENT="uttryck"/>
						</TextLine>
						<TextLine ID="line_9" HPOS="197" VPOS="492" WIDTH="828" HEIGHT="28">
							<String ID="string_83" HPOS="197" VPOS="492" WIDTH="48" HEIGHT="21" WC="0.89" CONTENT="äter"/><SP WIDTH="21" VPOS="492" HPOS="245"/>
							<String ID="string_84" HPOS="266" VPOS="493" WIDTH="220" HEIGHT="27" WC="0.89" CONTENT="tiondesättningarne"/><SP WIDTH="24" VPOS="493" HPOS="486"/>
							<String ID="string_85" HPOS="510" VPOS="493" WIDTH="39" HEIGHT="22" WC="0.93" CONTENT="och"/><SP WIDTH="24" VPOS="493" HPOS="549"/>
							<String ID="string_86" HPOS="573" VPOS="493" WIDTH="190" HEIGHT="26" WC="0.92" CONTENT="konventionerna,"/><SP WIDTH="25" VPOS="493" HPOS="763"/>
							<String ID="string_87" HPOS="788" VPOS="493" WIDTH="23" HEIGHT="21" WC="0.96" CONTENT="sä"/><SP WIDTH="21" VPOS="493" HPOS="811"/>
							<String ID="string_88" HPOS="832" VPOS="493" WIDTH="42" HEIGHT="20" WC="0.93" CONTENT="blir"/><SP WIDTH="15" VPOS="493" HPOS="874"/>
							<String ID="string_89" HPOS="889" VPOS="493" WIDTH="79" HEIGHT="27" WC="0.91" CONTENT="följden"/><SP WIDTH="16" VPOS="493" HPOS="968"/>
							<String ID="string_90" HPOS="984" VPOS="493" WIDTH="41" HEIGHT="21" WC="0.96" CONTENT="den"/>
						</TextLine>
						<TextLine ID="line_10" HPOS="197" VPOS="521" WIDTH="828" HEIGHT="28">
							<String ID="string_91" HPOS="197" VPOS="523" WIDTH="39" HEIGHT="21" WC="0.96" CONTENT="att,"/><SP WIDTH="17" VPOS="523" HPOS="236"/>
							<String ID="string_92" HPOS="253" VPOS="527" WIDTH="34" HEIGHT="15" WC="0.96" CONTENT="om"/><SP WIDTH="16" VPOS="527" HPOS="287"/>
							<String ID="string_93" HPOS="303" VPOS="521" WIDTH="40" HEIGHT="22" WC="0.93" CONTENT="den"/><SP WIDTH="16" VPOS="521" HPOS="343"/>
							<String ID="string_94" HPOS="359" VPOS="521" WIDTH="113" HEIGHT="27" WC="0.91" CONTENT="kejserliga"/><SP WIDTH="12" VPOS="521" HPOS="472"/>
							<String ID="string_95" HPOS="484" VPOS="521" WIDTH="161" HEIGHT="28" WC="0.93" CONTENT="propositionen"/><SP WIDTH="12" VPOS="521" HPOS="645"/>
							<String ID="string_96" HPOS="657" VPOS="523" WIDTH="95" HEIGHT="26" WC="0.92" CONTENT="antages,"/><SP WIDTH="12" VPOS="523" HPOS="752"/>
							<String ID="string_97" HPOS="764" VPOS="521" WIDTH="156" HEIGHT="27" WC="0.92" CONTENT="totalbeloppet"/><SP WIDTH="11" VPOS="521" HPOS="920"/>
							<String ID="string_98" HPOS="931" VPOS="522" WIDTH="22" HEIGHT="21" WC="0.93" CONTENT="af"/><SP WIDTH="11" VPOS="522" HPOS="953"/>
							<String ID="string_99" HPOS="964" VPOS="527" WIDTH="61" HEIGHT="21" WC="0.92" CONTENT="span-"/>
						</TextLine>
						<TextLine ID="line_11" HPOS="197" VPOS="549" WIDTH="827" HEIGHT="28">
							<String ID="string_100" HPOS="197" VPOS="549" WIDTH="71" HEIGHT="22" WC="0.95" CONTENT="målen"/><SP WIDTH="16" VPOS="549" HPOS="268"/>
							<String ID="string_101" HPOS="284" VPOS="550" WIDTH="46" HEIGHT="21" WC="0.96" CONTENT="icke"/><SP WIDTH="16" VPOS="550" HPOS="330"/>
							<String ID="string_102" HPOS="346" VPOS="551" WIDTH="75" HEIGHT="20" WC="0.96" CONTENT="räcker"/><SP WIDTH="15" VPOS="551" HPOS="421"/>
							<String ID="string_103" HPOS="436" VPOS="551" WIDTH="39" HEIGHT="24" WC="0.79" CONTENT="till,"/><SP WIDTH="17" VPOS="551" HPOS="475"/>
							<String ID="string_104" HPOS="492" VPOS="551" WIDTH="72" HEIGHT="20" WC="0.92" CONTENT="derest"/><SP WIDTH="15" VPOS="551" HPOS="564"/>
							<String ID="string_105" HPOS="579" VPOS="550" WIDTH="120" HEIGHT="27" WC="0.92" CONTENT="aflöningen"/><SP WIDTH="16" VPOS="550" HPOS="699"/>
							<String ID="string_106" HPOS="715" VPOS="550" WIDTH="118" HEIGHT="22" WC="0.96" CONTENT="fastställes"/><SP WIDTH="11" VPOS="550" HPOS="833"/>
							<String ID="string_107" HPOS="844" VPOS="550" WIDTH="33" HEIGHT="21" WC="0.93" CONTENT="till"/><SP WIDTH="11" VPOS="550" HPOS="877"/>
							<String ID="string_108" HPOS="888" VPOS="550" WIDTH="76" HEIGHT="21" WC="0.89" CONTENT="ättatio"/><SP WIDTH="14" VPOS="550" HPOS="964"/>
							<String ID="string_109" HPOS="978" VPOS="552" WIDTH="46" HEIGHT="19" WC="0.92" CONTENT="tun-"/>
						</TextLine>
						<TextLine ID="line_12" HPOS="197" VPOS="578" WIDTH="827" HEIGHT="27">
							<String ID="string_110" HPOS="197" VPOS="584" WIDTH="40" HEIGHT="15" WC="0.95" CONTENT="nor"/><SP WIDTH="16" VPOS="584" HPOS="237"/>
							<String ID="string_111" HPOS="253" VPOS="578" WIDTH="58" HEIGHT="26" WC="0.93" CONTENT="eller,"/><SP WIDTH="16" VPOS="578" HPOS="311"/>
							<String ID="string_112" HPOS="327" VPOS="578" WIDTH="69" HEIGHT="22" WC="0.93" CONTENT="säsom"/><SP WIDTH="15" VPOS="578" HPOS="396"/>
							<String ID="string_113" HPOS="411" VPOS="579" WIDTH="36" HEIGHT="26" WC="0.93" CONTENT="jag"/><SP WIDTH="16" VPOS="579" HPOS="447"/>
							<String ID="string_114" HPOS="463" VPOS="579" WIDTH="100" HEIGHT="26" WC="0.91" CONTENT="föreslog,"/><SP WIDTH="16" VPOS="579" HPOS="563"/>
							<String ID="string_115" HPOS="579" VPOS="579" WIDTH="116" HEIGHT="21" WC="0.92" CONTENT="etthundra"/><SP WIDTH="15" VPOS="579" HPOS="695"/>
							<String ID="string_116" HPOS="710" VPOS="581" WIDTH="85" HEIGHT="19" WC="0.92" CONTENT="tunnor."/><SP WIDTH="31" VPOS="581" HPOS="795"/>
							<String ID="string_117" HPOS="826" VPOS="579" WIDTH="40" HEIGHT="26" WC="0.92" CONTENT="Jag"/><SP WIDTH="20" VPOS="579" HPOS="866"/>
							<String ID="string_118" HPOS="886" VPOS="579" WIDTH="138" HEIGHT="21" WC="0.92" CONTENT="öfverlemnar"/>
						</TextLine>
						<TextLine ID="line_13" HPOS="198" VPOS="607" WIDTH="829" HEIGHT="27">
							<String ID="string_119" HPOS="198" VPOS="607" WIDTH="85" HEIGHT="21" WC="0.91" CONTENT="derföre"/><SP WIDTH="15" VPOS="607" HPOS="283"/>
							<String ID="string_120" HPOS="298" VPOS="607" WIDTH="32" HEIGHT="21" WC="0.93" CONTENT="till"/><SP WIDTH="16" VPOS="607" HPOS="330"/>
							<String ID="string_121" HPOS="346" VPOS="607" WIDTH="96" HEIGHT="21" WC="0.92" CONTENT="ständets"/><SP WIDTH="16" VPOS="607" HPOS="442"/>
							<String ID="string_122" HPOS="458" VPOS="607" WIDTH="133" HEIGHT="22" WC="0.91" CONTENT="bedömande"/><SP WIDTH="16" VPOS="607" HPOS="591"/>
							<String ID="string_123" HPOS="607" VPOS="607" WIDTH="104" HEIGHT="21" WC="0.92" CONTENT="huruvida"/><SP WIDTH="15" VPOS="607" HPOS="711"/>
							<String ID="string_124" HPOS="726" VPOS="607" WIDTH="48" HEIGHT="22" WC="0.92" CONTENT="icke"/><SP WIDTH="17" VPOS="607" HPOS="774"/>
							<String ID="string_125" HPOS="791" VPOS="609" WIDTH="31" HEIGHT="19" WC="0.93" CONTENT="ett"/><SP WIDTH="15" VPOS="609" HPOS="822"/>
							<String ID="string_126" HPOS="837" VPOS="607" WIDTH="74" HEIGHT="27" WC="0.92" CONTENT="tillägg"/><SP WIDTH="15" VPOS="607" HPOS="911"/>
							<String ID="string_127" HPOS="926" VPOS="608" WIDTH="7" HEIGHT="20" WC="0.95" CONTENT="i"/><SP WIDTH="16" VPOS="608" HPOS="933"/>
							<String ID="string_128" HPOS="949" VPOS="607" WIDTH="35" HEIGHT="21" WC="0.96" CONTENT="det"/><SP WIDTH="20" VPOS="607" HPOS="984"/>
							<String ID="string_129" HPOS="1004" VPOS="607" WIDTH="23" HEIGHT="21" WC="0.96" CONTENT="af"/>
						</TextLine>
						<TextLine ID="line_14" HPOS="197" VPOS="635" WIDTH="481" HEIGHT="28">
							<String ID="string_130" HPOS="197" VPOS="635" WIDTH="43" HEIGHT="27" WC="0.96" CONTENT="mig"/><SP WIDTH="10" VPOS="635" HPOS="240"/>
							<String ID="string_131" HPOS="250" VPOS="635" WIDTH="121" HEIGHT="27" WC="0.96" CONTENT="föreslagna"/><SP WIDTH="16" VPOS="635" HPOS="371"/>
							<String ID="string_132" HPOS="387" VPOS="635" WIDTH="54" HEIGHT="28" WC="0.96" CONTENT="syfte"/><SP WIDTH="15" VPOS="635" HPOS="441"/>
							<String ID="string_133" HPOS="456" VPOS="636" WIDTH="66" HEIGHT="21" WC="0.96" CONTENT="borde"/><SP WIDTH="16" VPOS="636" HPOS="522"/>
							<String ID="string_134" HPOS="538" VPOS="636" WIDTH="39" HEIGHT="21" WC="0.96" CONTENT="här"/><SP WIDTH="15" VPOS="636" HPOS="577"/>
							<String ID="string_135" HPOS="592" VPOS="636" WIDTH="86" HEIGHT="21" WC="0.96" CONTENT="införas."/>
						</TextLine>
					</TextBlock>
				</ComposedBlock>
				<ComposedBlock ID="cblock_4" HPOS="197" VPOS="692" WIDTH="829" HEIGHT="455">
					<TextBlock ID="block_3" HPOS="197" VPOS="692" WIDTH="829" HEIGHT="455">
						<TextLine ID="line_15" HPOS="267" VPOS="692" WIDTH="758" HEIGHT="27">
							<String ID="string_136" HPOS="267" VPOS="692" WIDTH="84" HEIGHT="21" WC="0.92" CONTENT="Doktor"/><SP WIDTH="23" VPOS="692" HPOS="351"/>
							<String ID="string_137" HPOS="374" VPOS="692" WIDTH="99" HEIGHT="22" WC="0.92" CONTENT="Hellén"/><SP WIDTH="24" VPOS="692" HPOS="473"/>
							<String ID="string_138" HPOS="497" VPOS="692" WIDTH="84" HEIGHT="27" WC="0.96" CONTENT="yttrade"/><SP WIDTH="23" VPOS="692" HPOS="581"/>
							<String ID="string_139" HPOS="604" VPOS="694" WIDTH="33" HEIGHT="19" WC="0.93" CONTENT="att"/><SP WIDTH="23" VPOS="694" HPOS="637"/>
							<String ID="string_140" HPOS="660" VPOS="693" WIDTH="91" HEIGHT="20" WC="0.92" CONTENT="änskönt"/><SP WIDTH="24" VPOS="693" HPOS="751"/>
							<String ID="string_141" HPOS="775" VPOS="692" WIDTH="163" HEIGHT="27" WC="0.96" CONTENT="ifrågavarande"/><SP WIDTH="20" VPOS="692" HPOS="938"/>
							<String ID="string_142" HPOS="958" VPOS="693" WIDTH="11" HEIGHT="25" WC="0.88" CONTENT="&amp;"/><SP WIDTH="19" VPOS="693" HPOS="969"/>
							<String ID="string_143" HPOS="988" VPOS="699" WIDTH="37" HEIGHT="14" WC="0.96" CONTENT="var"/>
						</TextLine>
						<TextLine ID="line_16" HPOS="197" VPOS="720" WIDTH="829" HEIGHT="28">
							<String ID="string_144" HPOS="197" VPOS="720" WIDTH="69" HEIGHT="27" WC="0.96" CONTENT="tydlig"/><SP WIDTH="21" VPOS="720" HPOS="266"/>
							<String ID="string_145" HPOS="287" VPOS="721" WIDTH="39" HEIGHT="20" WC="0.96" CONTENT="och"/><SP WIDTH="19" VPOS="721" HPOS="326"/>
							<String ID="string_146" HPOS="345" VPOS="721" WIDTH="54" HEIGHT="24" WC="0.95" CONTENT="klar,"/><SP WIDTH="22" VPOS="721" HPOS="399"/>
							<String ID="string_147" HPOS="421" VPOS="721" WIDTH="54" HEIGHT="22" WC="0.93" CONTENT="hade"/><SP WIDTH="16" VPOS="721" HPOS="475"/>
							<String ID="string_148" HPOS="491" VPOS="721" WIDTH="66" HEIGHT="27" WC="0.96" CONTENT="några"/><SP WIDTH="15" VPOS="721" HPOS="557"/>
							<String ID="string_149" HPOS="572" VPOS="721" WIDTH="69" HEIGHT="21" WC="0.96" CONTENT="talare"/><SP WIDTH="16" VPOS="721" HPOS="641"/>
							<String ID="string_150" HPOS="657" VPOS="721" WIDTH="64" HEIGHT="21" WC="0.96" CONTENT="likväl"/><SP WIDTH="16" VPOS="721" HPOS="721"/>
							<String ID="string_151" HPOS="737" VPOS="727" WIDTH="76" HEIGHT="20" WC="0.96" CONTENT="genom"/><SP WIDTH="16" VPOS="727" HPOS="813"/>
							<String ID="string_152" HPOS="829" VPOS="721" WIDTH="46" HEIGHT="21" WC="0.93" CONTENT="sina"/><SP WIDTH="15" VPOS="721" HPOS="875"/>
							<String ID="string_153" HPOS="890" VPOS="721" WIDTH="136" HEIGHT="20" WC="0.91" CONTENT="anmärknin-"/>
						</TextLine>
						<TextLine ID="line_17" HPOS="198" VPOS="749" WIDTH="827" HEIGHT="27">
							<String ID="string_154" HPOS="198" VPOS="755" WIDTH="38" HEIGHT="20" WC="0.93" CONTENT="gar"/><SP WIDTH="16" VPOS="755" HPOS="236"/>
							<String ID="string_155" HPOS="252" VPOS="749" WIDTH="49" HEIGHT="21" WC="0.92" CONTENT="sökt"/><SP WIDTH="14" VPOS="749" HPOS="301"/>
							<String ID="string_156" HPOS="315" VPOS="751" WIDTH="53" HEIGHT="24" WC="0.93" CONTENT="göra"/><SP WIDTH="15" VPOS="751" HPOS="368"/>
							<String ID="string_157" HPOS="383" VPOS="749" WIDTH="124" HEIGHT="22" WC="0.91" CONTENT="densamma"/><SP WIDTH="15" VPOS="749" HPOS="507"/>
							<String ID="string_158" HPOS="522" VPOS="750" WIDTH="93" HEIGHT="25" WC="0.92" CONTENT="ofattlig;"/><SP WIDTH="17" VPOS="750" HPOS="615"/>
							<String ID="string_159" HPOS="632" VPOS="749" WIDTH="39" HEIGHT="22" WC="0.96" CONTENT="och"/><SP WIDTH="17" VPOS="749" HPOS="671"/>
							<String ID="string_160" HPOS="688" VPOS="749" WIDTH="27" HEIGHT="22" WC="0.96" CONTENT="dä"/><SP WIDTH="14" VPOS="749" HPOS="715"/>
							<String ID="string_161" HPOS="729" VPOS="750" WIDTH="64" HEIGHT="21" WC="0.93" CONTENT="dessa"/><SP WIDTH="15" VPOS="750" HPOS="793"/>
							<String ID="string_162" HPOS="808" VPOS="749" WIDTH="68" HEIGHT="22" WC="0.92" CONTENT="talare"/><SP WIDTH="12" VPOS="749" HPOS="876"/>
							<String ID="string_163" HPOS="888" VPOS="749" WIDTH="46" HEIGHT="22" WC="0.93" CONTENT="icke"/><SP WIDTH="11" VPOS="749" HPOS="934"/>
							<String ID="string_164" HPOS="945" VPOS="749" WIDTH="80" HEIGHT="27" WC="0.93" CONTENT="lyssnat"/>
						</TextLine>
						<TextLine ID="line_18" HPOS="198" VPOS="777" WIDTH="827" HEIGHT="28">
							<String ID="string_165" HPOS="198" VPOS="777" WIDTH="52" HEIGHT="21" WC="0.90" CONTENT="eller"/><SP WIDTH="23" VPOS="777" HPOS="250"/>
							<String ID="string_166" HPOS="273" VPOS="777" WIDTH="56" HEIGHT="22" WC="0.90" CONTENT="velat"/><SP WIDTH="23" VPOS="777" HPOS="329"/>
							<String ID="string_167" HPOS="352" VPOS="778" WIDTH="71" HEIGHT="26" WC="0.95" CONTENT="lyssna"/><SP WIDTH="22" VPOS="778" HPOS="423"/>
							<String ID="string_168" HPOS="445" VPOS="779" WIDTH="31" HEIGHT="20" WC="0.96" CONTENT="tili"/><SP WIDTH="17" VPOS="779" HPOS="476"/>
							<String ID="string_169" HPOS="493" VPOS="779" WIDTH="25" HEIGHT="20" WC="0.93" CONTENT="de"/><SP WIDTH="16" VPOS="779" HPOS="518"/>
							<String ID="string_170" HPOS="534" VPOS="778" WIDTH="143" HEIGHT="27" WC="0.96" CONTENT="förklaringar"/><SP WIDTH="16" VPOS="778" HPOS="677"/>
							<String ID="string_171" HPOS="693" VPOS="784" WIDTH="44" HEIGHT="15" WC="0.96" CONTENT="som"/><SP WIDTH="17" VPOS="784" HPOS="737"/>
							<String ID="string_172" HPOS="754" VPOS="777" WIDTH="24" HEIGHT="22" WC="0.96" CONTENT="af"/><SP WIDTH="14" VPOS="777" HPOS="778"/>
							<String ID="string_173" HPOS="792" VPOS="778" WIDTH="66" HEIGHT="21" WC="0.93" CONTENT="andra"/><SP WIDTH="16" VPOS="778" HPOS="858"/>
							<String ID="string_174" HPOS="874" VPOS="778" WIDTH="67" HEIGHT="21" WC="0.96" CONTENT="talare"/><SP WIDTH="16" VPOS="778" HPOS="941"/>
							<String ID="string_175" HPOS="957" VPOS="777" WIDTH="68" HEIGHT="21" WC="0.96" CONTENT="blifvit"/>
						</TextLine>
						<TextLine ID="line_19" HPOS="197" VPOS="805" WIDTH="828" HEIGHT="28">
							<String ID="string_176" HPOS="197" VPOS="805" WIDTH="82" HEIGHT="27" WC="0.92" CONTENT="gjorda,"/><SP WIDTH="17" VPOS="805" HPOS="279"/>
							<String ID="string_177" HPOS="296" VPOS="806" WIDTH="107" HEIGHT="27" WC="0.92" CONTENT="nödgades"/><SP WIDTH="17" VPOS="806" HPOS="403"/>
							<String ID="string_178" HPOS="420" VPOS="807" WIDTH="82" HEIGHT="21" WC="0.92" CONTENT="talaren"/><SP WIDTH="17" VPOS="807" HPOS="502"/>
							<String ID="string_179" HPOS="519" VPOS="813" WIDTH="96" HEIGHT="20" WC="0.93" CONTENT="upprepa"/><SP WIDTH="16" VPOS="813" HPOS="615"/>
							<String ID="string_180" HPOS="631" VPOS="813" WIDTH="80" HEIGHT="15" WC="0.93" CONTENT="samma"/><SP WIDTH="16" VPOS="813" HPOS="711"/>
							<String ID="string_181" HPOS="727" VPOS="807" WIDTH="149" HEIGHT="26" WC="0.92" CONTENT="förklaringar."/><SP WIDTH="28" VPOS="807" HPOS="876"/>
							<String ID="string_182" HPOS="904" VPOS="806" WIDTH="37" HEIGHT="21" WC="0.92" CONTENT="Uti"/><SP WIDTH="16" VPOS="806" HPOS="941"/>
							<String ID="string_183" HPOS="957" VPOS="806" WIDTH="68" HEIGHT="21" WC="0.96" CONTENT="denna"/>
						</TextLine>
						<TextLine ID="line_20" HPOS="197" VPOS="834" WIDTH="827" HEIGHT="28">
							<String ID="string_184" HPOS="197" VPOS="834" WIDTH="12" HEIGHT="27" WC="0.89" CONTENT="$"/><SP WIDTH="16" VPOS="834" HPOS="209"/>
							<String ID="string_185" HPOS="225" VPOS="835" WIDTH="113" HEIGHT="26" WC="0.96" CONTENT="stadgades"/><SP WIDTH="17" VPOS="835" HPOS="338"/>
							<String ID="string_186" HPOS="355" VPOS="835" WIDTH="54" HEIGHT="21" WC="0.96" CONTENT="blott"/><SP WIDTH="16" VPOS="835" HPOS="409"/>
							<String ID="string_187" HPOS="425" VPOS="837" WIDTH="32" HEIGHT="19" WC="0.93" CONTENT="att"/><SP WIDTH="15" VPOS="837" HPOS="457"/>
							<String ID="string_188" HPOS="472" VPOS="835" WIDTH="119" HEIGHT="27" WC="0.93" CONTENT="aflöningen"/><SP WIDTH="16" VPOS="835" HPOS="591"/>
							<String ID="string_189" HPOS="607" VPOS="835" WIDTH="48" HEIGHT="21" WC="0.96" CONTENT="icke"/><SP WIDTH="15" VPOS="835" HPOS="655"/>
							<String ID="string_190" HPOS="670" VPOS="835" WIDTH="33" HEIGHT="21" WC="0.96" CONTENT="får"/><SP WIDTH="15" VPOS="835" HPOS="703"/>
							<String ID="string_191" HPOS="718" VPOS="835" WIDTH="103" HEIGHT="26" WC="0.96" CONTENT="minskas,"/><SP WIDTH="23" VPOS="835" HPOS="821"/>
							<String ID="string_192" HPOS="844" VPOS="835" WIDTH="40" HEIGHT="21" WC="0.81" CONTENT="och"/><SP WIDTH="15" VPOS="835" HPOS="884"/>
							<String ID="string_193" HPOS="899" VPOS="835" WIDTH="6" HEIGHT="20" WC="0.96" CONTENT="i"/><SP WIDTH="17" VPOS="835" HPOS="905"/>
							<String ID="string_194" HPOS="922" VPOS="835" WIDTH="25" HEIGHT="21" WC="0.93" CONTENT="de"/><SP WIDTH="15" VPOS="835" HPOS="947"/>
							<String ID="string_195" HPOS="962" VPOS="835" WIDTH="62" HEIGHT="20" WC="0.93" CONTENT="efter-"/>
						</TextLine>
						<TextLine ID="line_21" HPOS="197" VPOS="862" WIDTH="828" HEIGHT="29">
							<String ID="string_196" HPOS="197" VPOS="862" WIDTH="94" HEIGHT="27" WC="0.96" CONTENT="följande"/><SP WIDTH="14" VPOS="862" HPOS="291"/>
							<String ID="string_197" HPOS="305" VPOS="863" WIDTH="25" HEIGHT="28" WC="0.41" CONTENT="$$"/><SP WIDTH="15" VPOS="863" HPOS="330"/>
							<String ID="string_198" HPOS="345" VPOS="863" WIDTH="46" HEIGHT="22" WC="0.96" CONTENT="åter"/><SP WIDTH="16" VPOS="863" HPOS="391"/>
							<String ID="string_199" HPOS="407" VPOS="863" WIDTH="121" HEIGHT="22" WC="0.96" CONTENT="bestämdes"/><SP WIDTH="16" VPOS="863" HPOS="528"/>
							<String ID="string_200" HPOS="544" VPOS="863" WIDTH="107" HEIGHT="27" WC="0.96" CONTENT="beloppet."/><SP WIDTH="31" VPOS="863" HPOS="651"/>
							<String ID="string_201" HPOS="682" VPOS="864" WIDTH="62" HEIGHT="21" WC="0.93" CONTENT="Hvad"/><SP WIDTH="17" VPOS="864" HPOS="744"/>
							<String ID="string_202" HPOS="761" VPOS="864" WIDTH="97" HEIGHT="21" WC="0.92" CONTENT="deremot"/><SP WIDTH="21" VPOS="864" HPOS="858"/>
							<String ID="string_203" HPOS="879" VPOS="863" WIDTH="89" HEIGHT="27" WC="0.92" CONTENT="anginge"/><SP WIDTH="23" VPOS="863" HPOS="968"/>
							<String ID="string_204" HPOS="991" VPOS="864" WIDTH="34" HEIGHT="19" WC="0.92" CONTENT="ut-"/>
						</TextLine>
						<TextLine ID="line_22" HPOS="199" VPOS="891" WIDTH="826" HEIGHT="28">
							<String ID="string_205" HPOS="199" VPOS="891" WIDTH="84" HEIGHT="27" WC="0.93" CONTENT="trycket"/><SP WIDTH="15" VPOS="891" HPOS="283"/>
							<String ID="string_206" HPOS="298" VPOS="891" WIDTH="204" HEIGHT="28" WC="0.91" CONTENT="författningsenligt"/><SP WIDTH="15" VPOS="891" HPOS="502"/>
							<String ID="string_207" HPOS="517" VPOS="893" WIDTH="86" HEIGHT="26" WC="0.91" CONTENT="erlagts,"/><SP WIDTH="17" VPOS="893" HPOS="603"/>
							<String ID="string_208" HPOS="620" VPOS="898" WIDTH="46" HEIGHT="15" WC="0.95" CONTENT="som"/><SP WIDTH="16" VPOS="898" HPOS="666"/>
							<String ID="string_209" HPOS="682" VPOS="892" WIDTH="79" HEIGHT="21" WC="0.96" CONTENT="doktor"/><SP WIDTH="15" VPOS="892" HPOS="761"/>
							<String ID="string_210" HPOS="776" VPOS="892" WIDTH="70" HEIGHT="27" WC="0.96" CONTENT="Bergh"/><SP WIDTH="17" VPOS="892" HPOS="846"/>
							<String ID="string_211" HPOS="863" VPOS="891" WIDTH="23" HEIGHT="22" WC="0.92" CONTENT="så"/><SP WIDTH="12" VPOS="891" HPOS="886"/>
							<String ID="string_212" HPOS="898" VPOS="891" WIDTH="57" HEIGHT="28" WC="0.92" CONTENT="ifrigt"/><SP WIDTH="11" VPOS="891" HPOS="955"/>
							<String ID="string_213" HPOS="966" VPOS="891" WIDTH="59" HEIGHT="22" WC="0.90" CONTENT="klan-"/>
						</TextLine>
						<TextLine ID="line_23" HPOS="197" VPOS="920" WIDTH="827" HEIGHT="28">
							<String ID="string_214" HPOS="197" VPOS="920" WIDTH="50" HEIGHT="21" WC="0.92" CONTENT="drat"/><SP WIDTH="15" VPOS="920" HPOS="247"/>
							<String ID="string_215" HPOS="262" VPOS="920" WIDTH="39" HEIGHT="21" WC="0.96" CONTENT="och"/><SP WIDTH="16" VPOS="920" HPOS="301"/>
							<String ID="string_216" HPOS="317" VPOS="921" WIDTH="57" HEIGHT="20" WC="0.96" CONTENT="velat"/><SP WIDTH="16" VPOS="921" HPOS="374"/>
							<String ID="string_217" HPOS="390" VPOS="921" WIDTH="27" HEIGHT="20" WC="0.96" CONTENT="ha"/><SP WIDTH="15" VPOS="921" HPOS="417"/>
							<String ID="string_218" HPOS="432" VPOS="921" WIDTH="72" HEIGHT="27" WC="0.96" CONTENT="utbytt"/><SP WIDTH="16" VPOS="921" HPOS="504"/>
							<String ID="string_219" HPOS="520" VPOS="923" WIDTH="67" HEIGHT="19" WC="0.93" CONTENT="emot:"/><SP WIDTH="19" VPOS="923" HPOS="587"/>
							<String ID="string_220" HPOS="606" VPOS="921" WIDTH="206" HEIGHT="26" WC="0.90" CONTENT="författningsenligt"/><SP WIDTH="23" VPOS="921" HPOS="812"/>
							<String ID="string_221" HPOS="835" VPOS="921" WIDTH="63" HEIGHT="20" WC="0.92" CONTENT="bordt"/><SP WIDTH="23" VPOS="921" HPOS="898"/>
							<String ID="string_222" HPOS="921" VPOS="921" WIDTH="103" HEIGHT="26" WC="0.96" CONTENT="erläggas,"/>
						</TextLine>
						<TextLine ID="line_24" HPOS="197" VPOS="948" WIDTH="827" HEIGHT="28">
							<String ID="string_223" HPOS="197" VPOS="948" WIDTH="24" HEIGHT="21" WC="0.96" CONTENT="så"/><SP WIDTH="16" VPOS="948" HPOS="221"/>
							<String ID="string_224" HPOS="237" VPOS="948" WIDTH="48" HEIGHT="22" WC="0.96" CONTENT="ville"/><SP WIDTH="16" VPOS="948" HPOS="285"/>
							<String ID="string_225" HPOS="301" VPOS="949" WIDTH="82" HEIGHT="21" WC="0.96" CONTENT="talaren"/><SP WIDTH="16" VPOS="949" HPOS="383"/>
							<String ID="string_226" HPOS="399" VPOS="949" WIDTH="99" HEIGHT="26" WC="0.96" CONTENT="påminna"/><SP WIDTH="16" VPOS="949" HPOS="498"/>
							<String ID="string_227" HPOS="514" VPOS="952" WIDTH="32" HEIGHT="19" WC="0.93" CONTENT="att"/><SP WIDTH="11" VPOS="952" HPOS="546"/>
							<String ID="string_228" HPOS="557" VPOS="950" WIDTH="160" HEIGHT="26" WC="0.90" CONTENT="presterskapet"/><SP WIDTH="12" VPOS="950" HPOS="717"/>
							<String ID="string_229" HPOS="729" VPOS="949" WIDTH="94" HEIGHT="21" WC="0.96" CONTENT="räknade"/><SP WIDTH="12" VPOS="949" HPOS="823"/>
							<String ID="string_230" HPOS="835" VPOS="949" WIDTH="76" HEIGHT="26" WC="0.93" CONTENT="många"/><SP WIDTH="10" VPOS="949" HPOS="911"/>
							<String ID="string_231" HPOS="921" VPOS="949" WIDTH="103" HEIGHT="21" WC="0.92" CONTENT="inkomst-"/>
						</TextLine>
						<TextLine ID="line_25" HPOS="197" VPOS="977" WIDTH="828" HEIGHT="28">
							<String ID="string_232" HPOS="197" VPOS="977" WIDTH="67" HEIGHT="24" WC="0.96" CONTENT="titlar,"/><SP WIDTH="20" VPOS="977" HPOS="264"/>
							<String ID="string_233" HPOS="284" VPOS="977" WIDTH="71" HEIGHT="21" WC="0.93" CONTENT="hvilka"/><SP WIDTH="18" VPOS="977" HPOS="355"/>
							<String ID="string_234" HPOS="373" VPOS="978" WIDTH="84" HEIGHT="21" WC="0.89" CONTENT="erlades"/><SP WIDTH="20" VPOS="978" HPOS="457"/>
							<String ID="string_235" HPOS="477" VPOS="978" WIDTH="65" HEIGHT="27" WC="0.96" CONTENT="enligt"/><SP WIDTH="23" VPOS="978" HPOS="542"/>
							<String ID="string_236" HPOS="565" VPOS="978" WIDTH="93" HEIGHT="26" WC="0.93" CONTENT="gammal"/><SP WIDTH="16" VPOS="978" HPOS="658"/>
							<String ID="string_237" HPOS="674" VPOS="977" WIDTH="59" HEIGHT="25" WC="0.92" CONTENT="häfd,"/><SP WIDTH="16" VPOS="977" HPOS="733"/>
							<String ID="string_238" HPOS="749" VPOS="977" WIDTH="109" HEIGHT="22" WC="0.96" CONTENT="äfvensom"/><SP WIDTH="17" VPOS="977" HPOS="858"/>
							<String ID="string_239" HPOS="875" VPOS="977" WIDTH="53" HEIGHT="22" WC="0.93" CONTENT="efter"/><SP WIDTH="16" VPOS="977" HPOS="928"/>
							<String ID="string_240" HPOS="944" VPOS="979" WIDTH="81" HEIGHT="25" WC="0.92" CONTENT="tempo-"/>
						</TextLine>
						<TextLine ID="line_26" HPOS="197" VPOS="1005" WIDTH="828" HEIGHT="28">
							<String ID="string_241" HPOS="197" VPOS="1007" WIDTH="50" HEIGHT="19" WC="0.92" CONTENT="rära"/><SP WIDTH="18" VPOS="1007" HPOS="247"/>
							<String ID="string_242" HPOS="265" VPOS="1005" WIDTH="99" HEIGHT="28" WC="0.93" CONTENT="frivilliga"/><SP WIDTH="18" VPOS="1005" HPOS="364"/>
							<String ID="string_243" HPOS="382" VPOS="1006" WIDTH="156" HEIGHT="22" WC="0.92" CONTENT="konumtioner."/><SP WIDTH="31" VPOS="1006" HPOS="538"/>
							<String ID="string_244" HPOS="569" VPOS="1006" WIDTH="71" HEIGHT="21" WC="0.96" CONTENT="Också"/><SP WIDTH="21" VPOS="1006" HPOS="640"/>
							<String ID="string_245" HPOS="661" VPOS="1007" WIDTH="103" HEIGHT="26" WC="0.96" CONTENT="stadgade"/><SP WIDTH="17" VPOS="1007" HPOS="764"/>
							<String ID="string_246" HPOS="781" VPOS="1006" WIDTH="150" HEIGHT="27" WC="0.96" CONTENT="förordningen"/><SP WIDTH="15" VPOS="1006" HPOS="931"/>
							<String ID="string_247" HPOS="946" VPOS="1005" WIDTH="24" HEIGHT="22" WC="0.96" CONTENT="af"/><SP WIDTH="14" VPOS="1005" HPOS="970"/>
							<String ID="string_248" HPOS="984" VPOS="1006" WIDTH="41" HEIGHT="21" WC="0.96" CONTENT="den"/>
						</TextLine>
						<TextLine ID="line_27" HPOS="198" VPOS="1033" WIDTH="827" HEIGHT="29">
							<String ID="string_249" HPOS="198" VPOS="1034" WIDTH="13" HEIGHT="21" WC="0.95" CONTENT="9"/><SP WIDTH="23" VPOS="1034" HPOS="211"/>
							<String ID="string_250" HPOS="234" VPOS="1033" WIDTH="125" HEIGHT="28" WC="0.94" CONTENT="September"/><SP WIDTH="25" VPOS="1033" HPOS="359"/>
							<String ID="string_251" HPOS="384" VPOS="1035" WIDTH="53" HEIGHT="21" WC="0.96" CONTENT="1802"/><SP WIDTH="21" VPOS="1035" HPOS="437"/>
							<String ID="string_252" HPOS="458" VPOS="1037" WIDTH="33" HEIGHT="19" WC="0.96" CONTENT="att"/><SP WIDTH="21" VPOS="1037" HPOS="491"/>
							<String ID="string_253" HPOS="512" VPOS="1035" WIDTH="45" HEIGHT="21" WC="0.96" CONTENT="ifall"/><SP WIDTH="23" VPOS="1035" HPOS="557"/>
							<String ID="string_254" HPOS="580" VPOS="1035" WIDTH="90" HEIGHT="27" WC="0.96" CONTENT="ändring"/><SP WIDTH="15" VPOS="1035" HPOS="670"/>
							<String ID="string_255" HPOS="685" VPOS="1035" WIDTH="6" HEIGHT="20" WC="0.96" CONTENT="i"/><SP WIDTH="16" VPOS="1035" HPOS="691"/>
							<String ID="string_256" HPOS="707" VPOS="1035" WIDTH="94" HEIGHT="26" WC="0.93" CONTENT="gammal"/><SP WIDTH="21" VPOS="1035" HPOS="801"/>
							<String ID="string_257" HPOS="822" VPOS="1035" WIDTH="50" HEIGHT="20" WC="0.92" CONTENT="häfd"/><SP WIDTH="23" VPOS="1035" HPOS="872"/>
							<String ID="string_258" HPOS="895" VPOS="1035" WIDTH="46" HEIGHT="20" WC="0.96" CONTENT="icke"/><SP WIDTH="16" VPOS="1035" HPOS="941"/>
							<String ID="string_259" HPOS="957" VPOS="1034" WIDTH="68" HEIGHT="22" WC="0.96" CONTENT="blifvit"/>
						</TextLine>
						<TextLine ID="line_28" HPOS="197" VPOS="1062" WIDTH="827" HEIGHT="27">
							<String ID="string_260" HPOS="197" VPOS="1062" WIDTH="56" HEIGHT="26" WC="0.96" CONTENT="sökt,"/><SP WIDTH="17" VPOS="1062" HPOS="253"/>
							<String ID="string_261" HPOS="270" VPOS="1062" WIDTH="23" HEIGHT="22" WC="0.96" CONTENT="så"/><SP WIDTH="15" VPOS="1062" HPOS="293"/>
							<String ID="string_262" HPOS="308" VPOS="1063" WIDTH="67" HEIGHT="26" WC="0.93" CONTENT="gäller"/><SP WIDTH="16" VPOS="1063" HPOS="375"/>
							<String ID="string_263" HPOS="391" VPOS="1063" WIDTH="78" HEIGHT="22" WC="0.92" CONTENT="häfden"/><SP WIDTH="17" VPOS="1063" HPOS="469"/>
							<String ID="string_264" HPOS="486" VPOS="1064" WIDTH="32" HEIGHT="21" WC="0.93" CONTENT="till"/><SP WIDTH="16" VPOS="1064" HPOS="518"/>
							<String ID="string_265" HPOS="534" VPOS="1063" WIDTH="150" HEIGHT="22" WC="0.90" CONTENT="efterrättelse."/><SP WIDTH="27" VPOS="1063" HPOS="684"/>
							<String ID="string_266" HPOS="711" VPOS="1063" WIDTH="93" HEIGHT="22" WC="0.92" CONTENT="Talaren"/><SP WIDTH="15" VPOS="1063" HPOS="804"/>
							<String ID="string_267" HPOS="819" VPOS="1063" WIDTH="80" HEIGHT="21" WC="0.96" CONTENT="vidhöll"/><SP WIDTH="15" VPOS="1063" HPOS="899"/>
							<String ID="string_268" HPOS="914" VPOS="1063" WIDTH="63" HEIGHT="21" WC="0.96" CONTENT="alltså"/><SP WIDTH="15" VPOS="1063" HPOS="977"/>
							<String ID="string_269" HPOS="992" VPOS="1063" WIDTH="32" HEIGHT="21" WC="0.96" CONTENT="sin"/>
						</TextLine>
						<TextLine ID="line_29" HPOS="197" VPOS="1090" WIDTH="828" HEIGHT="29">
							<String ID="string_270" HPOS="197" VPOS="1090" WIDTH="56" HEIGHT="28" WC="0.90" CONTENT="åsigt"/><SP WIDTH="16" VPOS="1090" HPOS="253"/>
							<String ID="string_271" HPOS="269" VPOS="1091" WIDTH="72" HEIGHT="22" WC="0.96" CONTENT="derom"/><SP WIDTH="16" VPOS="1091" HPOS="341"/>
							<String ID="string_272" HPOS="357" VPOS="1094" WIDTH="32" HEIGHT="19" WC="0.93" CONTENT="att"/><SP WIDTH="15" VPOS="1094" HPOS="389"/>
							<String ID="string_273" HPOS="404" VPOS="1092" WIDTH="203" HEIGHT="27" WC="0.90" CONTENT="konventionslagar"/><SP WIDTH="23" VPOS="1092" HPOS="607"/>
							<String ID="string_274" HPOS="630" VPOS="1093" WIDTH="46" HEIGHT="20" WC="0.96" CONTENT="icke"/><SP WIDTH="23" VPOS="1093" HPOS="676"/>
							<String ID="string_275" HPOS="699" VPOS="1093" WIDTH="72" HEIGHT="20" WC="0.96" CONTENT="kunna"/><SP WIDTH="23" VPOS="1093" HPOS="771"/>
							<String ID="string_276" HPOS="794" VPOS="1092" WIDTH="94" HEIGHT="27" WC="0.96" CONTENT="grundas"/><SP WIDTH="22" VPOS="1092" HPOS="888"/>
							<String ID="string_277" HPOS="910" VPOS="1091" WIDTH="28" HEIGHT="27" WC="0.95" CONTENT="på"/><SP WIDTH="22" VPOS="1091" HPOS="938"/>
							<String ID="string_278" HPOS="960" VPOS="1091" WIDTH="65" HEIGHT="27" WC="0.95" CONTENT="något"/>
						</TextLine>
						<TextLine ID="line_30" HPOS="197" VPOS="1119" WIDTH="244" HEIGHT="28">
							<String ID="string_279" HPOS="197" VPOS="1125" WIDTH="46" HEIGHT="16" WC="0.93" CONTENT="som"/><SP WIDTH="16" VPOS="1125" HPOS="243"/>
							<String ID="string_280" HPOS="259" VPOS="1119" WIDTH="64" HEIGHT="22" WC="0.92" CONTENT="bordt"/><SP WIDTH="15" VPOS="1119" HPOS="323"/>
							<String ID="string_281" HPOS="338" VPOS="1121" WIDTH="103" HEIGHT="26" WC="0.95" CONTENT="erläggas."/>
						</TextLine>
					</TextBlock>
				</ComposedBlock>
				<ComposedBlock ID="cblock_5" HPOS="197" VPOS="1177" WIDTH="827" HEIGHT="78">
					<TextBlock ID="block_4" HPOS="197" VPOS="1177" WIDTH="827" HEIGHT="78">
						<TextLine ID="line_31" HPOS="269" VPOS="1177" WIDTH="755" HEIGHT="27">
							<String ID="string_282" HPOS="269" VPOS="1177" WIDTH="100" HEIGHT="21" WC="0.96" CONTENT="Härefter"/><SP WIDTH="16" VPOS="1177" HPOS="369"/>
							<String ID="string_283" HPOS="385" VPOS="1177" WIDTH="44" HEIGHT="22" WC="0.96" CONTENT="blef"/><SP WIDTH="14" VPOS="1177" HPOS="429"/>
							<String ID="string_284" HPOS="443" VPOS="1177" WIDTH="27" HEIGHT="27" WC="0.96" CONTENT="på"/><SP WIDTH="15" VPOS="1177" HPOS="470"/>
							<String ID="string_285" HPOS="485" VPOS="1178" WIDTH="21" HEIGHT="21" WC="0.96" CONTENT="at"/><SP WIDTH="16" VPOS="1178" HPOS="506"/>
							<String ID="string_286" HPOS="522" VPOS="1177" WIDTH="49" HEIGHT="22" WC="0.93" CONTENT="herr"/><SP WIDTH="16" VPOS="1177" HPOS="571"/>
							<String ID="string_287" HPOS="587" VPOS="1178" WIDTH="136" HEIGHT="21" WC="0.92" CONTENT="talemannen"/><SP WIDTH="22" VPOS="1178" HPOS="723"/>
							<String ID="string_288" HPOS="745" VPOS="1177" WIDTH="121" HEIGHT="22" WC="0.95" CONTENT="framställd"/><SP WIDTH="20" VPOS="1177" HPOS="866"/>
							<String ID="string_289" HPOS="886" VPOS="1177" WIDTH="138" HEIGHT="27" WC="0.95" CONTENT="proposition,"/>
						</TextLine>
						<TextLine ID="line_32" HPOS="198" VPOS="1205" WIDTH="826" HEIGHT="28">
							<String ID="string_290" HPOS="198" VPOS="1205" WIDTH="12" HEIGHT="27" WC="0.92" CONTENT="$"/><SP WIDTH="17" VPOS="1205" HPOS="210"/>
							<String ID="string_291" HPOS="227" VPOS="1206" WIDTH="10" HEIGHT="20" WC="0.79" CONTENT="1"/><SP WIDTH="18" VPOS="1206" HPOS="237"/>
							<String ID="string_292" HPOS="255" VPOS="1205" WIDTH="6" HEIGHT="21" WC="0.79" CONTENT="i"/><SP WIDTH="16" VPOS="1205" HPOS="261"/>
							<String ID="string_293" HPOS="277" VPOS="1205" WIDTH="41" HEIGHT="22" WC="0.96" CONTENT="den"/><SP WIDTH="16" VPOS="1205" HPOS="318"/>
							<String ID="string_294" HPOS="334" VPOS="1205" WIDTH="77" HEIGHT="28" WC="0.96" CONTENT="nådiga"/><SP WIDTH="16" VPOS="1205" HPOS="411"/>
							<String ID="string_295" HPOS="427" VPOS="1206" WIDTH="159" HEIGHT="27" WC="0.96" CONTENT="propositionen"/><SP WIDTH="17" VPOS="1206" HPOS="586"/>
							<String ID="string_296" HPOS="603" VPOS="1206" WIDTH="23" HEIGHT="22" WC="0.96" CONTENT="af"/><SP WIDTH="15" VPOS="1206" HPOS="626"/>
							<String ID="string_297" HPOS="641" VPOS="1206" WIDTH="85" HEIGHT="22" WC="0.96" CONTENT="ståndet"/><SP WIDTH="15" VPOS="1206" HPOS="726"/>
							<String ID="string_298" HPOS="741" VPOS="1206" WIDTH="101" HEIGHT="27" WC="0.96" CONTENT="godkänd"/><SP WIDTH="17" VPOS="1206" HPOS="842"/>
							<String ID="string_299" HPOS="859" VPOS="1206" WIDTH="47" HEIGHT="21" WC="0.96" CONTENT="med"/><SP WIDTH="13" VPOS="1206" HPOS="906"/>
							<String ID="string_300" HPOS="919" VPOS="1207" WIDTH="25" HEIGHT="20" WC="0.96" CONTENT="16"/><SP WIDTH="11" VPOS="1207" HPOS="944"/>
							<String ID="string_301" HPOS="955" VPOS="1207" WIDTH="69" HEIGHT="20" WC="0.96" CONTENT="röster"/>
						</TextLine>
						<TextLine ID="line_33" HPOS="197" VPOS="1234" WIDTH="79" HEIGHT="21">
							<String ID="string_302" HPOS="197" VPOS="1237" WIDTH="45" HEIGHT="18" WC="0.92" CONTENT="omt"/><SP WIDTH="15" VPOS="1237" HPOS="242"/>
							<String ID="string_303" HPOS="257" VPOS="1234" WIDTH="19" HEIGHT="21" WC="0.96" CONTENT="8."/>
						</TextLine>
					</TextBlock>
				</ComposedBlock>
				<ComposedBlock ID="cblock_6" HPOS="266" VPOS="1291" WIDTH="650" HEIGHT="28">
					<TextBlock ID="block_5" HPOS="266" VPOS="1291" WIDTH="650" HEIGHT="28">
						<TextLine ID="line_34" HPOS="266" VPOS="1291" WIDTH="650" HEIGHT="28">
							<String ID="string_304" HPOS="266" VPOS="1291" WIDTH="64" HEIGHT="21" WC="0.96" CONTENT="Emot"/><SP WIDTH="15" VPOS="1291" HPOS="330"/>
							<String ID="string_305" HPOS="345" VPOS="1291" WIDTH="93" HEIGHT="22" WC="0.96" CONTENT="beslutet"/><SP WIDTH="16" VPOS="1291" HPOS="438"/>
							<String ID="string_306" HPOS="454" VPOS="1292" WIDTH="137" HEIGHT="21" WC="0.95" CONTENT="reserverade"/><SP WIDTH="16" VPOS="1292" HPOS="591"/>
							<String ID="string_307" HPOS="607" VPOS="1292" WIDTH="32" HEIGHT="26" WC="0.96" CONTENT="sig"/><SP WIDTH="15" VPOS="1292" HPOS="639"/>
							<String ID="string_308" HPOS="654" VPOS="1291" WIDTH="151" HEIGHT="28" WC="0.96" CONTENT="kyrkoherden"/><SP WIDTH="16" VPOS="1291" HPOS="805"/>
							<String ID="string_309" HPOS="821" VPOS="1291" WIDTH="95" HEIGHT="22" WC="0.92" CONTENT="Castrén."/>
						</TextLine>
					</TextBlock>
				</ComposedBlock>
				<ComposedBlock ID="cblock_7" HPOS="195" VPOS="1347" WIDTH="831" HEIGHT="142">
					<TextBlock ID="block_6" HPOS="195" VPOS="1347" WIDTH="831" HEIGHT="142">
						<TextLine ID="line_35" HPOS="267" VPOS="1347" WIDTH="758" HEIGHT="29">
							<String ID="string_310" HPOS="267" VPOS="1348" WIDTH="83" HEIGHT="21" WC="0.96" CONTENT="Doktor"/><SP WIDTH="22" VPOS="1348" HPOS="350"/>
							<String ID="string_311" HPOS="372" VPOS="1348" WIDTH="95" HEIGHT="27" WC="0.96" CONTENT="Bergh,"/><SP WIDTH="24" VPOS="1348" HPOS="467"/>
							<String ID="string_312" HPOS="491" VPOS="1354" WIDTH="45" HEIGHT="16" WC="0.96" CONTENT="som"/><SP WIDTH="24" VPOS="1354" HPOS="536"/>
							<String ID="string_313" HPOS="560" VPOS="1348" WIDTH="77" HEIGHT="28" WC="0.96" CONTENT="begärt"/><SP WIDTH="22" VPOS="1348" HPOS="637"/>
							<String ID="string_314" HPOS="659" VPOS="1348" WIDTH="68" HEIGHT="26" WC="0.92" CONTENT="ordet,"/><SP WIDTH="20" VPOS="1348" HPOS="727"/>
							<String ID="string_315" HPOS="747" VPOS="1348" WIDTH="157" HEIGHT="21" WC="0.91" CONTENT="öfverlemnade"/><SP WIDTH="16" VPOS="1348" HPOS="904"/>
							<String ID="string_316" HPOS="920" VPOS="1348" WIDTH="32" HEIGHT="20" WC="0.93" CONTENT="till"/><SP WIDTH="16" VPOS="1348" HPOS="952"/>
							<String ID="string_317" HPOS="968" VPOS="1347" WIDTH="57" HEIGHT="21" WC="0.92" CONTENT="stån-"/>
						</TextLine>
						<TextLine ID="line_36" HPOS="196" VPOS="1376" WIDTH="830" HEIGHT="27">
							<String ID="string_318" HPOS="196" VPOS="1376" WIDTH="48" HEIGHT="21" WC="0.92" CONTENT="dets"/><SP WIDTH="16" VPOS="1376" HPOS="244"/>
							<String ID="string_319" HPOS="260" VPOS="1376" WIDTH="115" HEIGHT="27" WC="0.91" CONTENT="afgörande"/><SP WIDTH="16" VPOS="1376" HPOS="375"/>
							<String ID="string_320" HPOS="391" VPOS="1376" WIDTH="104" HEIGHT="22" WC="0.96" CONTENT="huruvida"/><SP WIDTH="16" VPOS="1376" HPOS="495"/>
							<String ID="string_321" HPOS="511" VPOS="1378" WIDTH="41" HEIGHT="21" WC="0.96" CONTENT="den"/><SP WIDTH="16" VPOS="1378" HPOS="552"/>
							<String ID="string_322" HPOS="568" VPOS="1376" WIDTH="188" HEIGHT="27" WC="0.96" CONTENT="omständigheten"/><SP WIDTH="17" VPOS="1376" HPOS="756"/>
							<String ID="string_323" HPOS="773" VPOS="1378" WIDTH="32" HEIGHT="19" WC="0.93" CONTENT="att"/><SP WIDTH="15" VPOS="1378" HPOS="805"/>
							<String ID="string_324" HPOS="820" VPOS="1376" WIDTH="114" HEIGHT="27" WC="0.92" CONTENT="höglofliga"/><SP WIDTH="10" VPOS="1376" HPOS="934"/>
							<String ID="string_325" HPOS="944" VPOS="1376" WIDTH="82" HEIGHT="21" WC="0.92" CONTENT="ridder-"/>
						</TextLine>
						<TextLine ID="line_37" HPOS="196" VPOS="1404" WIDTH="830" HEIGHT="28">
							<String ID="string_326" HPOS="196" VPOS="1404" WIDTH="77" HEIGHT="27" WC="0.96" CONTENT="skapet"/><SP WIDTH="15" VPOS="1404" HPOS="273"/>
							<String ID="string_327" HPOS="288" VPOS="1405" WIDTH="39" HEIGHT="21" WC="0.96" CONTENT="och"/><SP WIDTH="16" VPOS="1405" HPOS="327"/>
							<String ID="string_328" HPOS="343" VPOS="1405" WIDTH="62" HEIGHT="21" WC="0.96" CONTENT="adeln"/><SP WIDTH="16" VPOS="1405" HPOS="405"/>
							<String ID="string_329" HPOS="421" VPOS="1405" WIDTH="7" HEIGHT="21" WC="0.96" CONTENT="i"/><SP WIDTH="15" VPOS="1405" HPOS="428"/>
							<String ID="string_330" HPOS="443" VPOS="1406" WIDTH="47" HEIGHT="26" WC="0.96" CONTENT="dag,"/><SP WIDTH="18" VPOS="1406" HPOS="490"/>
							<String ID="string_331" HPOS="508" VPOS="1405" WIDTH="65" HEIGHT="27" WC="0.96" CONTENT="enligt"/><SP WIDTH="16" VPOS="1405" HPOS="573"/>
							<String ID="string_332" HPOS="589" VPOS="1406" WIDTH="55" HEIGHT="21" WC="0.96" CONTENT="hvad"/><SP WIDTH="17" VPOS="1406" HPOS="644"/>
							<String ID="string_333" HPOS="661" VPOS="1406" WIDTH="92" HEIGHT="21" WC="0.96" CONTENT="doktorn"/><SP WIDTH="16" VPOS="1406" HPOS="753"/>
							<String ID="string_334" HPOS="769" VPOS="1405" WIDTH="82" HEIGHT="26" WC="0.96" CONTENT="erfarit,"/><SP WIDTH="21" VPOS="1405" HPOS="851"/>
							<String ID="string_335" HPOS="872" VPOS="1405" WIDTH="54" HEIGHT="21" WC="0.93" CONTENT="hade"/><SP WIDTH="21" VPOS="1405" HPOS="926"/>
							<String ID="string_336" HPOS="947" VPOS="1405" WIDTH="79" HEIGHT="21" WC="0.91" CONTENT="under-"/>
						</TextLine>
						<TextLine ID="line_38" HPOS="196" VPOS="1433" WIDTH="830" HEIGHT="28">
							<String ID="string_337" HPOS="196" VPOS="1433" WIDTH="52" HEIGHT="21" WC="0.96" CONTENT="känt"/><SP WIDTH="23" VPOS="1433" HPOS="248"/>
							<String ID="string_338" HPOS="271" VPOS="1433" WIDTH="70" HEIGHT="22" WC="0.96" CONTENT="denna"/><SP WIDTH="22" VPOS="1433" HPOS="341"/>
							<String ID="string_339" HPOS="363" VPOS="1433" WIDTH="78" HEIGHT="27" WC="0.94" CONTENT="nådiga"/><SP WIDTH="23" VPOS="1433" HPOS="441"/>
							<String ID="string_340" HPOS="464" VPOS="1435" WIDTH="139" HEIGHT="26" WC="0.93" CONTENT="proposition,"/><SP WIDTH="17" VPOS="1435" HPOS="603"/>
							<String ID="string_341" HPOS="620" VPOS="1434" WIDTH="143" HEIGHT="27" WC="0.92" CONTENT="tilläfventyrs"/><SP WIDTH="16" VPOS="1434" HPOS="763"/>
							<String ID="string_342" HPOS="779" VPOS="1433" WIDTH="113" HEIGHT="27" WC="0.96" CONTENT="påkallade"/><SP WIDTH="16" VPOS="1433" HPOS="892"/>
							<String ID="string_343" HPOS="908" VPOS="1433" WIDTH="68" HEIGHT="27" WC="0.93" CONTENT="någon"/><SP WIDTH="16" VPOS="1433" HPOS="976"/>
							<String ID="string_344" HPOS="992" VPOS="1433" WIDTH="34" HEIGHT="21" WC="0.92" CONTENT="åt-"/>
						</TextLine>
						<TextLine ID="line_39" HPOS="195" VPOS="1461" WIDTH="370" HEIGHT="28">
							<String ID="string_345" HPOS="195" VPOS="1461" WIDTH="53" HEIGHT="26" WC="0.91" CONTENT="gärd"/><SP WIDTH="16" VPOS="1461" HPOS="248"/>
							<String ID="string_346" HPOS="264" VPOS="1462" WIDTH="47" HEIGHT="21" WC="0.93" CONTENT="från"/><SP WIDTH="15" VPOS="1462" HPOS="311"/>
							<String ID="string_347" HPOS="326" VPOS="1463" WIDTH="169" HEIGHT="26" WC="0.92" CONTENT="presteståndets"/><SP WIDTH="17" VPOS="1463" HPOS="495"/>
							<String ID="string_348" HPOS="512" VPOS="1463" WIDTH="53" HEIGHT="21" WC="0.91" CONTENT="sida."/>
						</TextLine>
					</TextBlock>
				</ComposedBlock>
				<ComposedBlock ID="cblock_8" HPOS="195" VPOS="1518" WIDTH="832" HEIGHT="57">
					<TextBlock ID="block_7" HPOS="195" VPOS="1518" WIDTH="832" HEIGHT="57">
						<TextLine ID="line_40" HPOS="265" VPOS="1518" WIDTH="762" HEIGHT="28">
							<String ID="string_349" HPOS="265" VPOS="1519" WIDTH="194" HEIGHT="27" WC="0.95" CONTENT="Framställningen"/><SP WIDTH="21" VPOS="1519" HPOS="459"/>
							<String ID="string_350" HPOS="480" VPOS="1519" WIDTH="72" HEIGHT="22" WC="0.95" CONTENT="förföll"/><SP WIDTH="23" VPOS="1519" HPOS="552"/>
							<String ID="string_351" HPOS="575" VPOS="1519" WIDTH="40" HEIGHT="22" WC="0.96" CONTENT="och"/><SP WIDTH="22" VPOS="1519" HPOS="615"/>
							<String ID="string_352" HPOS="637" VPOS="1520" WIDTH="159" HEIGHT="26" WC="0.96" CONTENT="granskningen"/><SP WIDTH="22" VPOS="1520" HPOS="796"/>
							<String ID="string_353" HPOS="818" VPOS="1519" WIDTH="24" HEIGHT="20" WC="0.96" CONTENT="af"/><SP WIDTH="13" VPOS="1519" HPOS="842"/>
							<String ID="string_354" HPOS="855" VPOS="1519" WIDTH="102" HEIGHT="26" WC="0.93" CONTENT="förslaget"/><SP WIDTH="15" VPOS="1519" HPOS="957"/>
							<String ID="string_355" HPOS="972" VPOS="1518" WIDTH="55" HEIGHT="21" WC="0.92" CONTENT="fort-"/>
						</TextLine>
						<TextLine ID="line_41" HPOS="195" VPOS="1547" WIDTH="509" HEIGHT="28">
							<String ID="string_356" HPOS="195" VPOS="1547" WIDTH="68" HEIGHT="22" WC="0.93" CONTENT="sattes"/><SP WIDTH="15" VPOS="1547" HPOS="263"/>
							<String ID="string_357" HPOS="278" VPOS="1547" WIDTH="53" HEIGHT="22" WC="0.92" CONTENT="härå"/><SP WIDTH="16" VPOS="1547" HPOS="331"/>
							<String ID="string_358" HPOS="347" VPOS="1547" WIDTH="46" HEIGHT="21" WC="0.93" CONTENT="från"/><SP WIDTH="16" VPOS="1547" HPOS="393"/>
							<String ID="string_359" HPOS="409" VPOS="1548" WIDTH="14" HEIGHT="27" WC="0.91" CONTENT="&amp;"/><SP WIDTH="17" VPOS="1548" HPOS="423"/>
							<String ID="string_360" HPOS="440" VPOS="1549" WIDTH="19" HEIGHT="24" WC="0.96" CONTENT="2,"/><SP WIDTH="16" VPOS="1549" HPOS="459"/>
							<String ID="string_361" HPOS="475" VPOS="1549" WIDTH="5" HEIGHT="20" WC="0.96" CONTENT="i"/><SP WIDTH="17" VPOS="1549" HPOS="480"/>
							<String ID="string_362" HPOS="497" VPOS="1548" WIDTH="115" HEIGHT="27" WC="0.96" CONTENT="anledning"/><SP WIDTH="15" VPOS="1548" HPOS="612"/>
							<String ID="string_363" HPOS="627" VPOS="1548" WIDTH="77" HEIGHT="21" WC="0.96" CONTENT="hvaraf"/>
						</TextLine>
					</TextBlock>
				</ComposedBlock>
			</PrintSpace>
		</Page>
	</Layout>
</alto>
