1109 1795
231 111 43 21 882
445 115 168 18 Presteståndet.
637 116 54 16 1867.
717 116 13 17 8
743 116 47 21 Maj.

274 201 43 21 Det
332 201 32 20 till
380 200 156 22 bondeståndet
551 201 120 21 inlemnade
687 201 235 26 petitionsmemorialet
942 201 88 22 befanns

202 236 53 15 vara
270 229 23 21 af
307 229 93 26 följande
416 229 90 27 lydelse:

274 286 54 26 »Jag
344 286 79 21 dristar
437 285 63 27 bedja
516 285 36 22 det
567 285 134 22 hedervärda
722 285 157 22 bondeståndet
902 287 33 20 att
956 286 74 21 förena

203 315 32 26 sig
251 321 34 14 om
302 320 25 15 en
343 314 132 26 underdånig
489 314 91 27 petition
596 314 7 21 i
619 315 36 20 det
671 314 54 26 syfte
740 315 32 20 att
787 315 42 20 den
845 314 113 21 tillernade
974 315 56 26 flytt-

203 343 78 26 ningen
301 343 24 20 af
344 343 301 20 folkskolelärareseminariet
667 342 56 21 ifrän
745 342 117 27 Jyväskylä
884 342 31 21 till
936 343 65 26 nägot
1023 343 7 21 i

203 371 104 21 närheten
330 371 63 21 deraf
413 370 105 27 befintligt
541 371 168 21 kronohemman
725 371 6 20 i
747 371 65 20 näder
831 371 67 21 mätte
914 371 116 22 äterkallas

203 400 54 21 eller
273 399 128 22 åtminstone
422 399 126 27 uppskjutas
569 399 70 27 någon
662 399 31 21 tid
716 399 84 22 framåt.
831 399 43 21 För
895 400 133 21 seminariets

203 428 92 26 räkning
309 430 38 19 äro
363 428 6 20 i
385 428 91 21 nämnde
491 428 48 21 stad
554 428 124 21 anskaffade
693 428 90 26 rymliga
803 428 40 21 och
859 428 7 20 i
881 428 43 21 alla
946 428 82 21 afseen-

204 457 40 20 den
261 456 104 27 begväma
379 456 81 21 lokaler
473 456 33 21 för
521 456 82 27 ganska
619 456 58 26 billig
692 456 59 27 hyra,
767 456 110 21 hvaremot
892 462 26 15 en
938 456 92 21 skeende

203 485 99 26 flyttning
318 484 68 21 skulle
401 485 85 26 påkalla
502 485 143 26 uppförandet
663 485 22 20 af
706 491 41 20 nya
769 485 110 26 vidlyftiga
901 485 128 26 byggnader,

204 513 27 21 de
247 513 38 20 der
300 513 109 20 medförde
425 519 25 14 en
465 513 91 21 kostnad
580 513 23 20 af
622 513 50 21 flere
694 513 178 21 hundratusental
893 513 67 26 mark,
984 519 45 15 som

203 541 70 22 under
288 541 122 21 nuvarande
425 541 62 21 svåra
503 542 55 20 tider
573 547 50 15 vore
645 547 26 15 en
694 543 77 24 ytterst
793 541 96 21 kännbar
911 541 63 27 utgift
996 541 34 22 för

204 569 70 22 finska
289 569 136 22 statsverket.
454 569 58 22 Utan
528 571 33 20 att
575 569 67 22 inlåta
661 569 43 27 mig
719 569 5 21 i
742 569 40 21 den
805 570 127 21 omtvistade
955 569 75 28 frågan

205 598 110 27 angående
331 598 40 21 den
387 598 105 21 förmenta
507 597 97 22 fördelen
620 597 67 26 deraf,
703 600 32 18 att
751 598 105 26 nemligen
869 598 162 21 folkskolelära-

205 627 124 20 reeleverna
344 627 68 20 hållas
427 627 7 20 i
450 633 25 14 en
490 626 113 21 klosterlik
619 626 116 21 afskildhet
757 626 53 21 ifrån
834 627 36 20 det
892 628 56 25 yttre
972 627 59 20 lifvet

206 655 40 21 och
263 655 40 20 den
319 656 56 25 yttre
390 655 93 25 verlden,
499 655 38 21 der
554 655 61 20 deras
632 654 107 21 blifvande
755 655 136 20 verksamhet
906 655 54 21 dock
970 655 61 20 kom-

205 689 46 15 mer
266 685 33 19 att
313 689 39 20 ega
366 689 53 19 rum,
435 683 49 21 ville
497 683 37 27 jag
550 683 76 21 endast
647 683 62 26 lägga
730 683 73 21 märke
825 683 35 20 vid
884 689 25 15 en
930 683 100 26 temligen

206 713 45 20 stor
267 712 145 26 oegentlighet
427 712 6 20 i
450 712 70 20 denna
534 711 171 27 flyttningsifver,
722 717 44 15 som
781 711 135 27 uppenbarar
932 712 31 26 sig
979 712 51 25 deri,

206 742 33 19 att
253 740 119 21 folkskolor
387 740 7 21 i
410 740 72 21 landet
497 742 57 19 ännu
570 740 47 21 icke
637 740 81 26 knappt
739 740 32 21 till
794 742 86 19 namnet
901 739 67 22 finnas
991 740 39 26 till,

207 768 40 22 och
263 770 33 19 att
311 775 49 14 man
377 768 81 21 således
474 769 18 26 ej
508 769 42 20 kan
567 768 87 26 förutse,
671 768 106 21 huruvida
792 775 36 14 ens
844 775 25 14 en
886 769 60 26 ringa
961 769 34 20 del
1010 768 23 21 af

207 797 26 21 de
249 797 240 25 folkskollärareelever,
505 797 72 20 hvilka
592 797 7 21 i
615 797 24 20 år
654 797 6 20 i
677 797 120 21 seminariet
813 797 65 20 blifva
896 797 135 20 dimitterade

207 825 55 21 ifrån
279 826 70 20 denna
365 825 133 25 läroanstalt,
514 825 72 21 kunna
602 825 82 21 erhålla
699 825 159 26 lärareplatser,
875 826 47 20 med
934 825 97 21 afseende

207 853 67 22 hvarå
295 854 36 26 jag
353 854 46 21 icke
422 854 41 21 kan
479 853 57 21 finna
552 854 69 26 någon
637 854 113 26 anledning
766 854 32 21 till
814 855 31 20 ett
861 854 23 21 så
900 853 132 22 omfattande

208 882 39 21 och
263 882 106 21 kostsamt
385 882 89 27 företag,
490 883 63 19 innan
570 882 114 21 framtiden
699 883 96 20 kommer
810 884 33 19 att
853 883 70 20 utvisa
933 883 33 20 till
977 882 55 20 huru

207 911 56 21 stort
284 911 58 20 antal
366 910 163 21 folkskollärare
550 911 7 20 i
576 911 88 20 Finland
687 910 80 27 årligen
791 911 108 26 verkligen
923 910 109 26 behöfvas,

207 939 108 21 hvarefter
331 939 54 21 först
401 939 131 21 seminariets
548 939 124 27 byggnader
687 940 48 20 med
751 939 66 22 fördel
842 939 70 21 kunde
936 939 96 26 afpassas

207 967 54 22 efter
284 967 105 26 behofvet,
414 967 44 21 ifall
481 974 49 15 man
550 968 105 26 nemligen
671 968 6 20 i
693 974 26 15 en
734 968 85 21 framtid
836 969 57 20 ännu
908 968 68 20 skulle
992 968 40 20 ifra

206 996 34 21 för
256 998 37 22 att,
310 996 54 21 efter
379 996 118 21 föredömet
520 996 22 21 af
563 996 67 27 några
651 997 62 26 tyska
736 997 129 26 seminarier,
888 996 62 21 ställa
973 996 60 21 detta

207 1024 100 21 läroverk
323 1025 27 26 på
365 1031 26 14 en
407 1025 110 20 klosterlik
541 1025 37 20 fot.
610 1025 103 26 Slutligen
738 1025 64 21 beder
823 1025 37 26 jag
880 1025 22 20 få
923 1024 108 26 anmärka,

207 1055 33 19 att
256 1053 86 21 hvarest
358 1055 31 18 ett
405 1053 67 26 dylikt
487 1053 136 21 seminarium
638 1053 7 20 i
661 1053 107 26 Tyskland
784 1053 70 21 blifvit
874 1053 110 26 placeradt
1005 1053 27 26 på

208 1081 73 21 landet
297 1081 4 21 i
319 1083 32 19 ett
373 1081 86 26 kloster,
483 1082 60 21 detta
561 1082 91 26 troligen
668 1082 95 21 inträffat
778 1082 76 21 endast
868 1081 24 21 af
906 1082 40 20 den
962 1081 70 27 orsak,

207 1111 33 19 att
256 1110 92 21 klostret
363 1109 53 21 stått
432 1110 39 21 öde
495 1111 38 20 och
557 1110 83 21 derföre
664 1110 92 27 erbjudit
776 1110 84 27 färdiga
883 1110 39 21 och
944 1110 89 27 rymliga

208 1138 82 21 lokaler
305 1138 34 21 för
355 1139 128 20 seminariet.
514 1139 44 26 Mig
574 1139 39 20 har
628 1138 129 22 åtminstone
780 1138 126 26 försäkrats,
930 1141 32 18 att
984 1144 49 15 man

208 1167 6 20 i
229 1166 108 27 Tyskland
360 1166 33 21 för
409 1167 132 20 seminariers
558 1167 90 26 räkning
663 1167 46 21 icke
725 1167 68 21 skulle
809 1167 63 21 hafva
887 1167 87 26 uppfört
992 1173 42 20 nya

207 1195 126 21 klosterlika
349 1195 130 26 byggnader,
495 1195 70 21 såsom
581 1195 92 27 afsigten
688 1202 29 14 nu
733 1201 60 21 synes
809 1202 52 14 vara
876 1195 6 21 i
897 1195 97 21 Finland.

757 1252 66 21 Jonas
839 1252 126 21 Vitikkala.*

277 1308 118 25 Utskottet,
419 1314 44 15 som
486 1308 111 26 inhemtat,
622 1310 32 19 att
670 1309 36 20 det
721 1309 6 20 i
743 1309 115 26 Jyväskylä
874 1309 48 20 stad
938 1309 33 20 för
986 1310 48 19 när-

208 1336 94 20 varande
318 1337 113 24 inrättade,
447 1339 133 23 gemensamt
595 1337 33 20 för
643 1337 94 26 manliga
752 1337 39 21 och
807 1337 93 26 gvinliga
916 1337 70 21 elever
1004 1337 30 20 af-

208 1364 67 21 sedda
299 1364 323 25 folkskolelärareseminarium,
643 1365 85 27 jemlikt
750 1365 77 26 nädiga
850 1365 142 26 kungörelsen
1014 1364 22 21 af

207 1393 41 21 den
273 1393 26 20 11
324 1393 43 26 Maj
391 1393 96 21 sistlidne
510 1393 24 21 år
551 1394 55 21 1866
623 1394 66 21 borde
706 1393 107 27 förflyttas
829 1394 33 21 till
877 1393 65 26 något
958 1394 77 21 krono-

207 1421 99 21 hemman
322 1421 7 20 i
344 1421 86 21 trakten
445 1421 23 22 af
482 1422 91 21 nämnde
589 1423 55 23 stad,
661 1423 37 20 der
714 1422 118 21 detsamma
848 1422 68 21 skulle
928 1423 107 26 organise-

208 1455 42 20 ras,
267 1449 28 27 pä
310 1449 37 22 det
362 1450 26 21 de
403 1450 31 21 til]
450 1449 70 22 lärare
536 1451 40 20 och
592 1451 121 20 lärarinnor
728 1451 19 20 vi
763 1451 147 20 folkskolorna
925 1450 27 27 pä
962 1451 74 20 landet

207 1477 113 22 bestämda
341 1478 98 21 eleverna
457 1478 67 22 måtte
539 1479 120 21 bibehållas
675 1479 34 21 vid
725 1481 31 19 ett
771 1479 100 26 landtligt
886 1478 94 21 lefnads-
996 1479 39 20 och

209 1505 175 28 äskädningssätt
396 1507 66 26 jemte
478 1507 104 27 landtliga
597 1507 188 28 sysselsättningar
801 1509 55 20 samt
876 1507 57 21 finna
952 1507 84 22 trefnad
