<?xml version="1.0" encoding="UTF-8"?>
<alto xmlns="http://www.loc.gov/standards/alto/ns-v3#" xmlns:xlink="http://www.w3.org/1999/xlink" xmlns:xsi="http://www.w3.org/2001/XMLSchema-instance" xsi:schemaLocation="http://www.loc.gov/standards/alto/ns-v3# http://www.loc.gov/alto/v3/alto-3-0.xsd">
	<Description>
		<MeasurementUnit>pixel</MeasurementUnit>
		<sourceImageInformation>
			<fileName>/tmp/tess_x84j7hlt_input.PNG</fileName>
		</sourceImageInformation>
		<OCRProcessing ID="OCR_0">
			<ocrProcessingStep>
				<processingSoftware>
					<softwareName>tesseract 5.3.4</softwareName>
				</processingSoftware>
			</ocrProcessingStep>
		</OCRProcessing>
	</Description>
	<Layout>
		<Page WIDTH="1109" HEIGHT="1795" PHYSICAL_IMG_NR="0" ID="page_0">
			<PrintSpace HPOS="0" VPOS="0" WIDTH="1109" HEIGHT="1795">
				<ComposedBlock ID="cblock_0" HPOS="229" VPOS="119" WIDTH="570" HEIGHT="26">
					<TextBlock ID="block_0" HPOS="229" VPOS="119" WIDTH="570" HEIGHT="26">
						<TextLine ID="line_0" HPOS="229" VPOS="119" WIDTH="570" HEIGHT="26">
							<String ID="string_0" HPOS="229" VPOS="119" WIDTH="40" HEIGHT="20" WC="0.96" CONTENT="768"/><SP WIDTH="156" VPOS="119" HPOS="269"/>
							<String ID="string_1" HPOS="425" VPOS="122" WIDTH="166" HEIGHT="18" WC="0.90" CONTENT="Presteståndet."/><SP WIDTH="26" VPOS="122" HPOS="591"/>
							<String ID="string_2" HPOS="617" VPOS="123" WIDTH="56" HEIGHT="17" WC="0.96" CONTENT="1867."/><SP WIDTH="24" VPOS="123" HPOS="673"/>
							<String ID="string_3" HPOS="697" VPOS="124" WIDTH="26" HEIGHT="16" WC="0.96" CONTENT="27"/><SP WIDTH="13" VPOS="124" HPOS="723"/>
							<String ID="string_4" HPOS="736" VPOS="123" WIDTH="63" HEIGHT="22" WC="0.88" CONTENT="April."/>
						</TextLine>
					</TextBlock>
				</ComposedBlock>
				<GraphicalElement ID="cblock_1" HPOS="198" VPOS="163" WIDTH="829" HEIGHT="3"></GraphicalElement >
				<ComposedBlock ID="cblock_2" HPOS="199" VPOS="208" WIDTH="830" HEIGHT="84">
					<TextBlock ID="block_1" HPOS="199" VPOS="208" WIDTH="830" HEIGHT="84">
						<TextLine ID="line_1" HPOS="269" VPOS="208" WIDTH="759" HEIGHT="27">
							<String ID="string_5" HPOS="269" VPOS="209" WIDTH="143" HEIGHT="26" WC="0.90" CONTENT="Domprosten"/><SP WIDTH="23" VPOS="209" HPOS="412"/>
							<String ID="string_6" HPOS="435" VPOS="208" WIDTH="66" HEIGHT="26" WC="0.93" CONTENT="Borg"/><SP WIDTH="15" VPOS="208" HPOS="501"/>
							<String ID="string_7" HPOS="516" VPOS="208" WIDTH="116" HEIGHT="26" WC="0.91" CONTENT="tillstyrkte"/><SP WIDTH="16" VPOS="208" HPOS="632"/>
							<String ID="string_8" HPOS="648" VPOS="208" WIDTH="117" HEIGHT="21" WC="0.96" CONTENT="utskottets"/><SP WIDTH="16" VPOS="208" HPOS="765"/>
							<String ID="string_9" HPOS="781" VPOS="209" WIDTH="143" HEIGHT="26" WC="0.95" CONTENT="betänkande,"/><SP WIDTH="16" VPOS="209" HPOS="924"/>
							<String ID="string_10" HPOS="940" VPOS="209" WIDTH="88" HEIGHT="21" WC="0.96" CONTENT="emedan"/>
						</TextLine>
						<TextLine ID="line_2" HPOS="200" VPOS="236" WIDTH="829" HEIGHT="27">
							<String ID="string_11" HPOS="200" VPOS="237" WIDTH="40" HEIGHT="21" WC="0.96" CONTENT="den"/><SP WIDTH="16" VPOS="237" HPOS="240"/>
							<String ID="string_12" HPOS="256" VPOS="238" WIDTH="71" HEIGHT="20" WC="0.96" CONTENT="satsen"/><SP WIDTH="16" VPOS="238" HPOS="327"/>
							<String ID="string_13" HPOS="343" VPOS="243" WIDTH="37" HEIGHT="14" WC="0.96" CONTENT="var"/><SP WIDTH="16" VPOS="243" HPOS="380"/>
							<String ID="string_14" HPOS="396" VPOS="237" WIDTH="23" HEIGHT="20" WC="0.96" CONTENT="af"/><SP WIDTH="14" VPOS="237" HPOS="419"/>
							<String ID="string_15" HPOS="433" VPOS="237" WIDTH="102" HEIGHT="26" WC="0.93" CONTENT="gammalt"/><SP WIDTH="15" VPOS="237" HPOS="535"/>
							<String ID="string_16" HPOS="550" VPOS="236" WIDTH="89" HEIGHT="26" WC="0.96" CONTENT="erkänd,"/><SP WIDTH="17" VPOS="236" HPOS="639"/>
							<String ID="string_17" HPOS="656" VPOS="238" WIDTH="32" HEIGHT="19" WC="0.96" CONTENT="att"/><SP WIDTH="15" VPOS="238" HPOS="688"/>
							<String ID="string_18" HPOS="703" VPOS="237" WIDTH="62" HEIGHT="26" WC="0.96" CONTENT="ingen"/><SP WIDTH="16" VPOS="237" HPOS="765"/>
							<String ID="string_19" HPOS="781" VPOS="238" WIDTH="25" HEIGHT="19" WC="0.96" CONTENT="är"/><SP WIDTH="15" VPOS="238" HPOS="806"/>
							<String ID="string_20" HPOS="821" VPOS="237" WIDTH="71" HEIGHT="21" WC="0.96" CONTENT="rikare"/><SP WIDTH="15" VPOS="237" HPOS="892"/>
							<String ID="string_21" HPOS="907" VPOS="239" WIDTH="26" HEIGHT="18" WC="0.97" CONTENT="än"/><SP WIDTH="17" VPOS="239" HPOS="933"/>
							<String ID="string_22" HPOS="950" VPOS="237" WIDTH="27" HEIGHT="21" WC="0.96" CONTENT="då"/><SP WIDTH="10" VPOS="237" HPOS="977"/>
							<String ID="string_23" HPOS="987" VPOS="237" WIDTH="42" HEIGHT="21" WC="0.96" CONTENT="han"/>
						</TextLine>
						<TextLine ID="line_3" HPOS="199" VPOS="265" WIDTH="117" HEIGHT="27">
							<String ID="string_24" HPOS="199" VPOS="265" WIDTH="64" HEIGHT="27" WC="0.95" CONTENT="gifter"/><SP WIDTH="16" VPOS="265" HPOS="263"/>
							<String ID="string_25" HPOS="279" VPOS="265" WIDTH="37" HEIGHT="26" WC="0.96" CONTENT="sig."/>
						</TextLine>
					</TextBlock>
				</ComposedBlock>
				<ComposedBlock ID="cblock_3" HPOS="269" VPOS="321" WIDTH="417" HEIGHT="84">
					<TextBlock ID="block_2" HPOS="269" VPOS="321" WIDTH="417" HEIGHT="84">
						<TextLine ID="line_4" HPOS="269" VPOS="321" WIDTH="417" HEIGHT="26">
							<String ID="string_26" HPOS="269" VPOS="321" WIDTH="122" HEIGHT="21" WC="0.96" CONTENT="Utskottets"/><SP WIDTH="15" VPOS="321" HPOS="391"/>
							<String ID="string_27" HPOS="406" VPOS="321" WIDTH="134" HEIGHT="21" WC="0.96" CONTENT="betänkande"/><SP WIDTH="15" VPOS="321" HPOS="540"/>
							<String ID="string_28" HPOS="555" VPOS="321" WIDTH="131" HEIGHT="26" WC="0.96" CONTENT="godkändes."/>
						</TextLine>
						<TextLine ID="line_5" HPOS="270" VPOS="378" WIDTH="61" HEIGHT="27">
							<String ID="string_29" HPOS="270" VPOS="378" WIDTH="11" HEIGHT="27" WC="0.68" CONTENT="8"/><SP WIDTH="17" VPOS="378" HPOS="281"/>
							<String ID="string_30" HPOS="298" VPOS="379" WIDTH="33" HEIGHT="20" WC="0.90" CONTENT="12."/>
						</TextLine>
					</TextBlock>
				</ComposedBlock>
				<ComposedBlock ID="cblock_4" HPOS="200" VPOS="434" WIDTH="829" HEIGHT="169">
					<TextBlock ID="block_3" HPOS="200" VPOS="434" WIDTH="829" HEIGHT="169">
						<TextLine ID="line_6" HPOS="270" VPOS="434" WIDTH="759" HEIGHT="26">
							<String ID="string_31" HPOS="270" VPOS="435" WIDTH="89" HEIGHT="20" WC="0.96" CONTENT="Prosten"/><SP WIDTH="22" VPOS="435" HPOS="359"/>
							<String ID="string_32" HPOS="381" VPOS="435" WIDTH="78" HEIGHT="20" WC="0.96" CONTENT="doktor"/><SP WIDTH="22" VPOS="435" HPOS="459"/>
							<String ID="string_33" HPOS="481" VPOS="434" WIDTH="81" HEIGHT="26" WC="0.96" CONTENT="Bergh"/><SP WIDTH="21" VPOS="434" HPOS="562"/>
							<String ID="string_34" HPOS="583" VPOS="434" WIDTH="66" HEIGHT="25" WC="0.96" CONTENT="ansåg"/><SP WIDTH="24" VPOS="434" HPOS="649"/>
							<String ID="string_35" HPOS="673" VPOS="435" WIDTH="35" HEIGHT="20" WC="0.96" CONTENT="det"/><SP WIDTH="21" VPOS="435" HPOS="708"/>
							<String ID="string_36" HPOS="729" VPOS="434" WIDTH="46" HEIGHT="21" WC="0.96" CONTENT="icke"/><SP WIDTH="17" VPOS="434" HPOS="775"/>
							<String ID="string_37" HPOS="792" VPOS="441" WIDTH="51" HEIGHT="14" WC="0.93" CONTENT="vara"/><SP WIDTH="15" VPOS="441" HPOS="843"/>
							<String ID="string_38" HPOS="858" VPOS="434" WIDTH="124" HEIGHT="21" WC="0.92" CONTENT="välbetänkt"/><SP WIDTH="15" VPOS="434" HPOS="982"/>
							<String ID="string_39" HPOS="997" VPOS="436" WIDTH="32" HEIGHT="19" WC="0.96" CONTENT="att"/>
						</TextLine>
						<TextLine ID="line_7" HPOS="201" VPOS="462" WIDTH="826" HEIGHT="27">
							<String ID="string_40" HPOS="201" VPOS="463" WIDTH="39" HEIGHT="20" WC="0.96" CONTENT="här"/><SP WIDTH="23" VPOS="463" HPOS="240"/>
							<String ID="string_41" HPOS="263" VPOS="463" WIDTH="47" HEIGHT="20" WC="0.95" CONTENT="åter"/><SP WIDTH="23" VPOS="463" HPOS="310"/>
							<String ID="string_42" HPOS="333" VPOS="462" WIDTH="48" HEIGHT="27" WC="0.96" CONTENT="ingå"/><SP WIDTH="22" VPOS="462" HPOS="381"/>
							<String ID="string_43" HPOS="403" VPOS="463" WIDTH="28" HEIGHT="26" WC="0.96" CONTENT="på"/><SP WIDTH="16" VPOS="463" HPOS="431"/>
							<String ID="string_44" HPOS="447" VPOS="469" WIDTH="26" HEIGHT="14" WC="0.93" CONTENT="en"/><SP WIDTH="15" VPOS="469" HPOS="473"/>
							<String ID="string_45" HPOS="488" VPOS="462" WIDTH="176" HEIGHT="26" WC="0.88" CONTENT="löneminskning."/><SP WIDTH="32" VPOS="462" HPOS="664"/>
							<String ID="string_46" HPOS="696" VPOS="462" WIDTH="40" HEIGHT="21" WC="0.93" CONTENT="Om"/><SP WIDTH="15" VPOS="462" HPOS="736"/>
							<String ID="string_47" HPOS="751" VPOS="463" WIDTH="106" HEIGHT="26" WC="0.91" CONTENT="nemligen"/><SP WIDTH="16" VPOS="463" HPOS="857"/>
							<String ID="string_48" HPOS="873" VPOS="463" WIDTH="25" HEIGHT="20" WC="0.96" CONTENT="de"/><SP WIDTH="16" VPOS="463" HPOS="898"/>
							<String ID="string_49" HPOS="914" VPOS="463" WIDTH="113" HEIGHT="21" WC="0.96" CONTENT="betalande"/>
						</TextLine>
						<TextLine ID="line_8" HPOS="201" VPOS="490" WIDTH="827" HEIGHT="27">
							<String ID="string_50" HPOS="201" VPOS="491" WIDTH="54" HEIGHT="26" WC="0.96" CONTENT="finge"/><SP WIDTH="16" VPOS="491" HPOS="255"/>
							<String ID="string_51" HPOS="271" VPOS="491" WIDTH="46" HEIGHT="21" WC="0.93" CONTENT="lösa"/><SP WIDTH="14" VPOS="491" HPOS="317"/>
							<String ID="string_52" HPOS="331" VPOS="491" WIDTH="138" HEIGHT="26" WC="0.91" CONTENT="persedlarne"/><SP WIDTH="16" VPOS="491" HPOS="469"/>
							<String ID="string_53" HPOS="485" VPOS="490" WIDTH="53" HEIGHT="21" WC="0.93" CONTENT="efter"/><SP WIDTH="16" VPOS="490" HPOS="538"/>
							<String ID="string_54" HPOS="554" VPOS="491" WIDTH="193" HEIGHT="26" WC="0.91" CONTENT="markegångspris,"/><SP WIDTH="16" VPOS="491" HPOS="747"/>
							<String ID="string_55" HPOS="763" VPOS="491" WIDTH="67" HEIGHT="26" WC="0.95" CONTENT="ansåg"/><SP WIDTH="15" VPOS="491" HPOS="830"/>
							<String ID="string_56" HPOS="845" VPOS="491" WIDTH="83" HEIGHT="21" WC="0.96" CONTENT="talaren"/><SP WIDTH="10" VPOS="491" HPOS="928"/>
							<String ID="string_57" HPOS="938" VPOS="493" WIDTH="32" HEIGHT="19" WC="0.93" CONTENT="att"/><SP WIDTH="10" VPOS="493" HPOS="970"/>
							<String ID="string_58" HPOS="980" VPOS="497" WIDTH="48" HEIGHT="20" WC="0.90" CONTENT="pre-"/>
						</TextLine>
						<TextLine ID="line_9" HPOS="201" VPOS="519" WIDTH="827" HEIGHT="27">
							<String ID="string_59" HPOS="201" VPOS="521" WIDTH="47" HEIGHT="20" WC="0.96" CONTENT="sten"/><SP WIDTH="23" VPOS="521" HPOS="248"/>
							<String ID="string_60" HPOS="271" VPOS="519" WIDTH="68" HEIGHT="21" WC="0.96" CONTENT="skulle"/><SP WIDTH="22" VPOS="519" HPOS="339"/>
							<String ID="string_61" HPOS="361" VPOS="519" WIDTH="81" HEIGHT="21" WC="0.93" CONTENT="förlora"/><SP WIDTH="15" VPOS="519" HPOS="442"/>
							<String ID="string_62" HPOS="457" VPOS="519" WIDTH="28" HEIGHT="26" WC="0.69" CONTENT="!/;"/><SP WIDTH="15" VPOS="519" HPOS="485"/>
							<String ID="string_63" HPOS="500" VPOS="519" WIDTH="24" HEIGHT="20" WC="0.96" CONTENT="af"/><SP WIDTH="12" VPOS="519" HPOS="524"/>
							<String ID="string_64" HPOS="536" VPOS="519" WIDTH="32" HEIGHT="20" WC="0.96" CONTENT="sin"/><SP WIDTH="19" VPOS="519" HPOS="568"/>
							<String ID="string_65" HPOS="587" VPOS="519" WIDTH="100" HEIGHT="26" WC="0.95" CONTENT="inkomst,"/><SP WIDTH="17" VPOS="519" HPOS="687"/>
							<String ID="string_66" HPOS="704" VPOS="519" WIDTH="65" HEIGHT="26" WC="0.96" CONTENT="något"/><SP WIDTH="16" VPOS="519" HPOS="769"/>
							<String ID="string_67" HPOS="785" VPOS="526" WIDTH="45" HEIGHT="15" WC="0.96" CONTENT="som"/><SP WIDTH="17" VPOS="526" HPOS="830"/>
							<String ID="string_68" HPOS="847" VPOS="519" WIDTH="18" HEIGHT="27" WC="0.96" CONTENT="ej"/><SP WIDTH="16" VPOS="519" HPOS="865"/>
							<String ID="string_69" HPOS="881" VPOS="519" WIDTH="66" HEIGHT="22" WC="0.96" CONTENT="heller"/><SP WIDTH="15" VPOS="519" HPOS="947"/>
							<String ID="string_70" HPOS="962" VPOS="519" WIDTH="66" HEIGHT="26" WC="0.96" CONTENT="enligt"/>
						</TextLine>
						<TextLine ID="line_10" HPOS="200" VPOS="547" WIDTH="828" HEIGHT="27">
							<String ID="string_71" HPOS="200" VPOS="547" WIDTH="113" HEIGHT="27" WC="0.93" CONTENT="kejserliga"/><SP WIDTH="22" VPOS="547" HPOS="313"/>
							<String ID="string_72" HPOS="335" VPOS="547" WIDTH="170" HEIGHT="27" WC="0.91" CONTENT="propositionens"/><SP WIDTH="21" VPOS="547" HPOS="505"/>
							<String ID="string_73" HPOS="526" VPOS="547" WIDTH="80" HEIGHT="26" WC="0.96" CONTENT="förslag"/><SP WIDTH="19" VPOS="547" HPOS="606"/>
							<String ID="string_74" HPOS="625" VPOS="553" WIDTH="51" HEIGHT="15" WC="0.96" CONTENT="vore"/><SP WIDTH="16" VPOS="553" HPOS="676"/>
							<String ID="string_75" HPOS="692" VPOS="547" WIDTH="77" HEIGHT="26" WC="0.96" CONTENT="bättre,"/><SP WIDTH="18" VPOS="547" HPOS="769"/>
							<String ID="string_76" HPOS="787" VPOS="548" WIDTH="38" HEIGHT="21" WC="0.96" CONTENT="der"/><SP WIDTH="15" VPOS="548" HPOS="825"/>
							<String ID="string_77" HPOS="840" VPOS="548" WIDTH="59" HEIGHT="21" WC="0.96" CONTENT="lösen"/><SP WIDTH="16" VPOS="548" HPOS="899"/>
							<String ID="string_78" HPOS="915" VPOS="548" WIDTH="113" HEIGHT="26" WC="0.95" CONTENT="stadgades"/>
						</TextLine>
						<TextLine ID="line_11" HPOS="201" VPOS="575" WIDTH="426" HEIGHT="28">
							<String ID="string_79" HPOS="201" VPOS="576" WIDTH="65" HEIGHT="27" WC="0.93" CONTENT="enligt"/><SP WIDTH="16" VPOS="576" HPOS="266"/>
							<String ID="string_80" HPOS="282" VPOS="575" WIDTH="199" HEIGHT="27" WC="0.91" CONTENT="medelmarkegång"/><SP WIDTH="15" VPOS="575" HPOS="481"/>
							<String ID="string_81" HPOS="496" VPOS="575" WIDTH="39" HEIGHT="22" WC="0.93" CONTENT="och"/><SP WIDTH="15" VPOS="575" HPOS="535"/>
							<String ID="string_82" HPOS="550" VPOS="575" WIDTH="77" HEIGHT="21" WC="0.91" CONTENT="forlön."/>
						</TextLine>
					</TextBlock>
				</ComposedBlock>
				<ComposedBlock ID="cblock_5" HPOS="200" VPOS="632" WIDTH="828" HEIGHT="141">
					<TextBlock ID="block_4" HPOS="200" VPOS="632" WIDTH="828" HEIGHT="141">
						<TextLine ID="line_12" HPOS="270" VPOS="632" WIDTH="757" HEIGHT="27">
							<String ID="string_83" HPOS="270" VPOS="633" WIDTH="206" HEIGHT="25" WC="0.91" CONTENT="Kontraktsprosten"/><SP WIDTH="23" VPOS="633" HPOS="476"/>
							<String ID="string_84" HPOS="499" VPOS="632" WIDTH="77" HEIGHT="21" WC="0.93" CONTENT="doktor"/><SP WIDTH="15" VPOS="632" HPOS="576"/>
							<String ID="string_85" HPOS="591" VPOS="632" WIDTH="97" HEIGHT="21" WC="0.91" CONTENT="Hellén"/><SP WIDTH="18" VPOS="632" HPOS="688"/>
							<String ID="string_86" HPOS="706" VPOS="633" WIDTH="110" HEIGHT="20" WC="0.96" CONTENT="anmärkte"/><SP WIDTH="16" VPOS="633" HPOS="816"/>
							<String ID="string_87" HPOS="832" VPOS="634" WIDTH="33" HEIGHT="19" WC="0.96" CONTENT="att"/><SP WIDTH="15" VPOS="634" HPOS="865"/>
							<String ID="string_88" HPOS="880" VPOS="633" WIDTH="7" HEIGHT="20" WC="0.96" CONTENT="i"/><SP WIDTH="15" VPOS="633" HPOS="887"/>
							<String ID="string_89" HPOS="902" VPOS="633" WIDTH="125" HEIGHT="26" WC="0.96" CONTENT="paragrafen"/>
						</TextLine>
						<TextLine ID="line_13" HPOS="202" VPOS="661" WIDTH="826" HEIGHT="26">
							<String ID="string_90" HPOS="202" VPOS="661" WIDTH="19" HEIGHT="26" WC="0.96" CONTENT="ej"/><SP WIDTH="23" VPOS="661" HPOS="221"/>
							<String ID="string_91" HPOS="244" VPOS="667" WIDTH="50" HEIGHT="14" WC="0.92" CONTENT="vore"/><SP WIDTH="24" VPOS="667" HPOS="294"/>
							<String ID="string_92" HPOS="318" VPOS="661" WIDTH="121" HEIGHT="26" WC="0.92" CONTENT="ovilkorligt"/><SP WIDTH="23" VPOS="661" HPOS="439"/>
							<String ID="string_93" HPOS="462" VPOS="661" WIDTH="107" HEIGHT="20" WC="0.96" CONTENT="bestämdt"/><SP WIDTH="23" VPOS="661" HPOS="569"/>
							<String ID="string_94" HPOS="592" VPOS="662" WIDTH="32" HEIGHT="19" WC="0.93" CONTENT="att"/><SP WIDTH="23" VPOS="662" HPOS="624"/>
							<String ID="string_95" HPOS="647" VPOS="661" WIDTH="136" HEIGHT="26" WC="0.89" CONTENT="persedlarne"/><SP WIDTH="23" VPOS="661" HPOS="783"/>
							<String ID="string_96" HPOS="806" VPOS="661" WIDTH="62" HEIGHT="20" WC="0.95" CONTENT="skola"/><SP WIDTH="25" VPOS="661" HPOS="868"/>
							<String ID="string_97" HPOS="893" VPOS="661" WIDTH="56" HEIGHT="21" WC="0.94" CONTENT="lösas"/><SP WIDTH="25" VPOS="661" HPOS="949"/>
							<String ID="string_98" HPOS="974" VPOS="661" WIDTH="54" HEIGHT="21" WC="0.94" CONTENT="efter"/>
						</TextLine>
						<TextLine ID="line_14" HPOS="202" VPOS="689" WIDTH="825" HEIGHT="26">
							<String ID="string_99" HPOS="202" VPOS="689" WIDTH="135" HEIGHT="26" WC="0.92" CONTENT="markegång,"/><SP WIDTH="23" VPOS="689" HPOS="337"/>
							<String ID="string_100" HPOS="360" VPOS="691" WIDTH="51" HEIGHT="18" WC="0.96" CONTENT="utan"/><SP WIDTH="22" VPOS="691" HPOS="411"/>
							<String ID="string_101" HPOS="433" VPOS="689" WIDTH="71" HEIGHT="20" WC="0.96" CONTENT="kunde"/><SP WIDTH="22" VPOS="689" HPOS="504"/>
							<String ID="string_102" HPOS="526" VPOS="689" WIDTH="36" HEIGHT="20" WC="0.95" CONTENT="det"/><SP WIDTH="17" VPOS="689" HPOS="562"/>
							<String ID="string_103" HPOS="579" VPOS="689" WIDTH="35" HEIGHT="20" WC="0.96" CONTENT="vid"/><SP WIDTH="16" VPOS="689" HPOS="614"/>
							<String ID="string_104" HPOS="630" VPOS="689" WIDTH="133" HEIGHT="26" WC="0.96" CONTENT="föreningars"/><SP WIDTH="16" VPOS="689" HPOS="763"/>
							<String ID="string_105" HPOS="779" VPOS="689" WIDTH="103" HEIGHT="26" WC="0.96" CONTENT="ingående"/><SP WIDTH="16" VPOS="689" HPOS="882"/>
							<String ID="string_106" HPOS="898" VPOS="689" WIDTH="129" HEIGHT="21" WC="0.95" CONTENT="bestämmas"/>
						</TextLine>
						<TextLine ID="line_15" HPOS="200" VPOS="717" WIDTH="826" HEIGHT="27">
							<String ID="string_107" HPOS="200" VPOS="717" WIDTH="73" HEIGHT="22" WC="0.93" CONTENT="hvilka"/><SP WIDTH="22" VPOS="717" HPOS="273"/>
							<String ID="string_108" HPOS="295" VPOS="718" WIDTH="110" HEIGHT="26" WC="0.91" CONTENT="persedlar"/><SP WIDTH="22" VPOS="718" HPOS="405"/>
							<String ID="string_109" HPOS="427" VPOS="724" WIDTH="45" HEIGHT="14" WC="0.96" CONTENT="som"/><SP WIDTH="21" VPOS="724" HPOS="472"/>
							<String ID="string_110" HPOS="493" VPOS="717" WIDTH="67" HEIGHT="21" WC="0.96" CONTENT="måste"/><SP WIDTH="16" VPOS="717" HPOS="560"/>
							<String ID="string_111" HPOS="576" VPOS="718" WIDTH="20" HEIGHT="19" WC="0.96" CONTENT="in"/><SP WIDTH="17" VPOS="718" HPOS="596"/>
							<String ID="string_112" HPOS="613" VPOS="719" WIDTH="77" HEIGHT="18" WC="0.95" CONTENT="natura"/><SP WIDTH="22" VPOS="719" HPOS="690"/>
							<String ID="string_113" HPOS="712" VPOS="718" WIDTH="117" HEIGHT="24" WC="0.96" CONTENT="levereras;"/><SP WIDTH="24" VPOS="718" HPOS="829"/>
							<String ID="string_114" HPOS="853" VPOS="718" WIDTH="107" HEIGHT="21" WC="0.96" CONTENT="dessutom"/><SP WIDTH="16" VPOS="718" HPOS="960"/>
							<String ID="string_115" HPOS="976" VPOS="724" WIDTH="50" HEIGHT="15" WC="0.94" CONTENT="vore"/>
						</TextLine>
						<TextLine ID="line_16" HPOS="201" VPOS="745" WIDTH="718" HEIGHT="28">
							<String ID="string_116" HPOS="201" VPOS="746" WIDTH="156" HEIGHT="27" WC="0.91" CONTENT="markegången"/><SP WIDTH="16" VPOS="746" HPOS="357"/>
							<String ID="string_117" HPOS="373" VPOS="746" WIDTH="66" HEIGHT="26" WC="0.96" CONTENT="högre"/><SP WIDTH="15" VPOS="746" HPOS="439"/>
							<String ID="string_118" HPOS="454" VPOS="746" WIDTH="68" HEIGHT="21" WC="0.96" CONTENT="under"/><SP WIDTH="15" VPOS="746" HPOS="522"/>
							<String ID="string_119" HPOS="537" VPOS="746" WIDTH="52" HEIGHT="26" WC="0.97" CONTENT="dyra"/><SP WIDTH="16" VPOS="746" HPOS="589"/>
							<String ID="string_120" HPOS="605" VPOS="745" WIDTH="24" HEIGHT="21" WC="0.97" CONTENT="år"/><SP WIDTH="16" VPOS="745" HPOS="629"/>
							<String ID="string_121" HPOS="645" VPOS="745" WIDTH="39" HEIGHT="21" WC="0.96" CONTENT="och"/><SP WIDTH="16" VPOS="745" HPOS="684"/>
							<String ID="string_122" HPOS="700" VPOS="746" WIDTH="59" HEIGHT="26" WC="0.96" CONTENT="lägre"/><SP WIDTH="16" VPOS="746" HPOS="759"/>
							<String ID="string_123" HPOS="775" VPOS="746" WIDTH="68" HEIGHT="21" WC="0.96" CONTENT="under"/><SP WIDTH="15" VPOS="746" HPOS="843"/>
							<String ID="string_124" HPOS="858" VPOS="746" WIDTH="61" HEIGHT="26" WC="0.96" CONTENT="goda."/>
						</TextLine>
					</TextBlock>
				</ComposedBlock>
				<ComposedBlock ID="cblock_6" HPOS="200" VPOS="802" WIDTH="825" HEIGHT="50">
					<TextBlock ID="block_5" HPOS="200" VPOS="802" WIDTH="825" HEIGHT="50">
						<TextLine ID="line_17" HPOS="269" VPOS="802" WIDTH="756" HEIGHT="28">
							<String ID="string_125" HPOS="269" VPOS="802" WIDTH="130" HEIGHT="27" WC="0.96" CONTENT="Paragrafen"/><SP WIDTH="15" VPOS="802" HPOS="399"/>
							<String ID="string_126" HPOS="414" VPOS="802" WIDTH="122" HEIGHT="27" WC="0.96" CONTENT="godkändes"/><SP WIDTH="16" VPOS="802" HPOS="536"/>
							<String ID="string_127" HPOS="552" VPOS="802" WIDTH="48" HEIGHT="21" WC="0.93" CONTENT="med"/><SP WIDTH="17" VPOS="802" HPOS="600"/>
							<String ID="string_128" HPOS="617" VPOS="802" WIDTH="110" HEIGHT="21" WC="0.91" CONTENT="obestridd"/><SP WIDTH="15" VPOS="802" HPOS="727"/>
							<String ID="string_129" HPOS="742" VPOS="803" WIDTH="111" HEIGHT="27" WC="0.92" CONTENT="pluralitet"/><SP WIDTH="16" VPOS="803" HPOS="853"/>
							<String ID="string_130" HPOS="869" VPOS="803" WIDTH="64" HEIGHT="26" WC="0.93" CONTENT="enligt"/><SP WIDTH="11" VPOS="803" HPOS="933"/>
							<String ID="string_131" HPOS="944" VPOS="803" WIDTH="81" HEIGHT="21" WC="0.91" CONTENT="utskot-"/>
						</TextLine>
						<TextLine ID="line_18" HPOS="200" VPOS="830" WIDTH="199" HEIGHT="22">
							<String ID="string_132" HPOS="200" VPOS="832" WIDTH="43" HEIGHT="20" WC="0.92" CONTENT="tets"/><SP WIDTH="15" VPOS="832" HPOS="243"/>
							<String ID="string_133" HPOS="258" VPOS="830" WIDTH="141" HEIGHT="22" WC="0.96" CONTENT="betänkande."/>
						</TextLine>
					</TextBlock>
				</ComposedBlock>
				<ComposedBlock ID="cblock_7" HPOS="270" VPOS="888" WIDTH="62" HEIGHT="26">
					<TextBlock ID="block_6" HPOS="270" VPOS="888" WIDTH="62" HEIGHT="26">
						<TextLine ID="line_19" HPOS="270" VPOS="888" WIDTH="62" HEIGHT="26">
							<String ID="string_134" HPOS="270" VPOS="888" WIDTH="12" HEIGHT="26" WC="0.66" CONTENT="S"/><SP WIDTH="17" VPOS="888" HPOS="282"/>
							<String ID="string_135" HPOS="299" VPOS="889" WIDTH="33" HEIGHT="19" WC="0.94" CONTENT="13."/>
						</TextLine>
					</TextBlock>
				</ComposedBlock>
				<ComposedBlock ID="cblock_8" HPOS="200" VPOS="943" WIDTH="827" HEIGHT="481">
					<TextBlock ID="block_7" HPOS="200" VPOS="943" WIDTH="827" HEIGHT="481">
						<TextLine ID="line_20" HPOS="269" VPOS="943" WIDTH="757" HEIGHT="28">
							<String ID="string_136" HPOS="269" VPOS="945" WIDTH="155" HEIGHT="26" WC="0.95" CONTENT="Kyrkoherden"/><SP WIDTH="22" VPOS="945" HPOS="424"/>
							<String ID="string_137" HPOS="446" VPOS="943" WIDTH="125" HEIGHT="22" WC="0.95" CONTENT="Juselius"/><SP WIDTH="21" VPOS="943" HPOS="571"/>
							<String ID="string_138" HPOS="592" VPOS="944" WIDTH="72" HEIGHT="26" WC="0.96" CONTENT="tyckte"/><SP WIDTH="24" VPOS="944" HPOS="664"/>
							<String ID="string_139" HPOS="688" VPOS="944" WIDTH="36" HEIGHT="21" WC="0.96" CONTENT="det"/><SP WIDTH="20" VPOS="944" HPOS="724"/>
							<String ID="string_140" HPOS="744" VPOS="950" WIDTH="52" HEIGHT="15" WC="0.96" CONTENT="vara"/><SP WIDTH="21" VPOS="950" HPOS="796"/>
							<String ID="string_141" HPOS="817" VPOS="944" WIDTH="65" HEIGHT="26" WC="0.93" CONTENT="något"/><SP WIDTH="19" VPOS="944" HPOS="882"/>
							<String ID="string_142" HPOS="901" VPOS="944" WIDTH="78" HEIGHT="27" WC="0.92" CONTENT="vågadt"/><SP WIDTH="15" VPOS="944" HPOS="979"/>
							<String ID="string_143" HPOS="994" VPOS="946" WIDTH="32" HEIGHT="19" WC="0.96" CONTENT="att"/>
						</TextLine>
						<TextLine ID="line_21" HPOS="200" VPOS="972" WIDTH="826" HEIGHT="27">
							<String ID="string_144" HPOS="200" VPOS="975" WIDTH="50" HEIGHT="24" WC="0.96" CONTENT="taga"/><SP WIDTH="23" VPOS="975" HPOS="250"/>
							<String ID="string_145" HPOS="273" VPOS="973" WIDTH="216" HEIGHT="26" WC="0.96" CONTENT="uppmärksamheten"/><SP WIDTH="20" VPOS="973" HPOS="489"/>
							<String ID="string_146" HPOS="509" VPOS="973" WIDTH="6" HEIGHT="20" WC="0.96" CONTENT="i"/><SP WIDTH="21" VPOS="973" HPOS="515"/>
							<String ID="string_147" HPOS="536" VPOS="972" WIDTH="92" HEIGHT="26" WC="0.96" CONTENT="anspråk"/><SP WIDTH="19" VPOS="972" HPOS="628"/>
							<String ID="string_148" HPOS="647" VPOS="973" WIDTH="6" HEIGHT="20" WC="0.96" CONTENT="i"/><SP WIDTH="16" VPOS="973" HPOS="653"/>
							<String ID="string_149" HPOS="669" VPOS="972" WIDTH="61" HEIGHT="26" WC="0.96" CONTENT="fråga"/><SP WIDTH="23" VPOS="972" HPOS="730"/>
							<String ID="string_150" HPOS="753" VPOS="979" WIDTH="34" HEIGHT="14" WC="0.92" CONTENT="om"/><SP WIDTH="22" VPOS="979" HPOS="787"/>
							<String ID="string_151" HPOS="809" VPOS="973" WIDTH="105" HEIGHT="26" WC="0.92" CONTENT="uppbörd,"/><SP WIDTH="24" VPOS="973" HPOS="914"/>
							<String ID="string_152" HPOS="938" VPOS="973" WIDTH="88" HEIGHT="21" WC="0.96" CONTENT="emedan"/>
						</TextLine>
						<TextLine ID="line_22" HPOS="200" VPOS="1000" WIDTH="826" HEIGHT="27">
							<String ID="string_153" HPOS="200" VPOS="1001" WIDTH="43" HEIGHT="21" WC="0.95" CONTENT="han"/><SP WIDTH="16" VPOS="1001" HPOS="243"/>
							<String ID="string_154" HPOS="259" VPOS="1001" WIDTH="48" HEIGHT="26" WC="0.96" CONTENT="sjelf"/><SP WIDTH="15" VPOS="1001" HPOS="307"/>
							<String ID="string_155" HPOS="322" VPOS="1001" WIDTH="54" HEIGHT="21" WC="0.96" CONTENT="hade"/><SP WIDTH="16" VPOS="1001" HPOS="376"/>
							<String ID="string_156" HPOS="392" VPOS="1002" WIDTH="60" HEIGHT="25" WC="0.96" CONTENT="ringa"/><SP WIDTH="17" VPOS="1002" HPOS="452"/>
							<String ID="string_157" HPOS="469" VPOS="1000" WIDTH="120" HEIGHT="21" WC="0.93" CONTENT="erfarenhet"/><SP WIDTH="16" VPOS="1000" HPOS="589"/>
							<String ID="string_158" HPOS="605" VPOS="1001" WIDTH="52" HEIGHT="20" WC="0.91" CONTENT="deri."/><SP WIDTH="30" VPOS="1001" HPOS="657"/>
							<String ID="string_159" HPOS="687" VPOS="1001" WIDTH="156" HEIGHT="26" WC="0.94" CONTENT="Kyrkoherden"/><SP WIDTH="16" VPOS="1001" HPOS="843"/>
							<String ID="string_160" HPOS="859" VPOS="1001" WIDTH="50" HEIGHT="21" WC="0.95" CONTENT="sade"/><SP WIDTH="13" VPOS="1001" HPOS="909"/>
							<String ID="string_161" HPOS="922" VPOS="1001" WIDTH="30" HEIGHT="26" WC="0.95" CONTENT="sig"/><SP WIDTH="12" VPOS="1001" HPOS="952"/>
							<String ID="string_162" HPOS="964" VPOS="1001" WIDTH="62" HEIGHT="21" WC="0.96" CONTENT="hafva"/>
						</TextLine>
						<TextLine ID="line_23" HPOS="201" VPOS="1029" WIDTH="826" HEIGHT="27">
							<String ID="string_163" HPOS="201" VPOS="1029" WIDTH="49" HEIGHT="21" WC="0.93" CONTENT="hört"/><SP WIDTH="15" VPOS="1029" HPOS="250"/>
							<String ID="string_164" HPOS="265" VPOS="1029" WIDTH="125" HEIGHT="27" WC="0.92" CONTENT="uppbörden"/><SP WIDTH="15" VPOS="1029" HPOS="390"/>
							<String ID="string_165" HPOS="405" VPOS="1029" WIDTH="68" HEIGHT="21" WC="0.93" CONTENT="kallas"/><SP WIDTH="16" VPOS="1029" HPOS="473"/>
							<String ID="string_166" HPOS="489" VPOS="1029" WIDTH="68" HEIGHT="25" WC="0.92" CONTENT="odiös;"/><SP WIDTH="17" VPOS="1029" HPOS="557"/>
							<String ID="string_167" HPOS="574" VPOS="1029" WIDTH="31" HEIGHT="20" WC="0.96" CONTENT="sin"/><SP WIDTH="12" VPOS="1029" HPOS="605"/>
							<String ID="string_168" HPOS="617" VPOS="1035" WIDTH="52" HEIGHT="20" WC="0.96" CONTENT="egen"/><SP WIDTH="12" VPOS="1035" HPOS="669"/>
							<String ID="string_169" HPOS="681" VPOS="1029" WIDTH="45" HEIGHT="20" WC="0.93" CONTENT="lilla"/><SP WIDTH="13" VPOS="1029" HPOS="726"/>
							<String ID="string_170" HPOS="739" VPOS="1029" WIDTH="99" HEIGHT="27" WC="0.92" CONTENT="uppbörd"/><SP WIDTH="13" VPOS="1029" HPOS="838"/>
							<String ID="string_171" HPOS="851" VPOS="1029" WIDTH="54" HEIGHT="21" WC="0.95" CONTENT="hade"/><SP WIDTH="13" VPOS="1029" HPOS="905"/>
							<String ID="string_172" HPOS="918" VPOS="1029" WIDTH="41" HEIGHT="21" WC="0.96" CONTENT="han"/><SP WIDTH="13" VPOS="1029" HPOS="959"/>
							<String ID="string_173" HPOS="972" VPOS="1030" WIDTH="55" HEIGHT="21" WC="0.96" CONTENT="dock"/>
						</TextLine>
						<TextLine ID="line_24" HPOS="201" VPOS="1057" WIDTH="825" HEIGHT="27">
							<String ID="string_174" HPOS="201" VPOS="1058" WIDTH="19" HEIGHT="26" WC="0.96" CONTENT="ej"/><SP WIDTH="16" VPOS="1058" HPOS="220"/>
							<String ID="string_175" HPOS="236" VPOS="1058" WIDTH="69" HEIGHT="21" WC="0.93" CONTENT="funnit"/><SP WIDTH="24" VPOS="1058" HPOS="305"/>
							<String ID="string_176" HPOS="329" VPOS="1058" WIDTH="65" HEIGHT="25" WC="0.91" CONTENT="odiös,"/><SP WIDTH="21" VPOS="1058" HPOS="394"/>
							<String ID="string_177" HPOS="415" VPOS="1060" WIDTH="52" HEIGHT="19" WC="0.96" CONTENT="utan"/><SP WIDTH="16" VPOS="1060" HPOS="467"/>
							<String ID="string_178" HPOS="483" VPOS="1059" WIDTH="43" HEIGHT="19" WC="0.92" CONTENT="rätt"/><SP WIDTH="14" VPOS="1059" HPOS="526"/>
							<String ID="string_179" HPOS="540" VPOS="1057" WIDTH="145" HEIGHT="21" WC="0.92" CONTENT="kärkommen."/><SP WIDTH="33" VPOS="1057" HPOS="685"/>
							<String ID="string_180" HPOS="718" VPOS="1058" WIDTH="38" HEIGHT="21" WC="0.93" CONTENT="Att"/><SP WIDTH="15" VPOS="1058" HPOS="756"/>
							<String ID="string_181" HPOS="771" VPOS="1060" WIDTH="85" HEIGHT="24" WC="0.92" CONTENT="presten"/><SP WIDTH="17" VPOS="1060" HPOS="856"/>
							<String ID="string_182" HPOS="873" VPOS="1058" WIDTH="104" HEIGHT="21" WC="0.91" CONTENT="derunder"/><SP WIDTH="15" VPOS="1058" HPOS="977"/>
							<String ID="string_183" HPOS="992" VPOS="1064" WIDTH="34" HEIGHT="15" WC="0.96" CONTENT="ser"/>
						</TextLine>
						<TextLine ID="line_25" HPOS="201" VPOS="1086" WIDTH="825" HEIGHT="27">
							<String ID="string_184" HPOS="201" VPOS="1087" WIDTH="46" HEIGHT="20" WC="0.92" CONTENT="sina"/><SP WIDTH="22" VPOS="1087" HPOS="247"/>
							<String ID="string_185" HPOS="269" VPOS="1087" WIDTH="101" HEIGHT="20" WC="0.91" CONTENT="åhörares"/><SP WIDTH="23" VPOS="1087" HPOS="370"/>
							<String ID="string_186" HPOS="393" VPOS="1086" WIDTH="100" HEIGHT="26" WC="0.95" CONTENT="sinnelag,"/><SP WIDTH="22" VPOS="1086" HPOS="493"/>
							<String ID="string_187" HPOS="515" VPOS="1086" WIDTH="61" HEIGHT="20" WC="0.96" CONTENT="deras"/><SP WIDTH="22" VPOS="1086" HPOS="576"/>
							<String ID="string_188" HPOS="598" VPOS="1086" WIDTH="28" HEIGHT="21" WC="0.96" CONTENT="fel"/><SP WIDTH="16" VPOS="1086" HPOS="626"/>
							<String ID="string_189" HPOS="642" VPOS="1086" WIDTH="39" HEIGHT="21" WC="0.96" CONTENT="och"/><SP WIDTH="16" VPOS="1086" HPOS="681"/>
							<String ID="string_190" HPOS="697" VPOS="1086" WIDTH="84" HEIGHT="25" WC="0.96" CONTENT="brister,"/><SP WIDTH="17" VPOS="1086" HPOS="781"/>
							<String ID="string_191" HPOS="798" VPOS="1086" WIDTH="66" HEIGHT="27" WC="0.96" CONTENT="ansåg"/><SP WIDTH="15" VPOS="1086" HPOS="864"/>
							<String ID="string_192" HPOS="879" VPOS="1086" WIDTH="147" HEIGHT="26" WC="0.96" CONTENT="kyrkoherden"/>
						</TextLine>
						<TextLine ID="line_26" HPOS="201" VPOS="1114" WIDTH="825" HEIGHT="27">
							<String ID="string_193" HPOS="201" VPOS="1115" WIDTH="87" HEIGHT="20" WC="0.91" CONTENT="allsicke"/><SP WIDTH="23" VPOS="1115" HPOS="288"/>
							<String ID="string_194" HPOS="311" VPOS="1121" WIDTH="51" HEIGHT="14" WC="0.95" CONTENT="vara"/><SP WIDTH="22" VPOS="1121" HPOS="362"/>
							<String ID="string_195" HPOS="384" VPOS="1115" WIDTH="115" HEIGHT="26" WC="0.93" CONTENT="någonting"/><SP WIDTH="22" VPOS="1115" HPOS="499"/>
							<String ID="string_196" HPOS="521" VPOS="1114" WIDTH="78" HEIGHT="26" WC="0.93" CONTENT="farligt,"/><SP WIDTH="20" VPOS="1114" HPOS="599"/>
							<String ID="string_197" HPOS="619" VPOS="1117" WIDTH="52" HEIGHT="18" WC="0.96" CONTENT="utan"/><SP WIDTH="16" VPOS="1117" HPOS="671"/>
							<String ID="string_198" HPOS="687" VPOS="1115" WIDTH="40" HEIGHT="20" WC="0.96" CONTENT="den"/><SP WIDTH="16" VPOS="1115" HPOS="727"/>
							<String ID="string_199" HPOS="743" VPOS="1115" WIDTH="118" HEIGHT="26" WC="0.96" CONTENT="pinsamma"/><SP WIDTH="16" VPOS="1115" HPOS="861"/>
							<String ID="string_200" HPOS="877" VPOS="1115" WIDTH="75" HEIGHT="20" WC="0.96" CONTENT="känsla"/><SP WIDTH="15" VPOS="1115" HPOS="952"/>
							<String ID="string_201" HPOS="967" VPOS="1115" WIDTH="59" HEIGHT="20" WC="0.96" CONTENT="detta"/>
						</TextLine>
						<TextLine ID="line_27" HPOS="201" VPOS="1143" WIDTH="824" HEIGHT="26">
							<String ID="string_202" HPOS="201" VPOS="1143" WIDTH="109" HEIGHT="20" WC="0.96" CONTENT="medförde"/><SP WIDTH="22" VPOS="1143" HPOS="310"/>
							<String ID="string_203" HPOS="332" VPOS="1143" WIDTH="41" HEIGHT="21" WC="0.96" CONTENT="fast"/><SP WIDTH="15" VPOS="1143" HPOS="373"/>
							<String ID="string_204" HPOS="388" VPOS="1143" WIDTH="67" HEIGHT="21" WC="0.96" CONTENT="hellre"/><SP WIDTH="16" VPOS="1143" HPOS="455"/>
							<String ID="string_205" HPOS="471" VPOS="1143" WIDTH="74" HEIGHT="26" WC="0.96" CONTENT="nyttig,"/><SP WIDTH="16" VPOS="1143" HPOS="545"/>
							<String ID="string_206" HPOS="561" VPOS="1143" WIDTH="88" HEIGHT="20" WC="0.96" CONTENT="emedan"/><SP WIDTH="16" VPOS="1143" HPOS="649"/>
							<String ID="string_207" HPOS="665" VPOS="1143" WIDTH="42" HEIGHT="20" WC="0.93" CONTENT="han"/><SP WIDTH="16" VPOS="1143" HPOS="707"/>
							<String ID="string_208" HPOS="723" VPOS="1143" WIDTH="121" HEIGHT="26" WC="0.91" CONTENT="derigenom"/><SP WIDTH="17" VPOS="1143" HPOS="844"/>
							<String ID="string_209" HPOS="861" VPOS="1143" WIDTH="45" HEIGHT="20" WC="0.96" CONTENT="ofta"/><SP WIDTH="14" VPOS="1143" HPOS="906"/>
							<String ID="string_210" HPOS="920" VPOS="1143" WIDTH="54" HEIGHT="26" WC="0.93" CONTENT="finge"/><SP WIDTH="16" VPOS="1143" HPOS="974"/>
							<String ID="string_211" HPOS="990" VPOS="1149" WIDTH="35" HEIGHT="14" WC="0.92" CONTENT="an-"/>
						</TextLine>
						<TextLine ID="line_28" HPOS="200" VPOS="1171" WIDTH="826" HEIGHT="26">
							<String ID="string_212" HPOS="200" VPOS="1171" WIDTH="87" HEIGHT="26" WC="0.96" CONTENT="ledning"/><SP WIDTH="16" VPOS="1171" HPOS="287"/>
							<String ID="string_213" HPOS="303" VPOS="1173" WIDTH="32" HEIGHT="19" WC="0.96" CONTENT="att"/><SP WIDTH="14" VPOS="1173" HPOS="335"/>
							<String ID="string_214" HPOS="349" VPOS="1173" WIDTH="54" HEIGHT="24" WC="0.96" CONTENT="göra"/><SP WIDTH="15" VPOS="1173" HPOS="403"/>
							<String ID="string_215" HPOS="418" VPOS="1171" WIDTH="140" HEIGHT="26" WC="0.96" CONTENT="anmärkning"/><SP WIDTH="15" VPOS="1171" HPOS="558"/>
							<String ID="string_216" HPOS="573" VPOS="1177" WIDTH="34" HEIGHT="14" WC="0.96" CONTENT="om"/><SP WIDTH="17" VPOS="1177" HPOS="607"/>
							<String ID="string_217" HPOS="624" VPOS="1177" WIDTH="25" HEIGHT="14" WC="0.96" CONTENT="en"/><SP WIDTH="16" VPOS="1177" HPOS="649"/>
							<String ID="string_218" HPOS="665" VPOS="1177" WIDTH="88" HEIGHT="20" WC="0.96" CONTENT="persons"/><SP WIDTH="11" VPOS="1177" HPOS="753"/>
							<String ID="string_219" HPOS="764" VPOS="1171" WIDTH="94" HEIGHT="26" WC="0.95" CONTENT="svaghet,"/><SP WIDTH="12" VPOS="1171" HPOS="858"/>
							<String ID="string_220" HPOS="870" VPOS="1171" WIDTH="39" HEIGHT="21" WC="0.96" CONTENT="och"/><SP WIDTH="11" VPOS="1171" HPOS="909"/>
							<String ID="string_221" HPOS="920" VPOS="1171" WIDTH="36" HEIGHT="21" WC="0.94" CONTENT="det"/><SP WIDTH="10" VPOS="1171" HPOS="956"/>
							<String ID="string_222" HPOS="966" VPOS="1172" WIDTH="6" HEIGHT="20" WC="0.96" CONTENT="i"/><SP WIDTH="12" VPOS="1172" HPOS="972"/>
							<String ID="string_223" HPOS="984" VPOS="1171" WIDTH="42" HEIGHT="21" WC="0.96" CONTENT="alla"/>
						</TextLine>
						<TextLine ID="line_29" HPOS="201" VPOS="1199" WIDTH="825" HEIGHT="27">
							<String ID="string_224" HPOS="201" VPOS="1199" WIDTH="114" HEIGHT="22" WC="0.96" CONTENT="händelser"/><SP WIDTH="15" VPOS="1199" HPOS="315"/>
							<String ID="string_225" HPOS="330" VPOS="1206" WIDTH="50" HEIGHT="14" WC="0.96" CONTENT="vore"/><SP WIDTH="16" VPOS="1206" HPOS="380"/>
							<String ID="string_226" HPOS="396" VPOS="1200" WIDTH="39" HEIGHT="20" WC="0.96" CONTENT="bra"/><SP WIDTH="14" VPOS="1200" HPOS="435"/>
							<String ID="string_227" HPOS="449" VPOS="1201" WIDTH="33" HEIGHT="19" WC="0.96" CONTENT="att"/><SP WIDTH="16" VPOS="1201" HPOS="482"/>
							<String ID="string_228" HPOS="498" VPOS="1201" WIDTH="63" HEIGHT="24" WC="0.96" CONTENT="öppet"/><SP WIDTH="16" VPOS="1201" HPOS="561"/>
							<String ID="string_229" HPOS="577" VPOS="1199" WIDTH="39" HEIGHT="21" WC="0.96" CONTENT="och"/><SP WIDTH="17" VPOS="1199" HPOS="616"/>
							<String ID="string_230" HPOS="633" VPOS="1200" WIDTH="63" HEIGHT="26" WC="0.96" CONTENT="ärligt"/><SP WIDTH="15" VPOS="1200" HPOS="696"/>
							<String ID="string_231" HPOS="711" VPOS="1199" WIDTH="69" HEIGHT="22" WC="0.96" CONTENT="uttala"/><SP WIDTH="16" VPOS="1199" HPOS="780"/>
							<String ID="string_232" HPOS="796" VPOS="1200" WIDTH="40" HEIGHT="26" WC="0.96" CONTENT="sig;"/><SP WIDTH="16" VPOS="1200" HPOS="836"/>
							<String ID="string_233" HPOS="852" VPOS="1200" WIDTH="61" HEIGHT="20" WC="0.96" CONTENT="äfven"/><SP WIDTH="16" VPOS="1200" HPOS="913"/>
							<String ID="string_234" HPOS="929" VPOS="1199" WIDTH="32" HEIGHT="21" WC="0.96" CONTENT="för"/><SP WIDTH="13" VPOS="1199" HPOS="961"/>
							<String ID="string_235" HPOS="974" VPOS="1206" WIDTH="52" HEIGHT="20" WC="0.96" CONTENT="egen"/>
						</TextLine>
						<TextLine ID="line_30" HPOS="201" VPOS="1227" WIDTH="825" HEIGHT="28">
							<String ID="string_236" HPOS="201" VPOS="1228" WIDTH="100" HEIGHT="21" WC="0.88" CONTENT="rättelses"/><SP WIDTH="16" VPOS="1228" HPOS="301"/>
							<String ID="string_237" HPOS="317" VPOS="1228" WIDTH="55" HEIGHT="21" WC="0.96" CONTENT="skull"/><SP WIDTH="15" VPOS="1228" HPOS="372"/>
							<String ID="string_238" HPOS="387" VPOS="1228" WIDTH="70" HEIGHT="21" WC="0.96" CONTENT="kunde"/><SP WIDTH="17" VPOS="1228" HPOS="457"/>
							<String ID="string_239" HPOS="474" VPOS="1228" WIDTH="59" HEIGHT="21" WC="0.96" CONTENT="detta"/><SP WIDTH="15" VPOS="1228" HPOS="533"/>
							<String ID="string_240" HPOS="548" VPOS="1227" WIDTH="46" HEIGHT="21" WC="0.96" CONTENT="icke"/><SP WIDTH="16" VPOS="1227" HPOS="594"/>
							<String ID="string_241" HPOS="610" VPOS="1227" WIDTH="73" HEIGHT="26" WC="0.96" CONTENT="skada,"/><SP WIDTH="17" VPOS="1227" HPOS="683"/>
							<String ID="string_242" HPOS="700" VPOS="1229" WIDTH="7" HEIGHT="20" WC="0.96" CONTENT="i"/><SP WIDTH="16" VPOS="1229" HPOS="707"/>
							<String ID="string_243" HPOS="723" VPOS="1228" WIDTH="101" HEIGHT="21" WC="0.93" CONTENT="händelse"/><SP WIDTH="16" VPOS="1228" HPOS="824"/>
							<String ID="string_244" HPOS="840" VPOS="1230" WIDTH="85" HEIGHT="24" WC="0.92" CONTENT="presten"/><SP WIDTH="17" VPOS="1230" HPOS="925"/>
							<String ID="string_245" HPOS="942" VPOS="1228" WIDTH="38" HEIGHT="21" WC="0.94" CONTENT="hos"/><SP WIDTH="16" VPOS="1228" HPOS="980"/>
							<String ID="string_246" HPOS="996" VPOS="1228" WIDTH="30" HEIGHT="27" WC="0.96" CONTENT="sig"/>
						</TextLine>
						<TextLine ID="line_31" HPOS="201" VPOS="1256" WIDTH="825" HEIGHT="27">
							<String ID="string_247" HPOS="201" VPOS="1256" WIDTH="48" HEIGHT="27" WC="0.93" CONTENT="sjelf"/><SP WIDTH="22" VPOS="1256" HPOS="249"/>
							<String ID="string_248" HPOS="271" VPOS="1256" WIDTH="81" HEIGHT="21" WC="0.95" CONTENT="märkte"/><SP WIDTH="23" VPOS="1256" HPOS="352"/>
							<String ID="string_249" HPOS="375" VPOS="1257" WIDTH="70" HEIGHT="26" WC="0.91" CONTENT="någon"/><SP WIDTH="22" VPOS="1257" HPOS="445"/>
							<String ID="string_250" HPOS="467" VPOS="1257" WIDTH="54" HEIGHT="25" WC="0.96" CONTENT="girig"/><SP WIDTH="23" VPOS="1257" HPOS="521"/>
							<String ID="string_251" HPOS="544" VPOS="1256" WIDTH="86" HEIGHT="26" WC="0.93" CONTENT="böjelse."/><SP WIDTH="31" VPOS="1256" HPOS="630"/>
							<String ID="string_252" HPOS="661" VPOS="1256" WIDTH="84" HEIGHT="27" WC="0.91" CONTENT="Klagan"/><SP WIDTH="23" VPOS="1256" HPOS="745"/>
							<String ID="string_253" HPOS="768" VPOS="1257" WIDTH="59" HEIGHT="20" WC="0.95" CONTENT="öfver"/><SP WIDTH="16" VPOS="1257" HPOS="827"/>
							<String ID="string_254" HPOS="843" VPOS="1257" WIDTH="36" HEIGHT="20" WC="0.96" CONTENT="det"/><SP WIDTH="15" VPOS="1257" HPOS="879"/>
							<String ID="string_255" HPOS="894" VPOS="1257" WIDTH="132" HEIGHT="20" WC="0.95" CONTENT="närvarande"/>
						</TextLine>
						<TextLine ID="line_32" HPOS="201" VPOS="1284" WIDTH="826" HEIGHT="27">
							<String ID="string_256" HPOS="201" VPOS="1285" WIDTH="176" HEIGHT="26" WC="0.91" CONTENT="uppbördssättet"/><SP WIDTH="15" VPOS="1285" HPOS="377"/>
							<String ID="string_257" HPOS="392" VPOS="1285" WIDTH="76" HEIGHT="20" WC="0.96" CONTENT="trodde"/><SP WIDTH="16" VPOS="1285" HPOS="468"/>
							<String ID="string_258" HPOS="484" VPOS="1285" WIDTH="82" HEIGHT="20" WC="0.96" CONTENT="talaren"/><SP WIDTH="17" VPOS="1285" HPOS="566"/>
							<String ID="string_259" HPOS="583" VPOS="1284" WIDTH="71" HEIGHT="21" WC="0.96" CONTENT="derför"/><SP WIDTH="17" VPOS="1284" HPOS="654"/>
							<String ID="string_260" HPOS="671" VPOS="1285" WIDTH="50" HEIGHT="20" WC="0.92" CONTENT="bero"/><SP WIDTH="20" VPOS="1285" HPOS="721"/>
							<String ID="string_261" HPOS="741" VPOS="1285" WIDTH="72" HEIGHT="26" WC="0.92" CONTENT="derpå,"/><SP WIDTH="17" VPOS="1285" HPOS="813"/>
							<String ID="string_262" HPOS="830" VPOS="1287" WIDTH="33" HEIGHT="18" WC="0.96" CONTENT="att"/><SP WIDTH="15" VPOS="1287" HPOS="863"/>
							<String ID="string_263" HPOS="878" VPOS="1291" WIDTH="48" HEIGHT="14" WC="0.96" CONTENT="man"/><SP WIDTH="16" VPOS="1291" HPOS="926"/>
							<String ID="string_264" HPOS="942" VPOS="1285" WIDTH="23" HEIGHT="20" WC="0.96" CONTENT="så"/><SP WIDTH="15" VPOS="1285" HPOS="965"/>
							<String ID="string_265" HPOS="980" VPOS="1285" WIDTH="47" HEIGHT="20" WC="0.96" CONTENT="litet"/>
						</TextLine>
						<TextLine ID="line_33" HPOS="201" VPOS="1313" WIDTH="825" HEIGHT="26">
							<String ID="string_266" HPOS="201" VPOS="1319" WIDTH="45" HEIGHT="15" WC="0.96" CONTENT="som"/><SP WIDTH="19" VPOS="1319" HPOS="246"/>
							<String ID="string_267" HPOS="265" VPOS="1313" WIDTH="88" HEIGHT="26" WC="0.95" CONTENT="möjligt,"/><SP WIDTH="16" VPOS="1313" HPOS="353"/>
							<String ID="string_268" HPOS="369" VPOS="1313" WIDTH="81" HEIGHT="20" WC="0.96" CONTENT="kanske"/><SP WIDTH="15" VPOS="1313" HPOS="450"/>
							<String ID="string_269" HPOS="465" VPOS="1313" WIDTH="55" HEIGHT="20" WC="0.95" CONTENT="blott"/><SP WIDTH="16" VPOS="1313" HPOS="520"/>
							<String ID="string_270" HPOS="536" VPOS="1319" WIDTH="25" HEIGHT="14" WC="0.95" CONTENT="en"/><SP WIDTH="17" VPOS="1319" HPOS="561"/>
							<String ID="string_271" HPOS="578" VPOS="1313" WIDTH="41" HEIGHT="26" WC="0.96" CONTENT="dag"/><SP WIDTH="15" VPOS="1313" HPOS="619"/>
							<String ID="string_272" HPOS="634" VPOS="1313" WIDTH="7" HEIGHT="20" WC="0.96" CONTENT="i"/><SP WIDTH="15" VPOS="1313" HPOS="641"/>
							<String ID="string_273" HPOS="656" VPOS="1313" WIDTH="87" HEIGHT="26" WC="0.96" CONTENT="veckan,"/><SP WIDTH="16" VPOS="1313" HPOS="743"/>
							<String ID="string_274" HPOS="759" VPOS="1313" WIDTH="49" HEIGHT="21" WC="0.96" CONTENT="ville"/><SP WIDTH="17" VPOS="1313" HPOS="808"/>
							<String ID="string_275" HPOS="825" VPOS="1319" WIDTH="22" HEIGHT="15" WC="0.93" CONTENT="se"/><SP WIDTH="16" VPOS="1319" HPOS="847"/>
							<String ID="string_276" HPOS="863" VPOS="1315" WIDTH="85" HEIGHT="24" WC="0.91" CONTENT="presten"/><SP WIDTH="14" VPOS="1315" HPOS="948"/>
							<String ID="string_277" HPOS="962" VPOS="1313" WIDTH="7" HEIGHT="20" WC="0.93" CONTENT="i"/><SP WIDTH="15" VPOS="1313" HPOS="969"/>
							<String ID="string_278" HPOS="984" VPOS="1313" WIDTH="42" HEIGHT="21" WC="0.92" CONTENT="för-"/>
						</TextLine>
						<TextLine ID="line_34" HPOS="201" VPOS="1341" WIDTH="825" HEIGHT="27">
							<String ID="string_279" HPOS="201" VPOS="1342" WIDTH="62" HEIGHT="25" WC="0.91" CONTENT="ening"/><SP WIDTH="22" VPOS="1342" HPOS="263"/>
							<String ID="string_280" HPOS="285" VPOS="1342" WIDTH="48" HEIGHT="20" WC="0.96" CONTENT="med"/><SP WIDTH="23" VPOS="1342" HPOS="333"/>
							<String ID="string_281" HPOS="356" VPOS="1342" WIDTH="31" HEIGHT="20" WC="0.96" CONTENT="sin"/><SP WIDTH="21" VPOS="1342" HPOS="387"/>
							<String ID="string_282" HPOS="408" VPOS="1341" WIDTH="129" HEIGHT="26" WC="0.95" CONTENT="församling."/><SP WIDTH="32" VPOS="1341" HPOS="537"/>
							<String ID="string_283" HPOS="569" VPOS="1341" WIDTH="154" HEIGHT="26" WC="0.95" CONTENT="Kyrkoherden"/><SP WIDTH="22" VPOS="1341" HPOS="723"/>
							<String ID="string_284" HPOS="745" VPOS="1341" WIDTH="88" HEIGHT="21" WC="0.94" CONTENT="anförde"/><SP WIDTH="23" VPOS="1341" HPOS="833"/>
							<String ID="string_285" HPOS="856" VPOS="1341" WIDTH="123" HEIGHT="27" WC="0.91" CONTENT="ytterligare"/><SP WIDTH="17" VPOS="1341" HPOS="979"/>
							<String ID="string_286" HPOS="996" VPOS="1341" WIDTH="30" HEIGHT="21" WC="0.91" CONTENT="åt-"/>
						</TextLine>
						<TextLine ID="line_35" HPOS="201" VPOS="1369" WIDTH="825" HEIGHT="27">
							<String ID="string_287" HPOS="201" VPOS="1369" WIDTH="84" HEIGHT="26" WC="0.92" CONTENT="skilliga"/><SP WIDTH="16" VPOS="1369" HPOS="285"/>
							<String ID="string_288" HPOS="301" VPOS="1370" WIDTH="136" HEIGHT="26" WC="0.96" CONTENT="olägenheter"/><SP WIDTH="16" VPOS="1370" HPOS="437"/>
							<String ID="string_289" HPOS="453" VPOS="1376" WIDTH="44" HEIGHT="14" WC="0.93" CONTENT="som"/><SP WIDTH="17" VPOS="1376" HPOS="497"/>
							<String ID="string_290" HPOS="514" VPOS="1369" WIDTH="105" HEIGHT="26" WC="0.92" CONTENT="uppstode"/><SP WIDTH="15" VPOS="1369" HPOS="619"/>
							<String ID="string_291" HPOS="634" VPOS="1376" WIDTH="76" HEIGHT="20" WC="0.91" CONTENT="genom"/><SP WIDTH="16" VPOS="1376" HPOS="710"/>
							<String ID="string_292" HPOS="726" VPOS="1370" WIDTH="139" HEIGHT="26" WC="0.91" CONTENT="paragrafens"/><SP WIDTH="15" VPOS="1370" HPOS="865"/>
							<String ID="string_293" HPOS="880" VPOS="1370" WIDTH="86" HEIGHT="26" WC="0.93" CONTENT="förslag,"/><SP WIDTH="16" VPOS="1370" HPOS="966"/>
							<String ID="string_294" HPOS="982" VPOS="1371" WIDTH="44" HEIGHT="19" WC="0.92" CONTENT="sär-"/>
						</TextLine>
						<TextLine ID="line_36" HPOS="201" VPOS="1398" WIDTH="601" HEIGHT="26">
							<String ID="string_295" HPOS="201" VPOS="1398" WIDTH="65" HEIGHT="21" WC="0.92" CONTENT="skildt"/><SP WIDTH="15" VPOS="1398" HPOS="266"/>
							<String ID="string_296" HPOS="281" VPOS="1399" WIDTH="48" HEIGHT="20" WC="0.96" CONTENT="med"/><SP WIDTH="16" VPOS="1399" HPOS="329"/>
							<String ID="string_297" HPOS="345" VPOS="1398" WIDTH="99" HEIGHT="21" WC="0.93" CONTENT="afseende"/><SP WIDTH="15" VPOS="1398" HPOS="444"/>
							<String ID="string_298" HPOS="459" VPOS="1398" WIDTH="13" HEIGHT="21" WC="0.92" CONTENT="å"/><SP WIDTH="16" VPOS="1398" HPOS="472"/>
							<String ID="string_299" HPOS="488" VPOS="1398" WIDTH="125" HEIGHT="26" WC="0.92" CONTENT="uppbörden"/><SP WIDTH="16" VPOS="1398" HPOS="613"/>
							<String ID="string_300" HPOS="629" VPOS="1398" WIDTH="22" HEIGHT="21" WC="0.93" CONTENT="af"/><SP WIDTH="14" VPOS="1398" HPOS="651"/>
							<String ID="string_301" HPOS="665" VPOS="1398" WIDTH="137" HEIGHT="21" WC="0.91" CONTENT="smörtionde."/>
						</TextLine>
					</TextBlock>
				</ComposedBlock>
				<ComposedBlock ID="cblock_9" HPOS="200" VPOS="1454" WIDTH="827" HEIGHT="83">
					<TextBlock ID="block_8" HPOS="200" VPOS="1454" WIDTH="827" HEIGHT="83">
						<TextLine ID="line_37" HPOS="270" VPOS="1454" WIDTH="756" HEIGHT="27">
							<String ID="string_302" HPOS="270" VPOS="1455" WIDTH="110" HEIGHT="21" WC="0.93" CONTENT="Professor"/><SP WIDTH="22" VPOS="1455" HPOS="380"/>
							<String ID="string_303" HPOS="402" VPOS="1454" WIDTH="106" HEIGHT="21" WC="0.89" CONTENT="Geitlin"/><SP WIDTH="20" VPOS="1454" HPOS="508"/>
							<String ID="string_304" HPOS="528" VPOS="1454" WIDTH="65" HEIGHT="27" WC="0.96" CONTENT="ansåg"/><SP WIDTH="16" VPOS="1454" HPOS="593"/>
							<String ID="string_305" HPOS="609" VPOS="1454" WIDTH="116" HEIGHT="21" WC="0.96" CONTENT="utskottets"/><SP WIDTH="16" VPOS="1454" HPOS="725"/>
							<String ID="string_306" HPOS="741" VPOS="1454" WIDTH="79" HEIGHT="27" WC="0.96" CONTENT="förslag"/><SP WIDTH="16" VPOS="1454" HPOS="820"/>
							<String ID="string_307" HPOS="836" VPOS="1455" WIDTH="7" HEIGHT="20" WC="0.93" CONTENT="i"/><SP WIDTH="15" VPOS="1455" HPOS="843"/>
							<String ID="string_308" HPOS="858" VPOS="1454" WIDTH="42" HEIGHT="21" WC="0.92" CONTENT="allo"/><SP WIDTH="16" VPOS="1454" HPOS="900"/>
							<String ID="string_309" HPOS="916" VPOS="1454" WIDTH="110" HEIGHT="27" WC="0.95" CONTENT="antagligt,"/>
						</TextLine>
						<TextLine ID="line_38" HPOS="201" VPOS="1481" WIDTH="826" HEIGHT="28">
							<String ID="string_310" HPOS="201" VPOS="1481" WIDTH="124" HEIGHT="28" WC="0.92" CONTENT="öfvertygad"/><SP WIDTH="23" VPOS="1481" HPOS="325"/>
							<String ID="string_311" HPOS="348" VPOS="1489" WIDTH="34" HEIGHT="14" WC="0.96" CONTENT="om"/><SP WIDTH="23" VPOS="1489" HPOS="382"/>
							<String ID="string_312" HPOS="405" VPOS="1485" WIDTH="32" HEIGHT="18" WC="0.96" CONTENT="att"/><SP WIDTH="23" VPOS="1485" HPOS="437"/>
							<String ID="string_313" HPOS="460" VPOS="1482" WIDTH="149" HEIGHT="27" WC="0.95" CONTENT="församlingen"/><SP WIDTH="16" VPOS="1482" HPOS="609"/>
							<String ID="string_314" HPOS="625" VPOS="1489" WIDTH="66" HEIGHT="20" WC="0.92" CONTENT="gerna"/><SP WIDTH="16" VPOS="1489" HPOS="691"/>
							<String ID="string_315" HPOS="707" VPOS="1483" WIDTH="50" HEIGHT="26" WC="0.92" CONTENT="såge"/><SP WIDTH="16" VPOS="1483" HPOS="757"/>
							<String ID="string_316" HPOS="773" VPOS="1484" WIDTH="86" HEIGHT="25" WC="0.92" CONTENT="presten"/><SP WIDTH="16" VPOS="1484" HPOS="859"/>
							<String ID="string_317" HPOS="875" VPOS="1482" WIDTH="47" HEIGHT="26" WC="0.96" CONTENT="sjelf"/><SP WIDTH="14" VPOS="1482" HPOS="922"/>
							<String ID="string_318" HPOS="936" VPOS="1482" WIDTH="91" HEIGHT="21" WC="0.96" CONTENT="förrätta"/>
						</TextLine>
						<TextLine ID="line_39" HPOS="200" VPOS="1511" WIDTH="827" HEIGHT="26">
							<String ID="string_319" HPOS="200" VPOS="1511" WIDTH="131" HEIGHT="26" WC="0.91" CONTENT="uppbörden,"/><SP WIDTH="16" VPOS="1511" HPOS="331"/>
							<String ID="string_320" HPOS="347" VPOS="1517" WIDTH="48" HEIGHT="15" WC="0.91" CONTENT="men"/><SP WIDTH="16" VPOS="1517" HPOS="395"/>
							<String ID="string_321" HPOS="411" VPOS="1511" WIDTH="128" HEIGHT="21" WC="0.90" CONTENT="förordande"/><SP WIDTH="16" VPOS="1511" HPOS="539"/>
							<String ID="string_322" HPOS="555" VPOS="1513" WIDTH="32" HEIGHT="19" WC="0.97" CONTENT="att"/><SP WIDTH="15" VPOS="1513" HPOS="587"/>
							<String ID="string_323" HPOS="602" VPOS="1511" WIDTH="43" HEIGHT="21" WC="0.96" CONTENT="han"/><SP WIDTH="15" VPOS="1511" HPOS="645"/>
							<String ID="string_324" HPOS="660" VPOS="1511" WIDTH="67" HEIGHT="21" WC="0.96" CONTENT="måtte"/><SP WIDTH="16" VPOS="1511" HPOS="727"/>
							<String ID="string_325" HPOS="743" VPOS="1511" WIDTH="78" HEIGHT="21" WC="0.93" CONTENT="befrias"/><SP WIDTH="12" VPOS="1511" HPOS="821"/>
							<String ID="string_326" HPOS="833" VPOS="1511" WIDTH="94" HEIGHT="21" WC="0.92" CONTENT="derifrån"/><SP WIDTH="11" VPOS="1511" HPOS="927"/>
							<String ID="string_327" HPOS="938" VPOS="1517" WIDTH="34" HEIGHT="14" WC="0.96" CONTENT="om"/><SP WIDTH="12" VPOS="1517" HPOS="972"/>
							<String ID="string_328" HPOS="984" VPOS="1511" WIDTH="43" HEIGHT="21" WC="0.96" CONTENT="han"/>
						</TextLine>
					</TextBlock>
				</ComposedBlock>
			</PrintSpace>
		</Page>
	</Layout>
</alto>
