<?xml version="1.0" encoding="UTF-8"?>
<alto xmlns="http://www.loc.gov/standards/alto/ns-v3#" xmlns:xlink="http://www.w3.org/1999/xlink" xmlns:xsi="http://www.w3.org/2001/XMLSchema-instance" xsi:schemaLocation="http://www.loc.gov/standards/alto/ns-v3# http://www.loc.gov/alto/v3/alto-3-0.xsd">
	<Description>
		<MeasurementUnit>pixel</MeasurementUnit>
		<sourceImageInformation>
			<fileName>/tmp/tess_dsqgkxg1_input.PNG</fileName>
		</sourceImageInformation>
		<OCRProcessing ID="OCR_0">
			<ocrProcessingStep>
				<processingSoftware>
					<softwareName>tesseract 5.3.4</softwareName>
				</processingSoftware>
			</ocrProcessingStep>
		</OCRProcessing>
	</Description>
	<Layout>
		<Page WIDTH="1109" HEIGHT="1795" PHYSICAL_IMG_NR="0" ID="page_0">
			<PrintSpace HPOS="0" VPOS="0" WIDTH="1109" HEIGHT="1795">
				<ComposedBlock ID="cblock_0" HPOS="328" VPOS="107" WIDTH="558" HEIGHT="26">
					<TextBlock ID="block_0" HPOS="328" VPOS="107" WIDTH="558" HEIGHT="26">
						<TextLine ID="line_0" HPOS="328" VPOS="107" WIDTH="558" HEIGHT="26">
							<String ID="string_0" HPOS="328" VPOS="113" WIDTH="166" HEIGHT="18" WC="0.91" CONTENT="Presteståndet."/><SP WIDTH="26" VPOS="113" HPOS="494"/>
							<String ID="string_1" HPOS="520" VPOS="113" WIDTH="55" HEIGHT="17" WC="0.96" CONTENT="1867."/><SP WIDTH="25" VPOS="113" HPOS="575"/>
							<String ID="string_2" HPOS="600" VPOS="113" WIDTH="13" HEIGHT="16" WC="0.96" CONTENT="8"/><SP WIDTH="13" VPOS="113" HPOS="613"/>
							<String ID="string_3" HPOS="626" VPOS="113" WIDTH="48" HEIGHT="20" WC="0.95" CONTENT="Maj."/><SP WIDTH="127" VPOS="113" HPOS="674"/>
							<String ID="string_4" HPOS="801" VPOS="115" WIDTH="2" HEIGHT="2" WC="0.67" CONTENT=":"/><SP WIDTH="41" VPOS="115" HPOS="803"/>
							<String ID="string_5" HPOS="844" VPOS="107" WIDTH="42" HEIGHT="21" WC="0.88" CONTENT="879"/>
						</TextLine>
					</TextBlock>
				</ComposedBlock>
				<GraphicalElement ID="cblock_1" HPOS="92" VPOS="150" WIDTH="822" HEIGHT="9"></GraphicalElement >
				<ComposedBlock ID="cblock_2" HPOS="89" VPOS="197" WIDTH="827" HEIGHT="56">
					<TextBlock ID="block_1" HPOS="89" VPOS="197" WIDTH="827" HEIGHT="56">
						<TextLine ID="line_1" HPOS="158" VPOS="197" WIDTH="758" HEIGHT="28">
							<String ID="string_6" HPOS="158" VPOS="198" WIDTH="74" HEIGHT="22" WC="0.91" CONTENT="Säsom"/><SP WIDTH="21" VPOS="198" HPOS="232"/>
							<String ID="string_7" HPOS="253" VPOS="198" WIDTH="46" HEIGHT="22" WC="0.92" CONTENT="icke"/><SP WIDTH="21" VPOS="198" HPOS="299"/>
							<String ID="string_8" HPOS="320" VPOS="197" WIDTH="151" HEIGHT="22" WC="0.93" CONTENT="föranledande"/><SP WIDTH="21" VPOS="197" HPOS="471"/>
							<String ID="string_9" HPOS="492" VPOS="197" WIDTH="33" HEIGHT="22" WC="0.92" CONTENT="till"/><SP WIDTH="15" VPOS="197" HPOS="525"/>
							<String ID="string_10" HPOS="540" VPOS="198" WIDTH="70" HEIGHT="26" WC="0.92" CONTENT="nägon"/><SP WIDTH="16" VPOS="198" HPOS="610"/>
							<String ID="string_11" HPOS="626" VPOS="197" WIDTH="76" HEIGHT="27" WC="0.92" CONTENT="ätgärd"/><SP WIDTH="16" VPOS="197" HPOS="702"/>
							<String ID="string_12" HPOS="718" VPOS="197" WIDTH="57" HEIGHT="22" WC="0.92" CONTENT="lades"/><SP WIDTH="17" VPOS="197" HPOS="775"/>
							<String ID="string_13" HPOS="792" VPOS="198" WIDTH="60" HEIGHT="21" WC="0.93" CONTENT="dessa"/><SP WIDTH="15" VPOS="198" HPOS="852"/>
							<String ID="string_14" HPOS="867" VPOS="204" WIDTH="49" HEIGHT="21" WC="0.91" CONTENT="pro-"/>
						</TextLine>
						<TextLine ID="line_2" HPOS="89" VPOS="226" WIDTH="376" HEIGHT="27">
							<String ID="string_15" HPOS="89" VPOS="227" WIDTH="156" HEIGHT="26" WC="0.65" CONTENT="tokollsutdrag"/><SP WIDTH="15" VPOS="227" HPOS="245"/>
							<String ID="string_16" HPOS="260" VPOS="226" WIDTH="32" HEIGHT="21" WC="0.93" CONTENT="till"/><SP WIDTH="15" VPOS="226" HPOS="292"/>
							<String ID="string_17" HPOS="307" VPOS="226" WIDTH="158" HEIGHT="27" WC="0.89" CONTENT="handlingarne."/>
						</TextLine>
					</TextBlock>
				</ComposedBlock>
				<ComposedBlock ID="cblock_3" HPOS="90" VPOS="367" WIDTH="828" HEIGHT="198">
					<TextBlock ID="block_2" HPOS="90" VPOS="367" WIDTH="828" HEIGHT="198">
						<TextLine ID="line_3" HPOS="158" VPOS="367" WIDTH="759" HEIGHT="28">
							<String ID="string_18" HPOS="158" VPOS="369" WIDTH="120" HEIGHT="26" WC="0.92" CONTENT="Föredrogs"/><SP WIDTH="19" VPOS="369" HPOS="278"/>
							<String ID="string_19" HPOS="297" VPOS="368" WIDTH="130" HEIGHT="21" WC="0.92" CONTENT="hedervärda"/><SP WIDTH="22" VPOS="368" HPOS="427"/>
							<String ID="string_20" HPOS="449" VPOS="368" WIDTH="166" HEIGHT="21" WC="0.91" CONTENT="bondeständets"/><SP WIDTH="24" VPOS="368" HPOS="615"/>
							<String ID="string_21" HPOS="639" VPOS="367" WIDTH="130" HEIGHT="27" WC="0.92" CONTENT="bordlaggda"/><SP WIDTH="21" VPOS="367" HPOS="769"/>
							<String ID="string_22" HPOS="790" VPOS="368" WIDTH="127" HEIGHT="26" WC="0.92" CONTENT="protokolls-"/>
						</TextLine>
						<TextLine ID="line_4" HPOS="90" VPOS="396" WIDTH="827" HEIGHT="28">
							<String ID="string_23" HPOS="90" VPOS="397" WIDTH="76" HEIGHT="27" WC="0.93" CONTENT="utdrag"/><SP WIDTH="21" VPOS="397" HPOS="166"/>
							<String ID="string_24" HPOS="187" VPOS="397" WIDTH="22" HEIGHT="23" WC="0.96" CONTENT="af"/><SP WIDTH="17" VPOS="397" HPOS="209"/>
							<String ID="string_25" HPOS="226" VPOS="397" WIDTH="40" HEIGHT="22" WC="0.96" CONTENT="den"/><SP WIDTH="15" VPOS="397" HPOS="266"/>
							<String ID="string_26" HPOS="281" VPOS="397" WIDTH="27" HEIGHT="21" WC="0.93" CONTENT="26"/><SP WIDTH="16" VPOS="397" HPOS="308"/>
							<String ID="string_27" HPOS="324" VPOS="397" WIDTH="101" HEIGHT="21" WC="0.93" CONTENT="sistvikne"/><SP WIDTH="16" VPOS="397" HPOS="425"/>
							<String ID="string_28" HPOS="441" VPOS="396" WIDTH="66" HEIGHT="27" WC="0.93" CONTENT="April,"/><SP WIDTH="17" VPOS="396" HPOS="507"/>
							<String ID="string_29" HPOS="524" VPOS="396" WIDTH="137" HEIGHT="27" WC="0.92" CONTENT="hvarigenom"/><SP WIDTH="16" VPOS="396" HPOS="661"/>
							<String ID="string_30" HPOS="677" VPOS="397" WIDTH="157" HEIGHT="26" WC="0.92" CONTENT="prestaständet"/><SP WIDTH="15" VPOS="397" HPOS="834"/>
							<String ID="string_31" HPOS="849" VPOS="397" WIDTH="68" HEIGHT="26" WC="0.93" CONTENT="inbju-"/>
						</TextLine>
						<TextLine ID="line_5" HPOS="91" VPOS="424" WIDTH="825" HEIGHT="27">
							<String ID="string_32" HPOS="91" VPOS="426" WIDTH="36" HEIGHT="22" WC="0.96" CONTENT="des"/><SP WIDTH="23" VPOS="426" HPOS="127"/>
							<String ID="string_33" HPOS="150" VPOS="428" WIDTH="33" HEIGHT="20" WC="0.93" CONTENT="att"/><SP WIDTH="22" VPOS="428" HPOS="183"/>
							<String ID="string_34" HPOS="205" VPOS="426" WIDTH="72" HEIGHT="22" WC="0.91" CONTENT="förena"/><SP WIDTH="22" VPOS="426" HPOS="277"/>
							<String ID="string_35" HPOS="299" VPOS="425" WIDTH="32" HEIGHT="26" WC="0.96" CONTENT="sig"/><SP WIDTH="18" VPOS="425" HPOS="331"/>
							<String ID="string_36" HPOS="349" VPOS="432" WIDTH="34" HEIGHT="14" WC="0.96" CONTENT="om"/><SP WIDTH="17" VPOS="432" HPOS="383"/>
							<String ID="string_37" HPOS="400" VPOS="432" WIDTH="25" HEIGHT="14" WC="0.96" CONTENT="en"/><SP WIDTH="16" VPOS="432" HPOS="425"/>
							<String ID="string_38" HPOS="441" VPOS="424" WIDTH="22" HEIGHT="22" WC="0.93" CONTENT="af"/><SP WIDTH="14" VPOS="424" HPOS="463"/>
							<String ID="string_39" HPOS="477" VPOS="425" WIDTH="207" HEIGHT="26" WC="0.92" CONTENT="landtdagsmannen"/><SP WIDTH="15" VPOS="425" HPOS="684"/>
							<String ID="string_40" HPOS="699" VPOS="425" WIDTH="64" HEIGHT="21" WC="0.93" CONTENT="Jonas"/><SP WIDTH="17" VPOS="425" HPOS="763"/>
							<String ID="string_41" HPOS="780" VPOS="425" WIDTH="115" HEIGHT="21" WC="0.92" CONTENT="Witikkala"/><SP WIDTH="15" VPOS="425" HPOS="895"/>
							<String ID="string_42" HPOS="910" VPOS="425" WIDTH="6" HEIGHT="21" WC="0.96" CONTENT="i"/>
						</TextLine>
						<TextLine ID="line_6" HPOS="91" VPOS="453" WIDTH="827" HEIGHT="27">
							<String ID="string_43" HPOS="91" VPOS="455" WIDTH="35" HEIGHT="21" WC="0.90" CONTENT="det"/><SP WIDTH="22" VPOS="455" HPOS="126"/>
							<String ID="string_44" HPOS="148" VPOS="454" WIDTH="129" HEIGHT="22" WC="0.96" CONTENT="hedervärda"/><SP WIDTH="26" VPOS="454" HPOS="277"/>
							<String ID="string_45" HPOS="303" VPOS="453" WIDTH="84" HEIGHT="21" WC="0.96" CONTENT="ståndet"/><SP WIDTH="16" VPOS="453" HPOS="387"/>
							<String ID="string_46" HPOS="403" VPOS="453" WIDTH="63" HEIGHT="22" WC="0.96" CONTENT="väckt"/><SP WIDTH="15" VPOS="453" HPOS="466"/>
							<String ID="string_47" HPOS="481" VPOS="453" WIDTH="90" HEIGHT="27" WC="0.96" CONTENT="petition"/><SP WIDTH="17" VPOS="453" HPOS="571"/>
							<String ID="string_48" HPOS="588" VPOS="453" WIDTH="79" HEIGHT="26" WC="0.96" CONTENT="derom,"/><SP WIDTH="18" VPOS="453" HPOS="667"/>
							<String ID="string_49" HPOS="685" VPOS="455" WIDTH="31" HEIGHT="19" WC="0.96" CONTENT="att"/><SP WIDTH="16" VPOS="455" HPOS="716"/>
							<String ID="string_50" HPOS="732" VPOS="453" WIDTH="35" HEIGHT="21" WC="0.96" CONTENT="det"/><SP WIDTH="15" VPOS="453" HPOS="767"/>
							<String ID="string_51" HPOS="782" VPOS="453" WIDTH="6" HEIGHT="20" WC="0.96" CONTENT="i"/><SP WIDTH="15" VPOS="453" HPOS="788"/>
							<String ID="string_52" HPOS="803" VPOS="453" WIDTH="115" HEIGHT="27" WC="0.96" CONTENT="Jyväskylä"/>
						</TextLine>
						<TextLine ID="line_7" HPOS="90" VPOS="481" WIDTH="827" HEIGHT="26">
							<String ID="string_53" HPOS="90" VPOS="483" WIDTH="48" HEIGHT="21" WC="0.93" CONTENT="stad"/><SP WIDTH="15" VPOS="483" HPOS="138"/>
							<String ID="string_54" HPOS="153" VPOS="483" WIDTH="106" HEIGHT="21" WC="0.92" CONTENT="inrättade"/><SP WIDTH="15" VPOS="483" HPOS="259"/>
							<String ID="string_55" HPOS="274" VPOS="481" WIDTH="308" HEIGHT="22" WC="0.92" CONTENT="folkskolelärareseminariets"/><SP WIDTH="16" VPOS="481" HPOS="582"/>
							<String ID="string_56" HPOS="598" VPOS="481" WIDTH="115" HEIGHT="26" WC="0.92" CONTENT="tilltänkta,"/><SP WIDTH="16" VPOS="481" HPOS="713"/>
							<String ID="string_57" HPOS="729" VPOS="481" WIDTH="48" HEIGHT="21" WC="0.96" CONTENT="med"/><SP WIDTH="13" VPOS="481" HPOS="777"/>
							<String ID="string_58" HPOS="790" VPOS="484" WIDTH="58" HEIGHT="19" WC="0.93" CONTENT="stora"/><SP WIDTH="10" VPOS="484" HPOS="848"/>
							<String ID="string_59" HPOS="858" VPOS="482" WIDTH="59" HEIGHT="21" WC="0.92" CONTENT="kost-"/>
						</TextLine>
						<TextLine ID="line_8" HPOS="90" VPOS="509" WIDTH="828" HEIGHT="28">
							<String ID="string_60" HPOS="90" VPOS="511" WIDTH="66" HEIGHT="21" WC="0.96" CONTENT="nader"/><SP WIDTH="22" VPOS="511" HPOS="156"/>
							<String ID="string_61" HPOS="178" VPOS="511" WIDTH="99" HEIGHT="21" WC="0.96" CONTENT="förenade"/><SP WIDTH="21" VPOS="511" HPOS="277"/>
							<String ID="string_62" HPOS="298" VPOS="509" WIDTH="130" HEIGHT="28" WC="0.96" CONTENT="förflyttning"/><SP WIDTH="21" VPOS="509" HPOS="428"/>
							<String ID="string_63" HPOS="449" VPOS="511" WIDTH="66" HEIGHT="20" WC="0.96" CONTENT="måtte"/><SP WIDTH="21" VPOS="511" HPOS="515"/>
							<String ID="string_64" HPOS="536" VPOS="509" WIDTH="100" HEIGHT="27" WC="0.96" CONTENT="antingen"/><SP WIDTH="16" VPOS="509" HPOS="636"/>
							<String ID="string_65" HPOS="652" VPOS="509" WIDTH="87" HEIGHT="22" WC="0.93" CONTENT="alldeles"/><SP WIDTH="16" VPOS="509" HPOS="739"/>
							<String ID="string_66" HPOS="755" VPOS="510" WIDTH="95" HEIGHT="22" WC="0.96" CONTENT="inställas"/><SP WIDTH="16" VPOS="510" HPOS="850"/>
							<String ID="string_67" HPOS="866" VPOS="510" WIDTH="52" HEIGHT="21" WC="0.96" CONTENT="eller"/>
						</TextLine>
						<TextLine ID="line_9" HPOS="92" VPOS="538" WIDTH="461" HEIGHT="27">
							<String ID="string_68" HPOS="92" VPOS="539" WIDTH="40" HEIGHT="22" WC="0.96" CONTENT="ock"/><SP WIDTH="15" VPOS="539" HPOS="132"/>
							<String ID="string_69" HPOS="147" VPOS="539" WIDTH="128" HEIGHT="22" WC="0.96" CONTENT="åtminstone"/><SP WIDTH="15" VPOS="539" HPOS="275"/>
							<String ID="string_70" HPOS="290" VPOS="539" WIDTH="115" HEIGHT="21" WC="0.92" CONTENT="tillsvidare"/><SP WIDTH="16" VPOS="539" HPOS="405"/>
							<String ID="string_71" HPOS="421" VPOS="538" WIDTH="132" HEIGHT="27" WC="0.91" CONTENT="uppskjutas."/>
						</TextLine>
					</TextBlock>
				</ComposedBlock>
				<ComposedBlock ID="cblock_4" HPOS="91" VPOS="594" WIDTH="829" HEIGHT="369">
					<TextBlock ID="block_3" HPOS="91" VPOS="594" WIDTH="829" HEIGHT="369">
						<TextLine ID="line_10" HPOS="160" VPOS="594" WIDTH="758" HEIGHT="28">
							<String ID="string_72" HPOS="160" VPOS="596" WIDTH="90" HEIGHT="21" WC="0.96" CONTENT="Prosten"/><SP WIDTH="16" VPOS="596" HPOS="250"/>
							<String ID="string_73" HPOS="266" VPOS="595" WIDTH="76" HEIGHT="21" WC="0.96" CONTENT="doktor"/><SP WIDTH="15" VPOS="595" HPOS="342"/>
							<String ID="string_74" HPOS="357" VPOS="595" WIDTH="132" HEIGHT="26" WC="0.93" CONTENT="Alopaeus"/><SP WIDTH="15" VPOS="595" HPOS="489"/>
							<String ID="string_75" HPOS="504" VPOS="595" WIDTH="95" HEIGHT="27" WC="0.93" CONTENT="yttrade:"/><SP WIDTH="16" VPOS="595" HPOS="599"/>
							<String ID="string_76" HPOS="615" VPOS="595" WIDTH="47" HEIGHT="21" WC="0.96" CONTENT="Den"/><SP WIDTH="17" VPOS="595" HPOS="662"/>
							<String ID="string_77" HPOS="679" VPOS="594" WIDTH="88" HEIGHT="22" WC="0.96" CONTENT="relation"/><SP WIDTH="17" VPOS="594" HPOS="767"/>
							<String ID="string_78" HPOS="784" VPOS="601" WIDTH="44" HEIGHT="15" WC="0.93" CONTENT="som"/><SP WIDTH="16" VPOS="601" HPOS="828"/>
							<String ID="string_79" HPOS="844" VPOS="594" WIDTH="74" HEIGHT="27" WC="0.92" CONTENT="styrel-"/>
						</TextLine>
						<TextLine ID="line_11" HPOS="92" VPOS="623" WIDTH="828" HEIGHT="27">
							<String ID="string_80" HPOS="92" VPOS="631" WIDTH="36" HEIGHT="15" WC="0.95" CONTENT="sen"/><SP WIDTH="24" VPOS="631" HPOS="128"/>
							<String ID="string_81" HPOS="152" VPOS="624" WIDTH="32" HEIGHT="21" WC="0.93" CONTENT="för"/><SP WIDTH="20" VPOS="624" HPOS="184"/>
							<String ID="string_82" HPOS="204" VPOS="624" WIDTH="113" HEIGHT="21" WC="0.92" CONTENT="ständerna"/><SP WIDTH="15" VPOS="624" HPOS="317"/>
							<String ID="string_83" HPOS="332" VPOS="623" WIDTH="99" HEIGHT="27" WC="0.91" CONTENT="framlagt"/><SP WIDTH="16" VPOS="623" HPOS="431"/>
							<String ID="string_84" HPOS="447" VPOS="624" WIDTH="110" HEIGHT="25" WC="0.91" CONTENT="angäende"/><SP WIDTH="15" VPOS="624" HPOS="557"/>
							<String ID="string_85" HPOS="572" VPOS="623" WIDTH="141" HEIGHT="22" WC="0.92" CONTENT="statsverkets"/><SP WIDTH="15" VPOS="623" HPOS="713"/>
							<String ID="string_86" HPOS="728" VPOS="623" WIDTH="95" HEIGHT="22" WC="0.91" CONTENT="tillständ"/><SP WIDTH="16" VPOS="623" HPOS="823"/>
							<String ID="string_87" HPOS="839" VPOS="623" WIDTH="81" HEIGHT="21" WC="0.92" CONTENT="utvisar"/>
						</TextLine>
						<TextLine ID="line_12" HPOS="91" VPOS="651" WIDTH="827" HEIGHT="28">
							<String ID="string_88" HPOS="91" VPOS="653" WIDTH="122" HEIGHT="26" WC="0.93" CONTENT="visserligen"/><SP WIDTH="21" VPOS="653" HPOS="213"/>
							<String ID="string_89" HPOS="234" VPOS="654" WIDTH="31" HEIGHT="19" WC="0.93" CONTENT="ett"/><SP WIDTH="20" VPOS="654" HPOS="265"/>
							<String ID="string_90" HPOS="285" VPOS="652" WIDTH="132" HEIGHT="21" WC="0.92" CONTENT="reserveradt"/><SP WIDTH="20" VPOS="652" HPOS="417"/>
							<String ID="string_91" HPOS="437" VPOS="652" WIDTH="72" HEIGHT="26" WC="0.92" CONTENT="anslag"/><SP WIDTH="21" VPOS="652" HPOS="509"/>
							<String ID="string_92" HPOS="530" VPOS="651" WIDTH="22" HEIGHT="22" WC="0.93" CONTENT="af"/><SP WIDTH="17" VPOS="651" HPOS="552"/>
							<String ID="string_93" HPOS="569" VPOS="652" WIDTH="91" HEIGHT="25" WC="0.92" CONTENT="170,000"/><SP WIDTH="16" VPOS="652" HPOS="660"/>
							<String ID="string_94" HPOS="676" VPOS="652" WIDTH="60" HEIGHT="21" WC="0.93" CONTENT="mark"/><SP WIDTH="15" VPOS="652" HPOS="736"/>
							<String ID="string_95" HPOS="751" VPOS="651" WIDTH="45" HEIGHT="22" WC="0.92" CONTENT="frän"/><SP WIDTH="18" VPOS="651" HPOS="796"/>
							<String ID="string_96" HPOS="814" VPOS="652" WIDTH="54" HEIGHT="21" WC="0.93" CONTENT="1865"/><SP WIDTH="16" VPOS="652" HPOS="868"/>
							<String ID="string_97" HPOS="884" VPOS="652" WIDTH="34" HEIGHT="21" WC="0.93" CONTENT="ärs"/>
						</TextLine>
						<TextLine ID="line_13" HPOS="92" VPOS="679" WIDTH="826" HEIGHT="28">
							<String ID="string_98" HPOS="92" VPOS="681" WIDTH="114" HEIGHT="26" WC="0.88" CONTENT="bevillning"/><SP WIDTH="23" VPOS="681" HPOS="206"/>
							<String ID="string_99" HPOS="229" VPOS="680" WIDTH="31" HEIGHT="21" WC="0.93" CONTENT="till"/><SP WIDTH="21" VPOS="680" HPOS="260"/>
							<String ID="string_100" HPOS="281" VPOS="679" WIDTH="212" HEIGHT="27" WC="0.92" CONTENT="folkskoleväsendet,"/><SP WIDTH="23" VPOS="679" HPOS="493"/>
							<String ID="string_101" HPOS="516" VPOS="680" WIDTH="80" HEIGHT="21" WC="0.92" CONTENT="hvilket"/><SP WIDTH="21" VPOS="680" HPOS="596"/>
							<String ID="string_102" HPOS="617" VPOS="679" WIDTH="77" HEIGHT="28" WC="0.92" CONTENT="belopp"/><SP WIDTH="21" VPOS="679" HPOS="694"/>
							<String ID="string_103" HPOS="715" VPOS="680" WIDTH="121" HEIGHT="27" WC="0.93" CONTENT="ytterligare"/><SP WIDTH="21" VPOS="680" HPOS="836"/>
							<String ID="string_104" HPOS="857" VPOS="680" WIDTH="61" HEIGHT="21" WC="0.90" CONTENT="ökats"/>
						</TextLine>
						<TextLine ID="line_14" HPOS="92" VPOS="708" WIDTH="825" HEIGHT="28">
							<String ID="string_105" HPOS="92" VPOS="715" WIDTH="75" HEIGHT="21" WC="0.93" CONTENT="genom"/><SP WIDTH="21" VPOS="715" HPOS="167"/>
							<String ID="string_106" HPOS="188" VPOS="709" WIDTH="119" HEIGHT="22" WC="0.93" CONTENT="sedermera"/><SP WIDTH="22" VPOS="709" HPOS="307"/>
							<String ID="string_107" HPOS="329" VPOS="708" WIDTH="88" HEIGHT="22" WC="0.91" CONTENT="influtne"/><SP WIDTH="20" VPOS="708" HPOS="417"/>
							<String ID="string_108" HPOS="437" VPOS="708" WIDTH="221" HEIGHT="27" WC="0.91" CONTENT="bevillningsafgifter;"/><SP WIDTH="24" VPOS="708" HPOS="658"/>
							<String ID="string_109" HPOS="682" VPOS="715" WIDTH="46" HEIGHT="14" WC="0.96" CONTENT="men"/><SP WIDTH="23" VPOS="715" HPOS="728"/>
							<String ID="string_110" HPOS="751" VPOS="709" WIDTH="26" HEIGHT="20" WC="0.96" CONTENT="dä"/><SP WIDTH="16" VPOS="709" HPOS="777"/>
							<String ID="string_111" HPOS="793" VPOS="708" WIDTH="19" HEIGHT="21" WC="0.96" CONTENT="vi"/><SP WIDTH="16" VPOS="708" HPOS="812"/>
							<String ID="string_112" HPOS="828" VPOS="710" WIDTH="56" HEIGHT="19" WC="0.96" CONTENT="ännu"/><SP WIDTH="16" VPOS="710" HPOS="884"/>
							<String ID="string_113" HPOS="900" VPOS="708" WIDTH="17" HEIGHT="26" WC="0.96" CONTENT="ej"/>
						</TextLine>
						<TextLine ID="line_15" HPOS="92" VPOS="736" WIDTH="827" HEIGHT="27">
							<String ID="string_114" HPOS="92" VPOS="737" WIDTH="62" HEIGHT="22" WC="0.92" CONTENT="hafva"/><SP WIDTH="23" VPOS="737" HPOS="154"/>
							<String ID="string_115" HPOS="177" VPOS="744" WIDTH="44" HEIGHT="15" WC="0.96" CONTENT="mer"/><SP WIDTH="16" VPOS="744" HPOS="221"/>
							<String ID="string_116" HPOS="237" VPOS="739" WIDTH="26" HEIGHT="20" WC="0.96" CONTENT="än"/><SP WIDTH="16" VPOS="739" HPOS="263"/>
							<String ID="string_117" HPOS="279" VPOS="743" WIDTH="26" HEIGHT="16" WC="0.96" CONTENT="en"/><SP WIDTH="16" VPOS="743" HPOS="305"/>
							<String ID="string_118" HPOS="321" VPOS="737" WIDTH="50" HEIGHT="22" WC="0.96" CONTENT="eller"/><SP WIDTH="16" VPOS="737" HPOS="371"/>
							<String ID="string_119" HPOS="387" VPOS="743" WIDTH="69" HEIGHT="15" WC="0.93" CONTENT="annan"/><SP WIDTH="16" VPOS="743" HPOS="456"/>
							<String ID="string_120" HPOS="472" VPOS="737" WIDTH="112" HEIGHT="23" WC="0.91" CONTENT="folkskola,"/><SP WIDTH="17" VPOS="737" HPOS="584"/>
							<String ID="string_121" HPOS="601" VPOS="737" WIDTH="39" HEIGHT="21" WC="0.96" CONTENT="och"/><SP WIDTH="17" VPOS="737" HPOS="640"/>
							<String ID="string_122" HPOS="657" VPOS="737" WIDTH="36" HEIGHT="21" WC="0.96" CONTENT="det"/><SP WIDTH="15" VPOS="737" HPOS="693"/>
							<String ID="string_123" HPOS="708" VPOS="739" WIDTH="23" HEIGHT="19" WC="0.96" CONTENT="är"/><SP WIDTH="16" VPOS="739" HPOS="731"/>
							<String ID="string_124" HPOS="747" VPOS="736" WIDTH="21" HEIGHT="22" WC="0.97" CONTENT="af"/><SP WIDTH="14" VPOS="736" HPOS="768"/>
							<String ID="string_125" HPOS="782" VPOS="738" WIDTH="78" HEIGHT="20" WC="0.93" CONTENT="största"/><SP WIDTH="15" VPOS="738" HPOS="860"/>
							<String ID="string_126" HPOS="875" VPOS="736" WIDTH="44" HEIGHT="27" WC="0.93" CONTENT="vigt"/>
						</TextLine>
						<TextLine ID="line_16" HPOS="92" VPOS="765" WIDTH="828" HEIGHT="27">
							<String ID="string_127" HPOS="92" VPOS="768" WIDTH="32" HEIGHT="19" WC="0.91" CONTENT="att"/><SP WIDTH="23" VPOS="768" HPOS="124"/>
							<String ID="string_128" HPOS="147" VPOS="765" WIDTH="220" HEIGHT="27" WC="0.91" CONTENT="folkundervisningen"/><SP WIDTH="23" VPOS="765" HPOS="367"/>
							<String ID="string_129" HPOS="390" VPOS="765" WIDTH="130" HEIGHT="22" WC="0.92" CONTENT="allmännare"/><SP WIDTH="23" VPOS="765" HPOS="520"/>
							<String ID="string_130" HPOS="543" VPOS="765" WIDTH="132" HEIGHT="27" WC="0.87" CONTENT="upphjelpes,"/><SP WIDTH="24" VPOS="765" HPOS="675"/>
							<String ID="string_131" HPOS="699" VPOS="766" WIDTH="23" HEIGHT="20" WC="0.91" CONTENT="sä"/><SP WIDTH="22" VPOS="766" HPOS="722"/>
							<String ID="string_132" HPOS="744" VPOS="771" WIDTH="61" HEIGHT="21" WC="0.91" CONTENT="synes"/><SP WIDTH="21" VPOS="771" HPOS="805"/>
							<String ID="string_133" HPOS="826" VPOS="765" WIDTH="36" HEIGHT="21" WC="0.95" CONTENT="det"/><SP WIDTH="16" VPOS="765" HPOS="862"/>
							<String ID="string_134" HPOS="878" VPOS="765" WIDTH="42" HEIGHT="26" WC="0.96" CONTENT="mig"/>
						</TextLine>
						<TextLine ID="line_17" HPOS="92" VPOS="793" WIDTH="828" HEIGHT="28">
							<String ID="string_135" HPOS="92" VPOS="801" WIDTH="50" HEIGHT="15" WC="0.92" CONTENT="vara"/><SP WIDTH="21" VPOS="801" HPOS="142"/>
							<String ID="string_136" HPOS="163" VPOS="794" WIDTH="102" HEIGHT="21" WC="0.92" CONTENT="obetänkt"/><SP WIDTH="22" VPOS="794" HPOS="265"/>
							<String ID="string_137" HPOS="287" VPOS="795" WIDTH="32" HEIGHT="20" WC="0.96" CONTENT="att"/><SP WIDTH="22" VPOS="795" HPOS="319"/>
							<String ID="string_138" HPOS="341" VPOS="794" WIDTH="65" HEIGHT="21" WC="0.96" CONTENT="redan"/><SP WIDTH="24" VPOS="794" HPOS="406"/>
							<String ID="string_139" HPOS="430" VPOS="800" WIDTH="27" HEIGHT="15" WC="0.93" CONTENT="nu"/><SP WIDTH="16" VPOS="800" HPOS="457"/>
							<String ID="string_140" HPOS="473" VPOS="793" WIDTH="97" HEIGHT="22" WC="0.93" CONTENT="använda"/><SP WIDTH="16" VPOS="793" HPOS="570"/>
							<String ID="string_141" HPOS="586" VPOS="793" WIDTH="83" HEIGHT="22" WC="0.92" CONTENT="medlen"/><SP WIDTH="17" VPOS="793" HPOS="669"/>
							<String ID="string_142" HPOS="686" VPOS="793" WIDTH="32" HEIGHT="21" WC="0.96" CONTENT="till"/><SP WIDTH="16" VPOS="793" HPOS="718"/>
							<String ID="string_143" HPOS="734" VPOS="799" WIDTH="40" HEIGHT="22" WC="0.93" CONTENT="nya"/><SP WIDTH="15" VPOS="799" HPOS="774"/>
							<String ID="string_144" HPOS="789" VPOS="793" WIDTH="131" HEIGHT="21" WC="0.92" CONTENT="kostsamma"/>
						</TextLine>
						<TextLine ID="line_18" HPOS="92" VPOS="821" WIDTH="828" HEIGHT="29">
							<String ID="string_145" HPOS="92" VPOS="823" WIDTH="235" HEIGHT="27" WC="0.91" CONTENT="seminariibyggnader."/><SP WIDTH="31" VPOS="823" HPOS="327"/>
							<String ID="string_146" HPOS="358" VPOS="823" WIDTH="45" HEIGHT="20" WC="0.93" CONTENT="Den"/><SP WIDTH="24" VPOS="823" HPOS="403"/>
							<String ID="string_147" HPOS="427" VPOS="822" WIDTH="113" HEIGHT="27" WC="0.93" CONTENT="olägenhet"/><SP WIDTH="24" VPOS="822" HPOS="540"/>
							<String ID="string_148" HPOS="564" VPOS="828" WIDTH="48" HEIGHT="15" WC="0.96" CONTENT="man"/><SP WIDTH="16" VPOS="828" HPOS="612"/>
							<String ID="string_149" HPOS="628" VPOS="822" WIDTH="39" HEIGHT="21" WC="0.93" CONTENT="har"/><SP WIDTH="16" VPOS="822" HPOS="667"/>
							<String ID="string_150" HPOS="683" VPOS="821" WIDTH="64" HEIGHT="25" WC="0.92" CONTENT="deraf,"/><SP WIDTH="16" VPOS="821" HPOS="747"/>
							<String ID="string_151" HPOS="763" VPOS="823" WIDTH="32" HEIGHT="20" WC="0.96" CONTENT="att"/><SP WIDTH="16" VPOS="823" HPOS="795"/>
							<String ID="string_152" HPOS="811" VPOS="821" WIDTH="32" HEIGHT="21" WC="0.93" CONTENT="för"/><SP WIDTH="15" VPOS="821" HPOS="843"/>
							<String ID="string_153" HPOS="858" VPOS="821" WIDTH="62" HEIGHT="21" WC="0.93" CONTENT="semi-"/>
						</TextLine>
						<TextLine ID="line_19" HPOS="92" VPOS="849" WIDTH="826" HEIGHT="29">
							<String ID="string_154" HPOS="92" VPOS="852" WIDTH="68" HEIGHT="21" WC="0.92" CONTENT="nariet"/><SP WIDTH="22" VPOS="852" HPOS="160"/>
							<String ID="string_155" HPOS="182" VPOS="851" WIDTH="82" HEIGHT="21" WC="0.93" CONTENT="lokaler"/><SP WIDTH="22" VPOS="851" HPOS="264"/>
							<String ID="string_156" HPOS="286" VPOS="853" WIDTH="37" HEIGHT="18" WC="0.91" CONTENT="äro"/><SP WIDTH="23" VPOS="853" HPOS="323"/>
							<String ID="string_157" HPOS="346" VPOS="851" WIDTH="111" HEIGHT="27" WC="0.91" CONTENT="upphyrda"/><SP WIDTH="15" VPOS="851" HPOS="457"/>
							<String ID="string_158" HPOS="472" VPOS="851" WIDTH="6" HEIGHT="20" WC="0.96" CONTENT="i"/><SP WIDTH="15" VPOS="851" HPOS="478"/>
							<String ID="string_159" HPOS="493" VPOS="850" WIDTH="121" HEIGHT="27" WC="0.96" CONTENT="Jyväskylä,"/><SP WIDTH="17" VPOS="850" HPOS="614"/>
							<String ID="string_160" HPOS="631" VPOS="852" WIDTH="24" HEIGHT="19" WC="0.96" CONTENT="är"/><SP WIDTH="16" VPOS="852" HPOS="655"/>
							<String ID="string_161" HPOS="671" VPOS="849" WIDTH="21" HEIGHT="22" WC="0.96" CONTENT="af"/><SP WIDTH="15" VPOS="849" HPOS="692"/>
							<String ID="string_162" HPOS="707" VPOS="850" WIDTH="80" HEIGHT="21" WC="0.96" CONTENT="mindre"/><SP WIDTH="16" VPOS="850" HPOS="787"/>
							<String ID="string_163" HPOS="803" VPOS="850" WIDTH="115" HEIGHT="27" WC="0.96" CONTENT="betydelse,"/>
						</TextLine>
						<TextLine ID="line_20" HPOS="95" VPOS="878" WIDTH="825" HEIGHT="27">
							<String ID="string_164" HPOS="95" VPOS="882" WIDTH="26" HEIGHT="19" WC="0.96" CONTENT="än"/><SP WIDTH="24" VPOS="882" HPOS="121"/>
							<String ID="string_165" HPOS="145" VPOS="880" WIDTH="36" HEIGHT="20" WC="0.96" CONTENT="det"/><SP WIDTH="20" VPOS="880" HPOS="181"/>
							<String ID="string_166" HPOS="201" VPOS="882" WIDTH="32" HEIGHT="18" WC="0.93" CONTENT="att"/><SP WIDTH="22" VPOS="882" HPOS="233"/>
							<String ID="string_167" HPOS="255" VPOS="879" WIDTH="126" HEIGHT="26" WC="0.96" CONTENT="tillräckliga"/><SP WIDTH="23" VPOS="879" HPOS="381"/>
							<String ID="string_168" HPOS="404" VPOS="879" WIDTH="67" HEIGHT="21" WC="0.96" CONTENT="medel"/><SP WIDTH="23" VPOS="879" HPOS="471"/>
							<String ID="string_169" HPOS="494" VPOS="880" WIDTH="34" HEIGHT="20" WC="0.96" CONTENT="mä"/><SP WIDTH="23" VPOS="880" HPOS="528"/>
							<String ID="string_170" HPOS="551" VPOS="879" WIDTH="67" HEIGHT="20" WC="0.96" CONTENT="finnas"/><SP WIDTH="16" VPOS="879" HPOS="618"/>
							<String ID="string_171" HPOS="634" VPOS="879" WIDTH="33" HEIGHT="20" WC="0.93" CONTENT="för"/><SP WIDTH="16" VPOS="879" HPOS="667"/>
							<String ID="string_172" HPOS="683" VPOS="878" WIDTH="161" HEIGHT="27" WC="0.96" CONTENT="organiserande"/><SP WIDTH="16" VPOS="878" HPOS="844"/>
							<String ID="string_173" HPOS="860" VPOS="878" WIDTH="24" HEIGHT="21" WC="0.97" CONTENT="af"/><SP WIDTH="12" VPOS="878" HPOS="884"/>
							<String ID="string_174" HPOS="896" VPOS="879" WIDTH="24" HEIGHT="20" WC="0.96" CONTENT="sä"/>
						</TextLine>
						<TextLine ID="line_21" HPOS="95" VPOS="907" WIDTH="825" HEIGHT="28">
							<String ID="string_175" HPOS="95" VPOS="909" WIDTH="76" HEIGHT="26" WC="0.89" CONTENT="mänga"/><SP WIDTH="23" VPOS="909" HPOS="171"/>
							<String ID="string_176" HPOS="194" VPOS="907" WIDTH="115" HEIGHT="22" WC="0.91" CONTENT="folkskolor"/><SP WIDTH="22" VPOS="907" HPOS="309"/>
							<String ID="string_177" HPOS="331" VPOS="914" WIDTH="45" HEIGHT="15" WC="0.96" CONTENT="som"/><SP WIDTH="24" VPOS="914" HPOS="376"/>
							<String ID="string_178" HPOS="400" VPOS="907" WIDTH="88" HEIGHT="27" WC="0.95" CONTENT="möjligt."/><SP WIDTH="30" VPOS="907" HPOS="488"/>
							<String ID="string_179" HPOS="518" VPOS="907" WIDTH="41" HEIGHT="27" WC="0.91" CONTENT="Jag"/><SP WIDTH="18" VPOS="907" HPOS="559"/>
							<String ID="string_180" HPOS="577" VPOS="907" WIDTH="96" HEIGHT="21" WC="0.91" CONTENT="anhäller"/><SP WIDTH="16" VPOS="907" HPOS="673"/>
							<String ID="string_181" HPOS="689" VPOS="907" WIDTH="84" HEIGHT="22" WC="0.93" CONTENT="derföre"/><SP WIDTH="16" VPOS="907" HPOS="773"/>
							<String ID="string_182" HPOS="789" VPOS="909" WIDTH="31" HEIGHT="20" WC="0.93" CONTENT="att"/><SP WIDTH="16" VPOS="909" HPOS="820"/>
							<String ID="string_183" HPOS="836" VPOS="907" WIDTH="84" HEIGHT="21" WC="0.92" CONTENT="ständet"/>
						</TextLine>
						<TextLine ID="line_22" HPOS="94" VPOS="936" WIDTH="308" HEIGHT="27">
							<String ID="string_184" HPOS="94" VPOS="937" WIDTH="49" HEIGHT="21" WC="0.96" CONTENT="ville"/><SP WIDTH="16" VPOS="937" HPOS="143"/>
							<String ID="string_185" HPOS="159" VPOS="936" WIDTH="6" HEIGHT="21" WC="0.93" CONTENT="i"/><SP WIDTH="16" VPOS="936" HPOS="165"/>
							<String ID="string_186" HPOS="181" VPOS="936" WIDTH="114" HEIGHT="27" WC="0.92" CONTENT="petitionen"/><SP WIDTH="17" VPOS="936" HPOS="295"/>
							<String ID="string_187" HPOS="312" VPOS="936" WIDTH="90" HEIGHT="26" WC="0.92" CONTENT="deltaga."/>
						</TextLine>
					</TextBlock>
				</ComposedBlock>
				<ComposedBlock ID="cblock_5" HPOS="93" VPOS="991" WIDTH="831" HEIGHT="284">
					<TextBlock ID="block_4" HPOS="93" VPOS="991" WIDTH="831" HEIGHT="284">
						<TextLine ID="line_23" HPOS="162" VPOS="991" WIDTH="759" HEIGHT="28">
							<String ID="string_188" HPOS="162" VPOS="993" WIDTH="205" HEIGHT="26" WC="0.92" CONTENT="Kontraktsprosten"/><SP WIDTH="16" VPOS="993" HPOS="367"/>
							<String ID="string_189" HPOS="383" VPOS="992" WIDTH="82" HEIGHT="21" WC="0.88" CONTENT="Sir6n:"/><SP WIDTH="32" VPOS="992" HPOS="465"/>
							<String ID="string_190" HPOS="497" VPOS="992" WIDTH="99" HEIGHT="21" WC="0.89" CONTENT="Likasom"/><SP WIDTH="17" VPOS="992" HPOS="596"/>
							<String ID="string_191" HPOS="613" VPOS="992" WIDTH="77" HEIGHT="22" WC="0.96" CONTENT="doktor"/><SP WIDTH="16" VPOS="992" HPOS="690"/>
							<String ID="string_192" HPOS="706" VPOS="992" WIDTH="105" HEIGHT="27" WC="0.93" CONTENT="Alopaeus"/><SP WIDTH="16" VPOS="992" HPOS="811"/>
							<String ID="string_193" HPOS="827" VPOS="991" WIDTH="94" HEIGHT="21" WC="0.92" CONTENT="önskade"/>
						</TextLine>
						<TextLine ID="line_24" HPOS="94" VPOS="1020" WIDTH="826" HEIGHT="27">
							<String ID="string_194" HPOS="94" VPOS="1021" WIDTH="61" HEIGHT="22" WC="0.93" CONTENT="äfven"/><SP WIDTH="14" VPOS="1021" HPOS="155"/>
							<String ID="string_195" HPOS="169" VPOS="1021" WIDTH="36" HEIGHT="26" WC="0.93" CONTENT="jag"/><SP WIDTH="16" VPOS="1021" HPOS="205"/>
							<String ID="string_196" HPOS="221" VPOS="1021" WIDTH="109" HEIGHT="21" WC="0.92" CONTENT="motverka"/><SP WIDTH="15" VPOS="1021" HPOS="330"/>
							<String ID="string_197" HPOS="345" VPOS="1021" WIDTH="133" HEIGHT="21" WC="0.92" CONTENT="seminariets"/><SP WIDTH="15" VPOS="1021" HPOS="478"/>
							<String ID="string_198" HPOS="493" VPOS="1020" WIDTH="138" HEIGHT="27" WC="0.90" CONTENT="förflyttning."/><SP WIDTH="24" VPOS="1020" HPOS="631"/>
							<String ID="string_199" HPOS="655" VPOS="1021" WIDTH="46" HEIGHT="20" WC="0.96" CONTENT="Här"/><SP WIDTH="15" VPOS="1021" HPOS="701"/>
							<String ID="string_200" HPOS="716" VPOS="1027" WIDTH="44" HEIGHT="14" WC="0.96" CONTENT="som"/><SP WIDTH="16" VPOS="1027" HPOS="760"/>
							<String ID="string_201" HPOS="776" VPOS="1020" WIDTH="6" HEIGHT="21" WC="0.93" CONTENT="i"/><SP WIDTH="16" VPOS="1020" HPOS="782"/>
							<String ID="string_202" HPOS="798" VPOS="1020" WIDTH="76" HEIGHT="26" WC="0.92" CONTENT="mänga"/><SP WIDTH="11" VPOS="1020" HPOS="874"/>
							<String ID="string_203" HPOS="885" VPOS="1026" WIDTH="35" HEIGHT="15" WC="0.92" CONTENT="an-"/>
						</TextLine>
						<TextLine ID="line_25" HPOS="95" VPOS="1048" WIDTH="827" HEIGHT="27">
							<String ID="string_204" HPOS="95" VPOS="1049" WIDTH="37" HEIGHT="22" WC="0.96" CONTENT="dra"/><SP WIDTH="22" VPOS="1049" HPOS="132"/>
							<String ID="string_205" HPOS="154" VPOS="1049" WIDTH="37" HEIGHT="22" WC="0.92" CONTENT="fall"/><SP WIDTH="20" VPOS="1049" HPOS="191"/>
							<String ID="string_206" HPOS="211" VPOS="1050" WIDTH="37" HEIGHT="25" WC="0.96" CONTENT="går"/><SP WIDTH="15" VPOS="1050" HPOS="248"/>
							<String ID="string_207" HPOS="263" VPOS="1055" WIDTH="47" HEIGHT="15" WC="0.93" CONTENT="man"/><SP WIDTH="17" VPOS="1055" HPOS="310"/>
							<String ID="string_208" HPOS="327" VPOS="1049" WIDTH="145" HEIGHT="21" WC="0.92" CONTENT="brädstörtadt"/><SP WIDTH="16" VPOS="1049" HPOS="472"/>
							<String ID="string_209" HPOS="488" VPOS="1049" WIDTH="92" HEIGHT="26" WC="0.96" CONTENT="tillväga."/><SP WIDTH="32" VPOS="1049" HPOS="580"/>
							<String ID="string_210" HPOS="612" VPOS="1049" WIDTH="43" HEIGHT="21" WC="0.96" CONTENT="Det"/><SP WIDTH="15" VPOS="1049" HPOS="655"/>
							<String ID="string_211" HPOS="670" VPOS="1051" WIDTH="23" HEIGHT="19" WC="0.96" CONTENT="är"/><SP WIDTH="16" VPOS="1051" HPOS="693"/>
							<String ID="string_212" HPOS="709" VPOS="1055" WIDTH="27" HEIGHT="15" WC="0.96" CONTENT="nu"/><SP WIDTH="15" VPOS="1055" HPOS="736"/>
							<String ID="string_213" HPOS="751" VPOS="1048" WIDTH="67" HEIGHT="21" WC="0.93" CONTENT="första"/><SP WIDTH="15" VPOS="1048" HPOS="818"/>
							<String ID="string_214" HPOS="833" VPOS="1049" WIDTH="47" HEIGHT="20" WC="0.96" CONTENT="året"/><SP WIDTH="16" VPOS="1049" HPOS="880"/>
							<String ID="string_215" HPOS="896" VPOS="1048" WIDTH="26" HEIGHT="21" WC="0.96" CONTENT="dä"/>
						</TextLine>
						<TextLine ID="line_26" HPOS="94" VPOS="1076" WIDTH="829" HEIGHT="26">
							<String ID="string_216" HPOS="94" VPOS="1078" WIDTH="69" HEIGHT="21" WC="0.92" CONTENT="elever"/><SP WIDTH="21" VPOS="1078" HPOS="163"/>
							<String ID="string_217" HPOS="184" VPOS="1077" WIDTH="84" HEIGHT="22" WC="0.96" CONTENT="komma"/><SP WIDTH="23" VPOS="1077" HPOS="268"/>
							<String ID="string_218" HPOS="291" VPOS="1080" WIDTH="32" HEIGHT="19" WC="0.93" CONTENT="att"/><SP WIDTH="22" VPOS="1080" HPOS="323"/>
							<String ID="string_219" HPOS="345" VPOS="1078" WIDTH="46" HEIGHT="21" WC="0.92" CONTENT="frän"/><SP WIDTH="16" VPOS="1078" HPOS="391"/>
							<String ID="string_220" HPOS="407" VPOS="1077" WIDTH="121" HEIGHT="22" WC="0.91" CONTENT="seminariet"/><SP WIDTH="15" VPOS="1077" HPOS="528"/>
							<String ID="string_221" HPOS="543" VPOS="1078" WIDTH="163" HEIGHT="24" WC="0.92" CONTENT="utexamineras,"/><SP WIDTH="17" VPOS="1078" HPOS="706"/>
							<String ID="string_222" HPOS="723" VPOS="1077" WIDTH="37" HEIGHT="21" WC="0.96" CONTENT="och"/><SP WIDTH="17" VPOS="1077" HPOS="760"/>
							<String ID="string_223" HPOS="777" VPOS="1083" WIDTH="48" HEIGHT="14" WC="0.93" CONTENT="man"/><SP WIDTH="16" VPOS="1083" HPOS="825"/>
							<String ID="string_224" HPOS="841" VPOS="1076" WIDTH="82" HEIGHT="21" WC="0.91" CONTENT="känner"/>
						</TextLine>
						<TextLine ID="line_27" HPOS="94" VPOS="1104" WIDTH="828" HEIGHT="29">
							<String ID="string_225" HPOS="94" VPOS="1108" WIDTH="56" HEIGHT="19" WC="0.93" CONTENT="ännu"/><SP WIDTH="16" VPOS="1108" HPOS="150"/>
							<String ID="string_226" HPOS="166" VPOS="1106" WIDTH="17" HEIGHT="27" WC="0.96" CONTENT="ej"/><SP WIDTH="18" VPOS="1106" HPOS="183"/>
							<String ID="string_227" HPOS="201" VPOS="1106" WIDTH="53" HEIGHT="21" WC="0.93" CONTENT="huru"/><SP WIDTH="16" VPOS="1106" HPOS="254"/>
							<String ID="string_228" HPOS="270" VPOS="1107" WIDTH="75" HEIGHT="25" WC="0.96" CONTENT="många"/><SP WIDTH="16" VPOS="1107" HPOS="345"/>
							<String ID="string_229" HPOS="361" VPOS="1105" WIDTH="22" HEIGHT="22" WC="0.96" CONTENT="af"/><SP WIDTH="16" VPOS="1105" HPOS="383"/>
							<String ID="string_230" HPOS="399" VPOS="1106" WIDTH="47" HEIGHT="21" WC="0.96" CONTENT="dem"/><SP WIDTH="15" VPOS="1106" HPOS="446"/>
							<String ID="string_231" HPOS="461" VPOS="1106" WIDTH="72" HEIGHT="21" WC="0.93" CONTENT="kunna"/><SP WIDTH="16" VPOS="1106" HPOS="533"/>
							<String ID="string_232" HPOS="549" VPOS="1106" WIDTH="20" HEIGHT="21" WC="0.95" CONTENT="få"/><SP WIDTH="16" VPOS="1106" HPOS="569"/>
							<String ID="string_233" HPOS="585" VPOS="1105" WIDTH="130" HEIGHT="27" WC="0.96" CONTENT="anställning"/><SP WIDTH="12" VPOS="1105" HPOS="715"/>
							<String ID="string_234" HPOS="727" VPOS="1106" WIDTH="70" HEIGHT="21" WC="0.93" CONTENT="såsom"/><SP WIDTH="12" VPOS="1106" HPOS="797"/>
							<String ID="string_235" HPOS="809" VPOS="1104" WIDTH="113" HEIGHT="21" WC="0.93" CONTENT="folkskole-"/>
						</TextLine>
						<TextLine ID="line_28" HPOS="93" VPOS="1133" WIDTH="829" HEIGHT="28">
							<String ID="string_236" HPOS="93" VPOS="1135" WIDTH="76" HEIGHT="21" WC="0.91" CONTENT="lärare."/><SP WIDTH="30" VPOS="1135" HPOS="169"/>
							<String ID="string_237" HPOS="199" VPOS="1134" WIDTH="97" HEIGHT="21" WC="0.90" CONTENT="Enskildt"/><SP WIDTH="22" VPOS="1134" HPOS="296"/>
							<String ID="string_238" HPOS="318" VPOS="1134" WIDTH="39" HEIGHT="21" WC="0.96" CONTENT="har"/><SP WIDTH="20" VPOS="1134" HPOS="357"/>
							<String ID="string_239" HPOS="377" VPOS="1134" WIDTH="36" HEIGHT="27" WC="0.93" CONTENT="jag"/><SP WIDTH="24" VPOS="1134" HPOS="413"/>
							<String ID="string_240" HPOS="437" VPOS="1134" WIDTH="85" HEIGHT="21" WC="0.91" CONTENT="erhällit"/><SP WIDTH="22" VPOS="1134" HPOS="522"/>
							<String ID="string_241" HPOS="544" VPOS="1134" WIDTH="40" HEIGHT="21" WC="0.96" CONTENT="den"/><SP WIDTH="16" VPOS="1134" HPOS="584"/>
							<String ID="string_242" HPOS="600" VPOS="1135" WIDTH="63" HEIGHT="20" WC="0.93" CONTENT="säkra"/><SP WIDTH="15" VPOS="1135" HPOS="663"/>
							<String ID="string_243" HPOS="678" VPOS="1133" WIDTH="155" HEIGHT="22" WC="0.90" CONTENT="underrättelse"/><SP WIDTH="17" VPOS="1133" HPOS="833"/>
							<String ID="string_244" HPOS="850" VPOS="1135" WIDTH="32" HEIGHT="18" WC="0.96" CONTENT="att"/><SP WIDTH="15" VPOS="1135" HPOS="882"/>
							<String ID="string_245" HPOS="897" VPOS="1133" WIDTH="25" HEIGHT="21" WC="0.96" CONTENT="de"/>
						</TextLine>
						<TextLine ID="line_29" HPOS="93" VPOS="1161" WIDTH="830" HEIGHT="28">
							<String ID="string_246" HPOS="93" VPOS="1163" WIDTH="48" HEIGHT="21" WC="0.93" CONTENT="med"/><SP WIDTH="15" VPOS="1163" HPOS="141"/>
							<String ID="string_247" HPOS="156" VPOS="1163" WIDTH="130" HEIGHT="21" WC="0.92" CONTENT="läroverkets"/><SP WIDTH="15" VPOS="1163" HPOS="286"/>
							<String ID="string_248" HPOS="301" VPOS="1162" WIDTH="98" HEIGHT="27" WC="0.96" CONTENT="flyttning"/><SP WIDTH="16" VPOS="1162" HPOS="399"/>
							<String ID="string_249" HPOS="415" VPOS="1163" WIDTH="100" HEIGHT="21" WC="0.93" CONTENT="förenade"/><SP WIDTH="15" VPOS="1163" HPOS="515"/>
							<String ID="string_250" HPOS="530" VPOS="1162" WIDTH="144" HEIGHT="21" WC="0.92" CONTENT="kostnaderne"/><SP WIDTH="16" VPOS="1162" HPOS="674"/>
							<String ID="string_251" HPOS="690" VPOS="1162" WIDTH="115" HEIGHT="21" WC="0.96" CONTENT="beräknats"/><SP WIDTH="14" VPOS="1162" HPOS="805"/>
							<String ID="string_252" HPOS="819" VPOS="1161" WIDTH="57" HEIGHT="26" WC="0.95" CONTENT="stiga"/><SP WIDTH="15" VPOS="1161" HPOS="876"/>
							<String ID="string_253" HPOS="891" VPOS="1161" WIDTH="32" HEIGHT="21" WC="0.96" CONTENT="till"/>
						</TextLine>
						<TextLine ID="line_30" HPOS="94" VPOS="1189" WIDTH="830" HEIGHT="28">
							<String ID="string_254" HPOS="94" VPOS="1197" WIDTH="25" HEIGHT="16" WC="0.96" CONTENT="en"/><SP WIDTH="25" VPOS="1197" HPOS="119"/>
							<String ID="string_255" HPOS="144" VPOS="1191" WIDTH="81" HEIGHT="21" WC="0.96" CONTENT="million"/><SP WIDTH="22" VPOS="1191" HPOS="225"/>
							<String ID="string_256" HPOS="247" VPOS="1191" WIDTH="60" HEIGHT="21" WC="0.96" CONTENT="mark"/><SP WIDTH="23" VPOS="1191" HPOS="307"/>
							<String ID="string_257" HPOS="330" VPOS="1191" WIDTH="39" HEIGHT="21" WC="0.97" CONTENT="och"/><SP WIDTH="24" VPOS="1191" HPOS="369"/>
							<String ID="string_258" HPOS="393" VPOS="1191" WIDTH="47" HEIGHT="21" WC="0.93" CONTENT="med"/><SP WIDTH="16" VPOS="1191" HPOS="440"/>
							<String ID="string_259" HPOS="456" VPOS="1191" WIDTH="120" HEIGHT="26" WC="0.93" CONTENT="möjligaste"/><SP WIDTH="16" VPOS="1191" HPOS="576"/>
							<String ID="string_260" HPOS="592" VPOS="1192" WIDTH="79" HEIGHT="20" WC="0.93" CONTENT="största"/><SP WIDTH="16" VPOS="1192" HPOS="671"/>
							<String ID="string_261" HPOS="687" VPOS="1191" WIDTH="142" HEIGHT="26" WC="0.92" CONTENT="nedprutning"/><SP WIDTH="15" VPOS="1191" HPOS="829"/>
							<String ID="string_262" HPOS="844" VPOS="1189" WIDTH="33" HEIGHT="21" WC="0.93" CONTENT="till"/><SP WIDTH="15" VPOS="1189" HPOS="877"/>
							<String ID="string_263" HPOS="892" VPOS="1190" WIDTH="32" HEIGHT="21" WC="0.92" CONTENT="ät-"/>
						</TextLine>
						<TextLine ID="line_31" HPOS="94" VPOS="1217" WIDTH="829" HEIGHT="28">
							<String ID="string_264" HPOS="94" VPOS="1219" WIDTH="105" HEIGHT="22" WC="0.92" CONTENT="minstone"/><SP WIDTH="24" VPOS="1219" HPOS="199"/>
							<String ID="string_265" HPOS="223" VPOS="1220" WIDTH="91" HEIGHT="25" WC="0.92" CONTENT="900,000"/><SP WIDTH="23" VPOS="1220" HPOS="314"/>
							<String ID="string_266" HPOS="337" VPOS="1219" WIDTH="66" HEIGHT="22" WC="0.93" CONTENT="mark."/><SP WIDTH="30" VPOS="1219" HPOS="403"/>
							<String ID="string_267" HPOS="433" VPOS="1219" WIDTH="75" HEIGHT="22" WC="0.92" CONTENT="Redan"/><SP WIDTH="24" VPOS="1219" HPOS="508"/>
							<String ID="string_268" HPOS="532" VPOS="1219" WIDTH="61" HEIGHT="21" WC="0.93" CONTENT="dessa"/><SP WIDTH="16" VPOS="1219" HPOS="593"/>
							<String ID="string_269" HPOS="609" VPOS="1219" WIDTH="70" HEIGHT="21" WC="0.92" CONTENT="siffror"/><SP WIDTH="15" VPOS="1219" HPOS="679"/>
							<String ID="string_270" HPOS="694" VPOS="1221" WIDTH="82" HEIGHT="19" WC="0.92" CONTENT="ensamt"/><SP WIDTH="15" VPOS="1221" HPOS="776"/>
							<String ID="string_271" HPOS="791" VPOS="1220" WIDTH="51" HEIGHT="25" WC="0.96" CONTENT="göra"/><SP WIDTH="16" VPOS="1220" HPOS="842"/>
							<String ID="string_272" HPOS="858" VPOS="1217" WIDTH="65" HEIGHT="22" WC="0.96" CONTENT="saken"/>
						</TextLine>
						<TextLine ID="line_32" HPOS="95" VPOS="1247" WIDTH="738" HEIGHT="28">
							<String ID="string_273" HPOS="95" VPOS="1248" WIDTH="92" HEIGHT="27" WC="0.92" CONTENT="omöjlig."/><SP WIDTH="30" VPOS="1248" HPOS="187"/>
							<String ID="string_274" HPOS="217" VPOS="1248" WIDTH="40" HEIGHT="26" WC="0.93" CONTENT="Jag"/><SP WIDTH="15" VPOS="1248" HPOS="257"/>
							<String ID="string_275" HPOS="272" VPOS="1247" WIDTH="117" HEIGHT="28" WC="0.90" CONTENT="tillstyrker"/><SP WIDTH="15" VPOS="1247" HPOS="389"/>
							<String ID="string_276" HPOS="404" VPOS="1247" WIDTH="82" HEIGHT="22" WC="0.92" CONTENT="säledes"/><SP WIDTH="15" VPOS="1247" HPOS="486"/>
							<String ID="string_277" HPOS="501" VPOS="1247" WIDTH="60" HEIGHT="22" WC="0.90" CONTENT="bifall"/><SP WIDTH="16" VPOS="1247" HPOS="561"/>
							<String ID="string_278" HPOS="577" VPOS="1247" WIDTH="31" HEIGHT="22" WC="0.93" CONTENT="till"/><SP WIDTH="17" VPOS="1247" HPOS="608"/>
							<String ID="string_279" HPOS="625" VPOS="1247" WIDTH="208" HEIGHT="28" WC="0.92" CONTENT="petitionsförslaget."/>
						</TextLine>
					</TextBlock>
				</ComposedBlock>
				<ComposedBlock ID="cblock_6" HPOS="92" VPOS="1301" WIDTH="835" HEIGHT="229">
					<TextBlock ID="block_5" HPOS="92" VPOS="1301" WIDTH="835" HEIGHT="229">
						<TextLine ID="line_33" HPOS="162" VPOS="1301" WIDTH="760" HEIGHT="25">
							<String ID="string_280" HPOS="162" VPOS="1304" WIDTH="124" HEIGHT="21" WC="0.93" CONTENT="Professorn"/><SP WIDTH="17" VPOS="1304" HPOS="286"/>
							<String ID="string_281" HPOS="303" VPOS="1304" WIDTH="76" HEIGHT="21" WC="0.93" CONTENT="doktor"/><SP WIDTH="22" VPOS="1304" HPOS="379"/>
							<String ID="string_282" HPOS="401" VPOS="1304" WIDTH="107" HEIGHT="22" WC="0.92" CONTENT="Geitlin"/><SP WIDTH="22" VPOS="1304" HPOS="508"/>
							<String ID="string_283" HPOS="530" VPOS="1311" WIDTH="38" HEIGHT="14" WC="0.95" CONTENT="var"/><SP WIDTH="21" VPOS="1311" HPOS="568"/>
							<String ID="string_284" HPOS="589" VPOS="1304" WIDTH="7" HEIGHT="21" WC="0.93" CONTENT="i"/><SP WIDTH="23" VPOS="1304" HPOS="596"/>
							<String ID="string_285" HPOS="619" VPOS="1303" WIDTH="42" HEIGHT="22" WC="0.91" CONTENT="allo"/><SP WIDTH="24" VPOS="1303" HPOS="661"/>
							<String ID="string_286" HPOS="685" VPOS="1310" WIDTH="48" HEIGHT="15" WC="0.92" CONTENT="ense"/><SP WIDTH="23" VPOS="1310" HPOS="733"/>
							<String ID="string_287" HPOS="756" VPOS="1303" WIDTH="48" HEIGHT="22" WC="0.96" CONTENT="med"/><SP WIDTH="22" VPOS="1303" HPOS="804"/>
							<String ID="string_288" HPOS="826" VPOS="1303" WIDTH="26" HEIGHT="20" WC="0.92" CONTENT="de"/><SP WIDTH="16" VPOS="1303" HPOS="852"/>
							<String ID="string_289" HPOS="868" VPOS="1301" WIDTH="54" HEIGHT="22" WC="0.92" CONTENT="före-"/>
						</TextLine>
						<TextLine ID="line_34" HPOS="93" VPOS="1331" WIDTH="832" HEIGHT="28">
							<String ID="string_290" HPOS="93" VPOS="1333" WIDTH="82" HEIGHT="26" WC="0.92" CONTENT="gäende"/><SP WIDTH="15" VPOS="1333" HPOS="175"/>
							<String ID="string_291" HPOS="190" VPOS="1333" WIDTH="94" HEIGHT="21" WC="0.92" CONTENT="talarene"/><SP WIDTH="15" VPOS="1333" HPOS="284"/>
							<String ID="string_292" HPOS="299" VPOS="1333" WIDTH="42" HEIGHT="21" WC="0.96" CONTENT="och"/><SP WIDTH="15" VPOS="1333" HPOS="341"/>
							<String ID="string_293" HPOS="356" VPOS="1332" WIDTH="49" HEIGHT="22" WC="0.96" CONTENT="ville"/><SP WIDTH="15" VPOS="1332" HPOS="405"/>
							<String ID="string_294" HPOS="420" VPOS="1333" WIDTH="32" HEIGHT="21" WC="0.93" CONTENT="till"/><SP WIDTH="15" VPOS="1333" HPOS="452"/>
							<String ID="string_295" HPOS="467" VPOS="1333" WIDTH="57" HEIGHT="20" WC="0.93" CONTENT="förut"/><SP WIDTH="16" VPOS="1333" HPOS="524"/>
							<String ID="string_296" HPOS="540" VPOS="1333" WIDTH="23" HEIGHT="21" WC="0.96" CONTENT="af"/><SP WIDTH="14" VPOS="1333" HPOS="563"/>
							<String ID="string_297" HPOS="577" VPOS="1333" WIDTH="47" HEIGHT="20" WC="0.96" CONTENT="dem"/><SP WIDTH="16" VPOS="1333" HPOS="624"/>
							<String ID="string_298" HPOS="640" VPOS="1332" WIDTH="39" HEIGHT="21" WC="0.96" CONTENT="och"/><SP WIDTH="16" VPOS="1332" HPOS="679"/>
							<String ID="string_299" HPOS="695" VPOS="1333" WIDTH="6" HEIGHT="19" WC="0.93" CONTENT="i"/><SP WIDTH="17" VPOS="1333" HPOS="701"/>
							<String ID="string_300" HPOS="718" VPOS="1331" WIDTH="156" HEIGHT="21" WC="0.91" CONTENT="bondeständet"/><SP WIDTH="16" VPOS="1331" HPOS="874"/>
							<String ID="string_301" HPOS="890" VPOS="1337" WIDTH="35" HEIGHT="15" WC="0.91" CONTENT="an-"/>
						</TextLine>
						<TextLine ID="line_35" HPOS="93" VPOS="1358" WIDTH="832" HEIGHT="30">
							<String ID="string_302" HPOS="93" VPOS="1360" WIDTH="60" HEIGHT="22" WC="0.92" CONTENT="förda"/><SP WIDTH="22" VPOS="1360" HPOS="153"/>
							<String ID="string_303" HPOS="175" VPOS="1361" WIDTH="46" HEIGHT="21" WC="0.93" CONTENT="skäl"/><SP WIDTH="22" VPOS="1361" HPOS="221"/>
							<String ID="string_304" HPOS="243" VPOS="1361" WIDTH="87" HEIGHT="27" WC="0.91" CONTENT="tillägga"/><SP WIDTH="27" VPOS="1361" HPOS="330"/>
							<String ID="string_305" HPOS="357" VPOS="1362" WIDTH="32" HEIGHT="20" WC="0.96" CONTENT="att"/><SP WIDTH="16" VPOS="1362" HPOS="389"/>
							<String ID="string_306" HPOS="405" VPOS="1361" WIDTH="33" HEIGHT="25" WC="0.93" CONTENT="dä,"/><SP WIDTH="17" VPOS="1361" HPOS="438"/>
							<String ID="string_307" HPOS="455" VPOS="1362" WIDTH="70" HEIGHT="20" WC="0.93" CONTENT="säsom"/><SP WIDTH="15" VPOS="1362" HPOS="525"/>
							<String ID="string_308" HPOS="540" VPOS="1360" WIDTH="81" HEIGHT="22" WC="0.91" CONTENT="bekant"/><SP WIDTH="14" VPOS="1360" HPOS="621"/>
							<String ID="string_309" HPOS="635" VPOS="1367" WIDTH="58" HEIGHT="19" WC="0.92" CONTENT="vore,"/><SP WIDTH="16" VPOS="1367" HPOS="693"/>
							<String ID="string_310" HPOS="709" VPOS="1359" WIDTH="193" HEIGHT="28" WC="0.93" CONTENT="Jyväskyläboerne"/><SP WIDTH="16" VPOS="1359" HPOS="902"/>
							<String ID="string_311" HPOS="918" VPOS="1358" WIDTH="7" HEIGHT="21" WC="0.96" CONTENT="i"/>
						</TextLine>
						<TextLine ID="line_36" HPOS="93" VPOS="1387" WIDTH="832" HEIGHT="29">
							<String ID="string_312" HPOS="93" VPOS="1388" WIDTH="141" HEIGHT="28" WC="0.90" CONTENT="förhoppning"/><SP WIDTH="15" VPOS="1388" HPOS="234"/>
							<String ID="string_313" HPOS="249" VPOS="1396" WIDTH="34" HEIGHT="15" WC="0.93" CONTENT="om"/><SP WIDTH="15" VPOS="1396" HPOS="283"/>
							<String ID="string_314" HPOS="298" VPOS="1390" WIDTH="137" HEIGHT="21" WC="0.92" CONTENT="seminariets"/><SP WIDTH="16" VPOS="1390" HPOS="435"/>
							<String ID="string_315" HPOS="451" VPOS="1388" WIDTH="126" HEIGHT="23" WC="0.92" CONTENT="bofästande"/><SP WIDTH="16" VPOS="1388" HPOS="577"/>
							<String ID="string_316" HPOS="593" VPOS="1389" WIDTH="109" HEIGHT="21" WC="0.93" CONTENT="derstädes"/><SP WIDTH="15" VPOS="1389" HPOS="702"/>
							<String ID="string_317" HPOS="717" VPOS="1388" WIDTH="87" HEIGHT="27" WC="0.93" CONTENT="uppfört"/><SP WIDTH="14" VPOS="1388" HPOS="804"/>
							<String ID="string_318" HPOS="818" VPOS="1387" WIDTH="51" HEIGHT="22" WC="0.92" CONTENT="flere"/><SP WIDTH="15" VPOS="1387" HPOS="869"/>
							<String ID="string_319" HPOS="884" VPOS="1393" WIDTH="41" HEIGHT="21" WC="0.96" CONTENT="nya"/>
						</TextLine>
						<TextLine ID="line_37" HPOS="92" VPOS="1415" WIDTH="834" HEIGHT="30">
							<String ID="string_320" HPOS="92" VPOS="1417" WIDTH="123" HEIGHT="28" WC="0.92" CONTENT="byggnader"/><SP WIDTH="22" VPOS="1417" HPOS="215"/>
							<String ID="string_321" HPOS="237" VPOS="1417" WIDTH="32" HEIGHT="22" WC="0.96" CONTENT="för"/><SP WIDTH="22" VPOS="1417" HPOS="269"/>
							<String ID="string_322" HPOS="291" VPOS="1418" WIDTH="48" HEIGHT="21" WC="0.93" CONTENT="dess"/><SP WIDTH="26" VPOS="1418" HPOS="339"/>
							<String ID="string_323" HPOS="365" VPOS="1417" WIDTH="66" HEIGHT="22" WC="0.92" CONTENT="behof"/><SP WIDTH="14" VPOS="1417" HPOS="431"/>
							<String ID="string_324" HPOS="445" VPOS="1418" WIDTH="38" HEIGHT="21" WC="0.97" CONTENT="och"/><SP WIDTH="16" VPOS="1418" HPOS="483"/>
							<String ID="string_325" HPOS="499" VPOS="1417" WIDTH="32" HEIGHT="22" WC="0.97" CONTENT="för"/><SP WIDTH="16" VPOS="1417" HPOS="531"/>
							<String ID="string_326" HPOS="547" VPOS="1418" WIDTH="48" HEIGHT="21" WC="0.93" CONTENT="dem"/><SP WIDTH="16" VPOS="1418" HPOS="595"/>
							<String ID="string_327" HPOS="611" VPOS="1417" WIDTH="105" HEIGHT="27" WC="0.92" CONTENT="päräknat"/><SP WIDTH="15" VPOS="1417" HPOS="716"/>
							<String ID="string_328" HPOS="731" VPOS="1417" WIDTH="71" HEIGHT="27" WC="0.93" CONTENT="hyror,"/><SP WIDTH="16" VPOS="1417" HPOS="802"/>
							<String ID="string_329" HPOS="818" VPOS="1417" WIDTH="24" HEIGHT="21" WC="0.93" CONTENT="sä"/><SP WIDTH="16" VPOS="1417" HPOS="842"/>
							<String ID="string_330" HPOS="858" VPOS="1415" WIDTH="68" HEIGHT="22" WC="0.92" CONTENT="blefve"/>
						</TextLine>
						<TextLine ID="line_38" HPOS="94" VPOS="1444" WIDTH="831" HEIGHT="29">
							<String ID="string_331" HPOS="94" VPOS="1445" WIDTH="60" HEIGHT="22" WC="0.91" CONTENT="dessa"/><SP WIDTH="23" VPOS="1445" HPOS="154"/>
							<String ID="string_332" HPOS="177" VPOS="1446" WIDTH="116" HEIGHT="22" WC="0.91" CONTENT="husvärdar"/><SP WIDTH="22" VPOS="1446" HPOS="293"/>
							<String ID="string_333" HPOS="315" VPOS="1447" WIDTH="27" HEIGHT="26" WC="0.96" CONTENT="pä"/><SP WIDTH="25" VPOS="1447" HPOS="342"/>
							<String ID="string_334" HPOS="367" VPOS="1448" WIDTH="31" HEIGHT="19" WC="0.93" CONTENT="ett"/><SP WIDTH="15" VPOS="1448" HPOS="398"/>
							<String ID="string_335" HPOS="413" VPOS="1446" WIDTH="99" HEIGHT="21" WC="0.92" CONTENT="orättvist"/><SP WIDTH="16" VPOS="1446" HPOS="512"/>
							<String ID="string_336" HPOS="528" VPOS="1448" WIDTH="43" HEIGHT="19" WC="0.93" CONTENT="sätt"/><SP WIDTH="15" VPOS="1448" HPOS="571"/>
							<String ID="string_337" HPOS="586" VPOS="1445" WIDTH="148" HEIGHT="27" WC="0.93" CONTENT="förfördelade,"/><SP WIDTH="16" VPOS="1445" HPOS="734"/>
							<String ID="string_338" HPOS="750" VPOS="1452" WIDTH="35" HEIGHT="15" WC="0.92" CONTENT="om"/><SP WIDTH="15" VPOS="1452" HPOS="785"/>
							<String ID="string_339" HPOS="800" VPOS="1444" WIDTH="125" HEIGHT="27" WC="0.92" CONTENT="flyttningen"/>
						</TextLine>
						<TextLine ID="line_39" HPOS="92" VPOS="1472" WIDTH="834" HEIGHT="29">
							<String ID="string_340" HPOS="92" VPOS="1475" WIDTH="65" HEIGHT="21" WC="0.96" CONTENT="redan"/><SP WIDTH="24" VPOS="1475" HPOS="157"/>
							<String ID="string_341" HPOS="181" VPOS="1481" WIDTH="28" HEIGHT="14" WC="0.93" CONTENT="nu"/><SP WIDTH="22" VPOS="1481" HPOS="209"/>
							<String ID="string_342" HPOS="231" VPOS="1475" WIDTH="148" HEIGHT="21" WC="0.91" CONTENT="verkställdes."/><SP WIDTH="31" VPOS="1475" HPOS="379"/>
							<String ID="string_343" HPOS="410" VPOS="1475" WIDTH="78" HEIGHT="21" WC="0.91" CONTENT="Vidare"/><SP WIDTH="23" VPOS="1475" HPOS="488"/>
							<String ID="string_344" HPOS="511" VPOS="1474" WIDTH="69" HEIGHT="21" WC="0.91" CONTENT="blefve"/><SP WIDTH="21" VPOS="1474" HPOS="580"/>
							<String ID="string_345" HPOS="601" VPOS="1474" WIDTH="42" HEIGHT="27" WC="0.91" CONTENT="det,"/><SP WIDTH="16" VPOS="1474" HPOS="643"/>
							<String ID="string_346" HPOS="659" VPOS="1473" WIDTH="44" HEIGHT="22" WC="0.93" CONTENT="ifall"/><SP WIDTH="16" VPOS="1473" HPOS="703"/>
							<String ID="string_347" HPOS="719" VPOS="1473" WIDTH="122" HEIGHT="22" WC="0.92" CONTENT="seminariet"/><SP WIDTH="14" VPOS="1473" HPOS="841"/>
							<String ID="string_348" HPOS="855" VPOS="1472" WIDTH="71" HEIGHT="27" WC="0.93" CONTENT="flytta-"/>
						</TextLine>
						<TextLine ID="line_40" HPOS="93" VPOS="1501" WIDTH="834" HEIGHT="29">
							<String ID="string_349" HPOS="93" VPOS="1502" WIDTH="37" HEIGHT="22" WC="0.94" CONTENT="des"/><SP WIDTH="22" VPOS="1502" HPOS="130"/>
							<String ID="string_350" HPOS="152" VPOS="1503" WIDTH="32" HEIGHT="21" WC="0.93" CONTENT="till"/><SP WIDTH="23" VPOS="1503" HPOS="184"/>
							<String ID="string_351" HPOS="207" VPOS="1503" WIDTH="102" HEIGHT="22" WC="0.92" CONTENT="närheten"/><SP WIDTH="25" VPOS="1503" HPOS="309"/>
							<String ID="string_352" HPOS="334" VPOS="1503" WIDTH="22" HEIGHT="21" WC="0.96" CONTENT="af"/><SP WIDTH="21" VPOS="1503" HPOS="356"/>
							<String ID="string_353" HPOS="377" VPOS="1503" WIDTH="120" HEIGHT="27" WC="0.95" CONTENT="Jyväskylä,"/><SP WIDTH="24" VPOS="1503" HPOS="497"/>
							<String ID="string_354" HPOS="521" VPOS="1509" WIDTH="26" HEIGHT="15" WC="0.93" CONTENT="en"/><SP WIDTH="16" VPOS="1509" HPOS="547"/>
							<String ID="string_355" HPOS="563" VPOS="1502" WIDTH="157" HEIGHT="27" WC="0.92" CONTENT="nödvändighet"/><SP WIDTH="15" VPOS="1502" HPOS="720"/>
							<String ID="string_356" HPOS="735" VPOS="1501" WIDTH="32" HEIGHT="22" WC="0.93" CONTENT="för"/><SP WIDTH="16" VPOS="1501" HPOS="767"/>
							<String ID="string_357" HPOS="783" VPOS="1501" WIDTH="97" HEIGHT="22" WC="0.92" CONTENT="eleverne"/><SP WIDTH="15" VPOS="1501" HPOS="880"/>
							<String ID="string_358" HPOS="895" VPOS="1502" WIDTH="32" HEIGHT="20" WC="0.96" CONTENT="att"/>
						</TextLine>
					</TextBlock>
				</ComposedBlock>
			</PrintSpace>
		</Page>
	</Layout>
</alto>
