1109 1795
231 95 40 20 620
432 100 167 18 Presteståndet.
624 101 53 17 1867.
703 102 20 15 11
735 101 62 20 April.

201 185 80 22 vikarie
297 186 68 21 under
375 186 65 25 tiden,
451 186 40 21 och
502 187 68 20 denne
583 186 24 21 af
618 188 70 19 staten
699 186 117 25 aflönades;
833 187 89 21 emedan
934 187 92 21 lefnads-

201 215 119 20 kostnaden
336 215 6 20 i
358 215 47 20 stad
425 221 50 14 vore
499 215 76 26 dyrare
599 217 25 18 än
641 215 12 20 å
668 215 79 25 landet,
769 215 62 21 torde
854 215 59 21 detta
933 222 51 15 vara
1005 215 23 22 af

201 243 70 21 nöden
307 243 90 21 Talaren
419 243 93 27 föreslog
534 245 33 19 att
589 243 35 21 två
647 245 108 25 prestmän
777 243 73 22 valdes
873 244 69 21 derest
965 245 18 26 ej
1000 251 25 15 en

201 271 106 50 (EDIT
329 271 70 22 lektor
422 271 54 27 finge
499 272 57 26 plats
570 272 7 21 i
593 271 147 28 domkapitlet,
763 278 49 15 men
827 272 6 21 i
849 274 65 19 annat
936 272 37 21 fall
988 279 38 15 en-

216 302 33 19 ast
265 306 32 15 en.

271 357 89 20 Prosten
382 357 129 21 Borenius
529 357 48 21 ville
593 357 60 21 äfven
669 357 85 21 biträda
769 357 41 21 den
826 357 23 22 af
862 357 78 22 doktor
954 358 70 26 Bergh

201 385 144 21 framkastade
367 385 147 21 modifikation
537 388 33 19 att
585 386 76 21 endast
675 392 26 14 en
717 387 108 25 prestman
841 387 100 20 invaldes.
972 387 52 20 Der-

201 414 85 26 igenom
309 414 68 21 blefve
399 415 43 20 alla
462 415 105 21 intressen
582 414 106 22 bevarade
703 415 7 20 i
725 414 100 22 afseende
841 415 13 20 å
869 415 155 27 domkapitlens

202 443 144 26 organisation
357 442 39 21 och
407 443 197 26 sammansättning.
629 443 32 20 De
672 444 98 25 ständiga
780 444 165 20 medlemmarna
956 444 67 20 blefve

202 471 110 26 biskopen,
333 471 136 26 domprosten
485 471 39 21 och
540 471 197 26 theologielektorn,
753 472 40 20 den
809 472 129 21 sistnämnde
954 472 69 21 såsom

201 501 132 19 examinator
355 499 38 21 och
416 500 145 21 förmedlande
577 500 50 21 länk
642 500 90 21 emellan
747 500 83 26 kyrkan
846 501 39 20 och
901 501 80 24 skolan,
998 506 26 15 en

201 528 48 21 vald
272 528 93 21 ledamot
380 528 39 21 och
435 529 40 20 den
489 529 102 26 juridiskt
606 529 92 20 bildade,
714 529 86 20 hvilken
816 529 66 20 tillika
900 535 37 14 var
952 529 71 20 sekre-

201 559 76 18 terare.
308 557 49 20 Med
381 557 68 20 denna
472 557 119 26 anordning
612 563 50 15 vore
679 557 60 21 äfven
755 557 81 21 mindre
852 557 114 21 kostnader
981 557 43 21 för-

200 585 74 22 enade.
304 585 90 21 Prosten
416 585 59 26 Hjelt
497 585 55 21 hade
574 588 67 24 yttrat
663 588 32 18 att
713 586 83 26 kyrkan
812 588 53 19 stött
880 586 74 21 skolan
969 585 54 22 ifrån

201 614 37 26 sig.
270 613 28 22 Så
313 620 38 15 var
365 614 118 21 emellertid
499 615 19 26 ej
534 614 66 27 fallet,
617 616 51 19 utan
683 616 99 19 tvärtom.

270 671 141 26 Domprosten
432 671 78 20 doktor
531 671 65 26 Borg
618 671 50 21 fann
690 671 69 26 någon
783 671 129 27 gemenskap
934 671 89 21 emellan

200 699 83 26 kyrkan
299 699 39 21 och
354 699 73 21 skolan
443 699 18 26 ej
477 706 52 14 vara
544 699 23 21 af
580 699 69 21 nöden
665 700 52 20 eller
732 700 52 20 värd
800 702 32 18 att
848 700 43 21 tala
907 706 40 15 om.
970 700 54 20 För-

201 727 61 21 delen
277 728 70 21 kunde
361 728 101 25 jemföras
478 728 47 21 med
542 728 40 21 den
598 728 23 21 af
630 734 121 19 gemensam
762 728 145 21 vaktmästare
917 728 33 21 för
961 728 62 21 båda.

200 756 47 21 Den
270 757 48 20 med
340 757 25 20 de
387 757 112 26 grundliga
522 757 133 26 theologiska
676 757 114 26 insigterne
807 757 110 20 utrustade
933 757 90 25 lektorn,

200 785 71 21 kunde
291 791 50 15 vara
362 785 62 26 högst
447 785 93 27 okunnig
554 785 7 21 i
577 785 222 26 församlingsvården.
830 785 72 26 Enligt
924 785 40 21 den
980 785 43 26 kej-

201 813 78 27 serliga
293 814 157 26 propositionen
466 813 111 22 fordrades
593 814 22 21 af
629 815 26 20 de
671 814 127 21 omtvistade
814 814 144 21 ledamöterne
969 813 54 22 både

200 842 134 26 theologiska
356 842 86 27 insigter
465 843 39 20 och
526 843 98 25 praktisk
644 843 126 20 erfarenhet.
801 843 44 25 Att,
862 842 68 21 såsom
946 842 77 27 kyrko-

200 870 81 21 herden
304 871 55 20 Roos
381 873 74 24 yttrat,
477 871 81 20 sträfva
579 871 32 21 till
627 871 121 26 kunskaper
764 871 39 21 och
819 871 110 26 duglighet
943 871 33 21 för
991 873 32 18 att

201 898 65 21 blifva
281 899 6 20 i
303 899 139 27 domkapitlet
456 899 78 26 invald,
550 899 66 27 ansåg
631 900 135 26 domprosten
784 906 51 14 vara
851 901 32 19 att
895 899 86 21 förråda
990 900 32 20 sin

199 927 131 27 församling,
345 928 32 21 sin
392 928 73 26 familj.
491 928 142 26 Domprosten
645 928 48 21 ville
704 929 33 20 för
749 928 76 21 sådant
835 928 37 21 fall
884 928 64 21 hellre
959 927 64 21 hafva

200 956 46 21 sina
261 956 120 26 kunskaper
396 956 39 21 och
451 956 31 21 sin
499 957 110 26 duglighet
624 957 129 20 obemärkte.

268 1013 124 22 Professorn
415 1013 78 22 doktor
514 1014 97 22 Geitlin
628 1014 111 21 anmärkte
755 1015 32 20 att
802 1013 138 22 förevarande
955 1013 67 27 fråga,

199 1048 45 15 som
260 1042 7 21 i
283 1042 31 27 sig
336 1043 49 26 sjelf
403 1049 38 14 var
463 1042 110 22 invecklad
589 1049 47 20 nog,
653 1045 71 24 syntes
739 1042 30 21 bli
785 1042 38 21 allt
840 1048 58 15 mera
912 1042 111 21 invecklad

197 1070 24 27 ju
236 1077 59 15 mera
317 1071 39 20 den
372 1071 154 22 diskuterades.
557 1071 73 21 Redan
645 1064 56 28 hade
716 1071 128 21 åtminstone
860 1071 33 26 sju
908 1071 57 20 olika
979 1070 43 21 för-

199 1099 46 26 slag
268 1098 68 22 blifvit
357 1099 153 26 framkastade,
532 1100 115 26 nemligen:
671 1100 40 21 den
729 1099 114 27 kejserliga
858 1099 164 26 propositionen,

198 1127 117 22 utskottets
330 1128 141 26 betänkande,
487 1117 78 32 doktor
580 1129 87 26 Berghs,
684 1131 86 23 prosten
787 1128 76 26 Hjelts,
874 1127 148 28 kyrkoherden

199 1155 108 25 Castréns,
329 1159 86 23 prosten
438 1157 109 21 Borenius'
564 1157 39 21 och
619 1157 99 26 slutligen
734 1157 200 25 kontraktsprosten
951 1155 71 22 Siréns

198 1185 86 26 förslag,
300 1185 7 20 i
320 1185 81 21 hvilket
423 1185 130 21 sistnämnde
577 1186 52 21 eller
651 1187 32 20 att
703 1185 48 21 hela
767 1184 255 27 reorganisationsfrågan

199 1213 44 21 tills
259 1213 71 21 vidare
345 1213 68 22 skulle
429 1214 81 21 lemnas
525 1214 106 21 beroende
642 1214 122 27 professorn
776 1214 33 21 för
821 1214 32 21 sin
864 1213 34 21 del
908 1213 113 25 instämde;

198 1241 57 22 helst
277 1242 62 21 deraf
355 1242 129 21 åtminstone
506 1249 50 15 vore
579 1243 40 21 den
642 1243 94 20 fördelen
759 1244 34 19 att
814 1243 67 26 nägra
903 1241 119 27 synnerliga

198 1270 117 21 kostnader
339 1270 32 21 för
396 1271 122 21 ändamålet
542 1271 47 21 icke
619 1271 142 21 erfordrades.
793 1270 229 27 Gymnasiilektorerne

198 1305 50 15 voro
264 1299 130 27 gemenligen
409 1299 133 27 intelligenta
557 1300 40 21 och
612 1299 156 27 vetenskapligt
784 1299 86 21 bildade
885 1300 55 23 män,
951 1298 71 21 hvilka

197 1328 35 20 väl
254 1328 71 20 kunde
348 1329 60 25 sägas
431 1328 67 21 sakna
520 1329 121 20 erfarenhet
662 1329 6 19 i
689 1327 222 26 församlingsvården,
934 1333 48 15 men
1003 1327 18 25 ej

197 1355 76 21 känsla
295 1356 33 20 för
350 1358 43 19 rätt
415 1356 39 21 och
475 1359 69 23 sannt,
560 1356 81 21 hvilket
656 1363 37 14 var
709 1356 155 21 hufvudsaken.
894 1355 81 21 Genom
990 1357 33 19 att

197 1384 57 26 välja
269 1384 65 22 bland
347 1386 125 26 pastorerne
487 1385 84 22 komme
588 1386 61 21 deras
664 1385 156 21 innehafvande
831 1384 149 27 församlingar
990 1386 32 19 att

197 1412 67 21 blifva
286 1413 127 26 prebenden,
437 1414 72 21 hvilka
529 1414 54 21 dock
607 1414 64 26 enligt
693 1414 101 21 nutidens
816 1414 86 26 äsigter,
922 1413 18 26 ej
956 1413 66 20 borde

197 1441 69 21 finnas
289 1442 38 20 till.
357 1443 38 20 Ett
417 1442 126 27 bepröfvadt
565 1443 52 26 godt
639 1449 50 14 vore
705 1443 71 20 bättre
793 1444 26 19 än
836 1444 31 19 ett
883 1441 139 27 obepröfvadt

197 1471 53 24 nytt.
282 1470 74 27 Någon
369 1471 64 26 jurist
449 1471 102 21 behöfdes
567 1471 18 26 ej
602 1471 73 20 heller.
700 1471 32 20 De
746 1471 106 26 juridiska
867 1471 93 25 insigter,
976 1475 45 15 som

197 1497 142 26 erfordrades,
361 1499 72 21 kunde
455 1499 39 21 hos
516 1499 72 27 hvarje
612 1499 207 21 konsistoriinotarie
841 1499 113 26 päräknas.
1005 1501 17 18 Ät-
