1109 1795
310 109 166 18 Presteståndet.
501 111 57 16 1867.
583 110 12 17 6
607 110 64 21 April.
834 105 42 20 503

80 195 72 21 hvilka
175 195 38 20 ord
235 200 45 15 som
304 194 61 23 helst,
387 195 42 20 kan
451 195 106 20 afkunnas
579 195 33 20 för
630 195 54 24 dem,
699 201 46 14 som
760 201 51 15 erna
826 195 32 27 sig
873 195 33 22 till

81 223 95 21 Herrans
192 223 105 24 nattvard,
313 223 52 21 eller
379 223 54 20 icke.

150 251 40 26 Jag
213 251 35 21 vill
271 253 65 24 öppet
353 251 100 26 erkänna,
469 253 33 19 att
515 251 37 26 jag
567 251 7 21 i
590 257 25 15 en
631 251 50 26 lång
695 251 52 26 följd
761 252 24 21 af
797 251 30 27 år,
844 251 62 22 äfven

81 279 66 21 sedan
160 279 37 26 jag
212 279 59 21 trädt
285 280 7 20 i
307 279 177 27 prestaembetets
499 279 104 26 utöfning,
619 279 50 27 hyst
684 286 25 14 en
725 280 44 20 inre
785 280 121 27 obenägen-

82 308 37 21 het
142 310 57 19 emot
217 307 28 21 all
260 308 107 26 villkorlig
382 307 109 27 aflösning,
509 307 39 22 och
564 308 42 20 kan
622 308 47 20 icke
685 314 36 14 ens
736 308 7 21 i
758 307 69 22 denna
842 309 64 20 stund

82 336 113 26 godkänna
218 336 40 20 den
281 338 47 19 rent
350 336 120 26 villkorliga
491 335 84 22 formen
590 335 33 21 för
639 336 131 21 densamma:
787 337 53 25 ,,Om
856 337 51 21 eder

82 365 65 25 ånger
168 366 24 19 är
213 364 115 27 uppriktig,
349 364 50 21 eder
422 366 33 19 tro
471 364 95 26 allvarlig
584 365 55 20 etc.''
668 364 48 21 Men
733 366 30 19 ett
778 365 74 26 längre
867 365 39 21 och

82 393 88 27 djupare
192 392 151 26 begrundande
365 393 22 21 af
407 392 65 21 saken
495 393 40 21 och
558 392 123 27 isynnerhet
700 399 24 15 en
740 393 67 21 under
822 395 85 20 senaste

82 421 51 21 åren
148 421 109 26 företagen
273 421 128 26 omständlig
411 420 111 27 forskning
532 420 55 22 efter
600 421 121 21 Lutherska
732 421 93 27 kyrkans
836 422 71 26 praxis

82 450 6 20 i
105 450 60 20 detta
187 449 99 21 afseende
308 449 39 20 har
367 449 112 20 efterhand
493 449 44 20 fört
552 450 43 25 mig
609 450 32 20 till
658 450 40 20 den
714 450 145 26 öfvertygelse,
875 451 33 19 att

82 477 108 21 allmänna
213 477 162 21 skriftermålets
398 477 132 21 afskaffande
552 477 71 21 såsom
642 477 147 21 beredelseakt
803 477 32 21 till
850 479 58 19 natt-

82 506 91 21 vardens
189 505 114 27 begående,
319 512 49 15 vore
384 505 65 26 något
463 505 34 22 för
507 505 38 21 vår
555 505 69 27 kyrka
636 506 7 20 i
654 506 41 20 den
705 506 132 21 närvarande
848 506 59 21 tiden

81 536 78 25 ytterst
174 534 98 26 skadligt.

151 562 45 21 Vår
217 562 68 27 kyrka
307 562 104 21 erkänner
430 562 65 27 enligt
510 562 47 21 sina
572 562 136 26 evangeliska
723 562 185 26 lärogrundsatser

83 591 59 20 såväl
164 591 36 20 det
222 590 105 21 särskilda
347 597 45 14 som
413 590 108 21 allmänna
537 590 158 26 skriftermålet,
711 590 41 21 hon
768 591 140 20 tillerkänner

83 619 23 20 åt
122 619 149 20 skriftefadren
287 619 62 26 ingen
364 620 44 19 rätt
423 620 32 19 att
471 620 57 19 emot
544 619 41 20 den
600 618 129 21 skriftandes
745 621 48 24 eget
807 619 101 25 frivilliga

83 647 147 26 medgifvande
252 647 82 26 påyrka
356 649 31 18 ett
409 647 101 20 särskildt
532 647 153 26 uppräknande
701 647 22 21 af
736 647 111 26 synderna,
868 647 40 20 och

84 675 86 26 sålänge
186 675 23 20 så
225 675 102 21 förhåller
343 675 37 26 sig,
397 675 24 21 så
435 675 62 26 länge
513 681 27 14 en
555 675 137 21 skriftefader
707 675 60 21 äfven
783 675 28 27 på
826 677 32 19 ett
870 675 38 21 all-

83 705 60 19 mänt
158 703 136 21 erkännande
309 703 24 21 af
346 703 138 27 syndigheten
499 705 25 19 är
539 704 74 26 pligtig
629 705 33 19 att
673 703 7 21 i
692 704 115 21 allmänhet
819 703 90 21 hänvisa

84 731 33 21 till
140 731 59 21 Guds
222 732 168 26 barmhertighet
404 732 7 20 i
427 731 72 22 Kristo
520 733 57 24 Jesu,
595 732 23 21 sä
633 732 62 26 länge
710 732 67 21 mäste
791 732 65 26 jemte
872 732 37 20 det

84 759 105 22 särskilda
211 760 158 25 skriftermälet,
392 759 61 22 äfven
476 761 32 20 ett
522 760 90 21 allmänt
627 760 21 21 af
662 760 39 21 vär
715 760 67 26 kyrka
797 760 111 21 erkännas.

84 788 82 21 Sådant
185 788 40 21 har
240 788 65 21 också
320 788 143 21 förhållandet
478 789 57 20 inom
550 788 69 21 henne
635 789 55 20 varit
705 788 39 21 allt
758 788 55 21 ifrån
829 788 79 26 begyn-

85 817 77 20 nelsen.
193 817 27 20 Vi
242 817 57 20 finna
313 817 105 26 nemligen
434 823 25 14 en
475 817 77 20 allmän
569 817 103 26 aflösning
688 817 110 26 begagnad
813 816 45 21 dels
873 816 36 21 vid

84 845 115 26 predikans
219 845 48 24 slut,
283 845 46 21 dels
343 845 35 21 vid
393 845 224 26 nattvardsgästernas
631 845 111 26 framgång
756 845 32 21 till
804 844 104 21 nådebor-

84 873 43 21 det.
157 873 76 21 Denna
255 873 108 21 allmänna
385 873 103 26 aflösning
510 873 74 21 består
604 873 44 21 helt
663 873 72 21 enkelt
749 874 7 20 i
771 874 36 20 det
821 873 88 20 förkun-

85 901 54 21 nade
162 901 66 21 nådes
249 902 72 21 ordets
339 901 142 26 inskärpande
496 901 7 21 i
519 902 26 20 de
561 901 106 21 hörandes
683 903 113 22 samveten,
812 901 48 21 med
876 902 34 19 ut-

85 929 91 27 trycklig
191 929 119 26 försäkran,
326 931 32 20 att
373 930 40 21 den
429 936 46 15 som
485 930 49 21 med
547 931 33 20 tro
591 931 126 20 anammade
730 930 35 21 det
775 929 135 22 förkunnade

84 957 135 27 nådesordet,
242 958 43 21 han
304 958 39 21 har
365 958 49 21 dess
435 958 102 25 innehåll,
552 959 117 26 syndernas
684 958 113 25 förlåtelse,
814 957 40 21 och
869 957 41 21 den

85 992 44 15 som
146 986 6 20 i
168 988 47 19 otro
231 986 38 21 och
285 986 132 21 förhärdelse
434 986 94 21 öfverser
543 987 124 24 detsamma,
684 987 42 20 han
741 985 109 22 förblifver
860 985 7 21 i
878 985 32 21 sin

86 1014 58 26 synd.
175 1014 62 21 Huru
259 1015 148 26 betydelsefull
422 1015 33 20 för
469 1014 164 27 församlingens
648 1015 139 20 medvetande
802 1014 70 21 denna
886 1013 24 28 så

85 1042 96 21 uttalade
204 1042 107 21 allmänna
334 1043 103 26 aflösning
458 1043 39 21 allt
519 1043 55 21 ifrån
597 1043 41 20 den
661 1042 134 27 evangeliska
817 1042 93 27 kyrkans

85 1071 67 21 första
168 1071 32 20 tid
215 1071 61 26 varit,
293 1071 37 21 det
345 1071 90 22 utbeder
447 1071 38 27 jag
500 1072 43 25 mig
559 1071 22 21 få
595 1071 89 26 uppvisa
695 1077 74 20 genom
781 1072 31 19 ett
822 1070 88 21 vittnes-

86 1099 54 21 börd
155 1099 47 20 från
218 1099 69 21 denna
302 1099 38 21 tid.

154 1127 33 21 Då
202 1127 25 21 år
243 1128 54 21 1533
320 1127 248 27 Anspach-Närnberger
583 1127 185 27 kyrkoordningen
783 1132 77 21 genom
875 1126 36 21 Jo-

86 1155 80 22 hannes
187 1155 87 22 Brenz's
296 1156 39 21 och
358 1156 97 21 Andreas
478 1156 115 21 Osianders
612 1156 147 21 bemödanden
773 1155 75 21 vunnit
863 1154 49 21 fullt

86 1184 137 21 erkännande
244 1184 39 21 och
303 1184 36 21 det
354 1184 106 21 särskilda
475 1184 153 21 skriftermålet
644 1185 121 25 derigenom
779 1189 38 15 var
832 1182 80 21 förkla-

86 1212 50 21 radt
150 1211 70 22 såsom
237 1212 36 21 det
288 1213 55 20 enda
358 1212 153 21 skriftermålet
526 1213 7 20 i
548 1213 93 26 egentlig
657 1213 90 26 mening,
758 1211 66 26 ansåg
837 1211 75 20 Osian-

86 1241 44 26 der,
154 1240 28 21 då
201 1240 33 21 för
249 1241 59 21 tiden
323 1241 114 26 predikant
451 1241 7 20 i
474 1241 121 26 Närnberg,
610 1241 59 21 tiden
685 1247 52 14 vara
751 1240 54 23 inne,
821 1241 32 19 att
868 1239 44 21 helt

88 1269 39 21 och
143 1268 66 21 hållet
224 1269 122 21 bortlemna
361 1269 36 21 det
413 1269 105 21 derintills
531 1269 78 26 jemväl
621 1269 100 26 brukliga
733 1269 107 20 allmänna
851 1267 62 21 skrif-

87 1297 105 21 termålet.
222 1297 49 21 Han
293 1297 74 27 gjorde
389 1297 36 21 det
446 1297 46 21 icke
514 1298 92 20 allenast
629 1297 53 26 sjelf,
704 1299 52 18 utan
777 1295 135 27 uppmanade

88 1325 71 21 dertill
178 1325 79 27 jemväl
279 1326 47 20 sina
347 1325 169 27 embetsbröder,
538 1325 71 21 hvilka
630 1326 39 20 allt
692 1331 45 15 mer
752 1325 90 25 begynte
857 1323 57 27 gifva

87 1353 53 21 efter
155 1354 34 20 för
205 1354 40 20 den
261 1354 78 20 nitiske
354 1360 101 14 mannens
470 1354 179 26 föreställningar.
680 1353 49 21 Men
744 1352 61 21 rädet
819 1352 8 20 i
843 1352 70 20 Närn-

87 1382 53 26 berg
163 1381 122 22 förklarade
309 1382 32 26 sig
358 1384 57 19 emot
430 1382 69 21 denna
515 1382 82 26 ätgärd,
614 1382 39 21 och
668 1381 80 28 yrkade
763 1380 109 22 bestämdt
886 1379 28 26 pä

87 1411 32 20 sin
135 1411 44 20 rätt
194 1411 34 20 att
242 1410 22 21 fä
279 1410 86 21 behälla
380 1410 62 21 äfven
452 1411 37 20 det
499 1411 108 20 allmänna
618 1409 157 22 skriftermälet.
800 1408 33 21 Dä
846 1408 68 21 vände

87 1439 32 25 sig
143 1438 104 21 Osiander
262 1439 6 20 i
285 1439 48 21 bref
354 1439 22 20 af
397 1439 40 20 den
460 1440 44 20 5:te
526 1439 63 26 April
604 1439 32 20 till
651 1439 67 20 Brenz
735 1437 38 22 och
788 1436 126 22 meddelade

88 1467 78 20 honom
182 1467 95 26 ärendet,
293 1467 154 22 framhällande
463 1467 37 21 det
516 1467 97 26 orimliga
628 1467 7 20 i
651 1473 26 15 en
688 1466 105 26 villkorlig
803 1465 111 26 aflösning.

90 1495 150 21 Fasthällande
263 1495 142 27 aflösningens
427 1495 164 21 sakramentala
613 1495 116 27 betydelse,
753 1493 97 22 erinrade
873 1493 42 20 han

824 1532 22 17 33
