1109 1795
233 112 42 22 722
430 116 166 18 Presteständet.
621 117 55 17 1867.
700 117 26 17 25
739 117 63 22 April.

273 202 210 26 Kontraktsprosten
506 201 77 22 doktor
606 202 109 21 Andelin
738 201 67 28 ansåg
827 202 128 27 religionens
970 203 63 26 helgd

202 231 48 21 icke
265 230 55 21 böra
335 230 126 27 uppehållas
475 236 77 21 genom
567 230 144 27 blodtörstiga
727 231 39 21 och
781 236 97 21 grymma
893 231 67 27 lagar,
978 233 56 20 samt

204 259 88 21 röstade
307 259 56 27 förty
379 259 34 21 för
428 258 139 27 paragrafens
582 259 120 26 antagande
719 259 136 21 oförändrad.

274 315 90 21 Prosten
388 315 78 21 doktor
489 315 127 26 Alopaeus
640 315 94 21 önskade
751 315 34 21 för
801 315 32 21 sin
849 315 35 21 del
898 315 46 22 icke
960 316 74 27 skärp-

203 345 51 25 ning
276 343 25 21 af
321 349 28 15 nu
371 343 162 27 ifrågavarande
553 343 206 27 straffbestämning,
774 345 54 20 'men
844 343 49 22 ville
909 344 54 21 dock
978 344 56 21 fästa

204 372 218 27 uppmärksamheten
438 372 72 26 derpå,
527 373 32 20 att
575 371 96 22 ståndets
686 372 113 26 pluralitet
813 372 36 21 vid
864 374 84 19 senaste
964 372 70 22 landt-

204 401 42 27 dag
269 402 70 20 ansett
356 400 59 22 Guds
429 400 140 22 försmädelse
584 401 55 21 böra
655 400 85 22 straffas
755 401 49 21 med
820 400 152 22 tukthusstraff
986 401 47 21 från

204 432 32 19 ett
251 429 33 21 till
301 429 38 21 och
355 429 48 21 med
419 429 46 21 åtta
481 429 30 21 år.

274 485 207 26 Kontraktsprosten
504 485 132 21 Ehrström
655 485 51 21 sade
722 487 33 20 att
771 485 26 21 de
813 484 221 27 straffbestämningar

204 513 60 21 Hans
280 513 119 27 Kejserliga
414 513 100 27 Majestät
529 514 6 20 i
551 513 69 21 denna
635 513 124 27 förordning
775 514 35 21 vid
826 515 85 20 senaste
930 513 104 27 landtdag

203 541 112 28 föreslagit
330 543 55 20 varit
399 542 49 21 vida
462 542 121 27 lindrigare,
600 548 47 15 men
663 542 70 21 blifvit
748 542 23 21 af
785 542 115 21 ständerne
915 542 117 27 tillstyrkte

205 572 32 19 att
253 570 96 27 skärpas.
379 571 34 20 Nu
436 571 102 25 deremot,
554 570 27 21 då
596 571 59 20 Hans
671 570 120 27 Kejserliga
806 571 102 26 Majestät
923 570 32 21 till
970 572 63 19 anta-

204 599 70 26 gande
298 599 140 21 öfverlemnat
457 599 46 26 just
519 599 61 21 dessa
595 599 88 26 skärpta
699 599 67 25 straff,
783 599 106 21 önskades
905 599 46 21 åter
966 599 68 21 andra

205 627 127 21 straffarter.
358 628 32 20 En
407 627 66 21 sådan
489 627 138 27 ombytlighet
643 627 70 21 kunde
729 627 104 27 stämplas
849 627 70 21 såsom
930 628 104 20 vanvörd-

204 656 43 20 nad
267 657 46 20 mot
328 655 59 21 Hans
403 655 101 27 Majestät
519 656 39 21 och
574 655 64 22 ställa
653 656 116 21 ständerna
785 656 6 20 i
807 662 26 15 en
849 656 97 26 underlig
961 656 72 27 dager.

204 684 64 21 Hvad
283 686 112 24 prostarne
407 683 111 28 Grönberg
531 684 39 21 och
583 684 124 27 Rosengren
720 684 6 21 i
739 685 62 20 deras
813 685 131 20 reservation
955 685 79 26 anfört,

205 713 96 20 vittnade
324 713 122 26 visserligen
468 719 33 14 om
526 714 31 19 ett
579 714 70 19 varmt
664 713 32 20 nit
711 713 34 20 för
760 713 60 21 Guds
836 719 74 14 namns
926 714 43 25 ära,
985 719 49 14 men

205 741 69 21 skulle
290 741 6 20 i
312 741 32 20 sin
364 741 134 27 tillämpning
520 743 77 24 utgöra
617 742 32 19 ett
671 743 44 24 steg
739 741 92 21 tillbaka
852 741 32 21 till
905 741 36 21 det
963 741 71 27 gamla

205 771 150 19 testamentets
377 769 62 26 tider,
463 769 28 21 då
506 769 40 22 den
562 770 43 20 vise
621 769 134 27 lagstiftaren
771 769 78 26 Moses,
865 769 131 22 beherrskad
1012 769 23 22 af

204 798 50 21 idén
270 804 34 15 om
320 797 40 22 den
375 798 129 21 israelitiska
519 798 114 25 teokratin,
649 798 35 21 vid
699 797 99 31 lifsstraff
808 797 86 27 förbjöd
904 799 130 20 nämnandet

205 826 24 21 af
249 826 92 21 Jehovas
364 833 70 14 namn.
465 826 69 21 Sedan
557 826 47 21 dess
625 826 55 21 hade
703 833 26 14 en
751 833 71 14 annan
846 827 46 20 lära
911 826 23 21 af
947 827 87 21 Kristus

205 854 70 21 blifvit
297 855 69 20 införd
382 855 6 20 i
404 855 93 25 verlden,
521 855 39 20 och
582 856 72 25 syntes
676 855 37 21 det
735 855 84 20 talaren
843 861 45 15 som
911 855 66 21 borde
993 855 41 21 den

205 883 111 26 olycklige,
332 883 86 21 hvilken
433 883 101 21 smädade
550 883 59 21 Guds
625 889 70 19 namn,
712 883 67 21 hellre
792 885 27 19 än
830 885 33 19 att
875 883 98 27 beläggas
984 883 49 22 med

205 912 111 26 verldsligt
331 911 66 26 straff,
414 911 22 22 af
450 911 133 22 medlidande
599 913 63 25 göras
678 911 33 22 till
726 911 91 22 föremål
832 911 34 22 för
881 918 26 15 en
919 913 57 20 ännu
986 918 47 15 var-

205 946 59 15 mare
280 940 81 21 enskild
377 940 113 27 själavård.

275 997 208 26 Kontraktsprosten
506 996 72 21 Sirén
601 997 89 20 menade
711 998 33 19 att
768 997 31 20 tal
821 1003 34 14 om
872 996 105 21 blodtörst
993 997 39 21 och

204 1025 99 26 grymhet
318 1025 39 21 här
373 1025 18 26 ej
407 1031 37 15 var
460 1025 28 26 på
503 1025 31 21 sin
550 1026 57 20 rätta
623 1025 62 26 plats,
701 1027 52 19 utan
769 1025 68 21 borde
848 1025 90 21 enhvars
948 1025 86 27 subjek-

204 1054 44 21 tiva
271 1053 55 27 åsigt
348 1054 142 26 respekteras.
521 1053 74 21 Såsom
618 1054 78 21 doktor
718 1054 109 25 Alopaeus
850 1053 104 26 anmärkt,
978 1054 55 21 hade

204 1083 87 20 ståndet
305 1082 35 21 vid
355 1085 84 18 senaste
454 1081 103 27 landtdag
572 1084 71 19 ansett
659 1082 82 21 straffet
754 1082 35 21 för
801 1081 163 27 ifrågavarande
976 1082 58 21 brott

204 1111 54 20 böra
274 1111 129 20 bestämmas
426 1111 48 20 från
490 1112 31 19 ett
536 1111 32 20 till
585 1111 39 20 och
640 1111 48 21 med
703 1110 46 21 åtta
765 1111 31 21 år.
827 1110 44 21 För
886 1111 32 20 sin
934 1111 34 20 del
984 1111 50 20 fann

203 1139 83 20 talaren
302 1139 55 21 dock
372 1139 46 26 den,
435 1145 45 15 som
496 1139 27 26 på
538 1139 47 26 fyra
600 1139 24 21 år
639 1139 46 21 icke
701 1139 48 21 låtit
765 1139 32 26 sig
812 1139 114 26 förbättra,
938 1139 18 26 ej
967 1139 67 21 heller

203 1167 28 27 på
247 1167 46 21 åtta
308 1167 24 21 år
347 1167 72 21 kunna
435 1167 71 21 dertill
522 1167 91 27 bringas,
630 1170 56 19 samt
702 1168 95 21 önskade
808 1167 85 22 derföre
903 1167 83 22 straffet
997 1167 37 22 be-

203 1196 81 21 stämdt
299 1195 47 22 från
362 1198 31 19 ett
409 1196 32 21 till
457 1196 39 21 och
512 1196 47 21 med
575 1196 47 27 fyra
637 1196 30 21 år.

272 1253 90 20 Prosten
386 1253 134 26 Grönberg
542 1253 51 21 sade
616 1255 32 19 att
670 1253 42 20 han
728 1253 40 21 och
785 1254 88 25 prosten
888 1253 123 26 Rosengren
1027 1254 7 21 i

203 1281 62 22 deras
290 1281 130 22 reservation
443 1281 53 27 icke,
520 1281 70 21 såsom
613 1281 134 27 Helsingfors
771 1281 100 27 Dagblad
888 1281 17 21 &
921 1281 112 22 konsortes

204 1310 58 21 velat
279 1310 100 26 påbörda
401 1310 54 25 dem,
480 1309 63 27 yrkat
565 1309 28 27 på
615 1310 50 21 blod
689 1310 40 21 och
751 1309 123 26 dödsstraff,
890 1311 52 19 utan
958 1310 76 21 endast

202 1340 69 24 yttrat
295 1339 35 19 det
352 1338 115 21 ständerna
489 1338 60 26 ,ville
573 1344 51 15 anse
639 1339 82 20 brottet
736 1339 34 20 för
785 1340 32 19 ett
833 1339 36 19 det
885 1338 93 20 svåraste
994 1339 40 20 och

202 1366 120 21 bestämma
337 1366 82 21 straffet
435 1366 6 21 i
457 1366 93 27 enlighet
566 1366 107 21 härmed”.
701 1366 40 22 Sex
757 1366 115 22 månaders
882 1366 89 21 tukthus
983 1372 50 16 vore

203 1395 54 21 dock
280 1395 34 20 för
337 1395 60 26 ringa
420 1395 40 21 och
483 1395 66 21 borde
565 1395 84 22 derföre
664 1396 111 21 minimum
791 1401 52 16 vara
858 1395 129 21 åtminstone
1002 1397 32 19 ett

203 1423 35 21 års
254 1423 158 22 tukthusstraff.

272 1480 155 26 Kyrkoherden
443 1480 117 21 Castrén
577 1480 72 27 ansåg,
665 1480 35 21 vid
714 1480 123 27 jemförelse
853 1480 23 21 af
890 1482 14 19 t.
921 1486 31 15 ex.
965 1480 69 21 denna

202 1507 40 22 och
258 1509 13 20 9
288 1509 12 26 $
315 1509 7 20 i
337 1509 146 26 lagförslaget,
499 1508 66 27 något
581 1509 74 26 riktigt
672 1509 134 21 förhållande
823 1509 90 21 emellan
926 1509 60 20 brott
994 1508 40 22 och
