1109 1795
233 129 42 21 532
444 134 167 17 Presteståndet.
635 135 54 17 1867.
714 135 11 16 6
737 135 64 20 April.

204 220 68 27 kyrka
287 220 57 21 velat
359 220 92 21 undvika
466 220 42 21 alla
524 220 149 27 oevangeliska
689 220 74 27 tillägg
779 220 39 21 och
833 220 165 27 vanställningar
1009 221 23 20 af

204 249 82 26 tukten,
303 249 5 20 i
325 248 36 21 det
383 255 48 14 man
455 249 17 26 ej
494 249 75 20 erkänt
591 255 70 14 annan
679 249 197 26 praescriptionstid
892 249 6 20 i
914 249 74 21 tukten
1004 251 26 19 än

205 278 90 26 ångrens
311 276 40 21 och
365 277 139 26 bättringens,
519 277 49 21 med
584 279 31 19 ett
630 278 46 25 ord,
691 277 91 21 stunden
800 277 34 21 för
849 278 91 26 syndens
956 278 75 21 erkän-

203 306 76 24 nande,
303 305 39 21 -och
365 312 48 15 man
437 305 38 21 har
497 306 24 21 så
542 306 64 21 råkat
628 306 28 26 på
671 306 41 21 den
727 306 68 21 andra
810 306 94 27 afvägen,
921 308 32 19 att
968 306 63 21 ställa

203 335 76 20 tukten
301 334 6 20 i
330 336 96 24 prestens
448 334 63 21 hand.
541 335 38 20 Dit
601 335 39 20 har
663 335 75 26 biskop
761 334 119 21 Schauman
903 335 39 20 och
966 335 6 20 i
989 335 43 20 viss

204 363 85 26 mening
303 365 86 23 prosten
405 363 107 26 Alopaeus
527 365 56 18 ännu
599 363 6 20 i
622 363 69 21 denna
706 363 114 26 afgörande
837 363 63 21 stund
910 363 120 21 inklinerat.

204 392 59 26 Högt
277 393 131 25 protesterar
421 391 36 27 jag
473 392 96 21 deremot
581 391 66 27 jemte
663 391 42 22 alla
721 391 55 22 mine
787 392 66 26 öfrige
864 391 166 22 embetsbröder.

203 420 50 22 Icke
276 420 27 25 vi,
325 422 51 19 utan
399 420 149 27 församlingen
572 426 49 20 eger
641 422 32 20 att
689 420 46 21 från
750 421 138 21 nattvardens
903 420 127 27 gemenskap

203 449 100 23 utesluta,
320 448 39 21 och
375 449 55 20 hvad
446 449 36 20 det
497 449 71 26 angår,
585 450 32 19 att
633 455 25 14 en
675 449 87 25 döende,
779 455 45 14 som
839 449 7 20 i
862 450 32 19 sin
905 449 51 21 sista
967 450 64 20 stund

204 478 77 26 ångrar
302 477 32 21 sin
357 477 158 26 obotfärdighet
536 477 72 21 kunde
631 477 21 21 få
667 477 27 21 dö
711 479 51 19 utan
779 478 136 21 nattvardens
931 479 60 24 tröst,
1008 477 23 21 så

205 507 81 20 erinrar
299 505 36 27 jag
355 506 79 25 derom,
457 507 32 19 att
512 506 42 21 min
571 505 40 22 och
627 506 48 21 herr
691 505 77 22 doktor
783 505 81 27 Berghs
880 506 150 21 reservations-

204 534 76 21 formel
294 535 47 20 icke
356 534 132 27 rättvisligen
504 541 37 20 ger
556 534 70 27 någon
638 535 113 26 anledning
761 534 33 21 till
807 534 54 21 slika
871 534 158 26 slutledningar.

204 563 43 21 Det
261 563 61 21 heter
338 563 37 20 der
389 563 56 20 klart
461 563 39 20 och
516 563 71 21 enkelt
602 565 32 18 att
650 563 39 20 enl.
706 564 11 25 $
734 564 25 20 65
777 563 43 28 ytill
837 563 39 20 den
887 563 76 26 Heliga
973 564 57 19 natt-

204 591 79 21 varden
307 591 18 26 ej
349 592 34 20 må
405 591 94 21 tillträde
514 591 80 21 lemnas
610 591 31 21 åt:
658 595 19 20 c)
693 591 47 21 dem
756 591 73 21 hvilka
844 591 22 21 af
879 591 129 26 kyrkorådet
1023 591 7 20 i

204 620 151 26 församlingen
370 620 67 21 under
449 620 48 20 tukt
507 620 76 21 ställde
595 619 74 27 blifvit,
681 620 24 21 så
715 620 62 27 länge
788 620 25 21 de
823 620 101 21 särskildt
934 619 96 22 skrifter-

205 649 42 20 mål
263 649 31 26 sig
309 648 47 21 icke
370 648 136 21 underkasta.

274 677 103 26 Slutligen
400 677 35 20 vill
455 677 36 26 jag
509 679 56 18 ännu
581 677 88 26 tillägga
684 678 31 19 ett
730 677 45 20 ord.
805 677 54 20 Lika
875 677 94 26 benägen
985 682 44 15 som

205 705 49 21 herr
277 705 75 26 biskop
375 705 118 22 Schauman
511 705 72 27 tyckes
605 711 50 15 vara
676 707 32 19 att
723 705 56 26 gifva
795 705 37 21 sitt
848 705 58 21 bifall
922 705 32 21 till
969 711 61 20 argu-

204 734 145 21 mentationen
363 734 7 21 i
385 734 77 21 doktor
477 740 41 15 von
533 734 78 21 Essens
627 734 130 21 reservation
773 734 32 21 till
822 733 208 27 granskningskomi-

204 763 47 20 téns
275 763 135 20 betänkande
425 763 6 20 i
447 763 69 20 denna
530 762 67 27 fråga,
613 762 44 21 lika
672 763 107 20 bestämdt
794 763 68 20 måste
875 762 42 27 jag,
934 762 45 24 och,
992 762 38 26 jag

204 793 46 18 tror
272 791 43 26 mig
337 791 52 26 våga
412 793 50 24 säga
485 791 40 25 det,
549 791 110 26 samtelige
682 791 158 24 ståndsbröder,
863 797 45 15 som
924 791 48 20 med
987 791 43 26 mig

204 819 53 27 yrka
279 820 28 26 på
328 819 245 22 exkommunikationens
589 819 155 26 bibehållande,
761 819 95 21 förklara
870 819 43 27 mig
929 821 57 19 emot
1001 819 28 20 all

204 848 67 21 sådan
293 849 177 25 argumentation.
499 848 58 21 Guds
573 849 40 20 ord
628 848 39 21 och
683 848 37 21 vår
735 848 78 27 kyrkas
829 848 66 26 derpå
910 847 41 22 fast
965 854 65 20 grun-

205 877 54 20 dade
282 877 127 20 bekännelse
431 877 80 25 nödgar
534 883 34 14 oss
585 879 32 18 att
632 877 34 20 stå
681 877 32 20 för
729 877 242 20 exkommunikationen.
1002 876 28 21 Så

204 905 62 26 länge
289 905 38 21 vår
349 905 68 27 kyrka
439 905 45 21 står
498 905 28 26 på
542 905 69 21 denna
625 905 69 26 grund
709 905 42 21 kan
767 905 43 21 hon
825 907 107 19 motsvara
947 905 31 20 sin
994 904 35 21 be-

204 934 126 25 stämmelse,
347 934 39 21 och
402 934 75 21 endast
491 934 28 26 på
534 934 70 21 denna
619 934 68 26 grund
703 934 50 26 vilja
767 934 22 20 vi
804 940 28 14 nu
848 933 39 22 och
906 933 124 21 hädanefter

204 962 46 21 föra
265 963 80 20 hennes
360 962 63 21 talan.

272 1019 90 21 Prosten
385 1018 130 27 Grönberg
539 1019 66 26 ansåg
628 1019 40 25 väl,
687 1020 32 20 att
734 1019 169 20 reservationens
919 1018 111 21 redaktion

203 1047 47 22 icke
272 1047 103 21 hindrade
399 1047 192 26 återupptagandet
614 1047 23 21 af
658 1048 40 20 den
713 1047 114 25 uteslutna,
844 1047 82 21 såsnart
942 1047 40 21 han
998 1047 32 26 sig

203 1076 106 26 bättrade,
334 1083 46 14 men
403 1076 50 21 ville
476 1076 54 21 dock
552 1076 49 21 med
616 1076 114 26 anledning
745 1076 23 21 af
782 1076 103 26 biskopen
901 1075 129 22 Schaumans

203 1105 136 26 andragande
362 1105 77 20 föreslå
461 1105 39 20 den
523 1104 154 26 modifikation,
701 1107 32 18 att
757 1105 39 20 den
820 1105 106 20 uteslutne
941 1104 89 21 medelst

203 1133 128 26 afbedjande
353 1133 23 21 af
397 1133 31 21 sin
451 1133 52 26 synd
526 1133 45 21 åter
594 1133 68 21 skulle
683 1133 81 21 erhålla
785 1133 129 26 rättigheten
930 1134 32 19 att
977 1132 54 27 begå

204 1162 128 21 nattvarden
354 1164 52 19 utan
428 1161 139 27 kyrkorådets
589 1162 134 26 tillgörande,
745 1168 46 15 som
806 1162 56 21 blott
876 1161 67 21 borde
958 1161 72 21 derom

204 1191 142 20 underrättas.

274 1247 89 21 Prosten
386 1247 143 26 Rosengren
552 1247 101 21 förenade
675 1247 32 26 sig
729 1247 23 20 af
773 1247 38 21 allt
833 1247 38 20 sitt
893 1246 69 26 hjerta
983 1246 47 21 med

205 1277 137 26 domprosten
357 1276 57 26 Borg
429 1276 39 21 och
484 1275 77 22 doktor
576 1275 77 22 Hellén
664 1277 55 19 samt
729 1275 98 26 uppläste
838 1275 106 26 åtskilliga
955 1275 75 20 ställen

204 1305 47 20 från
267 1305 26 21 de
308 1304 129 27 symboliska
453 1304 105 21 böckerna
573 1304 33 21 för
621 1306 32 19 att
664 1304 7 20 i
681 1305 90 20 motsats
783 1306 45 19 mot
839 1304 102 25 biskopen
952 1303 78 21 Schau-

204 1339 49 15 man
269 1333 72 21 bevisa
363 1333 36 21 det
415 1333 60 21 dessa
489 1333 142 26 uttryckligen
647 1332 61 26 gåfve
723 1333 48 19 stöd
787 1332 32 20 för
834 1331 135 22 uteslutande
984 1331 46 21 från

204 1362 133 20 nattvarden.
369 1361 86 27 Kyrkan
476 1361 54 21 hade
552 1361 61 21 makt
636 1363 32 18 att
683 1360 65 22 binda
763 1360 44 22 lika
821 1361 33 20 väl
871 1366 45 15 som
932 1361 32 19 att
978 1360 52 24 lösa,

204 1390 40 21 och
266 1390 33 21 till
322 1390 115 21 bindandet
452 1390 66 21 hörde
533 1390 62 21 äfven
611 1389 129 27 rättigheten
756 1391 32 19 att
803 1389 94 21 utesluta
912 1388 46 21 från
973 1390 57 19 natt-

204 1419 91 21 vardens
317 1419 114 26 begående.
461 1419 42 20 Det
524 1425 51 14 vore
598 1418 133 27 oförklarligt
754 1420 33 19 att
809 1424 49 15 man
879 1417 49 21 ville
943 1417 88 21 förneka

203 1447 83 26 kyrkan
302 1454 25 14 en
343 1447 108 26 rättighet,
467 1453 45 15 som
528 1447 119 20 tillkomme
663 1447 42 20 alla
720 1447 67 20 andra
802 1446 98 21 samfund
914 1445 40 22 och
970 1445 60 21 äfven

205 1476 97 21 enskilda
317 1476 69 26 bolag.
417 1475 150 22 Uteslutandet
582 1475 47 21 från
645 1475 127 21 nattvarden
788 1481 51 15 vore
854 1481 26 15 en
890 1473 140 26 kärlekstukt,

203 1504 102 21 hvarmed
328 1505 81 26 kyrkan
431 1504 85 21 kallade
538 1504 91 26 syndare
651 1503 32 21 till
699 1503 99 27 bättring.
831 1503 40 22 Om
886 1509 49 15 man
950 1502 81 21 fattade

205 1533 59 21 Guds
279 1533 39 21 ord
334 1533 71 21 enkelt
415 1533 39 21 och
465 1533 128 24 okonstladt,
607 1532 23 21 så
642 1538 50 15 vore
703 1532 36 21 det
749 1532 57 21 klart
816 1533 32 20 att
858 1531 172 22 exkommunika-
