1109 1795
237 131 41 21 534
441 135 166 17 Presteständet.
633 136 54 17 1867.
713 136 8 16 6
734 136 66 21 April.

278 222 141 26 Vicepastorn
441 221 131 21 Johnsson
588 221 49 21 ville
658 223 45 19 mot
718 221 148 27 kyrkoherden
882 221 56 22 Roos
954 221 80 26 anföra,

210 252 33 19 att
266 257 34 14 om
323 250 149 27 kyrkoherden
496 250 123 21 försvarade
641 250 122 21 anathemet
785 250 20 21 d.
827 256 19 15 v.
863 256 16 15 s.
895 251 141 20 uteslutardet

210 279 47 21 frän
273 279 158 26 församlingen,
447 279 24 20 sä
485 278 66 21 borde
566 278 43 21 han
625 278 60 21 äfven
700 278 99 27 fränsäga
815 278 40 21 den
870 279 106 21 uteslutne
991 281 44 18 rät-

210 307 96 27 tigheten
323 309 33 19 att
370 307 53 21 höra
439 307 58 27 Guds
513 307 44 22 ord.
573 307 82 26 hvarpä
665 307 82 21 talaren
758 307 76 21 trodde
847 309 32 19 att
888 307 147 27 kyrkoherden

211 336 18 26 ej
253 336 69 21 skulle
346 336 26 26 gä
395 336 28 20 in.
453 335 67 22 Afven
544 335 40 21 den
600 336 107 21 uteslutne
722 336 61 21 stode
798 336 68 21 under
881 336 92 26 kyrkans
988 336 47 21 mis-

210 365 126 20 sionerande
360 364 140 25 verksamhet,
520 370 48 15 men
584 370 34 15 om
634 364 42 21 han
691 364 46 21 helt
752 364 39 21 och
807 364 66 21 hållet
888 364 86 27 skiljdes
989 364 46 21 från

210 393 93 27 kyrkans
318 393 136 27 gemenskap,
471 392 23 22 sä
510 392 68 22 blefve
593 393 42 21 han
650 393 62 21 äfven
727 393 108 21 utesluten
850 393 47 21 frän
913 393 39 22 den
964 392 71 23 offent-

209 422 44 26 liga
267 422 152 26 gudstjensten.

281 477 155 28 Kyrkoherden
458 478 65 21 Roos
548 478 115 21 hänvisade
692 478 33 21 till
750 484 29 15 nu
801 478 99 27 gällande
924 478 112 27 kyrkolags

214 507 118 26 stadgande
348 513 34 15 om
398 507 62 21 bann.
491 507 89 20 Talaren
595 507 55 20 hade
666 507 18 26 ej
701 507 56 21 velat
771 507 53 26 yrka
839 507 28 26 pä
884 507 56 20 bann
955 507 7 20 i
978 507 58 21 detta

212 535 66 27 skick,
298 538 53 19 utan
371 535 74 22 endast
460 535 7 21 i
483 535 98 21 afseende
599 535 13 20 &
631 535 40 22 den
687 535 243 27 evangelisk-lutherska
944 535 91 26 kyrkans

213 564 81 27 princip
311 564 76 21 citerat
403 570 24 15 en
443 564 65 21 aktad
523 563 117 22 författare.

282 621 142 26 Domprosten
445 620 68 27 Borg
533 621 84 26 yttrade
633 621 36 20 det
684 621 55 21 bäde
754 621 84 20 Valters
854 621 22 20 af
889 620 146 27 kyrkoherden

213 649 57 21 Roos
285 649 122 26 äberopade
422 649 73 21 arbete
511 649 39 21 och
568 649 53 21 1686
638 649 34 21 ärs
688 649 104 27 kyrkolag
813 655 50 15 vore
883 649 106 22 sannolikt
1004 649 32 21 för

213 677 42 22 alla
277 678 34 20 väl
335 677 98 22 bekanta.
465 677 39 22 Om
527 684 25 14 en
575 677 66 22 sädan
659 678 124 26 ytterlighet
798 677 23 22 af
834 678 79 21 bannet
928 677 108 22 förmätt
1025 673 15 36 i

214 706 155 27 kyrkotuktens
385 706 89 21 intresse
489 708 51 24 göra
555 707 32 26 sig
603 706 98 27 gällande
715 707 58 20 inom
785 706 99 21 katolska
894 706 81 27 kyrkan
986 706 51 21 eller

214 736 5 19 i
236 735 148 26 statskyrkligt
399 734 54 27 syfte
468 735 31 20 uti
512 735 36 20 vär
559 735 78 26 kyrkas
648 735 123 21 nuvarande
781 735 131 26 författning,
923 735 23 21 sä
957 735 80 20 stridde

215 763 77 21 sädant
315 763 38 21 allt
375 763 64 21 likväl
462 765 57 19 emot
541 763 110 21 lutherska
670 763 93 27 kyrkans
778 763 88 27 princip.
897 764 41 21 Det
953 769 50 16 vore
1018 763 18 26 ej

216 792 131 27 evangeliskt
370 794 31 19 att
422 792 61 21 kasta
505 792 70 27 nägon
597 792 46 21 uti
658 792 93 25 verlden,
775 793 52 20 utan
848 792 102 26 rättighet
970 793 32 20 att
1016 791 22 21 fä

215 821 53 20 höra
284 820 57 22 Guds
358 821 45 20 ord.
433 820 103 27 Slutligen
550 827 34 14 om
601 822 86 25 prosten
704 820 121 27 Grönbergs
840 820 146 21 modifikation
1001 827 36 14 an-

215 851 67 25 tages,
299 849 22 21 sä
337 849 71 21 blefve
423 849 38 21 allt
475 849 159 21 bortblandadt.
655 849 42 21 Det
712 849 71 21 kunde
794 849 18 26 ej
823 855 52 15 vara
884 849 66 21 sädan
960 849 77 26 skynd-

215 877 89 26 samhet,
329 879 32 20 att
383 877 17 27 ej
423 877 128 27 kyrkorädet
567 877 68 22 skulle
651 878 65 21 hinna
730 878 142 24 underrättas,
889 878 40 21 och
944 877 7 21 i
966 877 71 27 hvarje

215 906 37 21 fall
268 906 71 21 kunde
355 913 48 14 man
416 906 24 27 ju
455 908 64 19 vänta
534 906 32 21 till
582 907 113 26 söndagen.

285 963 91 21 Prosten
399 963 134 26 Grönberg
555 963 81 21 vidhöll
658 963 37 21 sitt
710 963 101 26 yrkande,
827 963 88 21 emedan
931 963 39 21 den
986 963 6 20 i
1008 969 31 14 re-

216 991 135 22 servationen
367 991 118 26 föreslagna
499 992 132 26 proceduren
646 998 51 15 vore
712 991 84 27 onödig.

287 1048 70 21 Sedan
381 1048 84 21 ständet
486 1048 48 21 med
557 1048 108 21 obestridd
684 1048 110 27 pluralitet
809 1048 27 26 pä
851 1048 154 27 framställning
1020 1047 22 22 af

218 1077 49 20 herr
282 1077 134 20 talemannen
436 1077 33 20 till
491 1077 209 26 kontraproposition
723 1077 82 26 antagit
821 1078 135 25 domprosten
973 1077 67 26 Borgs

217 1105 40 21 och
281 1105 76 21 doktor
380 1105 80 27 Berghs
483 1105 136 24 reservation,
643 1105 142 22 framställdes
808 1105 23 21 af
844 1105 49 21 herr
908 1105 133 21 talemannen

218 1133 91 27 följande
325 1134 282 26 omröstningsproposition:

289 1206 11 9 »
305 1191 132 20 Godkänner
453 1191 132 28 högvördiga
603 1191 86 21 ståndet
703 1192 14 25 $
733 1193 44 20 102
799 1191 67 27 enligt
888 1191 82 27 nådiga
989 1197 53 20 pro-

216 1219 133 27 positionen,
365 1220 52 19 eller
432 1219 82 21 önskar
529 1220 86 20 ständet
631 1223 31 18 att
678 1220 71 20 denna
765 1220 15 27 $
795 1219 93 21 erhäller
903 1219 41 21 den
960 1219 7 20 i
984 1219 59 20 dom-

216 1250 89 25 prosten
330 1247 67 28 Borgs
413 1248 38 20 och
468 1248 76 20 doktor
559 1248 84 27 Berghs
658 1249 132 20 reservation
801 1248 132 27 föreslagna
956 1247 87 28 ordaly-

219 1276 74 21 delse?
323 1276 56 24 Den,
403 1283 44 14 som
469 1276 127 27 godkänner
619 1277 40 20 den
681 1277 84 27 nädiga
780 1277 171 26 propositionen,
967 1283 76 14 svarar

215 1305 39 26 ja;
269 1305 48 24 den,
333 1311 45 14 som
394 1305 107 27 omfattar
516 1305 137 27 domprosten
669 1305 70 28 Borgs
756 1305 39 21 och
809 1305 77 20 doktor
905 1305 83 27 Berghs
1010 1311 34 14 ve-

219 1334 114 24 servation,
349 1340 77 13 svarar
440 1333 57 27 nej."

291 1390 132 21 Besvarades
438 1390 49 21 med
502 1390 110 22 obestridd
627 1390 110 27 pluralitet
751 1390 109 25 nekande;
875 1390 6 21 i
897 1390 52 26 följd
971 1389 75 22 hvaraf

219 1419 86 21 således
321 1419 95 21 ständets
432 1419 69 21 beslut
516 1419 45 21 blef
575 1419 35 21 det
625 1420 11 27 $
655 1420 39 21 102
710 1419 54 22 skall
780 1419 80 21 erhälla
876 1419 39 21 den
930 1419 7 20 i
948 1419 97 26 dompro-

220 1449 48 19 sten
293 1447 68 27 Borgs
384 1447 37 22 och
439 1447 76 22 doktor
530 1448 82 27 Berghs
627 1448 132 21 reservation
774 1447 119 27 föreslagna
908 1447 136 26 ordalydelse.

290 1504 46 21 Mot
359 1505 134 21 förestäende
514 1505 71 21 beslut
606 1505 136 22 reserverade
764 1505 32 26 sig
808 1505 103 26 biskopen
926 1504 119 21 Schauman

221 1532 40 21 och
278 1533 77 21 doktor
370 1533 106 27 Alopaeus
491 1533 28 27 pä
534 1534 69 26 grund
618 1533 23 22 af
654 1534 45 21 sina
715 1534 62 21 ofvan
793 1533 86 27 intagna
894 1533 118 27 yttranden.
