1109 1795
255 100 42 21 604
463 105 165 18 Presteständet.
652 107 54 17 1867.
732 108 19 16 11
763 108 62 21 April.

295 191 41 21 Vid
359 193 60 20 nästa
441 193 86 26 plenum
550 193 69 21 skulle
641 193 158 27 granskningen
821 194 111 22 fortsättas
948 195 48 22 frän
1011 195 39 22 och

225 219 48 21 med
289 220 48 26 kap.
354 219 57 22 XVI.

295 345 88 22 Ständet
399 346 108 27 ätskiljäes
522 347 91 21 klockan
629 347 8 20 2
650 347 34 27 1/,.

805 398 21 18 In
839 399 61 18 fidem:

708 434 57 20 And.
781 434 60 21 John
855 430 124 32 Hornborg.

278 596 186 37 Torsdagen
483 597 57 27 den
559 597 31 26 11
611 597 87 33 April
717 597 66 28 1867
802 597 41 27 kl.
861 598 17 27 9
896 598 22 27 f.
936 606 38 20 m.

293 677 88 21 Plenum
397 677 107 27 öppnades
520 678 47 20 med
583 677 48 26 bön,
648 677 71 22 hällen
735 677 22 22 af
770 678 122 27 professorn
907 678 103 22 Granfelt.

293 773 101 28 Samtlige
419 774 95 21 ständets
542 775 139 21 medlemmar
711 775 103 21 befunnos
842 775 64 21 hafva
932 775 113 22 tillstädes-

222 803 96 20 kommit.

294 899 118 27 Föredrogs
435 899 93 28 följande
550 900 47 21 från
619 900 107 26 vällofliga
749 901 178 26 borgareständet
946 901 100 22 inkomna

222 928 195 27 protokollsutdrag
432 929 33 20 för
481 929 39 20 den
536 930 13 20 8
565 929 6 21 i
587 929 70 21 denna
672 929 83 27 månad,
771 930 105 26 nemligen

293 957 21 26 a)
334 957 72 21 derom
421 959 32 19 att
469 957 86 22 ståndet
564 958 95 26 godkänt
669 958 233 26 grundlagsutskottets
912 959 133 21 betänkande

221 985 7 20 i
244 985 114 26 anledning
373 986 22 21 af
409 986 77 26 nådiga
501 987 160 26 propositionen
677 987 109 26 angående
802 987 209 27 landtdagsordning,
1022 988 24 21 så

221 1013 99 27 lydande:

291 1043 47 26 »Då
360 1043 180 27 Borgareståndet
563 1043 41 21 den
626 1043 12 21 5
660 1043 39 21 och
715 1045 12 20 6
743 1044 142 21 innevarande
908 1044 61 27 April
992 1046 54 19 samt

221 1071 68 21 denne
305 1072 41 26 dag
362 1072 31 20 till
410 1072 127 26 behandling
552 1071 95 22 förehaft
662 1071 238 27 Grundlagsutskottets
911 1073 134 21 betänkande

220 1100 7 20 i
243 1100 114 27 anledning
371 1100 23 21 af
407 1101 60 20 Hans
489 1101 120 26 Kejserliga
632 1100 111 27 Majestäts
765 1101 84 26 Nådiga
864 1101 131 26 proposition
1010 1108 36 14 an-

219 1128 83 26 gående
317 1129 210 26 landtdagsordning,
543 1129 39 20 har
597 1129 90 21 Ståndet
701 1130 96 25 godkänt
812 1130 144 21 betänkandet
968 1130 78 21 beträf-

219 1157 64 21 fande
298 1157 107 26 ingressen
423 1158 39 21 och
478 1157 188 22 slutbekräftelsen
682 1158 34 21 vid
731 1158 154 27 författningen
901 1159 6 20 i
922 1160 78 24 ämnet,
1016 1159 30 20 äf-

220 1191 86 15 vensom
323 1186 25 27 $$
365 1187 61 25 1—8,
443 1193 73 14 senare
538 1187 138 20 alternativet
692 1187 33 20 till
741 1187 10 26 $
768 1187 19 25 9,
803 1193 46 15 som
865 1187 82 21 således
962 1187 84 21 komme

219 1215 32 20 att
268 1214 51 26 utgå
334 1215 7 20 i
357 1214 52 27 följd
424 1215 76 20 hvaraf
514 1215 69 26 öfriga
599 1215 134 26 paragrafers
749 1215 149 27 nummerföljd
914 1215 66 22 borde
994 1216 7 20 i
1014 1215 32 22 öf-

219 1244 198 21 verensstämmelse
440 1243 86 21 dermed
550 1244 84 26 ändras,
651 1243 23 27 $$
693 1244 88 25 10—47,
798 1243 12 28 8
826 1245 28 20 48
870 1250 61 15 mom.
951 1245 9 19 1
978 1244 39 21 och
1032 1245 13 20 2

219 1273 55 19 samt
289 1278 63 15 mom.
368 1272 13 21 3
397 1272 66 25 enligt
479 1272 35 21 det
530 1272 58 21 förra
603 1272 142 25 alternativet,
761 1273 81 20 hvilket
858 1274 24 19 är
898 1273 23 20 af
934 1273 44 20 lika
987 1273 58 21 inne-

219 1299 44 22 håll
279 1300 48 21 med
343 1301 40 20 den
398 1300 83 27 Nädiga
496 1301 167 26 propositionen,
680 1300 23 28 $$
720 1301 91 25 49—72,
828 1302 13 25 &
857 1302 33 25 74,
906 1303 56 19 samt
978 1301 24 27 $$
1019 1302 25 20 76

221 1330 60 20 —84.
313 1329 102 21 Deremot
437 1329 39 21 har
497 1329 189 27 Borgareståndet,
709 1335 45 15 som
776 1331 72 19 ansett
862 1332 33 19 att
910 1329 62 21 ordet
987 1329 57 27 eller,

217 1356 82 22 hvilket
314 1358 7 20 i
342 1357 5 27 $
364 1358 26 20 73
406 1357 143 21 förekommer
567 1358 92 20 emellan
676 1358 66 20 orden
757 1358 151 26 ,,ovilkorligt'
924 1358 39 21 och
979 1358 65 26 ,slut-

217 1384 60 28 ligt"',
301 1386 39 21 bör
360 1386 112 21 förändras
492 1386 32 21 till
543 1385 45 28 och,
611 1392 46 15 som
673 1387 13 20 å
701 1386 59 21 detta
775 1386 63 21 ställe
860 1386 106 27 begagnas
982 1386 6 22 i
1004 1386 40 22 den

219 1413 84 28 Nådiga
318 1415 159 26 propositionen
493 1415 40 21 och
549 1415 63 20 hvars
627 1415 119 26 utbytande
762 1415 46 22 icke
825 1415 68 21 blifvit
908 1415 22 22 af
939 1415 105 22 utskottet

216 1442 8 21 i
239 1443 118 22 motiverna
372 1443 130 26 omnämndt,
518 1444 70 21 funnit
603 1443 32 26 sig
650 1444 46 21 icke
712 1444 72 20 kunna
799 1444 51 26 gilla
860 1444 40 21 den
912 1444 132 27 bestämning

216 1471 6 20 i
239 1471 64 27 sagde
323 1473 18 25 8,
365 1472 65 27 enligt
452 1472 85 21 hvilken
561 1479 26 13 en
609 1472 166 27 voteringssedel
799 1473 43 20 kan
863 1473 74 26 afgöra
952 1472 36 21 det
1002 1472 42 21 för-

217 1500 85 21 stärkta
317 1500 116 21 utskottets
446 1500 71 21 beslut
533 1501 40 21 och
589 1500 56 22 hvad
661 1501 60 21 detta
737 1501 27 26 på
780 1501 77 21 sådant
870 1502 44 20 sätt
923 1507 75 20 genom
1009 1507 35 16 en-
