1089 1759
197 94 42 34 160
440 99 130 25 Pappissääty
582 100 89 18 maalisk.
685 101 23 17 30
720 107 18 18 p.
752 101 53 18 1906.

195 158 32 20 att
251 158 119 28 godkänna
390 159 223 23 ekonomiutskottets
635 160 94 29 förslag.
761 160 44 22 Det
821 163 25 19 &r
861 160 104 22 särskildt
981 159 37 23 för

194 188 33 20 att
250 189 60 26 yttra
332 189 71 28 några
419 189 40 22 ord
479 190 117 28 angående
612 190 43 22 den
671 191 70 21 andra
757 189 87 30 frågan,
861 197 47 15 som
922 190 41 29 jag
979 190 37 22 be-

194 217 71 28 gärde
281 218 68 22 ordet.

267 247 216 23 Ekonomiutskottet
506 250 41 21 har
569 249 140 23 beträffande
733 250 80 28 frägan
832 257 36 15 om
894 251 41 21 den
960 251 58 21 rätta

194 275 244 31 fördelningsgrunden
455 279 37 21 vid
510 278 161 30 fördelningen
687 279 26 22 af
726 280 27 21 de
769 280 80 27 medel,
865 287 47 14 som
928 279 90 22 tillfalla

194 305 168 30 kommunerna,
386 308 60 21 ställt
469 308 34 29 sig
523 309 29 28 pä
567 316 86 15 samma
673 309 137 28 ståndpunkt
834 316 47 15 som:
904 309 113 22 ekonomi-

193 335 109 23 utskottet
316 337 38 22 vid
369 339 87 21 senaste
472 338 113 29 landtdag.
617 339 81 22 Denna
713 339 136 28 ståndpunkt
861 339 49 22 blef
917 339 67 22 också
995 339 25 22 af

193 367 163 27 presteståndet
375 367 51 22 med
443 367 88 29 afgjord
545 369 119 28 majoritet,
675 370 26 21 31
715 370 71 21 röster
801 371 45 20 mot
860 370 33 25 12,
904 369 112 29 godkänd.

193 395 35 22 En
244 396 112 23 minoritet
368 397 59 22 inom
442 398 210 23 ekonomiutskottet
663 399 38 22 vid
712 400 88 21 senaste
810 399 108 28 landtdag
928 399 88 22 röstade

194 426 35 21 för
242 427 34 20 att
292 427 106 22 mantalet
414 427 193 30 fortsättningsvis
623 429 71 22 skulle
710 428 132 28 bibehållas,
858 429 158 28 törnämligast

194 457 28 26 på
244 455 44 22 den
311 457 79 28 grund,
406 459 32 20 att
455 465 50 14 man
522 458 99 22 saknade
636 459 69 28 nödig
720 458 121 29 utredning
856 459 117 28 angående
989 459 27 22 de

194 485 188 30 omhvälfningar,
398 494 47 15 som
462 490 31 19 ett
509 488 114 22 ändrande
639 487 26 22 af
681 488 245 29 fördelningsgrunden
945 488 71 23 skulle

193 515 161 23 åstadkomma.
386 517 80 22 Denna
483 518 121 29 utredning
619 518 40 22 har
675 525 30 15 nu
721 520 123 27 presterats
862 518 25 22 af
901 519 114 21 ekonomi-

192 545 108 22 utskottet
315 546 7 21 i
339 547 50 22 dess
411 547 147 27 betänkande,
579 548 42 22 och
643 548 73 22 denna
736 548 149 29 utredningen
902 547 114 23 bekräftar

193 575 130 29 väsenligen
347 577 43 26 det,
407 584 47 15 som
472 577 68 22 redan
557 578 211 22 ekonomiutskottet
784 578 38 21 vid
838 580 88 20 senaste
944 578 71 21 landt-

193 604 45 29 dag
254 606 80 21 trodde
349 606 35 29 sig
400 607 74 22 kunna
489 607 121 29 förutsäga.
642 608 81 22 Denna
738 608 121 28 utredning
875 609 59 20 visar
945 607 69 22 bland

192 637 70 19 annat
278 637 30 20 att
321 636 122 23 relationen
454 637 81 22 mellan
547 638 114 21 städernas
675 638 42 22 och
725 637 237 23 landskommunernas
976 645 38 14 an-

192 665 36 21 del
245 665 7 21 i
269 665 27 22 de
312 665 60 22 olika
387 667 67 22 länen
470 667 48 22 icke
538 667 6 22 i
561 668 122 21 nämnvärd
701 668 55 29 grad
773 668 89 21 komme
878 669 32 20 att
926 667 88 22 ändras.

192 694 50 22 Den
258 695 60 22 visar
333 695 66 23 äfven
416 698 31 20 att
464 697 99 22 däremot
583 697 116 29 betydliga
715 697 157 29 förändringar
888 697 103 22 särskildt
1007 697 6 22 i

191 723 66 30 fräga
280 731 36 16 om
337 732 27 15 en
381 726 36 22 del
438 727 95 22 härader
553 727 42 22 och
616 728 131 21 kommuner
766 727 90 22 komma
872 729 31 20 att
920 727 93 27 inträda,

192 761 50 14 men
268 755 42 22 den
333 755 61 22 visar
411 757 68 21 ocksä
493 757 84 28 tydligt
593 758 148 21 orättvisorna
756 757 6 22 i
780 757 42 22 den
839 757 75 29 gamla
929 757 84 22 fördel-

191 784 177 29 ningsgrunden,
384 786 60 21 visar
460 789 31 19 att
507 787 7 21 i
530 787 119 29 rättvisans
665 787 41 22 och
723 787 144 28 billighetens
882 787 93 22 intresse
986 794 27 15 en

190 813 136 30 förändring
341 815 41 22 här
397 817 71 21 mäste
483 817 45 22 ske.
560 812 153 27 Öfverhufvud
731 817 89 22 komme
842 817 120 22 andelarna
980 818 32 20 att

190 843 56 22 ökas
262 844 7 21 i
285 844 87 23 landets
389 845 113 29 fattigaste
517 847 85 22 trakter
618 847 6 21 i
637 847 143 22 förhållande
795 847 34 21 till
846 846 165 29 folkmängden,

191 873 84 22 hvilket
290 875 26 27 ju
332 876 70 21 måste
419 882 64 16 anses
499 883 54 15 vara
569 877 50 21 med
635 877 108 21 rättvisan
763 876 249 22 öfverensstämmande.

189 903 114 22 Utskottet
326 904 131 23 framhåller
479 906 51 21 med
551 908 58 20 rätta
625 908 31 20 att
673 907 37 21 det
726 909 26 19 är
767 906 88 29 obilligt
872 907 31 20 att
923 905 89 22 folkfat-

190 933 73 28 tigare
287 934 132 22 kommuner
443 935 49 22 icke
515 936 56 21 blott
589 936 91 22 relativt
695 938 54 20 utan
766 935 66 23 äfven
849 936 87 21 absolut
951 937 61 27 taget

190 963 86 22 erhålla
299 971 27 14 en
350 966 71 20 större
445 965 64 22 andel
527 965 25 22 af
571 965 170 30 ifrågavarande
758 966 73 21 medel
847 969 28 18 än
892 965 120 22 folkrikare

190 992 138 23 kommuner.
360 994 114 23 Utskottet
489 995 40 22 har
545 996 85 21 således
646 1003 80 22 genom
743 996 35 21 sin
794 995 120 29 utredning
924 995 88 22 tillfullo

189 1022 120 27 bekräftat,
326 1024 60 21 hvad
410 1031 47 15 som
474 1025 7 21 i
498 1025 73 22 denna
591 1026 70 27 punkt
681 1026 70 21 redan
772 1025 132 22 framhållits
920 1025 26 22 af
962 1025 50 22 eko-

189 1053 169 22 nomiutskottet
375 1054 37 21 vid
428 1057 87 20 senaste
526 1055 113 29 landtdag.
663 1055 108 22 Mantalet
782 1057 68 26 utgör
860 1056 72 21 såsom
944 1055 68 21 kändt

189 1082 43 21 och
249 1082 95 23 erkändt
360 1084 50 21 icke
426 1085 74 28 någon
516 1086 79 21 rättvis
617 1085 184 29 delningsgrund,
818 1088 54 19 enär
888 1085 124 21 detsamma

189 1112 101 22 varierar
305 1113 7 21 i
328 1113 103 29 betydlig
447 1115 55 28 grad
518 1115 6 21 i
541 1115 59 21 olika
621 1115 62 22 delar
699 1115 42 22 och
757 1114 50 22 ofta
822 1114 66 22 äfven
905 1115 6 20 i
927 1121 85 15 samma

189 1141 36 22 del
250 1141 25 22 af
295 1143 83 26 landet,
395 1144 42 21 och
454 1144 49 22 dess
524 1145 118 21 historiska
661 1145 115 28 betydelse
795 1151 66 21 synes
877 1144 50 22 icke
944 1145 68 21 heller

188 1171 100 28 påbjuda
304 1173 50 21 dess
370 1173 158 23 bibehållande
544 1175 7 20 i
568 1175 60 21 detta
644 1181 48 15 mer
707 1177 28 18 än
753 1175 6 20 i
776 1174 54 22 flere
846 1174 69 21 andra
927 1173 85 22 afseen-

188 1201 50 22 den.
272 1201 78 22 Såsom
366 1203 84 22 bekant
467 1204 39 21 har
522 1205 29 27 på
567 1205 81 27 många
665 1205 107 21 områden
789 1204 106 21 mantalet
911 1211 47 14 som
970 1203 43 22 för-

188 1231 178 29 delningsgrund
382 1233 76 22 blifvit
474 1233 139 29 öfvergifvet.

260 1261 49 22 Den
330 1262 128 29 utredning,
479 1270 47 15 som
543 1271 27 14 en
591 1264 114 21 minoritet
721 1263 38 22 vid
778 1265 88 20 senaste
882 1263 108 28 landtdag
1005 1263 7 21 i

188 1290 74 22 denna
282 1291 64 28 fråga
362 1292 106 26 önskade,
485 1293 40 21 har
541 1293 86 22 således
643 1293 72 22 blifvit
731 1293 85 28 gifven,
833 1293 41 22 och
891 1293 73 22 denna
980 1294 32 20 ut-

187 1320 97 29 redning
304 1322 41 21 har
355 1321 90 23 tillfullo
462 1322 111 23 bekräftat
589 1323 43 22 alla
649 1323 27 22 de
692 1323 55 26 skäl,
764 1329 47 16 som
827 1322 133 23 framhållits
976 1321 37 22 för

186 1349 170 30 förändringen.
390 1351 98 23 Sålunda
510 1359 67 22 synes
595 1353 78 28 frågan
691 1353 8 21 i
715 1353 74 22 denna
807 1353 68 28 punkt
892 1359 54 15 vara
962 1351 50 22 fullt

186 1387 83 21 mogen
293 1381 33 21 till
350 1381 130 28 afgörande,
497 1383 41 21 och
559 1383 28 21 då
606 1383 163 28 presteståndet
785 1383 68 21 redan
870 1383 38 20 vid
924 1383 88 20 senaste

186 1409 110 29 landtdag
318 1411 50 21 med
392 1412 26 20 31
444 1414 69 19 röster
537 1412 79 22 ställde
632 1413 35 28 sig
683 1414 28 27 på
733 1412 155 27 reformsidan,
904 1411 109 22 behöfver

187 1446 51 14 man
256 1440 36 21 väl
314 1440 50 22 icke
380 1441 85 27 befara,
482 1443 31 20 att
529 1449 27 14 en
573 1444 89 19 motsatt
679 1443 92 27 opinion
787 1449 30 14 nu
833 1442 57 22 skall
907 1444 55 25 göra
977 1441 35 28 sig

186 1468 112 28 gällande.
332 1470 131 22 Emellertid
486 1472 45 26 har,
556 1478 36 15 om
613 1472 41 28 jag
675 1473 43 20 rätt
743 1470 110 30 uppfattat
869 1473 89 26 prosten
974 1470 38 22 Jo-
