1100 1767
190 104 45 21 494
437 104 131 24 Pappissääty
580 104 81 18 toukok.
676 104 22 18 16
710 110 18 18 p.
742 104 52 18 1906.

190 163 107 29 kunniga,
321 165 61 21 utom
405 164 130 22 densamma
558 164 93 22 stående
669 170 107 22 personer
795 163 38 22 för
849 164 128 22 erhållande
994 162 24 24 af

190 193 84 29 nödiga
290 194 168 29 upplysningar,
475 195 24 21 så
515 194 132 22 hemställde
661 194 40 28 jag
717 195 29 27 på
756 193 144 23 kommitténs
912 193 102 29 vägnar
1003 189 15 38 i

190 223 80 28 början
294 223 24 22 af
338 224 137 28 landtdagen
491 224 38 22 vid
548 226 31 20 ett
595 224 162 22 icke-officiellt
773 224 165 22 sammanträde
953 224 62 25 eller,

191 254 90 26 rättare,
305 255 61 20 strax
382 253 56 23 efter
459 256 31 20 ett
506 253 102 23 officiellt
623 254 102 28 plenums
742 252 124 23 afslutande
882 254 34 21 till
932 255 84 27 präste-

190 283 95 27 ståndet,
309 284 110 21 huruvida
441 284 50 21 icke
514 284 89 21 ståndet
626 284 53 22 ville
703 284 22 21 åt
746 284 72 28 några
833 282 183 23 förtroendemän

190 313 117 28 uppdraga
326 314 32 21 att
373 314 34 21 till
424 313 133 23 kommittén
573 312 86 30 afgifva
674 313 106 29 yttrande
801 313 116 28 angående
934 313 27 22 de
977 314 38 21 be-

191 343 145 28 stämningar,
360 350 47 15 som
424 343 69 22 borde
510 343 6 22 i
533 343 114 29 förslaget
662 344 34 21 till
713 343 25 22 L.
756 342 25 22 O.
798 343 54 28 ingå
866 343 95 22 rörande
977 343 39 22 be-

191 372 137 29 handlingen
352 373 39 22 vid
413 373 110 29 landtdag
545 372 26 22 af
591 372 77 30 frågor
683 373 96 21 rörande
795 373 163 28 prästerskapet
974 373 42 21 och

190 402 94 28 kyrkan.
311 402 51 23 Med
376 403 122 29 anledning
509 402 66 23 häraf
582 403 46 21 fick
639 402 376 30 representationsreformkommit-

190 434 37 20 tén
252 434 114 28 emottaga
387 434 84 20 tvänne
486 433 137 27 utlåtanden,
644 433 37 21 det
697 440 43 14 ena
756 432 25 22 af
794 432 108 28 biskopen
919 433 6 21 i
941 432 75 28 Borgå

190 461 48 23 stift
254 462 42 22 och
312 462 37 22 det
366 463 70 21 andra
451 462 26 22 af
489 463 109 28 biskopen
615 463 6 21 i
633 463 87 28 Kuopio
731 462 55 27 stift,
798 462 76 22 hvilka
884 462 131 22 utlåtanden

190 493 35 21 stå
246 492 34 21 till
298 492 100 22 ståndets
413 492 142 30 förfogande.
587 492 44 30 Jag
647 493 80 21 tänker
743 492 53 28 mig,
814 493 32 21 att
862 492 36 22 det
914 492 28 22 då
958 492 58 22 hade

190 522 59 22 varit
264 522 32 22 tid
312 524 32 20 att
359 524 54 28 taga
429 523 182 21 allvarsammare
627 523 7 21 i
650 523 76 27 saken,
738 529 36 15 om
785 522 162 28 prästeståndet
958 522 58 22 hade

190 552 82 22 önskat
293 552 43 22 det.
368 552 33 22 Af
419 554 75 27 någon
511 552 115 29 synnerlig
642 552 48 22 vikt
705 555 26 19 är
746 552 52 22 icke
814 552 43 22 den
872 552 89 22 erinran
974 552 42 28 jag

190 582 92 26 lemnat,
299 589 50 15 men
366 582 43 22 den
425 583 42 21 hör
482 583 57 21 dock
555 582 34 22 till
604 583 75 21 saken.

263 641 51 22 Kun
342 642 128 22 keskustelu
493 642 30 22 oli
543 642 110 28 julistettu
676 642 162 28 päättyneeksi,
863 641 152 29 hyväksyttiin

190 672 162 22 vastattavaksi
367 672 54 22 näin
436 672 98 22 kuuluva

263 733 162 33 Känestysesitys
433 746 4 14 :

265 803 63 26 »Ken
352 803 119 28 hyväksyy
494 803 139 22 ehdotuksen
651 803 125 28 yksityisen
792 802 150 22 valiokunnan
958 804 58 20 aset-

190 832 116 22 tamisesta
321 833 168 28 puheenalaista
505 833 71 21 asiata
591 834 86 25 varten,
694 834 78 20 vastaa
782 834 54 26 jaa;
850 832 35 28 jos
896 834 19 21 ei
924 832 92 28 voittaa,

191 869 29 15 on
236 864 64 26 sääty
316 862 119 29 hyljännyt
450 863 110 21 mainitun
576 862 159 22 ehdotuksen.*

191 958 58 21 nittu
267 958 85 22 ehdotus
368 959 37 21 siis
421 959 26 21 oli
464 958 84 28 hyljätty.

344 1077 183 29 Pappissäädyn
543 1077 157 28 yksityisestä
715 1076 143 24 rahastosta.

262 1143 146 22 Sananvuoro
431 1143 156 29 myönnettiin,
603 1144 127 27 pyynnöstä
754 1142 114 28 vapaahra
891 1140 125 23 Palmömille

186 1172 56 28 joka
258 1172 82 23 lausui:

261 1202 77 22 Koska
362 1202 168 29 Pappissäädyn
553 1210 73 14 ennen
649 1202 113 28 lopullista
786 1201 147 22 eroamistaan
956 1201 59 21 tulee

188 1234 98 26 päättää,
304 1233 69 21 miten
389 1240 39 14 sen
444 1240 21 14 n.
483 1233 20 22 k.
522 1232 141 28 ,yksityinen
679 1232 78 21 kassa”
776 1231 102 23 vastedes
891 1238 28 14 on
930 1231 85 21 hoidet-

188 1264 54 19 tava
260 1262 26 28 ja
301 1262 138 28 käytettävä,
457 1276 26 2 —
500 1262 85 26 seikka,
599 1262 49 28 jota
663 1262 41 21 hra
719 1261 109 28 Hedberg
841 1262 24 26 jo
882 1261 133 21 ohimennen

189 1291 127 27 kosketteli,
340 1305 29 3 —
384 1292 81 22 katson
484 1292 110 22 asiakseni
610 1292 91 21 lähinnä
717 1294 69 19 antaa
802 1290 120 22 muutamia
937 1290 78 28 tietoja

187 1322 79 20 tämän
282 1322 80 21 kassan
379 1322 141 28 alkuperästä
533 1322 25 28 ja
571 1322 129 28 nykyisestä
716 1322 84 20 tilasta.

261 1351 81 23 Kolme
364 1352 194 27 vuosikymmentä
573 1352 67 21 sitten
656 1352 83 21 vastasi
755 1350 60 22 vielä
828 1350 106 28 jokainen
950 1351 64 27 sääty

188 1380 42 22 itse
253 1381 83 22 useista
356 1382 116 26 menoista,
486 1382 65 27 jotka
565 1381 134 28 nyttemmin
715 1388 29 14 on
760 1382 83 26 tapana
859 1386 73 22 panna
947 1380 67 27 yleis-

187 1412 39 20 ten
249 1411 298 28 valtiopäiväkustannusten
564 1411 70 21 tilille.
666 1410 168 29 Pappissäädyn
850 1409 92 22 kaikilta
955 1409 59 27 jäse-

188 1440 56 21 niltä
260 1440 126 22 kannettiin
403 1441 38 21 siis
457 1441 119 22 vuosittain
593 1441 100 27 maksuja
709 1440 175 26 tarkoituksella,
897 1440 44 20 että
952 1438 63 22 niillä

188 1470 56 21 voisi
261 1470 108 22 suorittaa
384 1471 54 21 sekä
454 1471 148 21 edusmiesten
617 1470 101 28 palkkiot
733 1471 48 21 että
792 1468 222 22 kansliakustannuk-
