1092 1734
326 70 81 19 Uusista
419 70 244 18 rautatierakennuksista.
878 70 27 21 87

84 130 42 21 och
150 131 67 20 tätast
240 130 119 22 befolkade
384 130 91 22 trakter.
512 130 254 21 Teknik-instrumental
786 129 120 22 undersök-

84 159 55 29 ning
154 160 42 21 har
208 160 126 22 verkställts
346 161 13 20 å
371 160 42 22 den
429 159 132 29 ifrågasatta
576 160 157 27 bansträckan,
750 160 41 21 och
806 159 100 22 fullstän-

84 189 54 28 diga
161 189 176 28 profilritningar
358 190 41 21 och
421 188 195 29 kostnadsförslag
631 190 117 27 uppgjorts
763 190 69 21 redan
851 190 55 20 1889

84 219 49 26 och,
156 220 73 20 såsom
253 221 94 26 nämnts,
371 219 164 22 ständerbeslut
558 218 76 22 fattats
654 226 37 14 om
708 219 50 21 dess
779 218 127 29 byggande,

84 248 44 22 och
144 248 69 22 likväl
229 256 65 21 synes
311 249 72 22 denna
400 249 58 21 bana
474 248 138 22 fortfarande
628 256 53 15 vara
698 249 67 21 dömd
780 250 33 20 att
824 249 82 21 distan-

84 285 62 14 seras
162 277 26 22 af
201 279 69 21 andra
285 279 76 26 banor,
379 277 46 23 ofta
440 279 196 26 ödemarksbanor,
653 279 85 21 sådana
748 285 48 15 som
807 278 22 21 vi
840 277 67 23 hafva

83 307 133 29 tillräckligt
235 308 25 22 af
272 307 65 23 förut.
368 308 45 29 Jag
428 308 43 21 kan
489 308 49 22 icke
554 308 62 22 finna
632 309 75 26 annat,
724 311 28 18 än
769 309 32 20 att
817 315 27 15 en
860 310 45 20 stor

84 338 110 21 orättvisa
209 338 40 21 här
267 338 69 29 begås
352 339 45 21 mot
413 338 196 28 syd-österbotten.
640 338 137 28 Visserligen
793 345 40 14 var
851 339 57 20 1900

86 368 36 21 års
142 368 163 22 ständerbeslut
321 368 6 21 i
344 369 25 20 så
389 369 69 20 måtto
474 369 25 20 så
515 369 32 20 att
563 371 55 25 säga
633 367 161 29 ofullständigt,
812 369 32 20 att
860 368 46 21 det-

85 404 87 15 samma
187 397 26 22 af
226 398 43 21 den
284 397 39 22 för
336 398 73 21 banan
421 399 24 20 år
459 398 56 21 1899
526 399 137 27 uppgångna
674 397 104 22 sträckan
789 397 118 29 godkände

85 427 81 22 endast
175 427 112 22 bandelen
295 427 281 29 Seinäjoki—Kauhajoki,
588 435 50 14 men
647 427 167 23 öfverlämnade
823 427 85 22 banans

86 457 79 22 vidare
188 457 130 29 sträckning
341 458 41 22 och
403 457 214 29 törgreningspunkt
632 457 34 22 till
684 457 145 29 regeringens
846 456 61 29 afgö-

86 487 76 22 rande.
194 487 51 22 Men
262 487 28 22 då
305 487 124 22 emellertid
445 487 163 29 samstämmigt
624 487 72 22 beslut
712 487 52 22 med
780 486 104 23 afseende
895 487 13 21 å

86 523 28 15 en
130 518 46 21 stor
189 517 36 22 del
236 517 25 22 af
269 517 84 22 banans
364 517 117 28 sträkning
491 516 87 29 förelåg
588 517 42 22 och
641 517 144 28 folkopionen
796 517 111 22 dessutom

86 553 82 22 genom
185 548 82 27 många
283 547 154 28 deputationer
452 547 43 22 och
510 547 231 28 tidningsuttalanden
752 547 40 22 och
804 546 104 22 särskildt

86 583 83 21 genom
185 576 111 29 förnyade
312 577 119 28 petitioner
445 577 38 22 vid
503 578 145 21 1904—1905
661 579 35 19 års
706 577 93 28 landtag
810 575 97 29 oförtyd-

87 605 51 22 bart
149 606 68 29 gifvit
230 607 115 26 tillkänna,
358 607 90 22 hvilken
461 605 103 30 lifsfråga
576 606 38 23 för
624 607 130 22 landsdelen
765 607 73 21 denna
846 606 62 28 järn-

88 638 46 26 väg
150 639 32 25 är,
199 637 41 21 och
256 636 66 22 äfven
337 637 108 28 tämligen
462 637 110 28 enhälligt
587 637 95 28 påyrkat
697 637 86 21 banans
794 635 114 29 dragande

88 664 79 23 främst
183 666 34 21 till
231 666 138 22 vestkustens
385 666 64 22 bästa
464 666 68 22 hamn
544 666 6 21 I
562 666 83 27 Kaskö,
656 667 25 21 så
692 666 57 22 hade
760 673 58 19 man,
830 665 79 28 tycker

86 695 47 28 jag,
158 695 49 22 haft
230 696 48 21 skäl
297 698 32 19 att
345 697 68 21 vänta
433 696 137 28 proposition
592 695 78 23 främst
692 703 36 15 om
750 695 120 22 utförande
886 694 26 22 af

89 725 74 21 denna
178 726 189 28 mångomordade
381 726 97 28 järnväg
495 728 57 19 samt
568 725 87 29 förslag
670 726 34 21 till
715 726 55 21 hvar
780 725 128 29 förgrenin-

88 762 46 21 gen
149 754 25 22 af
187 755 73 22 banan
273 756 68 21 borde
353 756 44 22 ske,
417 756 30 21 Sä
458 756 41 21 har
509 763 30 14 nu
551 756 123 22 emellertid
686 755 50 22 icke
744 756 64 22 skett.
825 755 44 21 Vid
880 761 27 15 en

87 785 82 21 urtima
192 785 107 29 landtdag
320 787 72 20 såsom
413 786 74 21 denna
509 792 43 22 ega
572 786 120 22 ständerna
709 785 131 28 visserligen
859 784 49 22 icke

88 816 44 20 rätt
154 816 33 20 att
207 818 55 25 göra
282 815 124 29 petitioner,
422 822 51 15 men
491 815 28 22 då
535 816 134 28 regeringen
685 816 115 28 samtidigt
815 814 94 22 föreslår

88 844 131 29 byggandet
235 844 25 22 af
272 845 151 29 järnvägarne
438 845 270 28 Suolahti-—-Suonenjoki
724 846 41 21 och
780 844 128 22 Joensuu—

89 874 93 22 Nurmes
199 875 42 21 och
251 875 8 21 i
269 875 34 22 sin
319 875 166 28 propositionen
496 882 36 16 n:o
544 877 13 20 7
566 875 117 29 angående
697 875 211 22 kommunikations-

88 903 83 22 fonden
193 905 70 28 begär
285 905 131 22 ständernas
436 905 166 29 godkännande
618 905 24 22 af
656 907 30 20 ett
702 905 85 28 förslag
802 911 36 15 om
854 911 54 22 upp-

87 934 100 28 tagande
210 934 25 22 af
255 936 32 21 ett
306 935 113 22 utländskt
435 935 147 28 järnvägslån
597 935 34 21 till
646 936 25 21 så
686 936 56 21 stort
757 935 88 28 belopp,
861 941 48 14 som

88 965 126 20 motsvarar
237 971 27 15 en
285 964 38 22 för
347 966 28 20 56
395 966 36 21 års
450 965 33 21 tid
503 964 111 23 fastställd
637 965 101 22 annuitet
753 964 22 22 af
790 964 120 27 2,150,000

89 993 71 28 mark,
176 994 55 22 eller
246 994 86 22 således
348 994 63 23 öfver
427 995 135 26 50,000,000
578 995 69 27 mark,
658 995 86 22 hvilket
754 995 38 21 lån
803 997 25 18 är
839 993 72 22 afsedt

88 1025 33 19 att
137 1023 7 21 i
160 1024 111 29 väsentlig
295 1025 36 22 del
350 1025 114 21 användas
485 1024 36 22 för
542 1025 121 28 byggande
684 1024 26 22 af
722 1031 45 22 nya
780 1024 130 28 järnvägar,

88 1054 26 20 så
130 1054 71 21 måste
217 1054 36 21 väl
271 1054 126 26 ständerna,
414 1055 74 21 därest
505 1055 28 21 de
548 1055 84 27 bevilja
648 1055 61 21 detta
724 1054 44 27 lån,
785 1054 68 21 också
868 1060 42 21 ega

87 1084 45 20 rätt
155 1084 33 20 att
210 1083 131 29 bestämma,
356 1084 38 22 vid
409 1084 78 22 hvilka
501 1085 118 27 järvägars
634 1084 120 22 utförande
770 1084 64 21 dessa
850 1083 60 21 låne-

89 1112 73 22 medel
181 1112 79 22 främst
275 1113 69 23 borde
360 1114 90 21 komma
465 1114 35 22 till
515 1114 152 28 användning.
694 1114 44 22 Det
753 1116 25 19 är
794 1114 29 28 på
838 1113 73 21 denna

88 1142 81 28 grund,
193 1149 47 15 som
259 1143 42 29 jag
320 1145 71 20 ansett
413 1144 48 28 mig
477 1144 56 22 böra
547 1142 119 24 framhålla
686 1142 225 30 syd-österbottniska

90 1172 85 22 banans
191 1172 174 30 nädvändighet,
382 1174 41 21 och
439 1173 151 22 ötverlämnar
603 1174 41 28 jag
659 1173 62 28 förty
737 1173 80 29 frågan
830 1172 35 22 till
875 1178 37 16 ve-

89 1202 140 22 derbörande
250 1203 94 21 utskotts
362 1203 241 29 uppmärksammande
618 1204 42 21 och
676 1203 144 28 behandling,
837 1202 7 22 i
860 1209 50 21 syn-

90 1232 78 21 nerhet
185 1239 46 15 som
246 1233 41 28 jag
301 1232 38 22 för
355 1233 45 21 min
417 1233 36 22 del
469 1233 49 23 icke
534 1233 45 21 kan
595 1233 47 22 inse
658 1235 75 25 annat,
749 1236 28 18 än
789 1234 32 20 att
831 1231 80 29 frägan

90 1268 37 15 om
155 1262 78 22 vidare
254 1262 242 29 järnvägsbyggnader
517 1264 46 20 står
578 1263 7 21 i
601 1263 79 21 sådant
699 1262 139 29 oskiljaktigt
854 1268 57 15 sam-

89 1291 116 29 manhang
221 1292 50 22 med
287 1293 166 27 propositionen
470 1300 37 14 om
521 1293 153 29 järvägslänet
688 1299 48 15 som
751 1292 55 22 sista
820 1298 66 15 mom.
898 1292 12 20 2

89 1320 13 29 8
119 1321 7 21 i
143 1321 23 21 L.
183 1321 26 23 O.
226 1321 137 23 förutsätter.

161 1380 48 22 Hra
241 1381 86 28 Lybeck:
359 1382 60 22 Minä
442 1382 91 28 pyydän
560 1382 55 22 mitä
640 1382 190 28 lämpimimmästi
857 1381 55 21 kan-

91 1411 78 21 nattaa
190 1411 65 21 herra
271 1411 142 22 Nordlundin
428 1412 118 22 lausuntoa
562 1412 130 28 Suupohjan
707 1412 111 22 rautatien
834 1410 78 22 raken-

90 1440 87 22 nuksen
193 1441 212 28 tarpeellisuudesta.
429 1441 42 22 Jos
482 1442 121 22 tahdotaan
613 1442 108 22 rakentaa
731 1441 103 27 rautatie,
842 1440 71 28 jonka
