1100 1761
287 92 137 18 Eduskunnan
437 91 283 24 uudestaan-järjestämisestä.
868 92 42 20 527

232 152 169 22 Eduskunnan
416 151 352 28 uudestaan-järjestämisestä.

159 211 110 22 Esitettiin
287 211 104 29 pöydällä
406 211 55 21 ollut
477 211 268 27 perustuslakivaliokunnan
761 211 88 23 mietintö
860 210 51 22 n:o
902 206 13 38 1

89 248 55 15 arm.
169 241 112 27 esityksen
302 248 36 15 n:o
356 242 24 20 11
396 241 111 27 johdosta,
514 241 55 27 joka
584 241 83 21 koskee
683 241 56 22 uutta
754 241 157 27 valtiopäiväjär-

88 271 87 28 jestystä
191 271 51 22 sekä
257 271 106 22 vaalilakia
379 271 86 21 Suomen
483 271 244 22 Suuriruhtinaanmaalle.

162 330 149 22 Keskustelun
326 331 58 20 tästä
400 330 82 21 asiasta
498 330 62 21 alotti
572 329 119 29 professori
702 331 132 26 Hermanson,
843 329 69 29 jonka

91 361 102 21 lausunto
209 360 30 21 oli
255 367 119 15 seuraava:

163 389 78 22 Sävidt
265 397 51 14 man
332 390 44 21 kan
392 397 30 20 se,
441 389 89 22 komma
545 389 108 22 Finlands
669 389 96 22 Ständer
780 397 30 14 nu
826 391 32 20 att
874 397 37 14 an-

90 421 55 27 taga
160 427 27 14 en
204 419 277 29 representationsreform,
497 419 103 29 grundad
623 421 29 26 pä
676 419 237 28 enkammarsystemet

90 450 43 21 och
157 450 112 21 allmänna
293 450 42 21 val.
366 449 11 22 I
401 449 73 22 denna
490 449 35 22 del
541 449 64 22 torde
621 449 50 22 icke
687 451 69 26 några
773 449 139 28 väsentligen

90 479 122 22 afvikande
228 479 82 22 åsikter
326 479 69 22 bland
410 479 120 22 ständerna
546 479 155 22 framkomma.
727 479 45 28 Jag
788 479 39 22 ber
843 481 31 20 att
891 478 22 22 få

92 510 80 21 beröra
195 516 28 15 en
246 509 71 28 fräga,
341 516 36 15 om
401 509 91 22 hvilken
512 509 84 22 kanske
613 509 44 22 alla
672 509 49 22 icke
738 512 38 19 äro
792 509 46 22 lika
854 515 58 20 ense,

91 546 38 15 om
145 539 28 22 de
189 539 103 28 grunder,
311 546 46 15 som
375 539 108 22 motivera
498 546 28 15 en
543 539 69 22 sädan
628 538 141 29 förändring.
801 539 44 28 Jag
860 540 52 26 tror,

91 571 34 19 att
155 569 72 21 denna
256 569 64 28 fråga
343 569 50 21 icke
416 572 25 18 är
464 570 53 20 utan
544 569 115 27 betydelse
685 569 37 21 för
748 569 117 28 lösningen
892 568 25 22 af

93 599 130 28 problemet.

165 628 44 22 Det
229 628 71 28 gäller
319 630 33 20 att
367 629 70 27 skapa
453 630 32 20 ett
500 630 50 27 nytt
565 627 145 29 lagstiftande
726 635 70 21 organ
812 628 37 22 för
865 629 48 20 vårt

93 658 52 22 tolk.
178 658 73 22 Sedan
275 658 113 28 uräldriga
408 658 57 22 tider
485 658 41 22 har
541 658 41 22 hos
598 665 35 15 oss
649 658 55 28 gällt
720 658 145 28 grundsatsen
883 660 31 19 att

93 688 38 28 lag
154 688 20 28 ej
198 689 37 20 mä
256 688 72 28 gifvas
348 688 70 22 folket
440 690 55 19 utan
515 690 32 19 att
563 695 54 14 vara
633 688 25 21 af
671 688 123 21 detsamma
810 690 103 26 antagen,

91 720 34 19 att
141 717 140 23 främmande
296 718 37 28 lag
349 718 20 28 ej
386 719 37 20 mä
438 717 71 23 folket
524 718 126 28 pätvingas,
667 718 94 21 emedan
777 718 79 21 sädant
867 718 46 21 län-

94 748 40 21 der
157 748 118 27 allmogen,
292 748 19 21 d.
329 755 20 14 v.
366 755 16 14 s.
400 747 69 22 folket
485 748 34 21 till
534 749 76 26 tunga.
642 747 232 29 Anmärkningsvärdt
890 750 25 18 är

93 778 33 20 att
150 777 27 22 de
201 777 71 22 äldsta
291 777 215 28 landskapslagarna
521 777 50 22 icke
587 777 46 21 tala
649 778 69 27 nägot
734 784 35 15 om
786 784 28 15 en
829 776 85 29 lagstif-

93 807 68 22 tande
185 807 61 22 mäkt
269 807 54 22 eller
341 814 37 15 om
394 814 27 15 en
437 806 204 29 lagstiftningsrätt.
673 807 124 21 Enahanda
813 814 40 15 var
868 806 46 22 för-

94 837 113 21 hällandet
228 836 148 23 öfverhufvud
392 837 7 21 i
415 837 28 21 de
459 837 62 22 äldre
537 837 143 28 germaniska
696 837 143 22 samhällena.
871 836 44 22 Det

94 868 58 19 rätta
172 866 65 22 fanns
253 868 72 20 såsom
341 874 28 14 en
385 867 122 21 bestående
523 867 96 27 ordning
634 868 54 19 utan
703 866 45 28 lag,
765 867 42 21 och
823 867 37 21 det
875 873 40 15 var

94 896 124 28 någonting
241 895 76 29 gifvet,
341 898 32 20 att
396 899 41 18 när
458 896 38 28 lag
518 896 72 22 skulle
606 895 71 23 stiftas
693 896 34 22 till
743 896 172 28 förebyggande

92 925 28 22 af
132 926 119 22 osäkerhet
266 933 36 15 om
318 926 59 22 hvad
393 933 47 15 som
457 926 72 22 skulle
545 926 72 21 hällas
632 926 38 22 för
685 927 51 25 rätt,
753 926 78 22 sädant
843 926 74 22 kunde

92 956 42 21 ske
151 956 78 21 endast
245 962 80 22 genom
341 956 71 22 folket
427 956 56 22 eller
499 956 70 21 under
586 956 49 21 dess
652 956 142 21 medverkan.
821 956 52 21 Men
889 962 27 16 en

94 986 99 28 ständigt
209 984 185 24 funktionerande
410 986 63 21 makt
489 987 31 20 att
537 988 56 26 göra
608 986 44 28 lag,
670 986 37 21 det
722 993 40 14 var
773 987 68 27 nägot
850 985 66 22 främ-

95 1015 80 21 mande
198 1015 36 21 för
257 1016 42 21 den
325 1016 73 21 tidens
421 1015 164 29 föreställning.
618 1016 45 21 När
687 1016 36 21 det
745 1016 28 21 dä
794 1015 75 29 gällde
885 1017 32 20 att

94 1044 62 22 stifta
171 1045 44 28 lag,
232 1046 52 20 kom
300 1046 37 22 det
352 1044 137 23 tramförallt
505 1052 28 14 an
549 1046 35 27 pä,
601 1045 49 22 icke
667 1046 31 20 att
722 1045 101 22 förklara
843 1046 74 24 ,detta

95 1074 40 22 vill
147 1075 62 28 jag*,
226 1076 53 20 utan
295 1076 32 20 att
342 1075 62 21 finna
420 1075 37 21 det
473 1077 59 19 rätta
547 1076 43 20 och
603 1077 32 19 att
651 1076 68 21 sedan
727 1076 34 20 till
770 1075 147 22 efterrättelse

95 1104 110 22 fastställa
228 1105 59 21 hvad
308 1112 51 14 man
381 1105 73 22 funnit
469 1106 74 21 såsom
559 1106 50 20 rätt.
640 1104 123 30 Uppgiften
779 1104 38 23 för
833 1104 84 29 lagstif-

94 1136 65 20 taren
182 1142 40 14 var
245 1134 129 22 densamma
394 1142 47 15 som
463 1135 34 21 för
514 1135 113 26 domaren,
643 1137 24 25 ty
685 1135 36 21 det
737 1136 58 20 rätta
810 1134 108 22 framstod

96 1165 73 20 såsom
193 1171 28 14 en
242 1164 121 22 bestående
386 1165 45 28 hög
456 1165 103 28 ordning,
582 1164 153 29 förpliktande
751 1165 49 26 alla,
817 1165 37 28 låg
870 1172 46 14 som

95 1193 52 28 hög,
164 1194 42 21 och
223 1194 36 21 det
275 1194 74 28 gällde
365 1195 33 20 att
413 1194 62 21 finna
491 1195 60 21 hvad
567 1201 47 15 som
629 1195 8 20 i
653 1193 152 23 förevarande
824 1193 37 22 fall
878 1201 40 14 var

95 1223 124 22 innehållet
235 1223 25 22 af
273 1224 73 21 denna
361 1224 102 28 ordning.

167 1253 10 21 I
193 1254 54 21 våra
263 1253 70 29 dagar
349 1257 25 18 är
389 1253 118 29 uppgiften
523 1253 37 22 för
575 1253 141 29 lagstiftaren
732 1254 49 21 icke
797 1261 27 14 en
837 1260 81 15 annan.

95 1282 44 22 Det
163 1283 97 27 myckna
275 1283 152 29 lagstiftandet
448 1285 13 20 å
478 1291 43 14 ena
536 1284 70 25 sidan,
623 1284 41 21 och
681 1285 13 20 å
710 1283 43 22 den
769 1284 70 21 andra
855 1283 63 26 sidan

94 1319 30 15 en
145 1312 122 28 doktrinär,
289 1313 37 22 det
345 1313 102 28 verkliga
463 1313 75 22 lifvets
554 1313 53 22 kraf
620 1313 140 22 törbiseende
776 1313 143 29 uppfattning

94 1341 28 22 af
142 1342 37 21 det
203 1344 58 20 rätta
281 1342 68 23 hafva
365 1343 58 21 varit
438 1343 88 28 egnade
537 1345 32 20 att
585 1343 178 28 undanskymma
779 1343 73 22 denna
869 1350 50 14 san-

95 1371 62 28 ning.
189 1372 52 21 Men
267 1373 36 21 det
327 1374 58 20 rätta
406 1373 42 21 och
469 1373 38 22 det
522 1373 103 28 verkliga
641 1373 74 22 litvets
731 1373 52 22 kraf
797 1373 33 22 stå
846 1373 49 22 icke
912 1373 7 21 i

94 1401 57 22 strid
167 1403 47 20 mot
230 1402 131 22 hvarandra.
380 1403 52 21 Icke
448 1404 31 24 så,
497 1409 46 15 som
560 1403 71 21 skulle
647 1403 43 25 det,
708 1410 48 15 som
771 1403 38 21 för
824 1403 95 21 stunden

94 1437 69 21 synes
186 1430 158 30 förmånligast
367 1432 54 21 eller
445 1432 106 22 förenadt
571 1432 51 22 med
644 1432 81 22 minsta
741 1433 51 26 risk,
809 1439 110 15 samman-

95 1459 55 22 falla
166 1461 51 21 med
233 1461 37 21 det
286 1463 58 20 rätta
362 1473 26 4 —
405 1462 64 27 långt
485 1462 98 21 därifrån
603 1474 24 4 —
644 1464 53 19 utan
714 1464 31 25 så,
761 1464 32 19 att
809 1462 38 21 det
862 1463 58 20 rätta
