1098 1764
195 99 50 34 340
420 103 131 24 Pappissääty
563 103 80 18 huhtik.
656 104 24 18 26
692 110 18 17 p.
724 103 53 19 1906.

196 163 48 21 åter
260 163 109 21 handelns
385 166 55 19 nära
456 170 45 22 nog
517 163 190 29 monopolisering
723 165 29 27 på
768 163 138 22 sistnämnda
922 165 33 20 ort
973 169 48 16 ver-

195 192 40 21 kat
258 193 44 21 och
324 193 82 22 verkar
426 195 32 20 att
474 193 140 22 landsortens
628 200 66 15 varor
709 193 87 22 betalas
812 193 54 28 lågt.
897 193 27 28 Ej
941 193 80 22 under-

195 221 41 30 ligt
262 222 86 22 således
372 224 33 21 att
426 223 142 28 pluraliteten
584 223 26 22 af
622 223 198 28 Sydösterbottens
837 222 138 29 befolkning,
993 223 28 28 på

195 253 44 20 sätt
255 251 124 30 mångfaldt
396 253 42 22 och
454 253 105 22 särskildt
576 253 36 22 vid
629 253 38 22 det
683 253 43 22 den
740 254 25 20 17
774 253 89 28 januari
878 254 56 20 1905
945 253 76 22 hållna

194 282 179 28 järnvägsmötet
389 283 7 21 i
412 283 134 28 Kauhajoki,
571 282 25 22 af
609 283 67 21 hvars
692 283 173 28 förhandlingar
881 290 27 15 en
924 282 95 28 resumé,

196 312 127 28 ombesörjd
347 313 26 22 af
395 313 26 21 dr
437 312 82 22 Gustaf
532 313 104 26 Mattson,
653 313 96 22 utdelats
765 313 34 21 till
815 313 126 27 ständerna,
958 313 61 21 kom-

196 342 40 21 mit
261 342 33 21 till
318 349 73 20 synes,
415 342 82 22 önskar
517 343 99 28 järnväg
636 342 80 22 främst
731 343 34 21 till
781 342 83 22 Kaskö.
895 342 45 29 Jag
955 349 66 15 anser

196 373 32 20 att
248 373 23 20 åt
287 371 60 22 detta
364 374 70 20 mötes
450 373 115 21 uttalande
580 373 42 22 bör
637 372 74 29 gifvas
727 372 50 22 fullt
792 373 91 26 vitsord,
904 375 54 19 enär
973 379 46 15 om-

195 401 82 26 buden,
300 409 47 14 som
364 409 53 14 voro
437 403 141 21 närvarande
594 415 27 3 —
635 403 41 28 jag
692 409 41 15 var
748 402 69 22 också
832 409 28 15 en
876 402 68 22 bland
960 402 58 26 dem,

197 444 26 3 —
241 438 54 15 voro
316 431 100 29 lagligen
436 432 94 22 utsedda
546 433 14 21 å
574 432 240 22 kommunalstämmor
830 432 6 21 i
854 432 44 21 alla
920 433 99 21 kommu-

195 468 40 15 ner
258 461 42 22 och
324 462 91 21 sålunda
439 461 92 22 faktiskt
549 463 184 28 representerade
757 463 43 21 den
816 461 138 30 befolkning,
971 469 48 14 som

195 493 108 26 närmast
318 491 56 22 skall
398 492 92 28 betjäna
511 492 35 28 sig
562 491 25 22 af
597 492 133 29 järnvägen.
764 492 48 23 Och
828 499 52 14 man
896 493 70 20 måste
982 492 37 21 väl

195 521 70 22 tilltro
288 521 155 22 Österbottens
467 529 81 14 annars
572 522 67 22 också
654 523 25 21 så
695 523 117 27 klarsynta
827 521 132 29 befolkning
975 521 44 23 för-

195 552 83 27 mågan
303 552 32 20 att
351 551 7 21 i
375 551 72 22 denna
471 552 39 21 sak
534 559 24 14 se
582 552 58 21 klart
661 553 41 21 och
720 553 28 20 ha
765 559 28 14 en
810 552 99 28 praktisk
926 559 47 20 syn,
991 551 28 22 då

196 581 37 21 det
257 582 25 20 så
302 583 55 20 nära
373 582 71 27 gäller
460 582 49 21 dess
525 589 60 22 egna
601 581 107 23 fördelar.
740 582 45 21 För
800 581 68 29 öfrigt
883 582 41 21 har
938 582 24 27 ju
979 584 39 19 ock

195 611 72 21 redan
291 611 55 21 1897
363 612 36 21 års
419 613 60 21 stora
492 612 228 28 järnvägskommitté
735 611 103 23 förordat
854 611 76 22 Kaskö
946 613 73 20 såsom

195 640 87 22 banans
298 641 121 28 ändpunkt.

268 670 51 22 Men
335 673 58 19 ännu
411 672 70 28 några
497 671 40 22 ord
554 679 36 14 om
606 672 130 21 hamnarna.
768 671 121 26 Utskottet,
906 678 46 15 som
965 679 53 21 upp-

196 699 68 22 fattar
280 700 73 22 denna
367 701 98 28 järnväg
480 701 79 22 endast
574 702 72 21 såsom
663 709 27 14 en
707 701 127 27 lokalbana,
852 701 112 22 förklarar
974 701 44 22 vis-

194 730 98 28 serligen
310 732 32 19 att
358 730 148 29 hamnfrågan
523 731 41 22 här
579 731 50 22 icke
645 739 47 14 mer
709 731 40 22 har
765 731 69 22 sådan
846 731 122 28 afgörande
980 731 37 22 be-

194 759 95 28 tydelse,
306 767 47 14 som
370 761 63 21 alltid
449 761 114 22 tillförene
578 761 126 22 tillerkänts
720 761 135 22 densamma.
888 761 130 22 Emellertid

196 789 41 22 har
259 790 107 22 utskottet
388 791 47 21 haft
451 798 27 14 en
494 791 118 22 förkänsla
628 794 22 19 at
666 793 32 20 att
713 791 121 22 ständerna
850 791 68 21 likväl
930 791 88 22 komme

195 821 31 20 att
243 819 57 22 fästa
318 819 105 23 afseende
439 821 37 21 vid
492 821 242 22 hamnförhållandena
751 821 42 22 och
809 821 41 21 har
860 820 78 22 därför
950 823 68 26 egnat

195 856 27 15 en
242 851 46 20 stor
300 849 35 22 del
346 849 26 22 af
380 851 37 20 sitt
428 851 142 22 betänkande
581 852 22 20 åt
614 851 114 28 prisandet
739 850 26 22 af
772 851 108 21 hamnens
891 851 7 20 i
909 850 108 22 Kristine-

194 879 50 21 stad
260 879 115 22 förmenta
390 879 136 23 företräden.
558 881 113 22 Utskottet
687 881 41 21 har
743 882 16 20 t.
776 887 20 16 o.
812 887 29 14 m.
858 880 120 28 ombesörjt
989 887 28 15 en

194 909 97 21 särskild
316 910 70 27 karta,
411 911 90 21 hvilken
523 911 57 21 skall
602 911 107 28 bestyrka
726 911 50 22 dess
791 910 120 22 uttalande.
942 910 76 21 Skada

194 939 56 21 blott
275 941 32 19 att
330 939 74 22 denna
427 939 64 22 karta
507 941 118 28 ingenting
640 941 96 26 bevisar,
753 940 29 21 då
798 941 13 20 å
828 940 128 21 densamma
973 941 45 20 vat-

194 969 123 28 tendjupen
337 969 6 21 i
359 969 108 27 farleden,
491 971 109 27 grunden,
625 970 83 27 refven,
733 970 119 28 klipporna
868 970 5 21 i
891 969 41 22 och
956 970 62 21 invid

195 998 64 22 dessa
277 999 93 28 visligen
387 1000 20 27 ej
424 1003 39 18 äro
479 999 98 29 angifna.
609 1000 61 22 Blott
687 1000 38 21 det
740 999 101 29 framgår
856 999 25 22 af
895 1000 27 21 de
934 999 84 29 otaliga

195 1028 64 29 längs
275 1028 101 22 farleden
393 1031 82 20 utsatta
489 1037 147 20 remmarena,
654 1031 32 20 att
702 1029 100 23 farleden
819 1031 69 20 måtte
902 1036 54 15 vara
966 1031 52 20 svår

194 1059 32 20 att
243 1058 84 28 befara,
344 1061 33 19 att
393 1059 42 22 den
452 1062 25 19 är
491 1060 82 28 krokig
588 1060 42 21 och
646 1061 73 27 trång,
736 1059 42 23 och
794 1061 33 20 att
838 1066 57 20 man,
907 1066 47 15 som
966 1066 51 14 man

193 1090 73 26 säger,
284 1089 70 21 måste
371 1089 59 22 hålla
441 1091 84 27 tungan
539 1091 45 20 rätt
598 1089 3 22 i
612 1097 98 14 munnen
721 1089 39 22 för
771 1091 32 19 att
814 1089 56 21 hitta
879 1089 30 21 in.
940 1089 77 22 Bättre

193 1117 45 22 blir
254 1118 100 28 inloppet
371 1119 49 22 icke
436 1119 75 26 heller,
524 1126 43 19 om,
579 1121 73 20 såsom
663 1119 26 22 af
697 1119 119 22 utskottets
827 1118 113 29 uppgifter
950 1118 67 22 fram-

193 1149 48 26 går,
259 1155 28 14 en
303 1147 155 23 farledsränna
474 1149 25 21 af
511 1150 30 20 50
557 1151 81 20 meters
650 1149 72 22 bredd
733 1156 83 21 genom
828 1149 36 21 det
876 1155 16 15 s.
906 1148 20 21 k.
958 1149 59 21 Bäk-

193 1177 61 22 hälet
279 1179 116 27 upptages,
419 1180 24 26 ty
467 1178 38 22 för
528 1179 56 21 hvar
600 1179 40 22 och
658 1186 36 20 en,
710 1186 47 14 som
775 1179 49 21 litet
839 1178 84 22 förstär
938 1178 35 28 sig
988 1179 30 27 pä

194 1207 138 28 navigation,
349 1210 26 19 är
391 1208 36 22 det
444 1209 64 27 klart,
525 1211 33 19 att
574 1216 50 14 man
641 1209 38 21 vid
691 1209 152 28 passerandet,
855 1208 97 21 särdeles
966 1208 51 21 med

193 1237 146 29 segelfartyg,
361 1237 26 22 af
407 1245 28 14 en
455 1239 78 21 endast
549 1239 29 21 50
595 1240 70 20 meter
681 1239 55 21 bred
753 1241 71 19 ränna
840 1239 29 27 pä
885 1245 27 14 en
929 1237 89 22 sträcka

193 1266 25 21 af
234 1267 8 20 1
262 1269 14 19 å
295 1268 47 27 11/,
359 1267 124 26 kilometer,
507 1271 25 18 är
548 1269 7 20 i
571 1268 90 29 ständig
684 1267 48 23 fara
748 1270 33 19 att
797 1275 80 21 genom
894 1269 123 20 strömsätt-

192 1297 62 28 ning,
279 1296 25 22 af
320 1296 53 23 drift
389 1297 42 22 och
447 1298 71 28 dylikt
534 1298 55 21 räka
605 1299 29 27 pä
650 1298 27 22 de
693 1299 38 20 vid
747 1298 64 21 sidan
828 1297 106 28 liggande
949 1305 68 20 grun-

193 1326 50 25 den,
261 1327 7 20 i
284 1327 123 27 synnerhet
429 1335 48 14 som
497 1327 101 22 farleden
614 1329 41 21 här
670 1331 26 18 är
711 1327 124 28 oskyddad,
852 1326 77 23 hafvet
944 1327 74 29 ligger

192 1358 69 26 öppet
280 1358 36 27 pä,
339 1357 42 21 och
397 1357 49 28 sjön
463 1357 46 22 ofta
524 1359 41 27 går
581 1358 51 28 hög.
664 1358 87 21 Härvid
768 1357 44 22 kan
826 1357 40 28 jag
882 1357 49 21 icke
948 1357 70 22 heller

191 1385 78 22 lämna
292 1387 127 26 oanmärkt,
443 1387 55 22 huru
522 1387 154 28 märkvärdigt
700 1387 84 28 hastigt
807 1389 15 19 t.
847 1394 33 15 ex.
902 1386 44 22 den
961 1393 17 14 s.
995 1386 21 21 k.

192 1415 148 29 Korsryggen
356 1417 38 21 vid
410 1417 153 28 öfvergängen
579 1417 34 22 till
629 1417 37 22 det
682 1418 48 21 inre
746 1416 178 26 hamnområdet,
940 1423 36 19 nu,
989 1416 28 21 dä

192 1452 52 14 man
267 1446 39 21 vill
326 1445 68 22 hafva
408 1447 96 28 järnväg
520 1447 34 21 till
570 1449 70 23 orten,
656 1447 144 22 förvandlats
816 1447 33 20 till
866 1453 27 14 en
910 1446 32 21 lös
956 1445 60 28 jord-

192 1475 51 28 hop,
268 1483 49 14 som
341 1477 51 20 med
409 1478 80 21 största
504 1477 80 21 lätthet
599 1477 45 21 kan
661 1476 141 22 bortskaffas,
835 1476 43 21 Det
894 1475 124 22 förundrar
