1089 1756
351 92 275 33 Kansakoulusuostunnasta.
860 99 39 23 141

77 159 39 23 Jos
133 160 52 22 ihan
201 158 95 28 lahjaksi
313 160 117 24 annetaan,
447 159 87 22 saattaa
550 158 96 28 helposti
661 159 108 28 tapahtua
786 158 52 24 ettei
855 158 46 23 lah-

74 189 39 28 jaa
129 189 76 29 pidetä
220 188 71 28 kyllin
308 195 100 19 arvossa;
426 188 74 28 pitäisi
518 188 106 22 kunnalla
641 188 143 22 itselläänkin
800 188 45 22 olla
851 188 50 28 jon-

78 218 136 24 kunmoinen
230 218 149 22 velvollisuus.
411 218 59 22 Näin
481 225 28 15 on
522 218 61 22 asiaa
591 218 173 22 valiokunnassa
772 217 128 23 arvosteltu.

150 272 134 28 Senjälkeen
307 272 123 22 mietinnön
454 272 94 22 ehdotus
564 272 186 22 äskensanotussa
766 272 88 22 kohden
870 272 32 27 hy-

78 303 110 27 väksyttiin.

151 349 90 23 Samoin
265 349 126 28 hyväksyttiin
412 349 40 21 siv.
474 349 24 22 14
514 349 65 22 oleva
594 350 126 22 ensimäinen
740 350 56 27 ponsi
816 352 86 19 määrä-

79 380 90 21 rahasta
186 379 176 28 kansakoulujen
377 378 166 28 jatkokurssien
560 379 172 29 toimeenpanoa
748 381 83 20 varten.

150 432 159 23 Käsiteltäessä
326 432 79 23 sivulla
416 432 23 23 14
450 432 80 23 olevaa
543 438 115 17 seuraavaa
670 433 75 28 pontta,
755 433 55 28 joka
820 433 83 22 koskee

80 463 146 22 määrärahaa
249 463 145 28 stipendeiksi
417 463 191 22 auskulteerausta
622 463 24 28 ja
662 463 177 28 opintomatkoja
855 470 48 15 var-

79 495 44 25 ten,
141 493 64 29 pyysi
222 493 81 21 ensiksi
320 493 173 28 puheenvuoroa

152 541 47 21 Hra
215 541 22 21 H.
255 541 20 21 H.
291 541 109 26 Snellman,
414 540 54 28 joka
484 540 82 23 lausui:
590 540 11 21 I
617 541 61 21 detta
691 541 147 26 betänkande,
848 540 56 23 lika-

80 578 47 15 som
149 571 7 21 i
171 571 97 28 tidigare
284 570 37 22 vid
336 569 136 30 föregäende
492 570 134 29 landtdagar
641 571 35 21 till
691 571 120 22 ständerna
826 570 77 22 inlem-

80 601 59 22 nade
162 601 125 28 petitioner,
304 601 40 20 har
367 600 85 22 sakrikt
474 601 42 21 och
540 600 78 29 riktigt
635 599 133 23 framhällits
785 600 43 22 den
844 603 60 19 stora

80 633 80 26 nyttan
179 629 23 22 af
221 631 32 20 att
271 630 191 28 lärarpersonalen
482 630 38 21 vid
537 630 153 22 folkskolorna
706 631 28 28 pä
750 631 76 20 landet
841 630 63 22 bere-

81 661 39 21 des
143 659 88 22 tillfälle
253 661 32 20 att
300 659 98 22 förkofra
414 660 37 21 sitt
467 660 96 22 vetande
580 660 42 21 och
637 660 34 21 sin
688 660 216 28 undervisvingsme-

80 691 39 21 tod
135 697 81 21 genom
233 689 111 23 ähörande
361 690 22 21 at
398 689 234 30 fortsättningskurser
648 690 37 21 vid
701 690 155 22 universitetet
864 689 41 24 och

81 727 82 23 genom
183 719 152 29 auskultering
355 719 37 23 vid
412 720 70 22 andra
501 719 75 23 skolor
596 720 41 21 och
654 720 36 21 vid
707 720 136 21 seminarier.
875 719 31 22 Ur

82 749 119 30 praktiken
217 749 64 22 torde
297 751 96 27 mången
410 749 50 22 med
480 749 47 28 mig
542 749 86 22 kanske
644 749 29 22 ha
692 750 42 21 den
749 749 156 29 erfareyheten

81 782 33 19 att
137 778 176 27 folkskollärare,
337 779 77 22 hvilka
436 779 58 22 varit
518 780 6 20 i
544 779 88 22 tilltälle
651 781 33 20 att
700 779 113 29 deltaga
802 774 16 38 i
830 779 76 28 dylika

81 809 78 22 kurser
174 809 38 22 vid
228 809 153 23 universitetet
397 809 53 22 eller
466 809 38 22 vid
520 811 69 27 nägot
605 809 144 22 seminarium
760 810 57 21 samt
829 816 28 15 en
866 809 40 26 tid,

81 846 37 15 om
141 839 68 22 ocksä
232 839 56 26 kort,
306 839 54 28 tölja
382 839 49 22 med
447 839 190 28 undervisningen
654 841 28 26 pä
698 839 70 22 andra
784 841 65 24 orter,
866 839 40 21 där

81 869 29 22 de
126 868 47 23 haft
183 870 70 27 nägot
263 869 97 28 verkligt
371 869 53 28 godt
435 871 31 20 att
478 869 107 26 inhämta,
597 869 92 22 kommit
701 869 80 23 liksom
790 868 116 29 föryngra-

81 899 29 22 de
125 898 50 22 frän
191 899 64 22 dessa
271 905 66 16 resor.
361 899 51 22 Med
428 906 45 21 nya
489 898 84 23 krafter
584 898 68 23 hafva
662 899 28 22 de
701 899 95 28 vidtagit
807 899 51 21 med
869 899 38 21 sitt

82 928 47 22 ofta
153 928 120 29 enformigt
295 930 42 21 och
360 930 65 27 tungt
446 928 72 23 blifna
541 929 77 22 arbete
634 931 57 19 samt
707 929 70 28 inlagt
793 930 49 27 nytt
858 927 29 22 lif
900 929 7 20 i

82 959 35 21 sin
133 959 167 28 undervisning.
331 959 51 21 Men
399 959 6 21 i
422 959 148 22 betraktande
581 958 29 28 af,
622 959 55 21 huru
694 958 22 22 få
724 959 72 21 lärare
808 959 7 21 1
826 957 82 29 själfva

82 988 79 22 verket
176 989 76 21 kunna
267 989 90 21 komma
372 989 7 20 i
396 989 130 27 ätnjutande
542 988 25 22 af
580 995 30 15 nu
626 989 95 21 berörda
732 987 119 27 förmäner,
863 988 44 21 kan

80 1018 41 29 jag
137 1018 50 22 icke
202 1018 117 22 underläta
335 1020 31 20 att
382 1019 68 28 lägga
466 1019 51 21 mitt
532 1017 76 23 förord
624 1017 35 23 för
674 1020 32 19 att
722 1018 105 22 särskildt
835 1018 72 21 ansla-

83 1050 38 26 get
137 1048 33 21 till
187 1048 122 28 stipendier
324 1047 35 23 för
367 1048 154 29 auskultering
529 1049 42 21 och
580 1048 171 29 stipendieresor
761 1049 68 20 mätte
837 1048 70 27 höjas.

83 1077 91 27 Hittills,
191 1078 73 21 sävidt
280 1079 46 28 mig
337 1081 24 18 är
372 1078 89 26 bekant,
472 1077 68 23 hafva
547 1078 64 21 dessa
620 1077 287 30 auskulteringsstipendier

84 1107 57 22 varit
165 1107 91 28 mycket
280 1109 53 25 smä,
352 1109 6 20 i
376 1108 105 21 medeltal
498 1108 78 22 endast
592 1108 104 29 omkring
714 1109 42 20 150
772 1108 70 21 mark.
874 1107 35 22 Dä

83 1145 30 14 nu
133 1144 27 15 en
183 1137 73 22 lärare
279 1138 94 28 nödgats
389 1137 74 22 aflöna
479 1138 85 21 vikarie
580 1137 35 22 för
632 1138 41 21 den
690 1138 39 26 tid,
746 1138 45 21 han
807 1137 57 22 varit
880 1137 30 28 pä

83 1174 29 15 en
135 1167 70 21 sädan
221 1174 56 19 resa,
293 1168 42 21 och
352 1167 49 22 icke
416 1167 72 22 sällan
504 1168 51 21 med
572 1167 89 29 knappa
676 1167 122 29 tillgängar
814 1166 47 23 haft
878 1168 31 20 att

83 1197 60 27 sörja
166 1196 35 22 för
225 1197 33 22 sin
282 1197 69 28 familj
372 1197 70 22 under
457 1197 69 26 tiden,
540 1197 71 28 jämte
628 1197 36 22 det
679 1198 45 21 han
740 1197 54 28 själf
807 1197 103 22 bekostat

83 1227 35 21 sin
139 1233 50 15 resa
209 1227 43 22 och
270 1227 37 21 sitt
326 1227 118 28 uppehälle
460 1227 72 22 under
547 1228 136 25 densamma,
700 1229 24 20 sä
740 1227 40 22 har
796 1234 27 15 en
840 1226 70 22 sädan

83 1256 162 29 stipendieresa
260 1257 110 28 knappast
386 1257 84 21 kunnat
486 1256 113 29 företagas
615 1259 53 19 utan
685 1257 130 22 ekonomisk
823 1255 85 23 förlust.

85 1286 68 22 Detta
177 1287 94 21 athäller
294 1287 105 28 mängen,
414 1293 48 15 som
479 1287 79 28 gjorde
574 1287 37 21 väl
627 1289 46 20 mot
688 1287 36 28 sig
739 1287 53 28 själf
806 1287 41 21 och
864 1287 46 20 mot

85 1316 78 27 andra,
180 1315 47 22 ifall
243 1316 44 21 han
304 1316 54 22 eller
374 1317 43 21 hon
434 1317 80 27 gjorde
529 1323 28 15 en
574 1317 69 21 sädan
660 1323 55 20 resa,
727 1315 49 23 frän
785 1318 33 20 att
826 1315 84 22 ansöka

85 1347 32 20 ett
136 1347 25 20 sä
176 1345 48 22 litet
241 1346 139 28 stipendium.
405 1345 84 28 Andra,
505 1346 77 23 hvilka
597 1346 58 22 hade
670 1347 44 20 lust
730 1348 31 19 att
778 1345 70 23 blifva
865 1345 45 22 del-

85 1375 77 28 aktiga
185 1375 26 22 af
231 1376 64 21 dessa
315 1376 128 28 stipendier,
465 1376 77 23 kunna
562 1376 50 23 icke
633 1376 84 24 erhälla
741 1376 57 26 dem,
816 1375 94 22 emedan

85 1405 158 28 statsanslaget
259 1405 49 22 icke
325 1405 78 22 räcker
419 1406 40 21 till.
492 1406 131 27 Isynnerhet
640 1409 24 18 är
674 1406 36 21 det
719 1406 84 28 knappt
812 1405 98 26 tillmätt,

85 1441 36 16 om
145 1436 71 21 större
239 1435 121 28 stipendier
383 1435 34 22 för
440 1436 148 21 utrikesresor
611 1435 63 22 skola
696 1436 99 28 utgifvas
812 1442 26 14 ur
854 1441 57 16 sam-

85 1471 38 15 ma
139 1465 168 28 anslagsmedel.
332 1465 34 22 De
383 1464 128 30 föreslagna
529 1466 79 26 15,000
620 1465 62 22 mark
699 1465 73 26 räcka,
792 1472 36 15 om
844 1464 68 22 ocksä
