1089 1756
390 92 187 34 Paloviinaverosta.
849 98 41 22 173

138 158 72 23 Herra
226 158 103 23 Puhemies
345 158 72 22 lausui
427 158 81 22 olevan
518 158 33 22 eri
561 158 79 22 mieliä
652 160 59 20 tästä
721 158 90 28 asiasta,
821 159 70 21 mutta

68 188 49 28 jätti
139 188 85 28 säädyn
246 188 170 28 päätettäväksi,
440 188 129 22 lähettääkö
589 190 64 26 sääty
671 191 13 19 2
700 188 67 29 S:ään
785 188 106 22 kuuluvat

67 220 84 26 ponnet
166 218 229 22 valtiovaliokuntaan
413 218 34 22 vai
463 218 107 22 tahtooko
586 220 65 26 sääty
665 219 40 27 nyt
716 218 56 22 niitä
783 217 107 22 käsitellä.

140 283 47 22 Hra
210 284 148 22 Hermansson:
383 284 49 22 Mitt
452 283 87 29 förslag
553 290 41 15 var
612 285 32 21 att
660 283 50 23 icke
727 284 79 22 endast
821 283 69 22 kläm-

67 320 86 20 marna,
168 314 54 21 utan
238 313 124 22 utlätandet
378 312 63 24 öfver
456 312 85 23 hufvud
557 313 72 22 skulle
643 314 128 22 remitteras
784 313 33 22 till
828 314 63 21 stats-

68 343 113 27 utskottet,
198 343 73 22 sävidt
286 344 70 28 angår
372 343 14 29 8
401 344 20 20 2.

140 408 48 22 Hra
211 408 113 28 Runeberg:
347 408 78 22 Redan
446 408 50 22 från
522 408 66 22 enkel
612 408 279 28 ändamälsenlighetssyn-

68 438 73 29 punkt
160 445 66 22 synes
244 438 37 22 det
297 438 121 29 onaturligt
434 440 32 20 att
483 439 88 22 ständet
586 446 31 14 nu
633 438 70 23 skulle
720 438 112 22 diskutera
850 437 40 22 och

68 468 57 23 fatta
140 469 73 22 beslut
229 468 7 21 i
252 467 80 30 frägor,
350 468 76 22 hvilka
442 468 60 23 efter
517 470 76 28 nägon
607 469 34 21 tid
656 469 91 21 komma
762 468 34 21 till
813 475 29 21 ny
853 468 38 21 be-

69 499 109 28 handling
194 499 29 21 då
238 498 173 22 statsutskottets
423 498 143 23 betänkande
577 498 132 22 inkommer.
725 498 52 21 Man
786 497 106 23 behöfver

67 528 26 29 ju
108 528 41 22 alls
164 529 51 21 icke
230 528 70 22 inlåta
314 528 36 29 sig
365 529 29 28 på
409 529 76 28 någon
503 528 120 29 dryftning
639 528 26 22 af
679 527 213 30 kompetensfrågan

69 558 82 22 mellan
172 559 28 21 de
216 558 72 21 skilda
309 558 119 27 utskotten,
444 560 25 26 ty
485 558 8 22 i
509 558 80 22 sakens
605 565 58 22 egen
678 559 67 21 natur
759 558 74 28 ligger
848 557 43 26 väl,

69 589 33 21 att
125 588 77 28 dylika
225 588 83 22 dubbla
331 588 151 22 diskussioner
504 588 42 22 och
567 588 84 22 dubbla
675 587 72 23 beslut
774 587 49 22 icke
838 587 55 22 böra

70 617 170 30 ifrågakomma.
264 617 42 22 Om
322 618 37 21 det
375 621 26 18 är
416 618 139 29 nödvändigt
571 619 32 20 att
617 617 114 23 remittera
742 617 151 22 betänkandet

69 648 34 21 till
126 647 164 22 statsutskottet
310 647 54 22 eller
380 655 36 14 om
432 648 89 22 ståndet
537 648 69 21 borde
624 647 122 22 inskränka
761 647 36 29 sig
812 647 33 22 till
861 648 32 20 att

69 677 48 22 helt
133 678 75 22 enkelt
224 677 124 29 bordlägga
359 678 150 21 belänkandet
520 677 95 22 rörande
627 678 42 21 den
678 677 70 22 andra
759 675 133 30 paragrafen

69 707 35 22 till
128 707 50 23 dess
200 707 173 22 statsutskottets
398 707 143 23 betänkande
561 707 132 25 inkommer,
709 707 40 22 vill
763 708 41 27 jag
818 707 75 22 lämna

70 737 92 22 därhän.
193 737 112 22 Måhända
328 740 25 19 är
376 737 38 22 det
437 737 58 22 dock
518 737 108 29 riktigare
642 739 32 20 att
690 737 88 22 ståndet
797 736 97 22 besluter

69 767 116 22 remittera
207 767 152 22 betänkandet
374 767 34 22 till
423 767 163 22 statsutskottet
603 767 38 22 för
657 769 31 20 att
704 767 69 22 sedan
788 768 53 27 taga
856 765 37 22 det

69 797 72 22 under
155 797 143 28 behandling,
315 800 41 19 när
371 797 174 22 statsutskottets
561 797 142 22 betänkande
719 797 131 21 inkommer.

142 862 157 22 Valiokunnan
314 863 102 21 lausunto
432 863 13 21 2
462 863 57 28 &:stä
531 863 116 28 päätettiin
659 863 94 27 lähettää,
765 862 67 21 kuten
844 867 50 22 pro-

70 891 78 23 fessori
163 892 140 22 Hermanson
318 893 30 21 oli
364 893 137 25 ehdottanut,
518 893 207 22 valtiovaliokuntaan.

143 999 85 21 Istunto
244 999 87 28 päättyi
349 999 44 22 k:lo
409 1000 51 27 9,45
478 999 13 22 i.
508 1006 21 21 p.

683 1052 25 18 In
720 1053 67 17 fidem:

617 1083 90 22 Vilhelm
723 1083 99 27 Bläfeld.

90 1232 41 27 24.
169 1231 145 28 Tiistaina
332 1232 173 27 huhtikuun
525 1232 16 27 3
561 1239 26 26 p.
607 1232 70 27 1906
697 1231 60 28 k:lo
775 1232 16 27 %
809 1231 18 27 i.
847 1238 28 27 p.

144 1303 135 23 Rukouksen
294 1303 40 29 piti
351 1302 176 30 lääninprovasti
542 1303 148 22 Westerlund.

144 1404 192 22 Nimenhuudossa
352 1405 68 21 olivat
436 1404 75 29 poissa
526 1403 299 29 tuomiokapitulinasessorit
836 1403 59 21 Tall-

72 1441 56 22 gren
141 1434 25 28 ja
181 1434 111 27 Hannula,
309 1434 146 22 kirkkoherra
471 1441 21 15 v.
510 1433 74 23 Pfaler
595 1434 53 21 sekä
661 1434 83 21 rehtori
754 1433 140 29 Rosengvist.
