1100 1767
181 101 49 35 486
410 106 131 24 Pappissääty
552 106 82 18 toukok.
649 106 22 18 16
683 112 18 18 p.
716 106 54 18 1906.

186 164 52 28 mäl,
255 166 32 20 att
303 165 64 22 dessa
383 166 28 28 pä
427 165 72 29 grund
515 165 26 22 af
553 165 35 22 sin
604 167 34 20 art
654 166 55 22 eller
724 166 38 21 sitt
778 165 99 22 innehäll
892 164 119 29 päkallade

186 194 146 23 tillsättandet
348 194 26 22 af
386 197 31 20 ett
433 197 49 27 nytt
497 195 86 22 utskott
598 195 39 22 för
653 196 65 21 deras
733 195 132 28 ytterligare
880 195 129 21 utredande.

186 224 68 22 Detta
274 232 40 14 var
324 225 99 26 motivet,
434 224 96 22 hvarför
537 225 42 28 jag
589 226 71 21 måste
671 227 54 27 taga
735 226 87 26 hänsyn
833 224 34 22 till
878 225 131 22 kommittén

186 254 42 22 och
252 254 50 22 dess
324 255 121 21 uttalande.
477 255 44 29 Jag
545 255 40 21 har
609 255 78 22 därvid
707 256 51 21 icke
774 257 103 19 närmare
893 255 72 28 ingätt
980 255 31 28 pä

187 284 143 22 kommitténs
346 285 140 28 motivering,
503 287 53 19 utan
567 285 140 28 väsentligen
718 285 65 21 hållit
794 285 48 28 mig
852 284 78 22 endast
937 284 34 22 till
982 284 29 22 de

186 314 176 28 Onskningsmäl,
380 314 130 23 kommittén
527 315 41 21 har
583 314 125 27 framställt,
726 315 42 21 och
784 315 68 28 ingen
868 314 41 22 har
924 314 85 22 kunnat

186 343 101 29 päbörda
310 344 46 28 mig
379 346 32 20 att
432 345 41 28 jag
497 344 70 22 skulle
588 346 58 20 orätt
662 344 107 22 refererat
785 344 121 22 innehållet
923 344 26 22 af
961 344 50 22 dess

186 373 116 22 klämmar.
334 374 43 22 Det
401 382 40 14 var
463 374 138 29 nödvändigt
625 374 38 22 för
679 375 47 28 mig
742 376 32 20 att
789 376 54 26 taga
858 374 86 28 hänsyn
960 374 50 21 här-

186 403 41 28 till,
250 410 36 15 om
306 403 41 29 jag
362 404 53 22 ville
431 404 61 22 finna
508 406 31 20 ett
555 404 82 28 tydligt
653 412 52 14 svar
720 406 30 27 pä
765 404 91 29 frägan:
873 404 59 22 hvad
947 404 63 22 moti-

186 439 66 16 verar
268 433 145 22 tillsättandet
430 434 25 21 af
469 434 60 22 detta
545 434 109 21 särskilda
670 434 102 21 utskott?

258 462 98 28 Säledes,
382 464 37 28 jag
442 465 85 20 törstär
550 464 50 22 icke
624 465 32 20 att
678 464 41 28 jag
741 464 85 21 kunnat
847 463 116 22 underläta
978 464 32 20 att

186 494 54 27 taga
247 493 87 28 hänsyn
343 493 34 22 till
385 493 40 22 det
431 493 75 22 kända
516 493 93 27 faktum,
621 495 32 20 att
665 501 26 14 en
701 494 117 21 kommitté
826 493 69 22 redan
904 493 7 22 i
920 493 90 22 mänad-

186 522 31 21 tal
239 523 122 22 behandlat
377 524 73 21 denna
466 523 63 29 fräga
545 524 42 21 och
603 523 66 29 gifvit
685 525 32 20 ett
733 523 111 29 ingäende
862 523 149 27 betänkande,

186 559 48 15 som
250 553 99 28 upplästs
365 554 42 21 och
423 554 134 21 diskuterats
573 554 6 21 i
596 554 61 21 detta
673 554 66 21 ständ
756 553 42 22 och
814 560 48 15 som
878 553 69 22 slutar
958 553 52 21 med

186 582 60 21 vissa
268 582 117 23 bestämda
407 583 175 29 önskningsmäl,
606 591 37 14 om
664 584 41 28 jag
728 583 53 22 ville
796 583 56 22 söka
867 584 31 21 ett
914 590 52 14 svar
981 584 29 27 pä

186 611 90 30 frägan:
293 613 59 22 hvad
369 613 119 22 motiverar
503 613 147 22 tillsättandet
667 613 25 22 af
705 613 62 22 detta
783 613 110 22 särskilda
909 613 101 21 utskott?

186 641 45 22 Det
254 641 118 24 förefaller
395 650 47 15 som
467 650 35 15 om
526 650 52 15 man
601 651 30 14 nu
654 643 71 22 skulle
749 645 79 20 nästan
845 643 111 21 skämmas
972 642 40 22 för

186 671 61 22 detta
264 672 265 28 kommittebetänkande,
545 680 48 15 som
610 680 35 15 om
663 680 52 15 man
726 673 72 22 skulle
810 672 74 22 frukta
895 674 32 20 att
938 679 23 15 se
974 672 36 22 det

186 701 138 30 framdraget
339 703 7 21 i
362 703 71 28 ljuset.
466 703 47 21 Har
526 703 41 28 jag
582 703 119 22 framställt
717 703 38 22 det
770 704 29 27 pä
811 703 68 28 något
889 704 43 20 sätt
944 704 65 25 orätt,

186 732 25 21 sä
230 734 26 19 är
276 732 37 22 det
328 733 23 27 ju
367 733 40 22 lätt
423 734 33 20 att
471 733 114 28 publicera
602 733 36 21 det
655 733 40 22 och
712 733 96 28 uppvisa
823 732 76 22 hvilka
914 732 97 22 vanstäl-

186 761 66 22 lande
272 762 72 22 bilder
357 763 41 28 jag
413 762 66 29 gifvit
494 763 25 22 af
533 763 128 22 detsamma.
694 763 54 21 Tills
764 763 80 21 sädant
859 762 65 25 skett,
940 762 71 21 häller

184 791 40 29 jag
240 793 30 27 pä
285 793 32 20 att
331 792 41 29 jag
387 793 7 21 i
411 793 67 28 ingen
494 793 71 28 punkt
581 793 40 22 har
636 793 116 22 vantolkat
769 793 129 22 detsamma.

258 821 48 22 Här
321 822 40 21 har
377 823 90 21 uttalats
483 822 26 22 af
522 823 79 28 biskop
617 823 127 22 Koskimies
760 823 43 21 och
814 821 26 22 af
847 823 89 27 prosten
948 821 62 22 Hed-

186 851 62 28 berg,
266 853 32 20 att
312 852 40 29 jag
367 852 72 23 skulle
455 852 67 22 hafva
537 854 56 27 sagt,
611 854 32 20 att
659 860 52 14 man
727 852 50 22 frän
788 851 223 29 förslagställarenas

186 881 48 21 sida
258 881 39 22 vill
320 883 112 27 uppställa
455 884 68 27 nägot
540 883 80 21 villkor
635 882 40 22 för
691 883 42 22 den
750 889 45 20 nya
811 881 199 29 representations-

186 910 123 23 reformens
325 913 134 28 antagande.
489 912 45 29 Jag
550 913 40 21 har
606 913 96 21 tvärtom
718 913 51 27 sagt
780 913 128 25 motsatsen,
917 911 40 28 jag
968 911 43 21 har

186 942 56 27 sagt,
259 943 33 20 att
308 941 37 22 det
360 941 73 23 finnes
449 942 35 21 väl
500 942 68 29 ingen
579 943 7 20 i
598 943 61 21 detta
675 942 72 26 ständ,
764 949 48 14 som
828 941 53 22 ville
897 941 114 28 uppställa

186 971 31 21 ett
240 971 80 22 sädant
343 972 87 27 villkor,
455 979 51 15 men
526 973 46 27 just
595 971 82 23 därför
697 972 41 21 har
751 972 41 28 jag
808 971 84 28 frägat:
909 970 59 22 hvad
984 973 28 19 är

186 1000 43 28 det,
253 1007 48 16 som
325 1002 120 21 motiverar
467 1002 146 22 tillsättandet
629 1001 25 22 af
667 1003 31 20 ett
714 1001 105 22 särskildt
835 1000 101 22 utskott?
967 999 42 22 Om

186 1037 52 14 man
260 1031 51 22 icke
326 1031 40 22 vill
382 1031 68 30 hafva
465 1033 70 28 några
550 1032 115 28 praktiska
681 1031 99 26 resultat,
797 1029 94 23 hvarför
907 1030 104 21 tillsätter

185 1067 52 14 man
260 1061 102 22 utskott?
394 1062 31 21 Är
449 1062 36 21 det
504 1061 39 22 för
559 1064 32 19 att
607 1061 84 23 erhålla
707 1068 27 15 en
751 1061 84 21 allmän
850 1060 111 29 platonisk
977 1061 33 20 ut-

184 1090 98 29 redning
305 1091 26 21 af
350 1091 44 22 den
419 1090 86 30 viktiga
526 1091 91 29 frågan:
634 1091 59 22 hvad
709 1091 57 21 skall
782 1089 88 29 följden
886 1089 70 22 blifva
972 1089 39 22 för

184 1119 89 28 kyrkan
298 1121 42 22 och
363 1121 99 28 kyrkans
487 1121 142 22 verksamhet
655 1120 25 23 af
699 1121 38 21 det
752 1127 46 22 nya
814 1119 196 29 representations-

185 1149 125 29 förslagets
326 1151 145 28 antagande?

256 1180 94 22 Prosten
373 1181 107 28 Hedberg
503 1181 40 22 har
567 1181 67 22 också
654 1180 86 28 antydt,
758 1181 32 20 att
804 1180 40 28 jag
860 1179 71 22 skulle
946 1178 66 22 fram-

184 1210 64 21 hållit
273 1210 43 22 den
339 1211 201 28 omständigheten,
565 1212 32 20 att
620 1217 52 15 man
696 1211 44 20 kan
757 1211 58 20 orätt
830 1208 102 29 uppfatta
948 1208 62 22 detta

184 1239 98 30 förslag,
306 1240 109 28 misstyda
431 1241 130 26 detsamma,
583 1242 73 20 såsom
673 1239 48 22 skäl
737 1239 35 22 till
788 1239 50 22 dess
854 1238 154 22 förkastande.

184 1269 42 22 Om
246 1272 91 26 prosten
353 1270 108 29 Hedberg
477 1271 75 28 följde
569 1271 50 21 med
635 1270 49 21 mitt
700 1269 152 28 andragande,
869 1269 25 20 så
909 1268 41 21 bör
965 1268 45 21 han

185 1302 57 24 veta,
268 1301 32 20 att
323 1299 168 23 hufvudtanken
512 1307 41 14 var
568 1300 49 26 den,
635 1301 32 20 att
683 1300 61 21 detta
760 1299 89 27 förslag
865 1298 51 21 icke
932 1300 24 19 är
972 1305 37 14 ac-

184 1329 120 28 ceptahelt,
330 1330 95 21 emedan
449 1330 36 21 det
508 1330 81 21 saknar
613 1330 48 21 inre
683 1328 135 26 hållbarhet,
842 1328 82 21 saknar
940 1328 70 28 nödig

184 1359 143 28 motivering.
357 1359 46 29 Jag
419 1360 40 21 har
472 1361 56 27 sagt,
540 1361 33 20 att
583 1358 110 30 förslaget
703 1362 26 18 är
739 1358 78 22 oklokt
828 1358 7 21 i
846 1357 93 21 främsta
949 1364 59 14 rum-

184 1390 45 26 met
242 1389 48 27 just
305 1388 86 28 därför,
409 1391 32 20 att
457 1390 37 21 det
509 1389 82 21 saknar
607 1389 48 21 inre
671 1388 134 26 hållbarhet,
823 1394 50 15 men
887 1387 41 28 jag
943 1393 66 15 anser

184 1418 38 22 det
242 1418 52 22 icke
314 1426 55 14 vara
384 1419 123 29 opassande
523 1420 32 20 att
571 1418 66 22 äfven
653 1418 95 22 hänvisa
762 1418 34 21 till
814 1417 42 22 den
872 1416 140 22 närvarande

183 1448 122 22 historiska
328 1448 135 23 situationen
486 1450 72 20 såsom
582 1448 123 29 ingalunda
719 1447 95 29 lämplig
830 1446 40 22 för
885 1445 125 23 väckandet

183 1477 26 23 af
229 1479 33 21 ett
285 1478 79 22 sådant
386 1478 96 29 förslag.
513 1478 34 22 En
571 1478 114 28 förnuftig
707 1477 118 22 människa
848 1476 47 26 har,
919 1476 28 21 då
964 1475 43 21 han
