1092 1756
390 103 187 35 Paloviinaverosta.
856 109 41 22 193

71 176 28 16 en
122 171 46 21 stor
191 170 76 28 tunga,
292 170 91 22 hvilken
403 170 70 22 andra
489 170 148 29 medborgare
654 173 38 19 äro
709 171 44 21 helt
770 171 42 21 och
828 170 70 22 hållet

70 199 101 23 befriade
196 199 64 21 ifrån.
292 200 39 21 Hit
354 200 41 22 hör
418 202 15 20 t.
458 207 34 15 ex.
510 200 43 22 den
570 202 60 20 stora
645 202 85 27 tungan
747 200 25 22 af
785 200 112 28 brobygg-

71 230 51 26 nad,
146 229 121 28 landsvägs
290 229 121 29 byggande
433 230 41 22 och
498 230 124 27 underhåll,
647 230 32 22 hit
703 230 40 22 hör
759 230 67 22 också
842 230 54 21 håll-

72 259 163 29 skjutsningen,
252 259 194 29 tingsgästningen
463 260 42 22 och
521 260 182 28 tingshushyran,
718 260 179 28 skallfogdekap-

73 296 77 21 parna,
166 288 91 29 fångars
273 288 94 30 forsling
382 290 42 21 och
440 290 118 22 underhåll
578 290 3 21 i
597 290 143 22 kommunen.
768 290 48 21 Alla
834 290 63 22 dessa

72 326 69 14 onera
165 318 61 22 hvila
248 319 141 22 uteslutande
411 321 30 27 på
465 320 42 22 den
526 320 85 22 mantal
628 320 86 28 egande
730 319 167 29 befolkningen.

73 348 118 22 Dessutom
207 348 130 28 tillgodoser
353 348 188 30 hufvudsakligen
558 350 108 22 mantalet
681 350 67 22 äfven
765 350 70 21 andra
850 350 48 21 vik-

72 379 48 28 tiga
146 378 262 30 samhällsinrättningar.
440 379 31 22 Sä
493 381 15 20 t.
533 386 34 15 ex.
593 380 75 21 kunna
692 380 22 21 vi
734 380 7 21 i
758 380 60 22 detta
834 380 64 21 stånd

74 408 49 22 icke
146 408 106 29 glömma,
273 410 33 20 att
329 409 107 22 mantalet
460 410 34 21 till
518 411 81 20 största
614 410 65 21 delen
695 409 88 29 bygger
799 410 41 21 och
860 416 38 14 un-

74 438 111 23 derhåller
208 437 72 29 kyrka
302 438 41 22 och
365 439 59 21 hvad
441 439 74 22 därtill
531 439 72 28 hörer,
619 439 88 28 bygger
722 439 42 22 och
780 439 118 22 underhål-

74 468 33 21 ler
132 468 125 29 prästgård,
278 469 41 21 och
339 468 72 22 likaså
433 469 102 28 deltager
559 469 107 22 mantalet
689 469 50 22 med
762 476 28 15 en
813 470 87 21 väsent-

74 498 33 28 lig
132 498 36 21 del
195 498 6 21 i
225 498 177 29 prästerskapets
426 498 105 29 aflöning.
564 498 100 23 Sålunda
688 498 100 29 framgår
806 499 44 27 det,
867 500 32 20 att

75 527 174 22 innehafvarene
265 527 25 22 af
304 529 83 21 mantal
403 528 22 22 få
441 529 55 21 bära
512 535 28 16 en
557 529 111 29 väsentlig
683 530 77 25 tunga,
772 536 47 15 som
831 529 69 21 andra

76 557 147 29 medborgare
239 558 7 21 i
263 559 47 20 vårt
327 558 52 21 land
395 561 39 19 äro
450 558 101 22 befriade
567 558 65 22 ifrån.
664 559 43 22 Det
736 558 104 23 förefaller
853 559 47 28 mig

76 587 78 22 därför
177 587 92 22 alldeles
292 588 88 22 rättvist
397 590 31 19 att
444 587 162 23 innehafvarne
623 588 25 22 af
661 589 43 22 den
720 589 7 21 i
744 589 82 21 mantal
844 589 57 21 satta

74 617 79 28 jorden
170 617 68 22 också
253 617 129 29 tillgodoses
398 619 51 21 med
465 620 74 27 någon
556 618 75 22 fördel
648 619 41 22 och
705 618 49 23 icke
770 618 67 23 hafva
854 619 46 21 ute-

75 647 102 22 slutande
193 654 69 15 onera
277 648 41 21 och
335 648 127 22 nackdelar.
489 648 112 23 Särskildt
617 649 142 28 betungande
776 649 41 21 och
834 650 67 20 orätt-

76 677 43 21 vist
142 676 117 23 förefaller
281 677 37 22 det
341 678 53 28 mig,
419 685 36 14 om
479 685 51 14 man
553 677 87 29 jämför
663 679 42 21 den
722 679 67 26 areal,
806 685 46 15 som
870 679 31 20 ett

77 707 84 21 mantal
185 707 92 22 besitter
298 708 52 21 inne
375 708 5 21 i
406 708 75 21 landet
499 708 43 21 och
557 708 39 22 vid
611 709 113 21 kusterna.
755 708 147 29 Naturligtvis

77 736 67 23 hafva
168 737 27 21 de
219 737 91 27 mantal,
332 744 47 15 som
403 738 33 21 till
461 738 90 22 arealen
570 741 39 18 äro
626 739 53 26 små,
696 739 7 20 i
720 738 43 21 alla
782 737 120 23 afseenden

77 766 89 28 mycket
193 768 70 21 större
286 769 70 26 tunga
379 768 42 21 och
444 768 87 21 således
555 767 69 23 borde
645 769 27 21 de
688 768 69 22 också
772 768 130 28 tillgodoses

78 797 51 21 med
144 803 28 15 en
189 798 70 21 större
275 797 65 22 andel
357 798 6 20 i
381 797 203 28 bränvinsskatten,
600 798 93 22 stående
709 799 7 20 i
729 798 128 29 proportion
869 797 34 22 till

78 827 56 20 huru
154 826 128 29 betungade
305 827 28 21 de
349 830 46 19 äro.
426 827 85 22 Därför
527 828 71 21 skulle
612 828 40 28 jag
669 835 53 15 anse
738 829 32 20 att
785 827 117 22 bränvins-

78 856 162 22 skattemedlen
264 856 69 22 borde
356 859 55 26 utgå
434 859 73 20 såsom
531 857 79 22 hittills
633 858 29 28 på
685 859 71 27 grund
774 857 25 22 af
811 857 92 28 mantal,

78 886 39 21 allt
140 886 58 21 intill
220 886 49 22 dess
285 888 32 20 att
333 893 28 15 en
377 894 31 21 ny
424 887 188 29 skattereglering
627 887 144 29 genomföres
787 888 41 21 och
845 887 59 22 skat-

78 917 38 20 ten
132 915 43 22 blir
190 916 117 22 rättvisare
323 916 104 22 fördelad
442 920 28 18 än
487 917 58 22 hvad
563 917 42 22 den
622 917 78 22 hittills
717 918 64 21 varit.

151 945 31 21 På
205 946 40 21 sid.
263 947 12 19 7
292 945 129 23 framhåller
437 947 171 26 statsutskottet,
624 949 32 20 att
673 947 27 22 de
716 947 104 22 utdelade
837 947 65 21 brän-

79 975 138 22 vinsmedlen
235 976 56 21 varit
307 976 107 28 vederlag
431 978 21 20 åt
469 976 145 22 innehafvare
631 976 25 22 af
669 978 42 21 den
728 977 7 21 i
752 977 83 21 mantal
847 977 58 21 satta

77 1004 80 28 jorden
179 1004 38 23 för
235 1006 144 28 upphörande
395 1007 26 21 af
434 1006 325 29 husbehofsbränningsrätten,
776 1007 40 21 och
827 1000 13 39 &
863 1006 41 22 sid.

80 1036 13 20 5
118 1034 56 22 talas
194 1035 37 21 det
247 1035 67 22 också
330 1042 35 15 om
383 1037 31 20 att
430 1043 27 14 ur
472 1036 195 22 bränvinsskatten
684 1038 72 27 utgått
770 1037 34 21 till
821 1036 84 22 fördel-

80 1065 56 28 ning
159 1065 82 21 mellan
264 1065 163 22 kommunerna
445 1067 125 28 ersättning
585 1066 38 22 för
639 1067 42 21 den
698 1067 144 21 ekonomiska
858 1066 47 21 för-

80 1094 51 26 lust,
147 1101 48 15 som
212 1094 214 30 hemmansegarena
442 1097 29 27 på
486 1096 77 22 landet
578 1096 42 22 fått
636 1096 130 23 vidkännas.
793 1096 113 22 Utskottet

80 1130 78 16 menar
181 1124 86 22 således
291 1126 32 20 att
343 1125 259 23 mantalsinnehafvarne
627 1126 67 22 hafva
710 1133 27 15 en
754 1127 44 21 viss
814 1128 44 20 rätt
874 1127 32 20 att

80 1154 158 28 tillgodonjuta
262 1154 73 22 denna
358 1154 81 28 fördel,
463 1156 42 21 och
530 1156 38 22 det
583 1159 25 18 är
624 1156 81 26 säkert,
722 1155 56 23 efter
794 1156 58 22 hvad
866 1157 41 27 jag

82 1184 41 21 har
138 1184 47 28 mig
201 1184 90 26 bekant,
307 1186 33 21 att
356 1192 27 15 en
399 1185 70 22 sådan
486 1186 58 21 åsikt
560 1185 68 23 äfven
641 1188 25 19 är
676 1186 105 28 gällande
792 1187 29 29 på
832 1185 74 22 lands-

82 1214 96 28 bygden,
203 1214 42 22 och
269 1216 46 20 tror
336 1215 41 28 jag
395 1214 82 28 därför,
503 1217 31 20 att
560 1216 37 22 det
613 1216 84 22 kännes
713 1217 72 21 såsom
802 1223 28 15 en
846 1216 61 21 miss-

82 1244 97 28 räkning
195 1245 42 21 och
253 1244 84 22 kanske
353 1246 74 20 såsom
438 1252 28 14 en
477 1246 115 26 orättvisa,
604 1252 36 15 om
650 1246 258 22 mantalsinnehatvarne

82 1273 92 22 sålunde
191 1274 72 22 skulle
280 1274 103 22 beröfvas
399 1275 74 21 denna
489 1275 65 27 skatt,
572 1282 46 15 som
636 1276 26 21 de
679 1276 6 20 i
703 1277 81 27 många
800 1277 25 20 år
836 1275 72 27 åtnju-

82 1304 28 20 tit
125 1304 71 21 under
211 1303 161 29 förutsättning
388 1307 32 19 att
431 1305 36 21 det
479 1308 26 18 är
515 1312 27 15 en
555 1306 49 21 dem
616 1305 169 22 tillkommande
794 1305 114 29 rättighet.

83 1332 45 29 Jag
144 1333 39 21 ber
199 1334 86 21 således
301 1335 33 20 att
349 1333 23 22 få
389 1334 83 22 föreslå
484 1337 31 19 att
527 1336 43 21 den
584 1334 116 30 fördelnig
711 1334 25 22 af
744 1335 165 22 bränvinsskat-

83 1364 45 24 ten,
154 1370 47 14 som
223 1364 106 21 utskottet
352 1363 108 27 förordar,
484 1366 69 20 måtte
577 1364 25 22 af
622 1365 163 28 prästeståndet
808 1366 101 27 antagas.

156 1422 47 22 Hra
227 1423 110 23 Nordlund:
361 1424 76 21 Ehuru
459 1424 41 28 jag
522 1426 72 20 såsom
616 1424 116 29 suppleant
749 1425 6 21 i
772 1424 138 22 ekonomiut-

85 1452 81 22 skottet
191 1452 70 22 delvis
286 1453 56 28 tagit
365 1454 35 21 del
424 1454 6 20 i
455 1454 118 22 utskottets
597 1454 170 29 handläggning
782 1454 26 22 af
820 1453 90 29 förelig-

85 1482 74 27 gande
183 1482 70 28 fråga,
271 1482 40 22 har
325 1483 41 28 jag
381 1483 58 22 dock
455 1484 50 21 icke
521 1485 29 26 på
566 1485 68 27 något
650 1486 44 19 sätt
709 1484 99 28 bidragit
823 1484 34 21 till
874 1483 38 21 det

815 1525 23 18 13
