1092 1753
639 90 10 8 .

361 98 254 30 Pelikorttisuostunnasta.
871 103 28 20 69

144 162 48 22 Hra
209 162 19 21 V.
246 162 21 23 T.
283 162 127 28 Rosenqvist:
446 162 50 22 Den
512 161 157 29 föreliggande
687 162 81 29 frågan
784 165 24 19 är
824 162 74 21 säker-

73 192 68 28 ligen,
158 193 73 20 såsom
247 192 41 21 här
304 192 68 22 också
388 191 24 22 af
426 198 27 16 en
469 192 71 22 talare
551 191 139 27 framhållits,
703 199 28 15 en
742 192 26 21 af
777 192 26 22 de
815 191 85 22 mindre

74 222 138 28 betydande,
235 228 51 15 men
310 222 61 22 detta
390 222 41 21 har
447 222 50 22 icke
518 222 90 21 hindrat
629 223 32 20 att
677 222 43 21 den
736 221 65 29 gifvit
817 220 86 30 upphof

73 252 34 21 till
131 258 28 15 en
183 252 85 28 ganska
284 250 108 30 vidlyftig
414 252 131 22 diskussion.
579 252 36 21 Då
632 252 40 28 jag
688 252 58 21 varit
765 251 96 22 medlem
878 250 25 22 af

73 281 245 29 bevillningsutskottet
342 282 42 21 och
405 282 46 20 står
469 281 38 22 för
522 281 120 22 utskottets
661 281 150 26 betänkande,
827 280 74 22 finner

71 312 41 27 jag
138 311 47 28 mig
209 311 124 21 töranläten
350 312 32 20 att
398 310 120 23 framhålla
537 312 72 28 några
627 311 146 29 synpunkter,
790 318 46 14 som
855 310 46 22 tala

74 342 46 20 mot
136 341 59 21 hvad
212 348 46 14 som
275 341 41 20 här
332 340 73 22 blifvit
422 340 90 22 anfördt
526 341 35 21 till
577 340 87 22 försvar
679 340 36 22 för
726 341 171 21 reservationen.

73 370 45 28 Jag
140 370 41 21 vill
204 370 57 23 dock
285 370 48 22 icke
358 372 66 27 åtaga
446 371 46 28 mig
514 372 32 20 att
569 370 102 22 försvara
692 371 78 28 hvarje
789 370 39 22 ord
847 370 54 21 eller

74 400 116 28 vändning
209 400 7 21 i
235 400 254 23 utskottsbetänkandet.
521 401 48 21 Där
591 401 44 21 kan
657 401 24 27 ju
704 400 72 21 finnas
797 407 27 15 en
847 399 53 22 eller

75 437 73 14 annan
174 430 152 28 oegentlighet
342 430 42 21 och
400 430 85 22 kanske
506 431 172 21 inkonsekvens.
710 430 44 29 Jag
770 430 38 21 vill
829 429 70 22 hellre

74 459 124 22 framställa
220 460 44 21 min
286 467 56 21 egen
363 460 145 29 ståndpunkt,
525 467 28 15 en
569 460 144 29 ståndpunkt,
730 467 47 14 som
793 460 59 28 gjort
869 460 32 20 att

72 489 41 29 jag
129 489 86 22 kunnat
231 489 87 22 ansluta
333 490 47 28 mig
395 490 35 21 till
445 490 159 21 betänkandet.

146 519 10 22 I
173 519 72 22 denna
266 519 64 29 fråga
346 522 24 19 är
386 519 38 22 det
439 522 83 20 tvenne
538 520 146 28 synpunkter,
702 527 46 14 som
765 519 133 22 framhållits

75 549 39 21 vid
129 550 83 27 många
228 549 136 28 föregående
379 549 125 29 landtagar,
521 556 48 15 som
585 549 133 21 framhållits
734 549 7 21 i
757 549 144 27 bevillnings-

76 578 107 22 utskottet
208 579 35 21 vid
264 579 74 21 denna
357 579 109 29 landtdag
486 580 42 21 och
550 586 48 15 som
613 586 30 14 nu
663 579 105 28 slutligen
784 578 38 22 vid
838 578 61 21 detta

76 608 90 28 plenum
183 608 25 22 af
221 610 25 20 så
261 610 82 27 många
358 609 70 21 talare
445 608 136 23 framhållits
596 609 34 21 till
649 608 90 22 försvar
754 608 37 22 för
807 615 28 15 en
854 607 47 22 för-

76 638 94 28 höjning
183 638 25 22 af
221 638 231 29 bevillningsskatten.
481 639 72 22 Dessa
569 639 138 28 synpunkter
723 641 38 19 äro
776 639 42 21 den
830 638 72 21 etiska

80 668 142 28 synpunkten
246 668 41 22 och
304 668 42 22 den
362 669 152 21 ekonomiska.
546 669 66 21 Hvad
634 668 55 22 först
705 668 43 22 den
764 668 71 22 etiska
850 674 51 21 syn-

80 698 100 27 punkten
203 698 113 26 beträffar,
337 700 47 19 tror
405 698 41 29 jag
470 698 37 22 för
528 698 47 21 min
595 698 36 21 del
647 700 32 19 att
696 698 42 21 den
754 698 41 21 har
811 697 91 21 alldeles

80 727 68 28 ingen
170 727 116 28 betydelse
302 728 7 21 i
326 728 61 21 detta
404 728 170 29 sammanhang.
606 728 44 21 Det
669 727 72 29 gifves
760 729 39 20 två
815 727 48 28 slag
879 725 25 22 af

82 757 142 28 kortspelare,
248 757 114 29 nämligen
386 758 48 21 rika
458 765 113 21 personer,
588 765 47 14 som
653 757 49 22 icke
718 757 70 22 räkna
803 758 29 27 på
848 763 53 21 pen-

81 787 91 28 ningen,
200 787 29 22 då
260 787 36 22 det
322 787 70 29 gäller
418 789 32 20 att
479 787 160 22 tillfredsställa
667 787 233 28 kortspelspassionen,

82 817 41 21 och
139 816 82 29 fattiga
236 824 112 21 personer,
364 824 48 15 som
428 817 133 29 visserligen
577 817 70 22 räkna
663 818 28 27 på
704 817 135 28 penningen,
850 823 52 14 men

81 853 47 15 som
144 853 46 22 nog
206 847 67 21 hafva
288 848 96 27 utvägar
399 849 33 20 att
447 847 23 22 få
485 847 51 22 kort
553 847 36 22 för
605 847 74 28 billigt
695 847 51 28 pris.
772 847 70 28 Ingen
853 847 48 20 tän-

82 876 38 22 ker
145 877 35 20 väl
204 878 38 26 att,
264 877 29 21 då
313 877 120 28 kortspelet
454 877 114 22 bedrifves
589 877 68 21 bland
678 877 27 21 de
729 877 67 27 djupa
816 875 85 28 lagren,

81 913 51 14 man
154 905 71 23 förser
240 907 35 28 sig
290 907 50 21 med
356 914 46 21 nya
418 907 42 22 och
476 907 56 28 dyra
543 907 61 27 kort;
619 914 52 14 man
681 906 82 21 skaffar
774 906 35 28 sig
819 905 84 22 sådana

82 935 105 28 spelkort,
204 943 48 14 som
269 936 68 22 redan
353 939 39 19 äro
408 937 134 28 begagnade
559 937 41 21 och
616 943 47 15 som
680 936 75 21 kunna
771 936 34 22 fås
824 937 34 20 för
871 936 32 20 ett

83 966 65 28 ringa
163 966 53 28 pris.
247 965 34 22 En
297 966 94 29 höjning
406 966 26 21 af
445 967 140 28 spelkortens
600 967 45 28 pris
665 966 88 21 komme
773 965 130 28 antagligen

82 995 49 22 icke
155 997 32 20 att
210 995 121 22 inskränka
356 996 167 29 kortspelandet
546 1003 54 15 vare
622 996 34 28 sig
678 997 29 27 på
729 996 37 21 det
786 1002 43 15 ena
849 994 54 22 eller

82 1026 69 21 andra
167 1025 75 21 hållet.

153 1054 45 22 Det
217 1055 40 20 har
275 1056 67 27 sagts,
359 1056 33 20 att
407 1055 80 22 korten
503 1062 54 15 vore
573 1056 32 21 ett
620 1055 89 28 mycket
725 1054 102 28 lämpligt
843 1053 59 21 skat-

82 1084 106 27 teobjekt,
204 1085 42 20 och
265 1084 37 22 det
317 1085 71 21 håller
404 1085 66 22 äfven
484 1085 41 28 jag
540 1084 55 23 före.
620 1085 50 21 Men
687 1084 78 28 frågan
777 1087 24 18 är
812 1090 30 15 nu
853 1083 50 26 den,

82 1113 110 22 huruvida
208 1121 28 15 en
252 1113 131 30 förhöjning
399 1114 25 22 af
433 1115 88 22 skatten
533 1116 29 27 på
573 1115 98 28 spelkort
681 1114 44 21 kan
736 1113 85 22 tillföra
831 1114 73 20 staten

83 1150 27 15 en
126 1144 124 21 nämnvärd
267 1144 103 27 inkomst,
388 1144 54 22 eller
458 1151 36 15 om
511 1145 37 21 det
565 1145 49 21 icke
630 1144 91 21 fastmer
737 1143 56 22 skall
808 1143 49 21 visa
869 1142 35 28 sig

83 1174 31 20 att
138 1180 28 15 en
189 1173 129 29 förhöjning
341 1173 87 22 medför
454 1181 28 15 en
506 1174 135 29 sänkning
632 1168 15 39 i
661 1174 157 21 inkomsterna.
853 1172 52 21 Man

82 1205 72 26 säger,
170 1205 32 20 att
219 1204 22 21 vi
256 1203 7 22 i
280 1205 49 20 vårt
345 1203 53 22 land
414 1205 7 20 i
438 1204 62 22 detta
516 1204 105 22 afseende
637 1203 67 22 hafva
720 1203 67 28 ingen
804 1203 99 22 erfaren-

82 1233 45 27 het,
144 1233 41 21 och
202 1233 242 28 bevillningsutskottet
460 1234 38 21 vid
518 1235 57 20 1900
591 1235 35 20 års
636 1233 114 28 landtdag,
761 1239 47 15 som
819 1231 86 29 yrkade

83 1263 29 27 på
128 1269 26 15 en
170 1262 135 29 förhöjning,
322 1262 130 23 förmenade
468 1265 33 20 att
512 1264 37 21 det
560 1263 25 28 ju
603 1263 74 22 kunde
689 1264 30 27 gå
729 1269 27 15 an
768 1264 32 19 att
808 1261 96 23 försöka.

83 1292 43 21 Det
150 1295 25 18 är
197 1299 45 22 nog
262 1294 56 25 sant,
339 1295 32 19 att
392 1293 22 22 vi
436 1293 50 22 icke
506 1293 68 22 hafva
590 1294 74 27 någon
683 1292 73 22 direkt
771 1291 133 26 erfarenhet,

83 1322 41 21 och
148 1324 33 20 att
205 1324 31 20 ett
258 1322 74 22 försök
352 1322 50 22 icke
418 1330 54 15 vore
494 1325 75 26 någon
589 1322 67 29 farlig
674 1322 47 26 sak,
738 1329 50 14 men
809 1321 43 22 den
871 1327 33 15 er-

83 1351 109 27 farenhet,
202 1359 45 15 som
258 1359 50 14 man
320 1352 7 21 i
339 1353 61 21 detta
416 1352 106 23 afseende
534 1353 61 28 gjort
606 1353 7 20 i
625 1352 100 28 Sverige,
737 1352 56 22 skall
803 1351 37 22 väl
851 1357 55 16 vara

83 1381 120 29 tillämplig
219 1382 67 21 också
299 1383 29 27 på
338 1383 55 20 våra
404 1381 163 23 förhållanden.
591 1382 34 21 Hr
635 1382 102 21 Auvinen
748 1382 40 21 har
799 1380 50 22 med
859 1380 46 22 led-

83 1411 55 28 ning
154 1410 26 22 af
193 1412 253 28 bevillningsutskottets
462 1412 143 22 betänkande
621 1412 38 21 vid
678 1412 54 20 1897
747 1412 34 20 års
797 1410 109 27 landtdag

83 1440 123 22 framhållit
222 1441 42 21 den
282 1441 132 26 erfarenhet,
432 1448 48 15 som
496 1448 52 15 man
565 1442 59 28 gjort
640 1442 6 20 i
663 1440 98 22 nämnda
776 1440 59 22 land.
861 1439 46 28 Jag

83 1470 40 22 ber
144 1472 32 20 att
193 1470 131 28 ytterligare
348 1470 22 22 få
394 1470 149 29 komplettera
567 1471 56 21 hans
647 1470 145 22 meddelande
815 1470 7 20 i
845 1469 61 21 detta
