1089 1759
193 107 41 21 162
428 108 131 23 Pappissääty
571 108 88 18 maalisk.
673 108 24 17 30
709 114 19 17 p.
741 107 52 18 1906.

190 166 76 22 blifvit
289 165 83 23 slafvar
387 167 71 22 under
479 167 79 27 lasten,
575 168 32 21 att
623 167 67 28 hejda
705 167 36 29 sig
755 167 42 23 och
815 167 37 21 det
867 166 147 30 uppväxande

190 196 82 22 släktet
302 196 100 22 kommer
432 197 131 29 antagligen
593 197 51 22 icke
675 198 33 21 att
734 198 69 28 lägga
828 197 35 28 sig
886 196 34 22 till
937 203 75 19 vanor,

190 226 78 22 hvilka
296 228 78 26 genast
397 226 76 22 fordra
496 228 60 21 stora
581 226 100 30 utgifter.
720 227 59 21 Frän
806 226 73 22 denna
902 226 113 28 synpunkt

190 256 49 22 sedt
263 256 70 22 skulle
351 256 41 29 jag
413 264 53 14 anse
489 258 33 20 att
538 257 43 21 den
597 256 128 29 föreslagna
741 256 160 29 förhöjningen
917 255 22 23 af
954 256 60 22 skat-

190 288 38 19 ten
250 286 35 20 till
309 287 17 20 1:
348 287 30 20 20
400 286 122 29 ingalunda
542 289 25 19 är
590 286 38 22 för
659 286 51 29 hög,
734 288 55 20 utan
815 286 70 22 hällre
908 285 38 23 för
968 286 45 28 låg,

190 317 25 20 sä
238 316 40 26 att,
302 314 46 23 ifall
370 316 40 29 jag
433 316 71 22 skulle
527 316 68 22 hafva
618 317 60 28 hopp
702 323 36 15 om
755 318 32 20 att
803 316 68 22 vinna
886 316 127 26 understöd,

190 345 72 22 skulle
275 345 40 29 jag
330 347 53 27 taga
398 346 48 28 mig
460 346 96 22 friheten
572 346 85 22 föreslä
673 348 32 20 att
721 346 88 22 skatten
825 346 71 22 skulle
907 345 63 29 höjas
980 346 34 21 till

192 376 18 20 1:
232 376 30 20 50
281 382 40 22 per
341 375 56 22 liter.
430 376 43 22 Det
495 379 25 19 är
535 377 39 21 två
589 376 198 28 omständigheter,
805 382 46 16 som
868 383 51 15 man
935 376 79 21 härvid

190 406 72 20 mäste
284 407 54 27 taga
360 406 7 21 i
391 406 146 22 betraktande
561 419 28 3 —
609 413 52 15 man
678 407 71 21 mäste
765 406 113 28 nämligen
894 412 23 16 se
932 406 34 21 till
982 406 32 21 att

190 435 50 22 icke
264 435 190 29 omständigheter
474 436 95 28 inträda,
591 442 48 16 som
663 436 70 22 värka
756 436 173 28 paralyserande
950 444 34 13 —:
1000 436 14 20 å

190 472 44 14 ena
249 464 64 22 sidan
330 468 25 18 är
371 465 37 22 det
424 466 151 28 smuggleriet,
591 473 48 15 som
656 466 74 22 kunde
746 465 70 22 verka
832 466 98 27 sålunda,
947 465 41 21 och
1000 466 14 20 &

190 494 70 22 andra
276 494 63 22 sidan
354 495 167 23 konkurrensen
537 496 52 21 med
604 496 119 21 utländska
739 502 72 15 varor.
842 494 130 23 Emellertid
988 497 26 19 är

190 525 36 21 det
250 524 50 23 icke
323 526 25 20 sä
370 525 41 21 lätt
434 527 32 20 att
488 526 128 27 lurendreja
643 526 102 21 bränvin.
777 525 43 22 Det
844 528 24 19 är
884 532 27 15 en
928 525 85 28 skrym-

189 554 83 22 mande
294 562 61 19 vara,
379 562 52 15 man
450 556 43 21 kan
509 556 57 27 icke,
583 556 73 21 säsom
672 556 41 21 här
728 554 131 23 beskrifvits
874 555 7 21 i
897 554 63 29 fräga
976 561 37 15 om

188 584 121 28 kortlekar,
332 584 56 22 bära
411 592 27 14 en
462 585 68 22 sädan
554 592 55 15 vara
631 586 29 28 pä
683 585 36 29 sig
737 585 35 21 till
787 584 57 23 flere
859 584 64 22 tiotal
939 585 74 21 marks

189 614 69 22 värde
282 616 52 20 utan
356 616 31 20 att
410 615 36 22 det
466 615 71 22 skulle
552 615 138 28 observeras,
707 615 42 22 och
765 615 112 21 dessutom
893 618 25 18 är
933 614 80 28 själfva

188 651 71 15 varan
274 644 76 28 sädan,
366 646 33 20 att
414 644 43 22 den
472 644 55 29 själf
539 644 102 30 angifver
657 645 167 28 lurendrejaren
840 645 42 21 och
898 644 50 28 den,
964 651 48 15 som

188 674 74 28 gifver
285 674 35 28 sig
342 674 7 21 i
373 674 81 22 handel
474 674 52 22 med
541 675 89 21 honom.
662 674 44 22 Det
727 674 80 27 finnes,
826 681 36 15 om
878 674 38 22 det
930 674 82 22 tillätes

188 704 48 28 mig
260 705 31 21 ett
314 704 48 22 litet
385 704 73 22 skämt
480 705 7 21 i
507 712 29 14 en
552 704 119 22 allvarsam
687 705 47 26 sak,
751 704 71 29 enligt
838 704 121 22 ordstäfvet
975 705 38 21 tvä

188 734 74 27 saker,
278 740 47 15 som
340 741 53 15 man
409 734 49 22 icke
474 734 43 22 kan
534 734 67 29 dölja,
612 734 114 29 nämligen
737 735 66 21 hosta
813 734 42 22 och
866 734 83 27 kärlek,
962 741 50 15 men

188 764 39 21 det
249 763 73 22 finnes
345 766 60 19 ännu
428 771 27 15 en
478 764 73 28 tredje
566 764 47 26 sak,
629 771 47 15 som
693 772 53 14 man
762 764 51 22 icke
828 764 44 22 kan
888 764 66 27 dölja,
970 764 42 21 och

188 793 38 22 det
246 796 26 19 är
287 795 32 20 ett
334 800 42 15 rus.
408 793 45 29 Jag
467 796 47 20 tror
529 793 76 23 därför
621 795 32 21 att
668 793 64 23 faran
748 793 38 23 för
801 794 145 28 lurendrejeri
962 794 50 21 icke

188 826 26 18 är
231 824 26 20 sä
272 824 144 28 synnerligen
434 825 51 21 stor.
516 824 66 22 Hvad
598 824 169 22 konkurrensen
783 824 50 22 med
849 823 50 22 frän
912 823 100 22 utlandet

188 852 89 22 införda
292 860 66 15 varor
372 853 114 27 beträffar,
502 854 25 21 sä
542 860 53 15 vore
611 854 38 21 det
660 854 50 21 icke
721 853 121 22 önskvärdt
854 855 32 20 att
894 853 118 22 utländska

187 890 73 19 varor,
278 883 88 21 hvilkas
382 884 200 28 sammansättning
597 884 60 21 ändä
665 886 25 19 är
701 885 70 27 nägot
781 882 148 30 tvifvelaktig,
940 883 72 21 skulle

187 912 138 29 obehörigen
341 913 154 29 privilegieras
510 914 25 21 sä
551 915 32 20 att
599 913 27 22 de
642 913 71 22 skulle
725 914 77 20 kunna
813 913 136 21 konkurrera
960 912 51 22 med

187 942 44 22 den
253 949 17 15 s.
294 942 20 22 k.
335 949 55 15 rena
405 944 76 27 rägen.
512 943 112 22 Utskottet
640 943 41 21 har
697 943 57 22 dock
771 942 51 22 med
838 942 73 22 siffror
927 942 82 29 ädaga-

186 972 48 28 lagt
251 973 32 20 att
299 972 61 22 detta
375 972 50 22 icke
443 972 74 22 blefve
535 972 68 27 fallet,
623 980 37 14 om
678 973 88 21 skatten
787 972 85 22 ökades
887 972 34 22 till
939 973 17 21 1:
974 973 35 27 20,

186 1002 42 21 och
245 1001 57 23 efter
317 1002 59 22 hvad
390 1002 41 28 jag
446 1003 41 21 har
501 1002 85 22 kunnat
601 1002 107 28 beräkna,
725 1002 50 22 icke
787 1009 39 15 ens
837 1009 37 15 om
886 1002 42 22 den
938 1002 72 22 skulle

186 1031 54 22 ökas
264 1031 32 22 till
324 1033 17 21 1:
365 1033 35 21 50.
431 1032 45 29 Jag
497 1032 72 22 skulle
587 1032 76 22 därför
680 1039 55 15 vara
758 1032 104 29 benägen
880 1033 32 21 att
928 1031 82 23 föreslå

186 1061 101 22 skattens
303 1062 97 28 höjande
412 1062 34 22 till
465 1063 17 21 1:
499 1062 30 22 50
543 1069 40 21 per
599 1062 58 22 liter.

258 1120 48 22 Hra
329 1122 162 27 Schwartzberg:
514 1122 52 21 Kun
582 1122 61 21 minä
659 1121 69 22 äsken
744 1121 108 22 koettelin
868 1121 87 21 selittää
970 1128 39 14 va-

185 1150 124 22 liokunnan
330 1152 147 21 enemmistön
497 1152 94 27 ajatusta
607 1152 58 26 siitä,
681 1153 47 21 että
744 1151 130 21 valiokunta
889 1150 30 22 oli
935 1150 75 22 oikeu-

184 1182 57 20 tettu
266 1180 191 23 koskettelemaan
473 1181 58 22 koko
546 1183 47 19 tätä
609 1188 54 16 arm.
681 1181 93 28 esitystä
790 1187 36 15 n:o
842 1182 20 24 5,
879 1180 47 22 niin
940 1180 69 22 unoh-

184 1210 32 21 tui
232 1210 52 28 yksi
299 1210 53 26 asia,
368 1217 24 15 se
409 1211 51 21 nim.
478 1213 45 20 että
537 1211 203 21 talousvaliokunta
756 1210 128 22 viimeisillä
892 1210 117 28 valtiopäi-

184 1240 54 20 villä
253 1240 25 27 ja
293 1240 202 22 talousvaliokunta
510 1247 39 15 sen
565 1240 156 22 edellisilläkin
739 1240 161 28 valtiopäivillä
916 1240 30 21 oli
961 1246 48 22 ym-

184 1271 114 26 märtänyt
324 1270 130 22 oikeutensa
478 1270 65 22 aivan
567 1270 102 22 niinkuin
690 1270 156 28 nykyinenkin
867 1269 142 22 talousvalio-

184 1299 78 27 kunta,
281 1299 62 27 joten
361 1300 75 21 meillä
451 1300 38 22 siis
504 1306 28 16 on
549 1300 88 22 kahden
653 1300 162 28 valtiopäiväin
830 1299 92 29 praksis.
954 1299 55 21 Tah-

183 1328 67 22 toisin
275 1329 166 22 konstateerata
463 1332 59 19 tässä
543 1337 38 15 sen
604 1330 116 22 tosi-asian
737 1330 54 21 ettei
807 1329 89 21 kukaan
913 1328 96 22 missään

184 1358 108 28 säädyssä
310 1358 74 22 silloin
400 1360 132 21 tietääkseni
548 1361 104 20 nostanut
669 1359 138 28 kysymystä,
824 1360 46 20 että
880 1358 130 22 valiokunta

184 1388 49 21 olisi
252 1390 92 26 mennyt
359 1388 31 28 yli
408 1389 135 22 oikeutensa.
575 1389 30 22 Se
620 1389 57 21 siitä.

256 1417 122 23 Professori
394 1419 103 21 Heikelin
513 1419 123 21 lausunnon
651 1418 106 28 johdosta
772 1418 105 22 tahtoisin
894 1418 114 22 huomaut-

183 1448 38 20 taa
243 1449 47 20 että
313 1448 172 22 valiokunnassa
502 1449 126 21 tosiaankin
651 1456 28 14 on
695 1448 56 22 ollut
766 1448 108 28 kysymys
890 1448 57 26 siitä,
963 1449 46 20 että

182 1477 164 22 korotettaisiin
370 1480 62 20 tämä
455 1480 167 20 suostuntavero
645 1478 51 22 aina
717 1479 9 20 1
746 1478 45 21 mk.
808 1478 29 21 50
851 1478 55 28 piiin
922 1478 48 26 asti,
984 1477 25 28 ja
