1098 1756
342 98 287 23 Mallasjuomasuostunnasta.
855 99 42 21 395

75 158 89 22 nähden
187 158 166 28 palauttaisivat
369 158 62 21 asian
447 158 278 22 suostuntavaliokuntaan
738 158 25 28 ja
779 158 120 21 antaisivat

73 194 41 15 sen
129 188 128 21 tehtäväksi
272 188 69 22 laatia
356 188 93 21 ehdotus
465 188 149 21 semmoisiksi
626 188 146 21 muutoksiksi
781 188 25 27 ja
816 187 82 28 lisäyk-

74 217 54 22 siksi
144 217 69 21 tähän
229 218 225 21 asetusehdotukseen
471 217 97 27 nähden,
577 218 64 27 jotka
652 219 52 20 ovat
715 219 93 27 tarpeen
819 224 79 15 veron-

74 247 119 28 vapauden
220 247 131 22 suomiseksi
373 247 149 28 yksinomaan
546 247 151 29 miedompien
721 247 178 27 mallasjuomien

75 276 140 22 valmistusta
234 279 78 20 varten
333 277 159 29 perustetuissa
507 277 108 23 tehtaissa
630 277 159 22 valmistetulle
805 276 94 22 sahdille

75 306 29 22 eli
121 306 97 28 kaljalle.

150 366 48 22 Hra
214 366 20 22 V.
252 366 21 22 T.
286 367 127 27 Rosenqvist:
430 366 36 22 Då
477 366 43 22 den
531 366 34 22 till
576 366 153 22 betänkandet
739 366 81 29 fogade
831 366 70 22 andra

78 396 166 22 reservationen
260 396 79 22 vunnit
354 396 121 22 understöd
491 398 22 20 at
528 398 26 20 så
566 396 54 28 godt
629 403 47 15 som
686 396 44 22 alla
738 397 77 25 talare,
824 396 76 21 hvilka

77 426 79 21 hittills
180 426 111 28 uppträdt,
315 426 42 22 och
380 426 101 22 däremot
501 426 37 22 det
554 427 54 21 sista
623 426 113 28 förslaget
751 425 22 23 af
789 425 112 29 professor

77 455 129 23 Serlachius
230 457 31 20 att
283 456 52 28 höja
359 456 143 22 maltskatten
526 459 60 19 ännu
608 456 50 22 icke
674 456 75 22 blifvit
763 455 137 26 understödt,

77 485 41 22 ber
138 486 41 28 jag
200 487 32 20 att
246 486 34 21 till
296 493 27 15 en
339 486 80 28 början
434 486 23 22 få
472 486 71 22 uttala
560 486 47 28 mig
622 486 79 22 endast
717 493 36 15 om
770 486 43 22 den
830 486 70 21 andra

77 516 173 21 reservationen.

148 545 11 21 I
174 546 87 28 princip
277 547 40 27 stå,
334 546 207 22 undertecknarena
558 546 25 22 af
596 546 44 22 den
651 546 69 22 endra
731 546 170 22 reservationen

77 576 30 27 på
122 575 139 29 tullständigt
281 583 85 14 samma
386 576 137 28 ståndpunkt
538 583 48 15 som
603 576 33 26 de,
654 576 77 22 hvilka
748 575 101 29 uppbära
865 576 34 20 ut-

77 604 229 23 skottsbetänkandet.
337 606 10 21 I
363 605 160 29 nykterhetens
547 606 93 22 intresse
664 605 56 29 yrka
744 605 111 22 hvardera
871 606 28 27 pä

78 635 155 22 maltskattens
256 635 102 28 höjande,
382 636 42 21 och
439 636 7 20 i
462 636 161 28 nykterhetens
646 636 94 21 intresse
764 635 54 28 vilja
833 635 66 21 hvar-

78 664 54 22 dera
154 664 24 22 få
201 665 142 29 svagdrickat
366 664 128 24 skattefritt.
526 665 132 22 Skillnaden
674 666 81 22 mellan
771 665 44 21 den
831 664 71 22 andra

77 695 167 22 reservationen
267 695 42 22 och
331 695 249 22 utskottsbetänkandet
602 695 74 29 ligger
699 695 78 22 endast
794 694 56 26 däri,
868 695 32 21 att

78 726 170 20 reservanterna
263 732 60 20 anse,
340 726 31 20 att
387 725 69 22 redan
473 725 74 22 denna
562 725 109 29 landtdag
681 725 70 22 borde
762 724 55 22 söka
828 724 74 22 åstad-

79 753 90 23 komma
192 761 28 15 en
241 754 140 29 förändring,
397 755 148 29 hvarigenom
561 755 135 28 svagdricka
711 755 46 21 helt
773 755 41 21 och
830 753 70 23 hållet

78 784 75 22 kunde
172 784 83 22 befrias
271 784 48 22 från
335 785 150 26 maltskatten,
503 785 80 21 medan
600 785 118 21 utskottets
734 783 168 29 öfvervägande

78 813 80 28 flertal,
181 814 66 22 äfven
272 814 27 22 de
323 822 47 14 som
391 815 163 21 undertecknat
578 815 42 21 den
637 814 72 22 första
725 814 176 25 reservationen,

78 844 72 21 håller
172 843 58 27 före,
247 846 32 20 att
295 851 28 15 en
339 844 60 28 dylik
416 844 136 29 förändring
567 844 7 22 i
590 844 171 29 lagstiftningen
777 844 73 21 skulle
867 850 33 15 er-

78 872 76 23 fordra
178 881 27 14 en
229 874 62 28 långt
315 882 62 14 mera
391 874 139 22 omfattande
546 874 126 28 beredning
687 877 28 19 än
732 876 32 20 att
780 875 31 21 ett
828 873 73 22 landt-

79 903 142 29 dagsutskott
236 903 118 23 förmådde
369 906 102 26 prestera
487 904 139 22 densamma.

150 933 45 22 För
214 935 31 20 att
261 934 141 28 ådagalägga
417 934 198 28 nödvändigheten
632 934 25 22 af
671 940 28 16 en
715 934 69 21 sådan
801 932 101 30 grundli-

79 970 54 21 gare
150 963 131 29 beredning,
297 964 100 22 anhåller
411 964 40 28 jag
467 966 32 20 att
515 963 22 23 få
552 963 119 22 framhålla
682 964 71 28 några
764 962 138 28 omständig-

79 992 69 22 heter.
181 993 65 22 Först
269 994 40 21 och
333 993 78 22 främst
433 994 72 28 gäller
521 994 37 22 det
572 994 25 27 ju
613 995 33 20 att
661 994 41 21 här
718 992 73 23 införa
814 1000 28 14 en
858 992 46 22 helt

80 1022 42 22 och
146 1023 69 21 hållet
238 1030 30 21 ny
291 1023 251 29 beskattningsprincip.
575 1024 85 21 Hittills
675 1024 42 21 har
732 1030 59 19 man,
808 1022 96 22 likasom

80 1052 68 22 också
164 1053 7 21 i
188 1053 43 21 den
253 1053 84 29 nådiga
359 1054 173 28 propositionen,
551 1055 73 20 ansett
640 1054 32 20 att
689 1053 54 21 malt
759 1053 41 21 bör
815 1052 90 22 beskat-

79 1084 41 24 tas,
137 1082 29 21 då
182 1082 37 22 det
235 1083 112 22 användes
363 1083 33 21 till
413 1083 127 22 beredande
557 1082 25 22 af
596 1083 77 28 dryck,
691 1084 72 21 denna
780 1082 71 27 dryck
867 1082 38 20 må

80 1119 28 14 nu
133 1119 55 15 vara
210 1114 22 20 at
253 1113 58 21 hvad
334 1112 155 23 beskaffenhet
512 1119 48 15 som
583 1113 65 26 hälst,
673 1113 42 22 och
731 1119 29 14 nu
777 1111 72 22 skulle
866 1111 38 22 det

81 1141 101 22 däremot
202 1142 60 28 gälla
277 1144 32 20 att
325 1142 77 22 införa
418 1143 43 21 den
477 1143 124 28 principen,
619 1144 31 19 att
667 1142 54 21 malt
737 1142 122 25 beskattas,
877 1141 29 21 då

80 1171 44 22 den
140 1172 114 21 användes
268 1172 34 21 till
319 1172 76 28 dryck,
412 1179 47 15 som
475 1173 46 21 kan
537 1172 137 22 missbrukas
690 1172 42 21 och
748 1171 93 22 faktiskt
860 1169 47 23 ofta

80 1201 75 22 blifvit
171 1201 146 23 missbrukad.
349 1202 39 22 Att
403 1202 192 29 genomförandet
608 1201 26 22 af
642 1209 27 14 en
682 1201 61 28 dylik
755 1201 88 29 princip
854 1200 53 22 med

81 1231 150 22 fasthållande
253 1231 26 22 af
299 1232 118 21 rättvisans
441 1231 129 30 fordringar
585 1232 50 21 icke
651 1234 25 19 är
692 1232 47 27 lätt,
755 1231 90 22 bevisar
861 1229 44 22 den

80 1261 97 22 svenska
199 1261 169 29 lagstiftningen
384 1262 7 21 i
408 1262 74 21 denna
505 1261 71 29 fråga.
607 1261 10 22 I
633 1268 62 15 mera
718 1264 29 18 än
770 1262 32 21 ett
825 1260 80 22 decen-

80 1291 62 21 nium
154 1291 41 21 har
205 1290 79 29 frägan
295 1298 37 15 om
345 1291 143 22 maltskatten
500 1292 52 22 stätt
563 1291 34 29 pä,
609 1291 184 28 dagordningen
784 1285 11 39 i
803 1289 102 29 Sverige,

81 1320 42 22 och
145 1320 61 21 hvad
221 1327 48 16 som
283 1321 45 28 just
343 1321 126 22 törorsakat
485 1322 28 21 de
529 1323 81 20 största
625 1321 138 28 svärigheter
779 1320 39 21 vid
833 1320 72 21 lösan-

81 1350 37 21 det
142 1349 25 22 af
188 1350 73 22 denna
281 1351 70 28 fråga,
369 1354 24 19 är
407 1351 154 22 förhållandet
576 1351 83 22 mellan
675 1351 22 21 öl
713 1351 41 21 och
770 1349 137 29 svagdricka

81 1380 51 21 med
156 1380 87 28 hänsyn
266 1381 34 21 till
323 1381 180 28 beskattningen.
535 1381 65 22 Först
624 1382 24 20 är
666 1381 63 26 1903,
747 1379 56 23 efter
822 1379 39 22 det
877 1380 32 20 ett

81 1417 41 21 par
136 1410 143 22 kommitteer
295 1411 58 21 varit
369 1411 103 22 nedsatta
488 1411 42 21 och
546 1411 130 21 utlätanden
688 1409 121 22 infordrats
818 1411 23 20 at
849 1409 61 21 olika

81 1439 164 29 myndigheter,
269 1442 79 26 antogs
371 1447 28 15 en
423 1440 143 29 förordning,
590 1447 82 22 genom
696 1440 91 21 hvilken
803 1438 105 22 bestämd

81 1469 96 22 skillnad
202 1472 65 26 göres
291 1470 82 26 mellan
397 1470 118 27 skattefria
531 1470 42 22 och
593 1471 160 26 skattepliktiga
769 1468 140 29 bryggerier.
