1092 1756
248 123 176 24 Suostuntavaroja
436 123 205 18 kansakoululaitosta
653 125 75 16 varten.
870 123 28 20 83

75 183 98 28 tidigare
189 182 65 23 tänkt
270 184 35 27 på,
322 185 37 19 äro
377 183 44 21 alla
436 182 56 22 fulla
509 182 25 22 af
547 183 152 28 motsägelser.
732 183 46 21 Mot
795 182 49 22 dem
856 181 44 22 alla

77 213 76 21 kunna
176 215 66 26 göras
265 213 172 28 invändningar,
461 214 25 20 så
509 214 32 20 att
558 219 51 15 man
626 212 63 22 torde
706 212 22 22 få
744 212 103 22 betrakta
864 211 35 22 det

77 249 48 15 som
141 249 28 15 en
186 241 86 29 afgjord
289 242 46 26 sak,
352 244 32 20 att
400 243 71 28 några
487 243 77 28 dylika
580 250 30 13 nu
626 242 50 22 icke
692 242 90 22 komma
799 244 31 20 att
845 249 54 21 upp-

77 272 83 21 ställas.
192 272 36 21 Då
252 272 41 22 blir
317 272 124 22 emellertid
465 272 42 22 den
524 272 98 21 faktiska
638 271 84 28 följden
740 274 31 20 att
789 272 67 21 bland
873 271 27 22 de

77 309 114 21 personer,
215 309 47 14 som
284 301 67 22 hafva
369 303 45 20 rätt
437 304 31 19 att
485 302 90 28 deltaga
591 302 6 21 i
615 302 43 26 val,
675 302 90 21 komma
782 303 31 20 att
828 301 72 22 finnas

78 334 61 19 stora
155 339 104 21 grupper,
275 331 77 23 hvilka
368 332 50 21 icke
434 339 43 21 ega
493 332 28 21 de
533 332 171 22 elementäraste
715 331 186 29 förutsättningar

78 361 36 22 för
137 361 144 29 uppfattning
297 361 24 22 af
335 361 83 22 sociala
433 362 43 21 och
492 362 104 28 politiska
613 361 123 29 spörjsmål.
769 361 50 22 Man
836 365 65 24 säger

80 391 62 26 visst,
160 393 32 20 att
207 391 40 22 hos
263 392 49 21 vårt
329 391 46 22 folk
391 391 187 29 läskunnigheten
595 395 25 18 är
636 391 90 26 allmän,
742 399 52 14 men
810 391 90 22 faktiskt

78 424 25 18 är
126 420 149 23 förhållandet
298 421 86 27 sådant,
406 423 32 20 att
455 421 37 22 det
507 422 72 21 finnes
595 428 28 15 en
639 423 46 21 stor
701 428 73 15 massa
789 427 111 22 personer,

79 451 89 22 hvilkas
183 451 158 28 läskunnighet
357 453 25 20 är
397 452 45 21 rätt
457 450 121 29 bristfällig
594 451 42 22 och
652 451 47 22 helt
715 451 42 22 och
768 451 68 22 hållet
846 458 55 21 upp-

78 481 48 26 hör,
150 488 37 14 om
211 481 37 22 det
271 481 70 28 gäller
364 483 51 20 röra
438 481 36 28 sig
497 481 88 22 utöfver
608 481 28 22 de
658 481 124 28 vanligaste
798 481 104 28 religiösa

79 511 91 21 böcker.
201 511 77 22 Under
301 511 83 22 sådana
408 511 192 29 omständigheter
623 511 45 22 kan
690 518 51 14 man
766 511 49 22 icke
831 510 71 22 häller

78 539 95 23 förvåna
188 541 34 28 sig
238 540 62 23 öfver
317 542 32 20 att
364 541 128 22 bländande
503 541 71 22 fraser
584 542 26 21 så
620 541 41 21 lätt
673 541 67 22 vinna
751 541 73 28 insteg
834 540 68 22 bland

79 571 50 21 vårt
144 569 54 23 folk.
229 571 79 28 Någon
324 571 101 28 kunskap
441 577 37 15 om
495 573 51 26 eget
562 571 64 21 lands
642 571 41 22 och
700 570 138 22 främmande
855 570 47 21 län-

80 600 50 21 ders
146 600 143 29 geografiska
304 600 155 23 förhållanden
470 600 73 23 finnes
555 601 116 28 knappast.
703 600 199 23 Fäderneslandets

80 630 41 21 och
144 630 139 29 främmande
304 630 59 22 folks
384 631 93 21 historia
493 633 25 19 är
533 631 126 28 någonting
675 631 25 22 så
716 631 54 28 godt
786 637 47 15 som
849 630 51 21 obe-

80 660 60 21 kant.
173 659 154 23 Öfverhufvud
348 661 88 21 stäcker
457 661 34 28 sig
512 661 40 21 bos
574 662 59 20 stora
658 667 96 22 grupper
776 659 25 23 af
817 659 85 22 befolk-

80 690 85 28 ningen
189 689 89 22 blicken
302 690 49 22 icke
372 689 87 23 utöfver
483 690 42 22 den
545 691 79 28 trånga
640 691 67 27 krets,
725 691 39 21 där
780 690 28 22 de
824 689 80 28 själfva

79 722 51 19 röra
146 719 41 29 sig.

152 749 45 22 Det
218 749 44 22 kan
283 757 67 21 synas
371 750 42 21 och
432 752 25 19 är
475 749 166 29 otvifvelaktigt
663 751 30 20 ett
714 749 101 29 ytterligt
836 749 67 29 djärft

80 778 92 30 förslag,
189 780 29 21 då
231 780 40 28 jag
285 780 81 21 uttalar
377 780 43 21 den
431 780 92 26 önskan,
536 781 33 21 att
580 781 73 21 denna
664 787 86 14 summa
760 787 36 15 om
810 780 94 26 150,000

81 809 64 21 mark
160 809 8 21 i
185 810 47 21 året
252 809 70 22 skulle
341 810 85 22 kanske
441 810 135 22 tiodubblas.
608 810 45 28 Jag
668 810 72 22 skulle
756 809 147 23 öfverhufvud

81 839 50 21 icke
147 840 59 28 våga
221 839 90 22 komma
322 838 57 23 fram
390 840 51 21 med
453 846 28 15 en
493 840 69 21 sådan
573 840 75 26 tanke,
660 839 47 22 ifall
718 840 40 28 jag
769 840 49 22 icke
829 839 74 22 kunde

83 869 95 21 hänvisa
198 869 34 21 till
253 876 27 15 en
299 869 161 29 utredning'af
473 869 80 29 frågan
570 870 6 21 i
593 876 28 16 en
640 870 146 28 publikation,
802 868 102 29 utgifven

82 898 25 22 af
126 898 246 23 nationalekonomiska
396 900 134 28 föreningen
554 899 251 22 Kansantaloudellinen
828 899 75 28 yhdis-

82 931 44 25 tys,
145 928 200 28 ,Maalaiskuntain
366 929 250 22 kansakoululaitoksen
638 929 183 22 edistämisestä.*
861 928 44 23 För

82 958 43 22 den
149 958 106 22 händelse
277 959 106 21 utskottet
405 966 65 14 anser
491 959 42 21 den
555 959 113 29 synpunkt
681 959 41 29 jag
737 966 29 14 nu
783 958 121 22 framhällit

82 995 54 14 vara
154 987 94 29 förtjänt
264 988 25 22 af
301 988 133 27 beaktande,
451 989 71 21 skulle
538 989 108 22 utskottet
661 989 7 21 i
685 989 73 29 denna
768 988 65 22 skrift
843 988 62 22 finna

82 1024 28 15 en
131 1018 45 28 god
191 1018 93 28 ledning
299 1018 38 22 för
351 1018 35 22 sin
402 1019 150 28 bearbetning
568 1018 25 22 af
606 1018 86 29 frågan.
723 1018 73 22 Äfven
813 1019 43 21 den
872 1018 32 21 in-

82 1048 122 28 vändning,
216 1054 47 15 som
274 1048 37 22 vid
321 1048 96 29 tidigare
427 1048 136 29 landtdagar
573 1048 75 23 blifvit
658 1048 64 29 gjord
734 1050 44 20 mot
790 1050 31 20 att
833 1050 71 20 staten

86 1078 29 28 pä
130 1079 32 20 ett
178 1077 165 23 verksammare
361 1080 43 20 sätt
421 1078 72 22 skulle
509 1078 135 22 understöda
660 1078 136 22 inrättandet
812 1077 25 23 af
849 1077 56 22 folk-

82 1107 81 26 skolor,
187 1107 147 29 vederlägges
355 1108 47 21 här.
434 1108 52 22 Man
507 1108 44 22 kan
572 1108 122 28 ingalunda
709 1111 54 26 säga
779 1110 33 20 att
828 1108 37 21 det
880 1110 26 19 är

84 1137 56 21 blott
156 1136 65 30 fräga
237 1144 36 14 om
288 1138 74 21 lokala
377 1138 117 28 intressen,
511 1138 77 22 hvilka
603 1138 161 22 kommunerna
776 1137 56 23 efter
842 1137 64 22 bästa

82 1166 104 29 förmäga
201 1168 71 21 mäste
287 1167 124 29 tillgodose.
443 1167 147 29 Spörjsmälet
606 1168 41 22 har
663 1168 43 22 den
722 1170 55 20 mest
794 1167 113 23 eminenta

82 1196 117 28 betydelse
221 1196 35 23 för
279 1197 51 22 hela
353 1198 50 21 värt
426 1198 115 27 samhälle,
564 1198 43 22 och
628 1198 145 22 statsmakten
790 1200 24 19 är
830 1196 77 22 därför

83 1226 91 28 skyldig
189 1228 33 20 att
237 1226 93 29 erbjuda
345 1229 32 20 ett
393 1226 84 30 kraftig
493 1228 126 22 understöd.

154 1256 46 28 Jag
223 1257 100 21 anhäller
346 1257 114 22 vördsamt
477 1259 31 21 att
525 1258 61 21 detta
602 1258 52 21 mitt
669 1257 115 23 uttalande
800 1258 68 20 mätte
885 1256 23 22 fä

84 1284 78 30 åtfölja
176 1286 108 22 remissen
299 1286 34 22 till
348 1287 113 22 utskottet.

155 1345 49 22 Hra
227 1346 118 22 Danielson:
367 1346 62 22 Minä
452 1347 92 28 pyydän
561 1346 146 28 täydellisesti
724 1346 121 22 kannattaa
861 1353 47 15 mo-

84 1375 82 29 lempia
182 1376 100 22 edellisiä
297 1376 98 28 puhujia.
428 1376 55 22 Mitä
499 1376 132 22 lähinnäkin
648 1376 58 22 tulee
722 1376 66 22 herra
803 1375 105 23 Heikelin

84 1405 159 27 ehdotukseen,
265 1406 47 21 niin
335 1406 105 22 toivoisin
463 1408 47 20 että
525 1406 199 22 valtiovaliokunta
740 1406 74 22 ottaisi
830 1406 78 28 pereh-

77 1435 128 28 "tyäksensä
228 1435 71 22 siihen
323 1436 158 28 selvitykseen,
499 1437 69 27 johon
584 1435 120 30 professori
719 1436 83 22 Heikel
817 1435 90 22 viittasi.

84 1465 71 21 Mutta
170 1465 77 22 toivon
263 1472 39 15 sen
317 1465 83 27 lisäksi,
417 1467 46 21 että
479 1466 130 22 valiokunta
625 1466 20 22 ei
661 1466 70 28 tyydy
744 1466 68 21 tähän
823 1465 85 28 painet-

83 1496 56 20 tuun
157 1495 134 28 esitykseen,
307 1502 58 15 vaan
381 1497 46 20 että
443 1503 23 14 se
483 1497 61 21 ottaa
560 1496 156 22 seuratakseen
733 1496 62 21 asian
812 1495 97 22 vaiheita
