1100 1756
324 102 155 18 Suostuntavero
493 102 168 22 mallasjuomista.
865 102 44 21 507

80 161 50 22 icke
154 160 103 23 omfattat
280 161 56 22 blott
355 169 27 15 en
398 162 70 28 punkt
485 162 6 20 i
507 161 258 29 bevillningsutskottets
782 160 73 23 första
871 162 38 21 be-

80 192 119 25 tänkande,
217 191 42 22 den
276 192 70 28 punkt
362 192 30 28 på
408 192 90 21 hvilken
515 192 112 28 professor
643 191 127 22 Serlachius
785 198 30 14 nu
831 191 79 29 lägger

81 221 139 21 uteslutande
244 221 54 23 vikt,
322 223 54 19 utan
400 221 39 21 har
464 220 103 23 omfattat
591 221 62 21 detta
676 221 143 22 betänkande
835 223 8 20 i
859 222 50 21 dess

82 252 73 26 helhet,
172 251 7 21 i
195 250 56 29 följd
267 250 82 22 hvaraf
367 251 37 21 det
419 258 67 21 synes
502 258 54 14 vara
571 251 134 28 otvetydigt,
722 252 32 20 att
771 251 60 21 detta
847 250 24 22 R.
889 258 19 14 o.

80 280 40 22 A:s
142 281 71 21 beslut
230 281 7 21 i
253 280 80 28 själfva
349 281 78 21 värket
443 282 46 20 står
504 280 111 29 betydligt
631 284 103 18 närmare
750 281 156 28 borgarestån-

82 310 48 22 dets
153 311 42 21 och
218 310 172 22 bondeståndets
414 310 73 22 beslut
503 313 28 19 än
548 311 180 28 prästeståndets.
747 323 25 3 —
791 310 43 22 Det
850 310 58 22 skall

83 340 116 29 värkligen
223 340 70 22 blifva
316 340 119 22 intressant
451 342 33 20 att
499 348 30 19 se,
546 341 57 21 huru
619 340 25 22 R.
662 347 19 15 o.
698 340 25 22 A.
741 339 54 29 själf
808 340 101 22 kommer

81 372 33 19 att
129 370 61 22 tolka
205 370 138 22 innebörden
360 370 25 22 af
398 370 37 22 sitt
452 370 79 28 beslut,
549 370 28 22 dä
593 370 37 22 det
644 370 122 22 behandlar
777 370 61 22 detta
849 377 58 15 sam-

83 400 269 28 manjämkningsförslag
368 400 7 21 i
387 400 50 28 dag.
470 400 138 22 Godkänner
619 400 38 22 det
667 400 241 28 sammanjämknings-

82 429 118 29 förslaget,
225 429 72 29 gifver
319 430 37 21 det
372 430 166 28 otvifvelaktigt
554 432 44 20 rätt
615 431 22 21 ät
652 430 257 28 bevillningsutskottets

82 462 44 19 sätt
149 462 32 19 att
202 460 184 28 sammanjämka.
418 459 137 23 Godkänner
578 460 37 21 det
639 460 49 21 icke
710 460 129 26 detsamma,
856 461 53 20 utan

82 489 115 22 förklarar
220 492 32 19 att
275 490 37 22 det
335 489 48 22 haft
404 496 27 15 en
447 497 74 15 annan
537 490 99 28 mening,
653 497 85 14 samma
755 490 90 27 mening
861 496 48 15 som

83 519 110 29 professor
216 519 127 22 Serlachius
366 520 41 21 här
429 520 61 22 velat
513 520 94 28 tillägga
623 520 50 21 dess
689 520 78 26 beslut,
785 520 29 20 dä
829 522 25 18 är
867 519 42 28 jag

83 550 64 28 villig
163 551 32 20 att
211 550 104 26 erkänna,
333 551 31 20 att
376 550 242 28 bevillningsutskottet
630 548 111 30 uppfattat
752 550 37 21 det
798 550 58 21 orätt
867 549 42 21 och

82 580 33 20 att
135 579 110 29 professor
261 579 126 22 Serlachius
402 580 41 22 har
459 582 50 19 rätt.
541 580 52 21 Men
607 580 40 28 jag
662 582 46 19 tror
724 579 57 22 icke.
799 580 32 21 att
845 578 25 22 R.
888 586 19 14 o.

83 609 26 21 A.
127 609 100 22 kommer
243 611 31 20 att
291 609 62 29 gifva
367 608 112 30 professor
495 609 127 22 Serlachius
639 611 50 19 rätt.

155 639 42 21 Om
221 640 36 21 det
281 639 85 22 säledes
391 640 70 21 mäste
478 639 121 27 fasthällas,
617 640 32 20 att
666 639 243 28 bevillningsutskottet

84 668 71 29 byggt
172 670 38 20 sitt
226 669 320 29 sammanjämkningsförslag
561 670 29 27 pä
606 669 69 28 riktig
683 670 79 27 grund,
773 669 24 21 sä
807 668 103 22 förfaller

84 699 51 21 hela
158 699 43 21 den
225 698 101 29 följande
342 698 25 22 af
382 698 109 28 professor
507 699 128 21 Serlachius
651 699 93 21 berörda
764 698 85 29 frägan,
866 699 43 21 den

84 735 36 15 om
137 729 144 28 möjligheten
297 729 54 21 eller
367 729 160 28 omöjligheten
544 730 31 20 att
592 729 154 21 åstadkomma
763 736 27 14 en
806 728 103 22 värksam

85 758 96 22 kontroll
205 758 25 22 af
250 759 37 21 det
310 758 139 29 svagdricka,
473 766 48 14 som
544 757 135 30 förfärdigas
696 759 6 20 i
718 758 191 28 ölbryggerierna.

85 788 244 29 Bevillningsutskottet
346 789 41 21 har
402 789 46 21 lika
464 789 37 21 väl
517 796 48 14 som
581 788 111 28 professor
708 788 128 22 Serlachius
853 788 58 21 varit

86 818 117 22 medveten
228 825 35 15 om
285 819 27 21 de
329 820 60 20 stora
405 819 144 28 svårigheter,
566 825 48 15 som
630 818 92 22 härmed
739 821 38 19 äro
794 817 116 26 förenade,

86 855 51 14 men
153 848 29 22 dä
198 848 37 22 det
251 850 72 20 ansett
339 849 36 27 sig
391 848 54 22 böra
456 851 101 25 uppgöra
572 843 225 38 sammanjämkningsf
813 847 99 28 örslaget

86 879 29 26 pä
138 878 27 22 de
186 878 103 28 grunder,
307 885 47 15 som
370 878 41 21 här
427 878 133 22 framhällits
576 878 42 22 och
634 878 76 22 hvilka
726 880 62 26 synts
804 878 107 20 utskottet

86 914 54 14 vara
164 908 27 21 de
215 908 57 21 enda
295 910 64 23 rätta,
376 908 24 22 sä
418 908 41 22 har
476 908 37 22 det
528 908 60 21 varit
603 910 99 26 tvunget,
720 910 32 19 att
767 908 55 21 söka
838 907 73 21 ästad-

86 937 89 21 komma
199 938 130 28 nägonting,
347 938 42 22 och
406 938 50 22 med
473 938 96 28 tillhjälp
586 937 25 22 af
625 938 27 21 de
668 937 111 26 fackmän,
796 944 47 14 som
859 938 53 20 stätt

85 967 124 21 detsamma
225 968 33 21 till
274 968 61 26 buds,
356 967 120 29 föreslagit
492 975 27 14 en
536 968 96 21 kontroll
648 968 60 26 eller,
725 969 88 25 rättare,
831 966 79 28 antydt

86 997 55 21 huru
159 1004 27 15 en
202 998 68 20 sådan
287 998 97 21 kontroll
400 998 69 21 borde
485 998 118 26 anordnas,
620 998 119 21 lämnande
755 997 39 21 för
810 996 69 29 öfrigt
889 998 23 20 ät

86 1027 134 28 regeringen
237 1028 31 20 att
283 1029 58 20 sätta
357 1028 130 21 densamma
503 1028 5 20 i
525 1028 176 28 värkställighet.
734 1027 111 22 Mähända
856 1026 56 22 skall

86 1056 74 22 denna
184 1057 95 21 kontroll
303 1058 49 21 visa
375 1057 35 29 sig
427 1058 107 27 olämplig
549 1057 38 22 vid
603 1056 196 29 genomförandet,
817 1063 50 15 men
885 1056 28 21 dä

88 1089 25 18 är
130 1087 35 21 det
180 1087 24 27 ju
221 1087 128 28 egentligen
366 1087 49 21 icke
432 1087 244 28 bevillningsutskottet
692 1093 47 15 som
750 1087 57 21 varit
819 1086 94 21 orsaken

86 1115 81 28 därtill,
184 1118 53 19 utan
254 1117 36 21 det
307 1119 24 18 är
347 1117 43 21 den
407 1117 172 28 omständighet,
597 1118 32 21 att
645 1117 119 21 ständerna
780 1117 83 20 lämnat
880 1117 30 20 ut-

86 1146 82 21 skottet
192 1153 28 15 en
243 1147 69 21 sädan
336 1146 95 29 uppgift,
450 1147 91 21 hvilken
557 1146 88 29 uppgift
662 1147 56 21 dock
734 1146 107 21 utskottet
857 1144 56 23 efter

87 1175 64 22 bästa
167 1175 102 30 förmäga
285 1177 50 20 sökt
350 1177 52 20 lösa.

156 1235 48 22 Hra
220 1236 127 21 Serlachius:
363 1236 114 27 Myönnän
494 1236 65 21 aivan
576 1236 118 25 kernaasti,
712 1237 45 20 että
772 1235 77 22 kaikki
865 1237 48 19 sää-

87 1265 47 27 dyt,
163 1265 68 22 kuten
255 1266 83 21 rehtori
360 1265 134 29 Rosengvist
510 1266 70 27 sanoi,
597 1265 144 22 mieluimmin
758 1265 87 22 olisivat
861 1265 52 20 näh-

86 1297 59 24 neet,
161 1297 46 19 että
224 1295 77 22 kaikki
317 1295 61 28 kalja
393 1296 49 21 olisi
458 1296 61 21 voitu
536 1297 121 27 vapauttaa
672 1297 94 20 verosta.
799 1295 70 21 Mutta
885 1295 28 20 ri-

86 1325 78 21 taristo
185 1325 24 27 ja
225 1325 66 22 aateli
308 1332 27 15 on
352 1325 92 28 tietysti,
461 1326 51 21 siitä
528 1325 137 26 huolimatta,
681 1325 59 28 juuri
756 1325 66 21 niistä
838 1324 75 28 syistä,

87 1354 70 21 mitkä
181 1355 168 21 valiokuntakin
374 1362 29 15 on
427 1355 174 22 mietinnössään
625 1355 47 22 ensi
688 1355 96 22 kerralla
801 1354 113 27 esittänyt,

86 1384 101 27 peljäten
213 1385 173 28 käytännöllisiä
412 1385 137 26 vaikeuksia,
577 1386 127 21 verottanut
729 1385 82 21 kaiken
830 1384 83 27 kaljan.

86 1413 62 22 Minä
171 1421 28 14 en
223 1415 36 21 voi
279 1416 77 27 päästä
372 1415 53 20 siitä
441 1415 138 25 mihinkään,
596 1416 46 20 että
657 1421 31 20 se,
701 1415 54 27 joka
771 1415 90 27 päättää
877 1420 37 15 ve-

87 1445 73 20 rottaa
181 1444 103 27 jotakuta
307 1445 180 26 kokonaisuutta,
512 1445 93 20 samalla
629 1451 28 15 on
682 1446 116 27 päättänyt
815 1445 101 20 verottaa

86 1473 102 22 osankin.
221 1474 69 21 Tämä
306 1481 28 14 on
350 1474 58 21 tosin
425 1474 152 22 muodollinen
594 1474 74 26 kanta,
683 1476 70 19 mutta
763 1473 152 28 yhteensovit-
