<?xml version="1.0" encoding="UTF-8"?>
<alto xmlns="http://www.loc.gov/standards/alto/ns-v3#" xmlns:xlink="http://www.w3.org/1999/xlink" xmlns:xsi="http://www.w3.org/2001/XMLSchema-instance" xsi:schemaLocation="http://www.loc.gov/standards/alto/ns-v3# http://www.loc.gov/alto/v3/alto-3-0.xsd">
	<Description>
		<MeasurementUnit>pixel</MeasurementUnit>
		<sourceImageInformation>
			<fileName>/tmp/tess__qbquccb_input.PNG</fileName>
		</sourceImageInformation>
		<OCRProcessing ID="OCR_0">
			<ocrProcessingStep>
				<processingSoftware>
					<softwareName>tesseract 5.3.4</softwareName>
				</processingSoftware>
			</ocrProcessingStep>
		</OCRProcessing>
	</Description>
	<Layout>
		<Page WIDTH="1100" HEIGHT="1761" PHYSICAL_IMG_NR="0" ID="page_0">
			<PrintSpace HPOS="0" VPOS="0" WIDTH="1100" HEIGHT="1761">
				<ComposedBlock ID="cblock_0" HPOS="292" VPOS="105" WIDTH="622" HEIGHT="24">
					<TextBlock ID="block_0" HPOS="292" VPOS="105" WIDTH="622" HEIGHT="24">
						<TextLine ID="line_0" HPOS="292" VPOS="105" WIDTH="622" HEIGHT="24">
							<String ID="string_0" HPOS="292" VPOS="106" WIDTH="128" HEIGHT="23" WC="0.92" CONTENT="Lisäyksestä"/><SP WIDTH="12" VPOS="106" HPOS="420"/>
							<String ID="string_1" HPOS="432" VPOS="105" WIDTH="270" HEIGHT="19" WC="0.91" CONTENT="kansakoulumenoarvioon."/><SP WIDTH="168" VPOS="105" HPOS="702"/>
							<String ID="string_2" HPOS="870" VPOS="106" WIDTH="44" HEIGHT="21" WC="0.94" CONTENT="427"/>
						</TextLine>
					</TextBlock>
				</ComposedBlock>
				<ComposedBlock ID="cblock_1" HPOS="89" VPOS="165" WIDTH="828" HEIGHT="714">
					<TextBlock ID="block_1" HPOS="89" VPOS="165" WIDTH="828" HEIGHT="714">
						<TextLine ID="line_1" HPOS="90" VPOS="165" WIDTH="824" HEIGHT="28">
							<String ID="string_3" HPOS="90" VPOS="166" WIDTH="36" HEIGHT="21" WC="0.96" CONTENT="det"/><SP WIDTH="24" VPOS="166" HPOS="126"/>
							<String ID="string_4" HPOS="150" VPOS="169" WIDTH="25" HEIGHT="18" WC="0.86" CONTENT="är"/><SP WIDTH="23" VPOS="169" HPOS="175"/>
							<String ID="string_5" HPOS="198" VPOS="173" WIDTH="27" HEIGHT="14" WC="0.96" CONTENT="en"/><SP WIDTH="25" VPOS="173" HPOS="225"/>
							<String ID="string_6" HPOS="250" VPOS="165" WIDTH="86" HEIGHT="28" WC="0.93" CONTENT="ganska"/><SP WIDTH="16" VPOS="165" HPOS="336"/>
							<String ID="string_7" HPOS="352" VPOS="167" WIDTH="51" HEIGHT="20" WC="0.96" CONTENT="svår"/><SP WIDTH="18" VPOS="167" HPOS="403"/>
							<String ID="string_8" HPOS="421" VPOS="165" WIDTH="71" HEIGHT="28" WC="0.96" CONTENT="fråga,"/><SP WIDTH="17" VPOS="165" HPOS="492"/>
							<String ID="string_9" HPOS="509" VPOS="172" WIDTH="51" HEIGHT="15" WC="0.93" CONTENT="men"/><SP WIDTH="18" VPOS="172" HPOS="560"/>
							<String ID="string_10" HPOS="578" VPOS="166" WIDTH="69" HEIGHT="20" WC="0.96" CONTENT="måste"/><SP WIDTH="17" VPOS="166" HPOS="647"/>
							<String ID="string_11" HPOS="664" VPOS="168" WIDTH="58" HEIGHT="19" WC="0.93" CONTENT="ännu"/><SP WIDTH="17" VPOS="168" HPOS="722"/>
							<String ID="string_12" HPOS="739" VPOS="165" WIDTH="126" HEIGHT="26" WC="0.96" CONTENT="framhålla,"/><SP WIDTH="18" VPOS="165" HPOS="865"/>
							<String ID="string_13" HPOS="883" VPOS="166" WIDTH="31" HEIGHT="20" WC="0.97" CONTENT="att"/>
						</TextLine>
						<TextLine ID="line_2" HPOS="90" VPOS="194" WIDTH="824" HEIGHT="29">
							<String ID="string_14" HPOS="90" VPOS="195" WIDTH="26" HEIGHT="22" WC="0.94" CONTENT="de"/><SP WIDTH="24" VPOS="195" HPOS="116"/>
							<String ID="string_15" HPOS="140" VPOS="195" WIDTH="131" HEIGHT="28" WC="0.91" CONTENT="föreslagna"/><SP WIDTH="24" VPOS="195" HPOS="271"/>
							<String ID="string_16" HPOS="295" VPOS="195" WIDTH="125" HEIGHT="28" WC="0.91" CONTENT="sällskapen"/><SP WIDTH="16" VPOS="195" HPOS="420"/>
							<String ID="string_17" HPOS="436" VPOS="195" WIDTH="36" HEIGHT="21" WC="0.92" CONTENT="väl"/><SP WIDTH="18" VPOS="195" HPOS="472"/>
							<String ID="string_18" HPOS="490" VPOS="195" WIDTH="49" HEIGHT="22" WC="0.91" CONTENT="icke"/><SP WIDTH="15" VPOS="195" HPOS="539"/>
							<String ID="string_19" HPOS="554" VPOS="198" WIDTH="38" HEIGHT="18" WC="0.89" CONTENT="äro"/><SP WIDTH="16" VPOS="198" HPOS="592"/>
							<String ID="string_20" HPOS="608" VPOS="196" WIDTH="25" HEIGHT="20" WC="0.96" CONTENT="sä"/><SP WIDTH="16" VPOS="196" HPOS="633"/>
							<String ID="string_21" HPOS="649" VPOS="194" WIDTH="140" HEIGHT="22" WC="0.96" CONTENT="främmande"/><SP WIDTH="16" VPOS="194" HPOS="789"/>
							<String ID="string_22" HPOS="805" VPOS="194" WIDTH="38" HEIGHT="22" WC="0.93" CONTENT="för"/><SP WIDTH="15" VPOS="194" HPOS="843"/>
							<String ID="string_23" HPOS="858" VPOS="194" WIDTH="56" HEIGHT="22" WC="0.92" CONTENT="folk-"/>
						</TextLine>
						<TextLine ID="line_3" HPOS="89" VPOS="224" WIDTH="826" HEIGHT="30">
							<String ID="string_24" HPOS="89" VPOS="225" WIDTH="125" HEIGHT="29" WC="0.96" CONTENT="högskolan"/><SP WIDTH="24" VPOS="225" HPOS="214"/>
							<String ID="string_25" HPOS="238" VPOS="225" WIDTH="42" HEIGHT="22" WC="0.96" CONTENT="och"/><SP WIDTH="24" VPOS="225" HPOS="280"/>
							<String ID="string_26" HPOS="304" VPOS="225" WIDTH="27" HEIGHT="21" WC="0.96" CONTENT="de"/><SP WIDTH="24" VPOS="225" HPOS="331"/>
							<String ID="string_27" HPOS="355" VPOS="225" WIDTH="116" HEIGHT="28" WC="0.93" CONTENT="offentliga"/><SP WIDTH="22" VPOS="225" HPOS="471"/>
							<String ID="string_28" HPOS="493" VPOS="224" WIDTH="143" HEIGHT="29" WC="0.92" CONTENT="föredragen,"/><SP WIDTH="17" VPOS="224" HPOS="636"/>
							<String ID="string_29" HPOS="653" VPOS="231" WIDTH="47" HEIGHT="15" WC="0.93" CONTENT="som"/><SP WIDTH="17" VPOS="231" HPOS="700"/>
							<String ID="string_30" HPOS="717" VPOS="225" WIDTH="51" HEIGHT="21" WC="0.92" CONTENT="herr"/><SP WIDTH="17" VPOS="225" HPOS="768"/>
							<String ID="string_31" HPOS="785" VPOS="225" WIDTH="76" HEIGHT="22" WC="0.93" CONTENT="Setälä"/><SP WIDTH="16" VPOS="225" HPOS="861"/>
							<String ID="string_32" HPOS="877" VPOS="231" WIDTH="38" HEIGHT="14" WC="0.92" CONTENT="an-"/>
						</TextLine>
						<TextLine ID="line_4" HPOS="89" VPOS="253" WIDTH="825" HEIGHT="30">
							<String ID="string_33" HPOS="89" VPOS="257" WIDTH="45" HEIGHT="26" WC="0.95" CONTENT="tog."/><SP WIDTH="32" VPOS="257" HPOS="134"/>
							<String ID="string_34" HPOS="166" VPOS="255" WIDTH="141" HEIGHT="21" WC="0.94" CONTENT="Åtminstone"/><SP WIDTH="26" VPOS="255" HPOS="307"/>
							<String ID="string_35" HPOS="333" VPOS="254" WIDTH="101" HEIGHT="22" WC="0.93" CONTENT="Svenska"/><SP WIDTH="24" VPOS="254" HPOS="434"/>
							<String ID="string_36" HPOS="458" VPOS="255" WIDTH="147" HEIGHT="21" WC="0.92" CONTENT="Folkskolans"/><SP WIDTH="15" VPOS="255" HPOS="605"/>
							<String ID="string_37" HPOS="620" VPOS="255" WIDTH="91" HEIGHT="21" WC="0.96" CONTENT="Vänner"/><SP WIDTH="17" VPOS="255" HPOS="711"/>
							<String ID="string_38" HPOS="728" VPOS="256" WIDTH="33" HEIGHT="20" WC="0.96" CONTENT="stä"/><SP WIDTH="16" VPOS="256" HPOS="761"/>
							<String ID="string_39" HPOS="777" VPOS="255" WIDTH="7" HEIGHT="20" WC="0.96" CONTENT="i"/><SP WIDTH="17" VPOS="255" HPOS="784"/>
							<String ID="string_40" HPOS="801" VPOS="257" WIDTH="55" HEIGHT="18" WC="0.93" CONTENT="nära"/><SP WIDTH="15" VPOS="257" HPOS="856"/>
							<String ID="string_41" HPOS="871" VPOS="253" WIDTH="43" HEIGHT="22" WC="0.92" CONTENT="för-"/>
						</TextLine>
						<TextLine ID="line_5" HPOS="90" VPOS="284" WIDTH="826" HEIGHT="28">
							<String ID="string_42" HPOS="90" VPOS="285" WIDTH="100" HEIGHT="21" WC="0.91" CONTENT="bindelse"/><SP WIDTH="24" VPOS="285" HPOS="190"/>
							<String ID="string_43" HPOS="214" VPOS="285" WIDTH="51" HEIGHT="21" WC="0.96" CONTENT="med"/><SP WIDTH="23" VPOS="285" HPOS="265"/>
							<String ID="string_44" HPOS="288" VPOS="285" WIDTH="104" HEIGHT="27" WC="0.96" CONTENT="samtliga"/><SP WIDTH="16" VPOS="285" HPOS="392"/>
							<String ID="string_45" HPOS="408" VPOS="284" WIDTH="96" HEIGHT="22" WC="0.93" CONTENT="svenska"/><SP WIDTH="15" VPOS="284" HPOS="504"/>
							<String ID="string_46" HPOS="519" VPOS="284" WIDTH="174" HEIGHT="28" WC="0.92" CONTENT="folkhögskolor."/><SP WIDTH="33" VPOS="284" HPOS="693"/>
							<String ID="string_47" HPOS="726" VPOS="284" WIDTH="126" HEIGHT="28" WC="0.96" CONTENT="Sällskapet"/><SP WIDTH="16" VPOS="284" HPOS="852"/>
							<String ID="string_48" HPOS="868" VPOS="287" WIDTH="24" HEIGHT="18" WC="0.93" CONTENT="är"/><SP WIDTH="16" VPOS="287" HPOS="892"/>
							<String ID="string_49" HPOS="908" VPOS="284" WIDTH="8" HEIGHT="20" WC="0.93" CONTENT="i"/>
						</TextLine>
						<TextLine ID="line_6" HPOS="90" VPOS="313" WIDTH="825" HEIGHT="29">
							<String ID="string_50" HPOS="90" VPOS="313" WIDTH="89" HEIGHT="23" WC="0.96" CONTENT="tillfälle"/><SP WIDTH="16" VPOS="313" HPOS="179"/>
							<String ID="string_51" HPOS="195" VPOS="316" WIDTH="32" HEIGHT="19" WC="0.93" CONTENT="att"/><SP WIDTH="16" VPOS="316" HPOS="227"/>
							<String ID="string_52" HPOS="243" VPOS="313" WIDTH="49" HEIGHT="22" WC="0.96" CONTENT="från"/><SP WIDTH="17" VPOS="313" HPOS="292"/>
							<String ID="string_53" HPOS="309" VPOS="321" WIDTH="27" HEIGHT="15" WC="0.93" CONTENT="en"/><SP WIDTH="16" VPOS="321" HPOS="336"/>
							<String ID="string_54" HPOS="352" VPOS="313" WIDTH="185" HEIGHT="23" WC="0.92" CONTENT="testamentsfond"/><SP WIDTH="17" VPOS="313" HPOS="537"/>
							<String ID="string_55" HPOS="554" VPOS="314" WIDTH="86" HEIGHT="28" WC="0.95" CONTENT="årligen"/><SP WIDTH="15" VPOS="314" HPOS="640"/>
							<String ID="string_56" HPOS="655" VPOS="314" WIDTH="75" HEIGHT="22" WC="0.96" CONTENT="lemna"/><SP WIDTH="16" VPOS="314" HPOS="730"/>
							<String ID="string_57" HPOS="746" VPOS="314" WIDTH="120" HEIGHT="21" WC="0.96" CONTENT="understöd"/><SP WIDTH="16" VPOS="314" HPOS="866"/>
							<String ID="string_58" HPOS="882" VPOS="313" WIDTH="33" HEIGHT="21" WC="0.96" CONTENT="till"/>
						</TextLine>
						<TextLine ID="line_7" HPOS="90" VPOS="344" WIDTH="825" HEIGHT="22">
							<String ID="string_59" HPOS="90" VPOS="344" WIDTH="70" HEIGHT="22" WC="0.83" CONTENT="dessa."/><SP WIDTH="32" VPOS="344" HPOS="160"/>
							<String ID="string_60" HPOS="192" VPOS="344" WIDTH="101" HEIGHT="22" WC="0.83" CONTENT="Svenska"/><SP WIDTH="23" VPOS="344" HPOS="293"/>
							<String ID="string_61" HPOS="316" VPOS="344" WIDTH="147" HEIGHT="21" WC="0.92" CONTENT="Folkskolans"/><SP WIDTH="23" VPOS="344" HPOS="463"/>
							<String ID="string_62" HPOS="486" VPOS="344" WIDTH="101" HEIGHT="22" WC="0.92" CONTENT="Vänners"/><SP WIDTH="24" VPOS="344" HPOS="587"/>
							<String ID="string_63" HPOS="611" VPOS="344" WIDTH="110" HEIGHT="21" WC="0.91" CONTENT="direktion"/><SP WIDTH="25" VPOS="344" HPOS="721"/>
							<String ID="string_64" HPOS="746" VPOS="344" WIDTH="41" HEIGHT="21" WC="0.96" CONTENT="har"/><SP WIDTH="16" VPOS="344" HPOS="787"/>
							<String ID="string_65" HPOS="803" VPOS="344" WIDTH="112" HEIGHT="21" WC="0.96" CONTENT="dessutom"/>
						</TextLine>
						<TextLine ID="line_8" HPOS="90" VPOS="373" WIDTH="826" HEIGHT="29">
							<String ID="string_66" HPOS="90" VPOS="376" WIDTH="132" HEIGHT="26" WC="0.96" CONTENT="arrangerat"/><SP WIDTH="24" VPOS="376" HPOS="222"/>
							<String ID="string_67" HPOS="246" VPOS="374" WIDTH="44" HEIGHT="21" WC="0.93" CONTENT="alla"/><SP WIDTH="24" VPOS="374" HPOS="290"/>
							<String ID="string_68" HPOS="314" VPOS="374" WIDTH="187" HEIGHT="28" WC="0.93" CONTENT="svenskspråkiga"/><SP WIDTH="24" VPOS="374" HPOS="501"/>
							<String ID="string_69" HPOS="525" VPOS="373" WIDTH="140" HEIGHT="27" WC="0.92" CONTENT="feriekurser,"/><SP WIDTH="17" VPOS="373" HPOS="665"/>
							<String ID="string_70" HPOS="682" VPOS="381" WIDTH="47" HEIGHT="14" WC="0.93" CONTENT="som"/><SP WIDTH="18" VPOS="381" HPOS="729"/>
							<String ID="string_71" HPOS="747" VPOS="374" WIDTH="78" HEIGHT="20" WC="0.96" CONTENT="hittills"/><SP WIDTH="17" VPOS="374" HPOS="825"/>
							<String ID="string_72" HPOS="842" VPOS="373" WIDTH="74" HEIGHT="21" WC="0.95" CONTENT="blifvit"/>
						</TextLine>
						<TextLine ID="line_9" HPOS="90" VPOS="403" WIDTH="826" HEIGHT="29">
							<String ID="string_73" HPOS="90" VPOS="404" WIDTH="82" HEIGHT="21" WC="0.95" CONTENT="hållna."/><SP WIDTH="32" VPOS="404" HPOS="172"/>
							<String ID="string_74" HPOS="204" VPOS="404" WIDTH="44" HEIGHT="28" WC="0.95" CONTENT="Jag"/><SP WIDTH="23" VPOS="404" HPOS="248"/>
							<String ID="string_75" HPOS="271" VPOS="403" WIDTH="117" HEIGHT="22" WC="0.96" CONTENT="förmodar"/><SP WIDTH="23" VPOS="403" HPOS="388"/>
							<String ID="string_76" HPOS="411" VPOS="405" WIDTH="32" HEIGHT="20" WC="0.91" CONTENT="att"/><SP WIDTH="23" VPOS="405" HPOS="443"/>
							<String ID="string_77" HPOS="466" VPOS="403" WIDTH="327" HEIGHT="29" WC="0.91" CONTENT="Folkupplysningssällskapet"/><SP WIDTH="11" VPOS="403" HPOS="793"/>
							<String ID="string_78" HPOS="804" VPOS="404" WIDTH="28" HEIGHT="27" WC="0.96" CONTENT="på"/><SP WIDTH="11" VPOS="404" HPOS="832"/>
							<String ID="string_79" HPOS="843" VPOS="403" WIDTH="73" HEIGHT="28" WC="0.96" CONTENT="grund"/>
						</TextLine>
						<TextLine ID="line_10" HPOS="91" VPOS="433" WIDTH="825" HEIGHT="23">
							<String ID="string_80" HPOS="91" VPOS="433" WIDTH="25" HEIGHT="21" WC="0.96" CONTENT="af"/><SP WIDTH="20" VPOS="433" HPOS="116"/>
							<String ID="string_81" HPOS="136" VPOS="434" WIDTH="32" HEIGHT="20" WC="0.96" CONTENT="sin"/><SP WIDTH="26" VPOS="434" HPOS="168"/>
							<String ID="string_82" HPOS="194" VPOS="434" WIDTH="142" HEIGHT="22" WC="0.96" CONTENT="verksamhet"/><SP WIDTH="23" VPOS="434" HPOS="336"/>
							<String ID="string_83" HPOS="359" VPOS="434" WIDTH="50" HEIGHT="21" WC="0.96" CONTENT="icke"/><SP WIDTH="16" VPOS="434" HPOS="409"/>
							<String ID="string_84" HPOS="425" VPOS="434" WIDTH="71" HEIGHT="21" WC="0.96" CONTENT="heller"/><SP WIDTH="16" VPOS="434" HPOS="496"/>
							<String ID="string_85" HPOS="512" VPOS="434" WIDTH="44" HEIGHT="20" WC="0.96" CONTENT="kan"/><SP WIDTH="17" VPOS="434" HPOS="556"/>
							<String ID="string_86" HPOS="573" VPOS="440" WIDTH="54" HEIGHT="15" WC="0.96" CONTENT="vara"/><SP WIDTH="16" VPOS="440" HPOS="627"/>
							<String ID="string_87" HPOS="643" VPOS="433" WIDTH="139" HEIGHT="21" WC="0.96" CONTENT="främmande"/><SP WIDTH="17" VPOS="433" HPOS="782"/>
							<String ID="string_88" HPOS="799" VPOS="433" WIDTH="37" HEIGHT="21" WC="0.96" CONTENT="för"/><SP WIDTH="16" VPOS="433" HPOS="836"/>
							<String ID="string_89" HPOS="852" VPOS="433" WIDTH="64" HEIGHT="21" WC="0.95" CONTENT="dessa"/>
						</TextLine>
						<TextLine ID="line_11" HPOS="92" VPOS="462" WIDTH="824" HEIGHT="29">
							<String ID="string_90" HPOS="92" VPOS="462" WIDTH="163" HEIGHT="23" WC="0.93" CONTENT="förhållanden."/><SP WIDTH="33" VPOS="462" HPOS="255"/>
							<String ID="string_91" HPOS="288" VPOS="463" WIDTH="166" HEIGHT="21" WC="0.88" CONTENT="Hudvudsaken"/><SP WIDTH="24" VPOS="463" HPOS="454"/>
							<String ID="string_92" HPOS="478" VPOS="464" WIDTH="78" HEIGHT="27" WC="0.96" CONTENT="tyckes"/><SP WIDTH="24" VPOS="464" HPOS="556"/>
							<String ID="string_93" HPOS="580" VPOS="463" WIDTH="46" HEIGHT="28" WC="0.95" CONTENT="mig"/><SP WIDTH="24" VPOS="463" HPOS="626"/>
							<String ID="string_94" HPOS="650" VPOS="470" WIDTH="60" HEIGHT="20" WC="0.96" CONTENT="vara,"/><SP WIDTH="25" VPOS="470" HPOS="710"/>
							<String ID="string_95" HPOS="735" VPOS="464" WIDTH="32" HEIGHT="20" WC="0.96" CONTENT="att"/><SP WIDTH="24" VPOS="464" HPOS="767"/>
							<String ID="string_96" HPOS="791" VPOS="463" WIDTH="37" HEIGHT="21" WC="0.96" CONTENT="det"/><SP WIDTH="16" VPOS="463" HPOS="828"/>
							<String ID="string_97" HPOS="844" VPOS="462" WIDTH="72" HEIGHT="22" WC="0.96" CONTENT="finnes"/>
						</TextLine>
						<TextLine ID="line_12" HPOS="91" VPOS="492" WIDTH="824" HEIGHT="30">
							<String ID="string_98" HPOS="91" VPOS="494" WIDTH="74" HEIGHT="28" WC="0.93" CONTENT="någon"/><SP WIDTH="18" VPOS="494" HPOS="165"/>
							<String ID="string_99" HPOS="183" VPOS="493" WIDTH="224" HEIGHT="28" WC="0.91" CONTENT="centralmyndighet,"/><SP WIDTH="22" VPOS="493" HPOS="407"/>
							<String ID="string_100" HPOS="429" VPOS="500" WIDTH="47" HEIGHT="14" WC="0.96" CONTENT="som"/><SP WIDTH="18" VPOS="500" HPOS="476"/>
							<String ID="string_101" HPOS="494" VPOS="493" WIDTH="43" HEIGHT="21" WC="0.96" CONTENT="kan"/><SP WIDTH="17" VPOS="493" HPOS="537"/>
							<String ID="string_102" HPOS="554" VPOS="495" WIDTH="99" HEIGHT="26" WC="0.95" CONTENT="mottaga"/><SP WIDTH="17" VPOS="495" HPOS="653"/>
							<String ID="string_103" HPOS="670" VPOS="493" WIDTH="181" HEIGHT="28" WC="0.96" CONTENT="ansökningarna"/><SP WIDTH="16" VPOS="493" HPOS="851"/>
							<String ID="string_104" HPOS="867" VPOS="492" WIDTH="48" HEIGHT="26" WC="0.96" CONTENT="och,"/>
						</TextLine>
						<TextLine ID="line_13" HPOS="92" VPOS="522" WIDTH="824" HEIGHT="29">
							<String ID="string_105" HPOS="92" VPOS="522" WIDTH="56" HEIGHT="22" WC="0.96" CONTENT="efter"/><SP WIDTH="24" VPOS="522" HPOS="148"/>
							<String ID="string_106" HPOS="172" VPOS="523" WIDTH="36" HEIGHT="21" WC="0.96" CONTENT="det"/><SP WIDTH="23" VPOS="523" HPOS="208"/>
							<String ID="string_107" HPOS="231" VPOS="523" WIDTH="44" HEIGHT="21" WC="0.96" CONTENT="alla"/><SP WIDTH="23" VPOS="523" HPOS="275"/>
							<String ID="string_108" HPOS="298" VPOS="523" WIDTH="124" HEIGHT="26" WC="0.96" CONTENT="inkommit,"/><SP WIDTH="24" VPOS="523" HPOS="422"/>
							<String ID="string_109" HPOS="446" VPOS="523" WIDTH="127" HEIGHT="21" WC="0.96" CONTENT="sedermera"/><SP WIDTH="20" VPOS="523" HPOS="573"/>
							<String ID="string_110" HPOS="593" VPOS="522" WIDTH="89" HEIGHT="22" WC="0.96" CONTENT="fördela"/><SP WIDTH="16" VPOS="522" HPOS="682"/>
							<String ID="string_111" HPOS="698" VPOS="523" WIDTH="111" HEIGHT="28" WC="0.95" CONTENT="beloppet,"/><SP WIDTH="17" VPOS="523" HPOS="809"/>
							<String ID="string_112" HPOS="826" VPOS="530" WIDTH="36" HEIGHT="14" WC="0.96" CONTENT="om"/><SP WIDTH="17" VPOS="530" HPOS="862"/>
							<String ID="string_113" HPOS="879" VPOS="522" WIDTH="37" HEIGHT="22" WC="0.95" CONTENT="det"/>
						</TextLine>
						<TextLine ID="line_14" HPOS="92" VPOS="552" WIDTH="824" HEIGHT="29">
							<String ID="string_114" HPOS="92" VPOS="560" WIDTH="29" HEIGHT="14" WC="0.96" CONTENT="nu"/><SP WIDTH="24" VPOS="560" HPOS="121"/>
							<String ID="string_115" HPOS="145" VPOS="553" WIDTH="68" HEIGHT="21" WC="0.96" CONTENT="sedan"/><SP WIDTH="25" VPOS="553" HPOS="213"/>
							<String ID="string_116" HPOS="238" VPOS="556" WIDTH="24" HEIGHT="18" WC="0.96" CONTENT="är"/><SP WIDTH="24" VPOS="556" HPOS="262"/>
							<String ID="string_117" HPOS="286" VPOS="553" WIDTH="132" HEIGHT="28" WC="0.96" CONTENT="regeringen"/><SP WIDTH="20" VPOS="553" HPOS="418"/>
							<String ID="string_118" HPOS="438" VPOS="553" WIDTH="54" HEIGHT="21" WC="0.92" CONTENT="eller"/><SP WIDTH="16" VPOS="553" HPOS="492"/>
							<String ID="string_119" HPOS="508" VPOS="553" WIDTH="158" HEIGHT="27" WC="0.91" CONTENT="skolstyrelsen"/><SP WIDTH="18" VPOS="553" HPOS="666"/>
							<String ID="string_120" HPOS="684" VPOS="553" WIDTH="53" HEIGHT="21" WC="0.96" CONTENT="eller"/><SP WIDTH="16" VPOS="553" HPOS="737"/>
							<String ID="string_121" HPOS="753" VPOS="554" WIDTH="74" HEIGHT="27" WC="0.96" CONTENT="någon"/><SP WIDTH="16" VPOS="554" HPOS="827"/>
							<String ID="string_122" HPOS="843" VPOS="552" WIDTH="73" HEIGHT="28" WC="0.96" CONTENT="privat"/>
						</TextLine>
						<TextLine ID="line_15" HPOS="92" VPOS="582" WIDTH="824" HEIGHT="29">
							<String ID="string_123" HPOS="92" VPOS="583" WIDTH="223" HEIGHT="28" WC="0.90" CONTENT="centralmyndighet."/><SP WIDTH="25" VPOS="583" HPOS="315"/>
							<String ID="string_124" HPOS="340" VPOS="582" WIDTH="44" HEIGHT="28" WC="0.96" CONTENT="Jag"/><SP WIDTH="16" VPOS="582" HPOS="384"/>
							<String ID="string_125" HPOS="400" VPOS="582" WIDTH="83" HEIGHT="21" WC="0.95" CONTENT="förstår"/><SP WIDTH="16" VPOS="582" HPOS="483"/>
							<String ID="string_126" HPOS="499" VPOS="583" WIDTH="56" HEIGHT="25" WC="0.96" CONTENT="icke,"/><SP WIDTH="17" VPOS="583" HPOS="555"/>
							<String ID="string_127" HPOS="572" VPOS="583" WIDTH="55" HEIGHT="20" WC="0.96" CONTENT="huru"/><SP WIDTH="18" VPOS="583" HPOS="627"/>
							<String ID="string_128" HPOS="645" VPOS="583" WIDTH="37" HEIGHT="21" WC="0.96" CONTENT="det"/><SP WIDTH="16" VPOS="583" HPOS="682"/>
							<String ID="string_129" HPOS="698" VPOS="583" WIDTH="70" HEIGHT="20" WC="0.95" CONTENT="skulle"/><SP WIDTH="18" VPOS="583" HPOS="768"/>
							<String ID="string_130" HPOS="786" VPOS="583" WIDTH="28" HEIGHT="27" WC="0.95" CONTENT="gå"/><SP WIDTH="15" VPOS="583" HPOS="814"/>
							<String ID="string_131" HPOS="829" VPOS="582" WIDTH="41" HEIGHT="25" WC="0.96" CONTENT="till,"/><SP WIDTH="14" VPOS="582" HPOS="870"/>
							<String ID="string_132" HPOS="884" VPOS="583" WIDTH="32" HEIGHT="20" WC="0.96" CONTENT="att"/>
						</TextLine>
						<TextLine ID="line_16" HPOS="91" VPOS="611" WIDTH="825" HEIGHT="29">
							<String ID="string_133" HPOS="91" VPOS="612" WIDTH="134" HEIGHT="28" WC="0.96" CONTENT="regeringen"/><SP WIDTH="25" VPOS="612" HPOS="225"/>
							<String ID="string_134" HPOS="250" VPOS="612" WIDTH="70" HEIGHT="21" WC="0.93" CONTENT="skulle"/><SP WIDTH="23" VPOS="612" HPOS="320"/>
							<String ID="string_135" HPOS="343" VPOS="611" WIDTH="139" HEIGHT="22" WC="0.91" CONTENT="öfverlämna"/><SP WIDTH="21" VPOS="611" HPOS="482"/>
							<String ID="string_136" HPOS="503" VPOS="613" WIDTH="88" HEIGHT="21" WC="0.96" CONTENT="medlen"/><SP WIDTH="24" VPOS="613" HPOS="591"/>
							<String ID="string_137" HPOS="615" VPOS="613" WIDTH="23" HEIGHT="20" WC="0.96" CONTENT="åt"/><SP WIDTH="23" VPOS="613" HPOS="638"/>
							<String ID="string_138" HPOS="661" VPOS="619" WIDTH="28" HEIGHT="15" WC="0.95" CONTENT="en"/><SP WIDTH="21" VPOS="619" HPOS="689"/>
							<String ID="string_139" HPOS="710" VPOS="614" WIDTH="45" HEIGHT="19" WC="0.96" CONTENT="stor"/><SP WIDTH="16" VPOS="614" HPOS="755"/>
							<String ID="string_140" HPOS="771" VPOS="619" WIDTH="73" HEIGHT="14" WC="0.93" CONTENT="massa"/><SP WIDTH="16" VPOS="619" HPOS="844"/>
							<String ID="string_141" HPOS="860" VPOS="611" WIDTH="56" HEIGHT="22" WC="0.92" CONTENT="bild-"/>
						</TextLine>
						<TextLine ID="line_17" HPOS="92" VPOS="641" WIDTH="824" HEIGHT="29">
							<String ID="string_142" HPOS="92" VPOS="642" WIDTH="171" HEIGHT="28" WC="0.91" CONTENT="ningssällskap,"/><SP WIDTH="20" VPOS="642" HPOS="263"/>
							<String ID="string_143" HPOS="283" VPOS="649" WIDTH="46" HEIGHT="14" WC="0.96" CONTENT="som"/><SP WIDTH="17" VPOS="649" HPOS="329"/>
							<String ID="string_144" HPOS="346" VPOS="642" WIDTH="49" HEIGHT="21" WC="0.96" CONTENT="icke"/><SP WIDTH="17" VPOS="642" HPOS="395"/>
							<String ID="string_145" HPOS="412" VPOS="649" WIDTH="81" HEIGHT="21" WC="0.96" CONTENT="genom"/><SP WIDTH="16" VPOS="649" HPOS="493"/>
							<String ID="string_146" HPOS="509" VPOS="642" WIDTH="107" HEIGHT="21" WC="0.95" CONTENT="utseende"/><SP WIDTH="16" VPOS="642" HPOS="616"/>
							<String ID="string_147" HPOS="632" VPOS="641" WIDTH="25" HEIGHT="22" WC="0.96" CONTENT="af"/><SP WIDTH="8" VPOS="641" HPOS="657"/>
							<String ID="string_148" HPOS="665" VPOS="642" WIDTH="146" HEIGHT="21" WC="0.96" CONTENT="medlemmar"/><SP WIDTH="11" VPOS="642" HPOS="811"/>
							<String ID="string_149" HPOS="822" VPOS="641" WIDTH="49" HEIGHT="22" WC="0.96" CONTENT="från"/><SP WIDTH="11" VPOS="641" HPOS="871"/>
							<String ID="string_150" HPOS="882" VPOS="641" WIDTH="34" HEIGHT="21" WC="0.96" CONTENT="sin"/>
						</TextLine>
						<TextLine ID="line_18" HPOS="92" VPOS="671" WIDTH="824" HEIGHT="29">
							<String ID="string_151" HPOS="92" VPOS="672" WIDTH="55" HEIGHT="22" WC="0.96" CONTENT="midt"/><SP WIDTH="24" VPOS="672" HPOS="147"/>
							<String ID="string_152" HPOS="171" VPOS="672" WIDTH="61" HEIGHT="21" WC="0.96" CONTENT="bilda"/><SP WIDTH="24" VPOS="672" HPOS="232"/>
							<String ID="string_153" HPOS="256" VPOS="673" WIDTH="68" HEIGHT="27" WC="0.93" CONTENT="något"/><SP WIDTH="19" VPOS="673" HPOS="324"/>
							<String ID="string_154" HPOS="343" VPOS="672" WIDTH="176" HEIGHT="26" WC="0.90" CONTENT="centralutskott,"/><SP WIDTH="17" VPOS="672" HPOS="519"/>
							<String ID="string_155" HPOS="536" VPOS="672" WIDTH="85" HEIGHT="21" WC="0.95" CONTENT="hvilket"/><SP WIDTH="14" VPOS="672" HPOS="621"/>
							<String ID="string_156" HPOS="635" VPOS="672" WIDTH="41" HEIGHT="28" WC="0.95" CONTENT="jag"/><SP WIDTH="14" VPOS="672" HPOS="676"/>
							<String ID="string_157" HPOS="690" VPOS="672" WIDTH="79" HEIGHT="27" WC="0.96" CONTENT="tycker"/><SP WIDTH="16" VPOS="672" HPOS="769"/>
							<String ID="string_158" HPOS="785" VPOS="673" WIDTH="32" HEIGHT="20" WC="0.93" CONTENT="att"/><SP WIDTH="16" VPOS="673" HPOS="817"/>
							<String ID="string_159" HPOS="833" VPOS="671" WIDTH="83" HEIGHT="28" WC="0.92" CONTENT="profes-"/>
						</TextLine>
						<TextLine ID="line_19" HPOS="92" VPOS="701" WIDTH="824" HEIGHT="29">
							<String ID="string_160" HPOS="92" VPOS="709" WIDTH="36" HEIGHT="14" WC="0.93" CONTENT="sor"/><SP WIDTH="24" VPOS="709" HPOS="128"/>
							<String ID="string_161" HPOS="152" VPOS="701" WIDTH="87" HEIGHT="22" WC="0.91" CONTENT="Setäläs"/><SP WIDTH="24" VPOS="701" HPOS="239"/>
							<String ID="string_162" HPOS="263" VPOS="701" WIDTH="87" HEIGHT="29" WC="0.96" CONTENT="förslag"/><SP WIDTH="25" VPOS="701" HPOS="350"/>
							<String ID="string_163" HPOS="375" VPOS="702" WIDTH="99" HEIGHT="21" WC="0.94" CONTENT="innebär."/><SP WIDTH="34" VPOS="702" HPOS="474"/>
							<String ID="string_164" HPOS="508" VPOS="702" WIDTH="92" HEIGHT="21" WC="0.79" CONTENT="Således"/><SP WIDTH="16" VPOS="702" HPOS="600"/>
							<String ID="string_165" HPOS="616" VPOS="702" WIDTH="52" HEIGHT="21" WC="0.96" CONTENT="ville"/><SP WIDTH="14" VPOS="702" HPOS="668"/>
							<String ID="string_166" HPOS="682" VPOS="702" WIDTH="46" HEIGHT="28" WC="0.96" CONTENT="jag,"/><SP WIDTH="18" VPOS="702" HPOS="728"/>
							<String ID="string_167" HPOS="746" VPOS="701" WIDTH="123" HEIGHT="22" WC="0.92" CONTENT="tillsvidare"/><SP WIDTH="16" VPOS="701" HPOS="869"/>
							<String ID="string_168" HPOS="885" VPOS="701" WIDTH="31" HEIGHT="22" WC="0.93" CONTENT="ät-"/>
						</TextLine>
						<TextLine ID="line_20" HPOS="93" VPOS="731" WIDTH="823" HEIGHT="28">
							<String ID="string_169" HPOS="93" VPOS="731" WIDTH="117" HEIGHT="28" WC="0.91" CONTENT="minstone,"/><SP WIDTH="24" VPOS="731" HPOS="210"/>
							<String ID="string_170" HPOS="234" VPOS="731" WIDTH="136" HEIGHT="22" WC="0.93" CONTENT="fortfarande"/><SP WIDTH="24" VPOS="731" HPOS="370"/>
							<String ID="string_171" HPOS="394" VPOS="731" WIDTH="104" HEIGHT="22" WC="0.91" CONTENT="fasthålla"/><SP WIDTH="24" VPOS="731" HPOS="498"/>
							<String ID="string_172" HPOS="522" VPOS="732" WIDTH="37" HEIGHT="21" WC="0.96" CONTENT="vid"/><SP WIDTH="21" VPOS="732" HPOS="559"/>
							<String ID="string_173" HPOS="580" VPOS="732" WIDTH="36" HEIGHT="21" WC="0.96" CONTENT="det"/><SP WIDTH="18" VPOS="732" HPOS="616"/>
							<String ID="string_174" HPOS="634" VPOS="731" WIDTH="24" HEIGHT="22" WC="0.96" CONTENT="af"/><SP WIDTH="13" VPOS="731" HPOS="658"/>
							<String ID="string_175" HPOS="671" VPOS="731" WIDTH="163" HEIGHT="22" WC="0.92" CONTENT="statsutskottet"/><SP WIDTH="15" VPOS="731" HPOS="834"/>
							<String ID="string_176" HPOS="849" VPOS="731" WIDTH="67" HEIGHT="21" WC="0.92" CONTENT="fram-"/>
						</TextLine>
						<TextLine ID="line_21" HPOS="93" VPOS="761" WIDTH="823" HEIGHT="28">
							<String ID="string_177" HPOS="93" VPOS="761" WIDTH="80" HEIGHT="22" WC="0.96" CONTENT="ställda"/><SP WIDTH="16" VPOS="761" HPOS="173"/>
							<String ID="string_178" HPOS="189" VPOS="761" WIDTH="110" HEIGHT="28" WC="0.96" CONTENT="förslaget"/><SP WIDTH="16" VPOS="761" HPOS="299"/>
							<String ID="string_179" HPOS="315" VPOS="761" WIDTH="94" HEIGHT="22" WC="0.96" CONTENT="rörande"/><SP WIDTH="17" VPOS="761" HPOS="409"/>
							<String ID="string_180" HPOS="426" VPOS="761" WIDTH="166" HEIGHT="28" WC="0.96" CONTENT="fördelningen."/><SP WIDTH="32" VPOS="761" HPOS="592"/>
							<String ID="string_181" HPOS="624" VPOS="761" WIDTH="79" HEIGHT="28" WC="0.96" CONTENT="Någon"/><SP WIDTH="17" VPOS="761" HPOS="703"/>
							<String ID="string_182" HPOS="720" VPOS="761" WIDTH="78" HEIGHT="22" WC="0.95" CONTENT="alltför"/><SP WIDTH="16" VPOS="761" HPOS="798"/>
							<String ID="string_183" HPOS="814" VPOS="763" WIDTH="45" HEIGHT="19" WC="0.96" CONTENT="stor"/><SP WIDTH="15" VPOS="763" HPOS="859"/>
							<String ID="string_184" HPOS="874" VPOS="761" WIDTH="42" HEIGHT="20" WC="0.96" CONTENT="och"/>
						</TextLine>
						<TextLine ID="line_22" HPOS="93" VPOS="790" WIDTH="822" HEIGHT="29">
							<String ID="string_185" HPOS="93" VPOS="791" WIDTH="140" HEIGHT="22" WC="0.96" CONTENT="uteslutande"/><SP WIDTH="19" VPOS="791" HPOS="233"/>
							<String ID="string_186" HPOS="252" VPOS="791" WIDTH="60" HEIGHT="21" WC="0.96" CONTENT="makt"/><SP WIDTH="17" VPOS="791" HPOS="312"/>
							<String ID="string_187" HPOS="329" VPOS="791" WIDTH="61" HEIGHT="28" WC="0.95" CONTENT="finge"/><SP WIDTH="13" VPOS="791" HPOS="390"/>
							<String ID="string_188" HPOS="403" VPOS="791" WIDTH="25" HEIGHT="28" WC="0.96" CONTENT="ju"/><SP WIDTH="16" VPOS="791" HPOS="428"/>
							<String ID="string_189" HPOS="444" VPOS="791" WIDTH="50" HEIGHT="22" WC="0.96" CONTENT="icke"/><SP WIDTH="17" VPOS="791" HPOS="494"/>
							<String ID="string_190" HPOS="511" VPOS="791" WIDTH="64" HEIGHT="22" WC="0.95" CONTENT="dessa"/><SP WIDTH="16" VPOS="791" HPOS="575"/>
							<String ID="string_191" HPOS="591" VPOS="791" WIDTH="139" HEIGHT="28" WC="0.96" CONTENT="föreningar,"/><SP WIDTH="18" VPOS="791" HPOS="730"/>
							<String ID="string_192" HPOS="748" VPOS="791" WIDTH="28" HEIGHT="21" WC="0.96" CONTENT="då"/><SP WIDTH="17" VPOS="791" HPOS="776"/>
							<String ID="string_193" HPOS="793" VPOS="791" WIDTH="27" HEIGHT="22" WC="0.96" CONTENT="de"/><SP WIDTH="17" VPOS="791" HPOS="820"/>
							<String ID="string_194" HPOS="837" VPOS="790" WIDTH="78" HEIGHT="26" WC="0.96" CONTENT="medel,"/>
						</TextLine>
						<TextLine ID="line_23" HPOS="93" VPOS="820" WIDTH="824" HEIGHT="29">
							<String ID="string_195" HPOS="93" VPOS="828" WIDTH="47" HEIGHT="14" WC="0.96" CONTENT="som"/><SP WIDTH="24" VPOS="828" HPOS="140"/>
							<String ID="string_196" HPOS="164" VPOS="821" WIDTH="89" HEIGHT="22" WC="0.95" CONTENT="komme"/><SP WIDTH="24" VPOS="821" HPOS="253"/>
							<String ID="string_197" HPOS="277" VPOS="823" WIDTH="32" HEIGHT="19" WC="0.95" CONTENT="att"/><SP WIDTH="22" VPOS="823" HPOS="309"/>
							<String ID="string_198" HPOS="331" VPOS="821" WIDTH="89" HEIGHT="21" WC="0.92" CONTENT="tillfalla"/><SP WIDTH="22" VPOS="821" HPOS="420"/>
							<String ID="string_199" HPOS="442" VPOS="821" WIDTH="280" HEIGHT="28" WC="0.90" CONTENT="ungdomsföreningarna,"/><SP WIDTH="22" VPOS="821" HPOS="722"/>
							<String ID="string_200" HPOS="744" VPOS="821" WIDTH="70" HEIGHT="21" WC="0.96" CONTENT="skulle"/><SP WIDTH="17" VPOS="821" HPOS="814"/>
							<String ID="string_201" HPOS="831" VPOS="820" WIDTH="86" HEIGHT="21" WC="0.96" CONTENT="utdelas"/>
						</TextLine>
						<TextLine ID="line_24" HPOS="93" VPOS="851" WIDTH="468" HEIGHT="28">
							<String ID="string_202" HPOS="93" VPOS="857" WIDTH="81" HEIGHT="22" WC="0.96" CONTENT="genom"/><SP WIDTH="18" VPOS="857" HPOS="174"/>
							<String ID="string_203" HPOS="192" VPOS="851" WIDTH="74" HEIGHT="21" WC="0.93" CONTENT="dessas"/><SP WIDTH="16" VPOS="851" HPOS="266"/>
							<String ID="string_204" HPOS="282" VPOS="851" WIDTH="79" HEIGHT="28" WC="0.93" CONTENT="högsta"/><SP WIDTH="17" VPOS="851" HPOS="361"/>
							<String ID="string_205" HPOS="378" VPOS="851" WIDTH="183" HEIGHT="28" WC="0.91" CONTENT="centralledning."/>
						</TextLine>
					</TextBlock>
				</ComposedBlock>
				<ComposedBlock ID="cblock_2" HPOS="90" VPOS="909" WIDTH="829" HEIGHT="594">
					<TextBlock ID="block_2" HPOS="90" VPOS="909" WIDTH="829" HEIGHT="594">
						<TextLine ID="line_25" HPOS="165" VPOS="909" WIDTH="752" HEIGHT="29">
							<String ID="string_206" HPOS="165" VPOS="910" WIDTH="47" HEIGHT="21" WC="0.96" CONTENT="Hra"/><SP WIDTH="24" VPOS="910" HPOS="212"/>
							<String ID="string_207" HPOS="236" VPOS="910" WIDTH="20" HEIGHT="22" WC="0.94" CONTENT="G."/><SP WIDTH="26" VPOS="910" HPOS="256"/>
							<String ID="string_208" HPOS="282" VPOS="910" WIDTH="20" HEIGHT="22" WC="0.93" CONTENT="G."/><SP WIDTH="25" VPOS="910" HPOS="302"/>
							<String ID="string_209" HPOS="327" VPOS="910" WIDTH="127" HEIGHT="28" WC="0.96" CONTENT="Rosenqvist:"/><SP WIDTH="16" VPOS="910" HPOS="454"/>
							<String ID="string_210" HPOS="470" VPOS="910" WIDTH="114" HEIGHT="22" WC="0.96" CONTENT="Utskottet"/><SP WIDTH="16" VPOS="910" HPOS="584"/>
							<String ID="string_211" HPOS="600" VPOS="909" WIDTH="95" HEIGHT="22" WC="0.96" CONTENT="föreslår"/><SP WIDTH="15" VPOS="909" HPOS="695"/>
							<String ID="string_212" HPOS="710" VPOS="911" WIDTH="29" HEIGHT="27" WC="0.96" CONTENT="på"/><SP WIDTH="15" VPOS="911" HPOS="739"/>
							<String ID="string_213" HPOS="754" VPOS="910" WIDTH="40" HEIGHT="21" WC="0.96" CONTENT="sid."/><SP WIDTH="21" VPOS="910" HPOS="794"/>
							<String ID="string_214" HPOS="815" VPOS="910" WIDTH="25" HEIGHT="20" WC="0.96" CONTENT="18"/><SP WIDTH="16" VPOS="910" HPOS="840"/>
							<String ID="string_215" HPOS="856" VPOS="909" WIDTH="7" HEIGHT="21" WC="0.96" CONTENT="i"/><SP WIDTH="17" VPOS="909" HPOS="863"/>
							<String ID="string_216" HPOS="880" VPOS="909" WIDTH="37" HEIGHT="21" WC="0.96" CONTENT="sitt"/>
						</TextLine>
						<TextLine ID="line_26" HPOS="93" VPOS="938" WIDTH="824" HEIGHT="30">
							<String ID="string_217" HPOS="93" VPOS="939" WIDTH="159" HEIGHT="26" WC="0.92" CONTENT="betänkandet,"/><SP WIDTH="13" VPOS="939" HPOS="252"/>
							<String ID="string_218" HPOS="265" VPOS="940" WIDTH="68" HEIGHT="21" WC="0.95" CONTENT="bland"/><SP WIDTH="10" VPOS="940" HPOS="333"/>
							<String ID="string_219" HPOS="343" VPOS="942" WIDTH="74" HEIGHT="24" WC="0.96" CONTENT="annat,"/><SP WIDTH="13" VPOS="942" HPOS="417"/>
							<String ID="string_220" HPOS="430" VPOS="942" WIDTH="29" HEIGHT="20" WC="0.93" CONTENT="ett"/><SP WIDTH="13" VPOS="942" HPOS="459"/>
							<String ID="string_221" HPOS="472" VPOS="940" WIDTH="68" HEIGHT="28" WC="0.92" CONTENT="ärligt"/><SP WIDTH="10" VPOS="940" HPOS="540"/>
							<String ID="string_222" HPOS="550" VPOS="940" WIDTH="120" HEIGHT="21" WC="0.96" CONTENT="understöd"/><SP WIDTH="12" VPOS="940" HPOS="670"/>
							<String ID="string_223" HPOS="682" VPOS="939" WIDTH="25" HEIGHT="22" WC="0.93" CONTENT="af"/><SP WIDTH="8" VPOS="939" HPOS="707"/>
							<String ID="string_224" HPOS="715" VPOS="940" WIDTH="82" HEIGHT="25" WC="0.92" CONTENT="20,000"/><SP WIDTH="8" VPOS="940" HPOS="797"/>
							<String ID="string_225" HPOS="805" VPOS="938" WIDTH="63" HEIGHT="22" WC="0.96" CONTENT="mark"/><SP WIDTH="12" VPOS="938" HPOS="868"/>
							<String ID="string_226" HPOS="880" VPOS="938" WIDTH="37" HEIGHT="22" WC="0.96" CONTENT="för"/>
						</TextLine>
						<TextLine ID="line_27" HPOS="92" VPOS="969" WIDTH="824" HEIGHT="29">
							<String ID="string_227" HPOS="92" VPOS="970" WIDTH="225" HEIGHT="27" WC="0.90" CONTENT="nykterhetsarbetet."/><SP WIDTH="32" VPOS="970" HPOS="317"/>
							<String ID="string_228" HPOS="349" VPOS="970" WIDTH="45" HEIGHT="28" WC="0.96" CONTENT="Jag"/><SP WIDTH="22" VPOS="970" HPOS="394"/>
							<String ID="string_229" HPOS="416" VPOS="970" WIDTH="58" HEIGHT="21" WC="0.93" CONTENT="hade"/><SP WIDTH="24" VPOS="970" HPOS="474"/>
							<String ID="string_230" HPOS="498" VPOS="970" WIDTH="79" HEIGHT="28" WC="0.88" CONTENT="begärt"/><SP WIDTH="25" VPOS="970" HPOS="577"/>
							<String ID="string_231" HPOS="602" VPOS="970" WIDTH="62" HEIGHT="21" WC="0.91" CONTENT="ordet"/><SP WIDTH="24" VPOS="970" HPOS="664"/>
							<String ID="string_232" HPOS="688" VPOS="970" WIDTH="50" HEIGHT="21" WC="0.88" CONTENT="icke"/><SP WIDTH="22" VPOS="970" HPOS="738"/>
							<String ID="string_233" HPOS="760" VPOS="969" WIDTH="37" HEIGHT="22" WC="0.96" CONTENT="för"/><SP WIDTH="16" VPOS="969" HPOS="797"/>
							<String ID="string_234" HPOS="813" VPOS="970" WIDTH="32" HEIGHT="20" WC="0.93" CONTENT="att"/><SP WIDTH="17" VPOS="970" HPOS="845"/>
							<String ID="string_235" HPOS="862" VPOS="970" WIDTH="54" HEIGHT="20" WC="0.91" CONTENT="mot-"/>
						</TextLine>
						<TextLine ID="line_28" HPOS="92" VPOS="998" WIDTH="824" HEIGHT="30">
							<String ID="string_236" HPOS="92" VPOS="1001" WIDTH="59" HEIGHT="19" WC="0.95" CONTENT="sätta"/><SP WIDTH="23" VPOS="1001" HPOS="151"/>
							<String ID="string_237" HPOS="174" VPOS="1000" WIDTH="47" HEIGHT="28" WC="0.96" CONTENT="mig"/><SP WIDTH="23" VPOS="1000" HPOS="221"/>
							<String ID="string_238" HPOS="244" VPOS="1000" WIDTH="61" HEIGHT="21" WC="0.96" CONTENT="detta"/><SP WIDTH="25" VPOS="1000" HPOS="305"/>
							<String ID="string_239" HPOS="330" VPOS="999" WIDTH="93" HEIGHT="29" WC="0.96" CONTENT="förslag,"/><SP WIDTH="16" VPOS="999" HPOS="423"/>
							<String ID="string_240" HPOS="439" VPOS="1001" WIDTH="54" HEIGHT="20" WC="0.93" CONTENT="utan"/><SP WIDTH="16" VPOS="1001" HPOS="493"/>
							<String ID="string_241" HPOS="509" VPOS="999" WIDTH="92" HEIGHT="22" WC="0.93" CONTENT="fastmer"/><SP WIDTH="17" VPOS="999" HPOS="601"/>
							<String ID="string_242" HPOS="618" VPOS="1000" WIDTH="36" HEIGHT="21" WC="0.96" CONTENT="för"/><SP WIDTH="17" VPOS="1000" HPOS="654"/>
							<String ID="string_243" HPOS="671" VPOS="1001" WIDTH="32" HEIGHT="20" WC="0.93" CONTENT="att"/><SP WIDTH="16" VPOS="1001" HPOS="703"/>
							<String ID="string_244" HPOS="719" VPOS="999" WIDTH="135" HEIGHT="22" WC="0.92" CONTENT="understöda"/><SP WIDTH="16" VPOS="999" HPOS="854"/>
							<String ID="string_245" HPOS="870" VPOS="998" WIDTH="46" HEIGHT="22" WC="0.93" CONTENT="det-"/>
						</TextLine>
						<TextLine ID="line_29" HPOS="92" VPOS="1028" WIDTH="826" HEIGHT="30">
							<String ID="string_246" HPOS="92" VPOS="1036" WIDTH="93" HEIGHT="18" WC="0.96" CONTENT="samma,"/><SP WIDTH="24" VPOS="1036" HPOS="185"/>
							<String ID="string_247" HPOS="209" VPOS="1036" WIDTH="52" HEIGHT="14" WC="0.96" CONTENT="men"/><SP WIDTH="17" VPOS="1036" HPOS="261"/>
							<String ID="string_248" HPOS="278" VPOS="1030" WIDTH="39" HEIGHT="27" WC="0.96" CONTENT="jag"/><SP WIDTH="16" VPOS="1030" HPOS="317"/>
							<String ID="string_249" HPOS="333" VPOS="1030" WIDTH="53" HEIGHT="21" WC="0.96" CONTENT="ville"/><SP WIDTH="16" VPOS="1030" HPOS="386"/>
							<String ID="string_250" HPOS="402" VPOS="1030" WIDTH="56" HEIGHT="21" WC="0.93" CONTENT="dock"/><SP WIDTH="18" VPOS="1030" HPOS="458"/>
							<String ID="string_251" HPOS="476" VPOS="1030" WIDTH="78" HEIGHT="20" WC="0.90" CONTENT="härvid"/><SP WIDTH="16" VPOS="1030" HPOS="554"/>
							<String ID="string_252" HPOS="570" VPOS="1029" WIDTH="73" HEIGHT="21" WC="0.92" CONTENT="tillika"/><SP WIDTH="16" VPOS="1029" HPOS="643"/>
							<String ID="string_253" HPOS="659" VPOS="1029" WIDTH="67" HEIGHT="21" WC="0.91" CONTENT="hafva"/><SP WIDTH="16" VPOS="1029" HPOS="726"/>
							<String ID="string_254" HPOS="742" VPOS="1029" WIDTH="72" HEIGHT="29" WC="0.91" CONTENT="sagdt,"/><SP WIDTH="18" VPOS="1029" HPOS="814"/>
							<String ID="string_255" HPOS="832" VPOS="1030" WIDTH="31" HEIGHT="20" WC="0.96" CONTENT="att"/><SP WIDTH="14" VPOS="1030" HPOS="863"/>
							<String ID="string_256" HPOS="877" VPOS="1028" WIDTH="41" HEIGHT="28" WC="0.96" CONTENT="jag"/>
						</TextLine>
						<TextLine ID="line_30" HPOS="93" VPOS="1058" WIDTH="824" HEIGHT="29">
							<String ID="string_257" HPOS="93" VPOS="1059" WIDTH="92" HEIGHT="21" WC="0.93" CONTENT="därmed"/><SP WIDTH="27" VPOS="1059" HPOS="185"/>
							<String ID="string_258" HPOS="212" VPOS="1059" WIDTH="49" HEIGHT="21" WC="0.96" CONTENT="icke"/><SP WIDTH="24" VPOS="1059" HPOS="261"/>
							<String ID="string_259" HPOS="285" VPOS="1062" WIDTH="24" HEIGHT="18" WC="0.93" CONTENT="är"/><SP WIDTH="23" VPOS="1062" HPOS="309"/>
							<String ID="string_260" HPOS="332" VPOS="1060" WIDTH="103" HEIGHT="27" WC="0.96" CONTENT="benägen"/><SP WIDTH="22" VPOS="1060" HPOS="435"/>
							<String ID="string_261" HPOS="457" VPOS="1061" WIDTH="32" HEIGHT="19" WC="0.93" CONTENT="att"/><SP WIDTH="21" VPOS="1061" HPOS="489"/>
							<String ID="string_262" HPOS="510" VPOS="1059" WIDTH="136" HEIGHT="21" WC="0.92" CONTENT="understöda"/><SP WIDTH="15" VPOS="1059" HPOS="646"/>
							<String ID="string_263" HPOS="661" VPOS="1059" WIDTH="78" HEIGHT="27" WC="0.91" CONTENT="hvarje"/><SP WIDTH="16" VPOS="1059" HPOS="739"/>
							<String ID="string_264" HPOS="755" VPOS="1066" WIDTH="15" HEIGHT="15" WC="0.96" CONTENT="s."/><SP WIDTH="18" VPOS="1066" HPOS="770"/>
							<String ID="string_265" HPOS="788" VPOS="1059" WIDTH="21" HEIGHT="21" WC="0.93" CONTENT="k."/><SP WIDTH="18" VPOS="1059" HPOS="809"/>
							<String ID="string_266" HPOS="827" VPOS="1058" WIDTH="90" HEIGHT="28" WC="0.91" CONTENT="nykter-"/>
						</TextLine>
						<TextLine ID="line_31" HPOS="92" VPOS="1088" WIDTH="826" HEIGHT="29">
							<String ID="string_267" HPOS="92" VPOS="1088" WIDTH="128" HEIGHT="22" WC="0.92" CONTENT="hetsarbete"/><SP WIDTH="24" VPOS="1088" HPOS="220"/>
							<String ID="string_268" HPOS="244" VPOS="1090" WIDTH="72" HEIGHT="20" WC="0.88" CONTENT="säsom"/><SP WIDTH="24" VPOS="1090" HPOS="316"/>
							<String ID="string_269" HPOS="340" VPOS="1089" WIDTH="86" HEIGHT="28" WC="0.88" CONTENT="sädant,"/><SP WIDTH="23" VPOS="1089" HPOS="426"/>
							<String ID="string_270" HPOS="449" VPOS="1091" WIDTH="53" HEIGHT="19" WC="0.96" CONTENT="utan"/><SP WIDTH="24" VPOS="1091" HPOS="502"/>
							<String ID="string_271" HPOS="526" VPOS="1089" WIDTH="78" HEIGHT="21" WC="0.96" CONTENT="endast"/><SP WIDTH="16" VPOS="1089" HPOS="604"/>
							<String ID="string_272" HPOS="620" VPOS="1089" WIDTH="36" HEIGHT="22" WC="0.93" CONTENT="det"/><SP WIDTH="16" VPOS="1089" HPOS="656"/>
							<String ID="string_273" HPOS="672" VPOS="1089" WIDTH="81" HEIGHT="28" WC="0.91" CONTENT="nyktra"/><SP WIDTH="16" VPOS="1089" HPOS="753"/>
							<String ID="string_274" HPOS="769" VPOS="1088" WIDTH="45" HEIGHT="22" WC="0.96" CONTENT="af"/><SP WIDTH="-8" VPOS="1088" HPOS="814"/>
							<String ID="string_275" HPOS="806" VPOS="1084" WIDTH="11" HEIGHT="38" WC="0.93" CONTENT="i"/><SP WIDTH="14" VPOS="1084" HPOS="817"/>
							<String ID="string_276" HPOS="831" VPOS="1088" WIDTH="87" HEIGHT="28" WC="0.92" CONTENT="andligt"/>
						</TextLine>
						<TextLine ID="line_32" HPOS="92" VPOS="1118" WIDTH="826" HEIGHT="29">
							<String ID="string_277" HPOS="92" VPOS="1118" WIDTH="106" HEIGHT="23" WC="0.96" CONTENT="afseende"/><SP WIDTH="21" VPOS="1118" HPOS="198"/>
							<String ID="string_278" HPOS="219" VPOS="1119" WIDTH="82" HEIGHT="28" WC="0.96" CONTENT="nyktra"/><SP WIDTH="22" VPOS="1119" HPOS="301"/>
							<String ID="string_279" HPOS="323" VPOS="1126" WIDTH="106" HEIGHT="21" WC="0.92" CONTENT="personer"/><SP WIDTH="20" VPOS="1126" HPOS="429"/>
							<String ID="string_280" HPOS="449" VPOS="1119" WIDTH="103" HEIGHT="22" WC="0.70" CONTENT="bedrifna"/><SP WIDTH="16" VPOS="1119" HPOS="552"/>
							<String ID="string_281" HPOS="568" VPOS="1119" WIDTH="224" HEIGHT="28" WC="0.59" CONTENT="nykterhetsarbetet."/><SP WIDTH="33" VPOS="1119" HPOS="792"/>
							<String ID="string_282" HPOS="825" VPOS="1119" WIDTH="93" HEIGHT="21" WC="0.87" CONTENT="Senaste"/>
						</TextLine>
						<TextLine ID="line_33" HPOS="92" VPOS="1147" WIDTH="827" HEIGHT="30">
							<String ID="string_283" HPOS="92" VPOS="1149" WIDTH="24" HEIGHT="21" WC="0.96" CONTENT="år"/><SP WIDTH="24" VPOS="1149" HPOS="116"/>
							<String ID="string_284" HPOS="140" VPOS="1149" WIDTH="77" HEIGHT="21" WC="0.96" CONTENT="utkom"/><SP WIDTH="17" VPOS="1149" HPOS="217"/>
							<String ID="string_285" HPOS="234" VPOS="1149" WIDTH="6" HEIGHT="21" WC="0.95" CONTENT="i"/><SP WIDTH="17" VPOS="1149" HPOS="240"/>
							<String ID="string_286" HPOS="257" VPOS="1149" WIDTH="93" HEIGHT="28" WC="0.96" CONTENT="Sverige"/><SP WIDTH="21" VPOS="1149" HPOS="350"/>
							<String ID="string_287" HPOS="371" VPOS="1156" WIDTH="27" HEIGHT="15" WC="0.95" CONTENT="en"/><SP WIDTH="16" VPOS="1156" HPOS="398"/>
							<String ID="string_288" HPOS="414" VPOS="1149" WIDTH="8" HEIGHT="21" WC="0.93" CONTENT="i"/><SP WIDTH="17" VPOS="1149" HPOS="422"/>
							<String ID="string_289" HPOS="439" VPOS="1151" WIDTH="80" HEIGHT="26" WC="0.93" CONTENT="många"/><SP WIDTH="19" VPOS="1151" HPOS="519"/>
							<String ID="string_290" HPOS="538" VPOS="1148" WIDTH="118" HEIGHT="22" WC="0.92" CONTENT="afseenden"/><SP WIDTH="17" VPOS="1148" HPOS="656"/>
							<String ID="string_291" HPOS="673" VPOS="1148" WIDTH="165" HEIGHT="23" WC="0.86" CONTENT="beaktansvärd"/><SP WIDTH="16" VPOS="1148" HPOS="838"/>
							<String ID="string_292" HPOS="854" VPOS="1147" WIDTH="65" HEIGHT="22" WC="0.96" CONTENT="skrift"/>
						</TextLine>
						<TextLine ID="line_34" HPOS="92" VPOS="1177" WIDTH="825" HEIGHT="29">
							<String ID="string_293" HPOS="92" VPOS="1177" WIDTH="25" HEIGHT="22" WC="0.96" CONTENT="af"/><SP WIDTH="13" VPOS="1177" HPOS="117"/>
							<String ID="string_294" HPOS="130" VPOS="1185" WIDTH="28" HEIGHT="14" WC="0.93" CONTENT="en"/><SP WIDTH="16" VPOS="1185" HPOS="158"/>
							<String ID="string_295" HPOS="174" VPOS="1186" WIDTH="62" HEIGHT="14" WC="0.92" CONTENT="varm"/><SP WIDTH="17" VPOS="1186" HPOS="236"/>
							<String ID="string_296" HPOS="253" VPOS="1179" WIDTH="181" HEIGHT="27" WC="0.91" CONTENT="nykterhetsvän."/><SP WIDTH="26" VPOS="1179" HPOS="434"/>
							<String ID="string_297" HPOS="460" VPOS="1178" WIDTH="140" HEIGHT="22" WC="0.92" CONTENT="Författaren"/><SP WIDTH="17" VPOS="1178" HPOS="600"/>
							<String ID="string_298" HPOS="617" VPOS="1181" WIDTH="25" HEIGHT="18" WC="0.95" CONTENT="är"/><SP WIDTH="15" VPOS="1181" HPOS="642"/>
							<String ID="string_299" HPOS="657" VPOS="1178" WIDTH="66" HEIGHT="22" WC="0.93" CONTENT="Ernst"/><SP WIDTH="15" VPOS="1178" HPOS="723"/>
							<String ID="string_300" HPOS="738" VPOS="1178" WIDTH="118" HEIGHT="28" WC="0.90" CONTENT="Almgvist,"/><SP WIDTH="12" VPOS="1178" HPOS="856"/>
							<String ID="string_301" HPOS="868" VPOS="1184" WIDTH="49" HEIGHT="20" WC="0.92" CONTENT="pro-"/>
						</TextLine>
						<TextLine ID="line_35" HPOS="92" VPOS="1206" WIDTH="826" HEIGHT="30">
							<String ID="string_302" HPOS="92" VPOS="1207" WIDTH="70" HEIGHT="22" WC="0.93" CONTENT="fessor"/><SP WIDTH="17" VPOS="1207" HPOS="162"/>
							<String ID="string_303" HPOS="179" VPOS="1208" WIDTH="6" HEIGHT="21" WC="0.93" CONTENT="i"/><SP WIDTH="17" VPOS="1208" HPOS="185"/>
							<String ID="string_304" HPOS="202" VPOS="1208" WIDTH="84" HEIGHT="28" WC="0.93" CONTENT="hygien"/><SP WIDTH="16" VPOS="1208" HPOS="286"/>
							<String ID="string_305" HPOS="302" VPOS="1208" WIDTH="37" HEIGHT="22" WC="0.96" CONTENT="vid"/><SP WIDTH="17" VPOS="1208" HPOS="339"/>
							<String ID="string_306" HPOS="356" VPOS="1208" WIDTH="136" HEIGHT="22" WC="0.96" CONTENT="Karolinska"/><SP WIDTH="16" VPOS="1208" HPOS="492"/>
							<String ID="string_307" HPOS="508" VPOS="1209" WIDTH="109" HEIGHT="21" WC="0.96" CONTENT="institutet"/><SP WIDTH="16" VPOS="1209" HPOS="617"/>
							<String ID="string_308" HPOS="633" VPOS="1208" WIDTH="7" HEIGHT="21" WC="0.96" CONTENT="i"/><SP WIDTH="12" VPOS="1208" HPOS="640"/>
							<String ID="string_309" HPOS="652" VPOS="1208" WIDTH="137" HEIGHT="27" WC="0.96" CONTENT="Stockholm,"/><SP WIDTH="12" VPOS="1208" HPOS="789"/>
							<String ID="string_310" HPOS="801" VPOS="1208" WIDTH="41" HEIGHT="21" WC="0.93" CONTENT="och"/><SP WIDTH="12" VPOS="1208" HPOS="842"/>
							<String ID="string_311" HPOS="854" VPOS="1206" WIDTH="64" HEIGHT="22" WC="0.92" CONTENT="skrif-"/>
						</TextLine>
						<TextLine ID="line_36" HPOS="91" VPOS="1237" WIDTH="828" HEIGHT="29">
							<String ID="string_312" HPOS="91" VPOS="1239" WIDTH="49" HEIGHT="20" WC="0.94" CONTENT="tens"/><SP WIDTH="21" VPOS="1239" HPOS="140"/>
							<String ID="string_313" HPOS="161" VPOS="1238" WIDTH="49" HEIGHT="21" WC="0.96" CONTENT="titel"/><SP WIDTH="16" VPOS="1238" HPOS="210"/>
							<String ID="string_314" HPOS="226" VPOS="1241" WIDTH="24" HEIGHT="18" WC="0.93" CONTENT="är"/><SP WIDTH="19" VPOS="1241" HPOS="250"/>
							<String ID="string_315" HPOS="269" VPOS="1238" WIDTH="137" HEIGHT="28" WC="0.91" CONTENT=",Nykterhet"/><SP WIDTH="16" VPOS="1238" HPOS="406"/>
							<String ID="string_316" HPOS="422" VPOS="1238" WIDTH="40" HEIGHT="22" WC="0.93" CONTENT="och"/><SP WIDTH="18" VPOS="1238" HPOS="462"/>
							<String ID="string_317" HPOS="480" VPOS="1238" WIDTH="131" HEIGHT="28" WC="0.69" CONTENT="sedlighet*."/><SP WIDTH="33" VPOS="1238" HPOS="611"/>
							<String ID="string_318" HPOS="644" VPOS="1237" WIDTH="161" HEIGHT="22" WC="0.62" CONTENT="Grundtanken"/><SP WIDTH="17" VPOS="1237" HPOS="805"/>
							<String ID="string_319" HPOS="822" VPOS="1238" WIDTH="6" HEIGHT="20" WC="0.96" CONTENT="i"/><SP WIDTH="18" VPOS="1238" HPOS="828"/>
							<String ID="string_320" HPOS="846" VPOS="1237" WIDTH="73" HEIGHT="21" WC="0.96" CONTENT="denna"/>
						</TextLine>
						<TextLine ID="line_37" HPOS="91" VPOS="1266" WIDTH="828" HEIGHT="30">
							<String ID="string_321" HPOS="91" VPOS="1266" WIDTH="65" HEIGHT="22" WC="0.94" CONTENT="skrift"/><SP WIDTH="25" VPOS="1266" HPOS="156"/>
							<String ID="string_322" HPOS="181" VPOS="1270" WIDTH="24" HEIGHT="18" WC="0.96" CONTENT="är"/><SP WIDTH="25" VPOS="1270" HPOS="205"/>
							<String ID="string_323" HPOS="230" VPOS="1269" WIDTH="31" HEIGHT="20" WC="0.93" CONTENT="att"/><SP WIDTH="20" VPOS="1269" HPOS="261"/>
							<String ID="string_324" HPOS="281" VPOS="1268" WIDTH="230" HEIGHT="27" WC="0.92" CONTENT="nykterhetsrörelsen"/><SP WIDTH="17" VPOS="1268" HPOS="511"/>
							<String ID="string_325" HPOS="528" VPOS="1268" WIDTH="130" HEIGHT="28" WC="0.96" CONTENT="visserligen"/><SP WIDTH="17" VPOS="1268" HPOS="658"/>
							<String ID="string_326" HPOS="675" VPOS="1268" WIDTH="7" HEIGHT="21" WC="0.96" CONTENT="i"/><SP WIDTH="16" VPOS="1268" HPOS="682"/>
							<String ID="string_327" HPOS="698" VPOS="1268" WIDTH="71" HEIGHT="21" WC="0.96" CONTENT="första"/><SP WIDTH="16" VPOS="1268" HPOS="769"/>
							<String ID="string_328" HPOS="785" VPOS="1267" WIDTH="61" HEIGHT="21" WC="0.96" CONTENT="hand"/><SP WIDTH="16" VPOS="1267" HPOS="846"/>
							<String ID="string_329" HPOS="862" VPOS="1266" WIDTH="57" HEIGHT="21" WC="0.96" CONTENT="skall"/>
						</TextLine>
						<TextLine ID="line_38" HPOS="92" VPOS="1296" WIDTH="827" HEIGHT="30">
							<String ID="string_330" HPOS="92" VPOS="1297" WIDTH="78" HEIGHT="21" WC="0.90" CONTENT="arbeta"/><SP WIDTH="24" VPOS="1297" HPOS="170"/>
							<String ID="string_331" HPOS="194" VPOS="1299" WIDTH="46" HEIGHT="20" WC="0.93" CONTENT="mot"/><SP WIDTH="24" VPOS="1299" HPOS="240"/>
							<String ID="string_332" HPOS="264" VPOS="1298" WIDTH="104" HEIGHT="27" WC="0.92" CONTENT="superiet,"/><SP WIDTH="26" VPOS="1298" HPOS="368"/>
							<String ID="string_333" HPOS="394" VPOS="1305" WIDTH="51" HEIGHT="14" WC="0.96" CONTENT="men"/><SP WIDTH="24" VPOS="1305" HPOS="445"/>
							<String ID="string_334" HPOS="469" VPOS="1300" WIDTH="32" HEIGHT="19" WC="0.96" CONTENT="att"/><SP WIDTH="21" VPOS="1300" HPOS="501"/>
							<String ID="string_335" HPOS="522" VPOS="1298" WIDTH="42" HEIGHT="21" WC="0.96" CONTENT="den"/><SP WIDTH="17" VPOS="1298" HPOS="564"/>
							<String ID="string_336" HPOS="581" VPOS="1298" WIDTH="114" HEIGHT="28" WC="0.93" CONTENT="samtidigt"/><SP WIDTH="17" VPOS="1298" HPOS="695"/>
							<String ID="string_337" HPOS="712" VPOS="1298" WIDTH="68" HEIGHT="22" WC="0.93" CONTENT="mäste"/><SP WIDTH="17" VPOS="1298" HPOS="780"/>
							<String ID="string_338" HPOS="797" VPOS="1297" WIDTH="54" HEIGHT="21" WC="0.96" CONTENT="söka"/><SP WIDTH="16" VPOS="1297" HPOS="851"/>
							<String ID="string_339" HPOS="867" VPOS="1296" WIDTH="52" HEIGHT="28" WC="0.96" CONTENT="höja"/>
						</TextLine>
						<TextLine ID="line_39" HPOS="90" VPOS="1326" WIDTH="828" HEIGHT="29">
							<String ID="string_340" HPOS="90" VPOS="1326" WIDTH="82" HEIGHT="22" WC="0.96" CONTENT="folkets"/><SP WIDTH="15" VPOS="1326" HPOS="172"/>
							<String ID="string_341" HPOS="187" VPOS="1328" WIDTH="47" HEIGHT="21" WC="0.86" CONTENT="hela"/><SP WIDTH="17" VPOS="1328" HPOS="234"/>
							<String ID="string_342" HPOS="251" VPOS="1328" WIDTH="86" HEIGHT="27" WC="0.93" CONTENT="sedliga"/><SP WIDTH="16" VPOS="1328" HPOS="337"/>
							<String ID="string_343" HPOS="353" VPOS="1327" WIDTH="65" HEIGHT="21" WC="0.93" CONTENT="kraft."/><SP WIDTH="28" VPOS="1327" HPOS="418"/>
							<String ID="string_344" HPOS="446" VPOS="1327" WIDTH="140" HEIGHT="22" WC="0.92" CONTENT="Författaren"/><SP WIDTH="17" VPOS="1327" HPOS="586"/>
							<String ID="string_345" HPOS="603" VPOS="1330" WIDTH="65" HEIGHT="25" WC="0.96" CONTENT="säger"/><SP WIDTH="17" VPOS="1330" HPOS="668"/>
							<String ID="string_346" HPOS="685" VPOS="1328" WIDTH="66" HEIGHT="20" WC="0.96" CONTENT="bland"/><SP WIDTH="17" VPOS="1328" HPOS="751"/>
							<String ID="string_347" HPOS="768" VPOS="1328" WIDTH="80" HEIGHT="20" WC="0.93" CONTENT="annat:"/><SP WIDTH="14" VPOS="1328" HPOS="848"/>
							<String ID="string_348" HPOS="862" VPOS="1326" WIDTH="56" HEIGHT="26" WC="0.92" CONTENT=",Det"/>
						</TextLine>
						<TextLine ID="line_40" HPOS="90" VPOS="1356" WIDTH="828" HEIGHT="30">
							<String ID="string_349" HPOS="90" VPOS="1356" WIDTH="42" HEIGHT="22" WC="0.91" CONTENT="har"/><SP WIDTH="22" VPOS="1356" HPOS="132"/>
							<String ID="string_350" HPOS="154" VPOS="1357" WIDTH="132" HEIGHT="28" WC="0.91" CONTENT="visserligen"/><SP WIDTH="23" VPOS="1357" HPOS="286"/>
							<String ID="string_351" HPOS="309" VPOS="1357" WIDTH="58" HEIGHT="21" WC="0.96" CONTENT="varit"/><SP WIDTH="24" VPOS="1357" HPOS="367"/>
							<String ID="string_352" HPOS="391" VPOS="1364" WIDTH="27" HEIGHT="15" WC="0.93" CONTENT="en"/><SP WIDTH="23" VPOS="1364" HPOS="418"/>
							<String ID="string_353" HPOS="441" VPOS="1358" WIDTH="104" HEIGHT="21" WC="0.92" CONTENT="historisk"/><SP WIDTH="17" VPOS="1358" HPOS="545"/>
							<String ID="string_354" HPOS="562" VPOS="1357" WIDTH="167" HEIGHT="29" WC="0.92" CONTENT="nödvändighet"/><SP WIDTH="16" VPOS="1357" HPOS="729"/>
							<String ID="string_355" HPOS="745" VPOS="1358" WIDTH="32" HEIGHT="20" WC="0.93" CONTENT="att"/><SP WIDTH="16" VPOS="1358" HPOS="777"/>
							<String ID="string_356" HPOS="793" VPOS="1358" WIDTH="53" HEIGHT="26" WC="0.92" CONTENT="taga"/><SP WIDTH="16" VPOS="1358" HPOS="846"/>
							<String ID="string_357" HPOS="862" VPOS="1356" WIDTH="56" HEIGHT="27" WC="0.91" CONTENT="nyk-"/>
						</TextLine>
						<TextLine ID="line_41" HPOS="90" VPOS="1385" WIDTH="829" HEIGHT="30">
							<String ID="string_358" HPOS="90" VPOS="1386" WIDTH="102" HEIGHT="22" WC="0.93" CONTENT="terheten"/><SP WIDTH="26" VPOS="1386" HPOS="192"/>
							<String ID="string_359" HPOS="218" VPOS="1386" WIDTH="38" HEIGHT="22" WC="0.96" CONTENT="för"/><SP WIDTH="24" VPOS="1386" HPOS="256"/>
							<String ID="string_360" HPOS="280" VPOS="1387" WIDTH="41" HEIGHT="28" WC="0.96" CONTENT="sig,"/><SP WIDTH="25" VPOS="1387" HPOS="321"/>
							<String ID="string_361" HPOS="346" VPOS="1388" WIDTH="33" HEIGHT="21" WC="0.93" CONTENT="att"/><SP WIDTH="22" VPOS="1388" HPOS="379"/>
							<String ID="string_362" HPOS="401" VPOS="1387" WIDTH="74" HEIGHT="21" WC="0.92" CONTENT="vända"/><SP WIDTH="25" VPOS="1387" HPOS="475"/>
							<String ID="string_363" HPOS="500" VPOS="1387" WIDTH="34" HEIGHT="28" WC="0.93" CONTENT="sig"/><SP WIDTH="24" VPOS="1387" HPOS="534"/>
							<String ID="string_364" HPOS="558" VPOS="1387" WIDTH="103" HEIGHT="21" WC="0.88" CONTENT="särskildt"/><SP WIDTH="17" VPOS="1387" HPOS="661"/>
							<String ID="string_365" HPOS="678" VPOS="1388" WIDTH="46" HEIGHT="20" WC="0.93" CONTENT="mot"/><SP WIDTH="15" VPOS="1388" HPOS="724"/>
							<String ID="string_366" HPOS="739" VPOS="1386" WIDTH="104" HEIGHT="29" WC="0.93" CONTENT="superiet."/><SP WIDTH="32" VPOS="1386" HPOS="843"/>
							<String ID="string_367" HPOS="875" VPOS="1385" WIDTH="44" HEIGHT="22" WC="0.96" CONTENT="Det"/>
						</TextLine>
						<TextLine ID="line_42" HPOS="91" VPOS="1415" WIDTH="827" HEIGHT="29">
							<String ID="string_368" HPOS="91" VPOS="1416" WIDTH="40" HEIGHT="21" WC="0.85" CONTENT="har"/><SP WIDTH="24" VPOS="1416" HPOS="131"/>
							<String ID="string_369" HPOS="155" VPOS="1416" WIDTH="120" HEIGHT="22" WC="0.85" CONTENT="erfordrats"/><SP WIDTH="25" VPOS="1416" HPOS="275"/>
							<String ID="string_370" HPOS="300" VPOS="1417" WIDTH="100" HEIGHT="27" WC="0.95" CONTENT="mäktiga"/><SP WIDTH="23" VPOS="1417" HPOS="400"/>
							<String ID="string_371" HPOS="423" VPOS="1416" WIDTH="84" HEIGHT="22" WC="0.95" CONTENT="krafter"/><SP WIDTH="20" VPOS="1416" HPOS="507"/>
							<String ID="string_372" HPOS="527" VPOS="1418" WIDTH="3" HEIGHT="19" WC="0.93" CONTENT="i"/><SP WIDTH="17" VPOS="1418" HPOS="530"/>
							<String ID="string_373" HPOS="547" VPOS="1417" WIDTH="95" HEIGHT="27" WC="0.95" CONTENT="kampen"/><SP WIDTH="20" VPOS="1417" HPOS="642"/>
							<String ID="string_374" HPOS="662" VPOS="1418" WIDTH="46" HEIGHT="20" WC="0.96" CONTENT="mot"/><SP WIDTH="15" VPOS="1418" HPOS="708"/>
							<String ID="string_375" HPOS="723" VPOS="1424" WIDTH="27" HEIGHT="14" WC="0.92" CONTENT="en"/><SP WIDTH="17" VPOS="1424" HPOS="750"/>
							<String ID="string_376" HPOS="767" VPOS="1415" WIDTH="151" HEIGHT="26" WC="0.91" CONTENT="nationallast,"/>
						</TextLine>
						<TextLine ID="line_43" HPOS="90" VPOS="1446" WIDTH="829" HEIGHT="28">
							<String ID="string_377" HPOS="90" VPOS="1452" WIDTH="51" HEIGHT="15" WC="0.92" CONTENT="men"/><SP WIDTH="25" VPOS="1452" HPOS="141"/>
							<String ID="string_378" HPOS="166" VPOS="1446" WIDTH="246" HEIGHT="28" WC="0.87" CONTENT="nykterhetsvännerna"/><SP WIDTH="23" VPOS="1446" HPOS="412"/>
							<String ID="string_379" HPOS="435" VPOS="1446" WIDTH="23" HEIGHT="22" WC="0.96" CONTENT="få"/><SP WIDTH="24" VPOS="1446" HPOS="458"/>
							<String ID="string_380" HPOS="482" VPOS="1446" WIDTH="78" HEIGHT="22" WC="0.93" CONTENT="därför"/><SP WIDTH="24" VPOS="1446" HPOS="560"/>
							<String ID="string_381" HPOS="584" VPOS="1446" WIDTH="49" HEIGHT="22" WC="0.96" CONTENT="icke"/><SP WIDTH="23" VPOS="1446" HPOS="633"/>
							<String ID="string_382" HPOS="656" VPOS="1446" WIDTH="75" HEIGHT="22" WC="0.96" CONTENT="lemna"/><SP WIDTH="22" VPOS="1446" HPOS="731"/>
							<String ID="string_383" HPOS="753" VPOS="1446" WIDTH="39" HEIGHT="21" WC="0.96" CONTENT="allt"/><SP WIDTH="17" VPOS="1446" HPOS="792"/>
							<String ID="string_384" HPOS="809" VPOS="1447" WIDTH="68" HEIGHT="20" WC="0.96" CONTENT="annat"/><SP WIDTH="16" VPOS="1447" HPOS="877"/>
							<String ID="string_385" HPOS="893" VPOS="1452" WIDTH="26" HEIGHT="14" WC="0.96" CONTENT="ur"/>
						</TextLine>
						<TextLine ID="line_44" HPOS="90" VPOS="1474" WIDTH="828" HEIGHT="29">
							<String ID="string_386" HPOS="90" VPOS="1475" WIDTH="63" HEIGHT="21" WC="0.89" CONTENT="sikte."/><SP WIDTH="34" VPOS="1475" HPOS="153"/>
							<String ID="string_387" HPOS="187" VPOS="1475" WIDTH="43" HEIGHT="22" WC="0.93" CONTENT="Det"/><SP WIDTH="24" VPOS="1475" HPOS="230"/>
							<String ID="string_388" HPOS="254" VPOS="1475" WIDTH="72" HEIGHT="28" WC="0.92" CONTENT="gifves"/><SP WIDTH="17" VPOS="1475" HPOS="326"/>
							<String ID="string_389" HPOS="343" VPOS="1475" WIDTH="6" HEIGHT="21" WC="0.96" CONTENT="i"/><SP WIDTH="17" VPOS="1475" HPOS="349"/>
							<String ID="string_390" HPOS="366" VPOS="1476" WIDTH="93" HEIGHT="21" WC="0.96" CONTENT="världen"/><SP WIDTH="24" VPOS="1476" HPOS="459"/>
							<String ID="string_391" HPOS="483" VPOS="1482" WIDTH="27" HEIGHT="15" WC="0.93" CONTENT="en"/><SP WIDTH="16" VPOS="1482" HPOS="510"/>
							<String ID="string_392" HPOS="526" VPOS="1476" WIDTH="85" HEIGHT="27" WC="0.91" CONTENT="mängd"/><SP WIDTH="16" VPOS="1476" HPOS="611"/>
							<String ID="string_393" HPOS="627" VPOS="1475" WIDTH="131" HEIGHT="22" WC="0.92" CONTENT="företeelser"/><SP WIDTH="17" VPOS="1475" HPOS="758"/>
							<String ID="string_394" HPOS="775" VPOS="1475" WIDTH="41" HEIGHT="22" WC="0.93" CONTENT="och"/><SP WIDTH="18" VPOS="1475" HPOS="816"/>
							<String ID="string_395" HPOS="834" VPOS="1474" WIDTH="84" HEIGHT="22" WC="0.93" CONTENT="förhäl-"/>
						</TextLine>
					</TextBlock>
				</ComposedBlock>
			</PrintSpace>
		</Page>
	</Layout>
</alto>
