1089 1756
360 119 4 3 .
384 101 188 18 Paloviinaverosta.
823 100 39 22 161

68 160 108 22 hanssons
192 160 70 22 första
276 161 111 27 yttrande,
403 160 45 22 han
465 160 7 22 i
489 160 73 22 denna
578 159 66 30 fråga
659 160 80 21 ändrat
755 160 98 28 mening,
869 160 25 26 ty

69 190 38 22 vid
130 192 88 20 senaste
241 190 107 29 landtdag
364 197 40 15 var
427 190 45 22 han
493 197 27 15 en
537 190 26 22 af
576 190 28 22 de
625 190 78 26 talare,
719 196 48 16 som
783 188 111 23 bestämdt

69 220 85 28 yrkade
192 222 13 20 på
225 220 117 22 reformen.
379 220 41 22 Om
438 220 40 29 jag
499 220 50 22 icke
569 219 166 29 missuppfattat
756 220 88 26 honom,
869 221 25 19 är

69 250 45 22 han
130 257 29 15 nu
186 253 25 19 för
226 251 32 20 att
274 249 113 23 bibehålla
403 250 37 22 det
456 250 81 28 gamla.

141 280 43 22 Det
208 282 25 19 är
248 280 78 21 endast
341 279 35 23 för
392 281 32 20 att
441 280 6 21 i
464 280 96 22 berörda
575 279 72 29 punkt
662 279 135 22 understöda
811 278 82 22 utskot-

69 310 43 21 tets
128 308 196 30 ändringsförslag,
340 309 86 22 hvilket
441 316 66 22 synes
523 310 47 28 mig
585 309 51 22 fullt
646 309 141 25 motiveradt,
798 315 46 15 som
853 308 41 28 jag

70 339 98 29 begärde
184 339 70 22 ordet.

141 369 48 22 Hra
207 369 78 22 Heikel:
316 368 117 22 Huruvida
448 369 38 22 det
502 368 36 23 för
549 369 134 29 regeringen
694 368 71 22 under
776 368 42 22 den
830 368 64 21 korta

69 398 40 27 tid,
131 406 46 14 som
198 400 53 20 stått
271 398 34 22 till
324 399 50 21 dess
394 398 143 30 förfogande,
554 399 60 21 hade
637 399 58 21 varit
711 398 88 29 möjligt
815 399 32 20 att
862 398 32 20 ut-

71 428 77 22 arbeta
163 436 28 14 en
207 428 203 22 tillfredsställande
427 429 137 28 proposition
575 428 118 29 angående
703 427 191 30 genomgripande

70 458 134 29 förändring
235 459 8 21 i
271 458 284 29 bränvinslagstiftningen,
583 460 71 27 vågar
672 459 41 28 jag
733 459 50 21 icke
808 459 85 28 afgöra.

70 488 45 29 Jag
138 491 25 19 är
183 489 103 28 benägen
302 490 32 20 att
350 489 87 21 ansluta
454 489 47 28 mig
515 489 35 21 till
566 489 43 22 den
626 487 149 30 uppfattning,
791 494 46 15 som
854 487 40 22 här

70 519 111 22 uttalades
196 518 26 22 af
234 517 111 30 professor
360 519 148 22 Hermanson.
539 518 10 22 1
565 519 45 21 alla
625 517 40 23 fall
681 518 44 21 kan
741 518 37 21 det
794 517 100 23 medföra

71 548 58 22 vissa
152 548 99 23 fördelar
266 550 32 20 att
314 548 74 22 denna
402 547 66 30 fråga
484 549 101 21 kommer
601 550 32 20 att
648 547 149 23 öfverlemnas
812 549 22 20 ät
851 547 43 22 den

71 577 114 23 blifvande
200 578 210 29 representationen.
443 578 44 22 Det
503 581 26 19 är
544 577 97 23 framför
649 578 38 22 allt
699 585 28 15 en
739 578 27 21 de
777 579 59 20 stora
846 578 48 27 lag-

71 615 51 14 rens
146 607 70 30 fråga,
240 608 41 21 och
304 608 37 22 det
361 611 25 18 är
401 608 109 29 naturligt
526 610 32 20 att
574 608 28 22 de
617 615 82 21 genom
715 608 48 21 sina
779 613 115 22 represen-

71 639 73 20 tanter
167 641 39 18 äro
228 638 50 21 med
294 645 35 14 om
346 640 32 19 att
393 638 126 22 bestämma
535 638 50 22 dess
601 637 144 29 gestaltning,
761 637 133 22 åtminstone

71 674 43 22 ega
129 668 28 21 de
172 668 60 21 vissa
247 667 187 29 förutsättningar
448 667 39 22 för
502 669 32 20 att
550 668 76 21 kunna
636 667 96 22 bedöma
743 667 73 22 denna
824 666 70 29 fråga.

71 697 35 22 De
120 697 67 22 hafva
202 697 133 28 erfarenhet,
352 704 28 15 en
395 697 68 22 bitter
480 697 125 23 erfarenhet
623 698 6 21 i
647 697 74 22 denna
736 697 47 24 sak,
800 697 41 21 och
857 696 38 21 det

72 730 25 18 är
120 727 66 22 alltså
201 729 33 20 att
252 727 90 29 hoppas,
360 729 31 20 att
408 727 43 22 den
467 735 46 20 nya
528 727 204 29 representationen
748 727 57 24 skall
820 727 76 21 kunna

71 757 48 22 lösa
134 756 79 29 frågan
229 759 29 26 på
274 759 31 20 ett
321 764 62 15 mera
398 756 206 23 tillfredsställande
615 758 41 21 och
667 757 94 28 lyckligt
772 758 49 20 sätt.
852 749 42 29 Ät-

72 787 109 22 minstone
196 787 70 22 borde
281 787 43 22 den
339 787 95 28 lösning,
450 794 49 15 som
515 787 29 22 då
559 787 85 26 vinnes,
660 786 105 23 förefalla
781 793 62 15 mera
851 785 43 22 till-

71 816 171 23 fredsställande
258 816 82 28 därför,
358 818 31 21 att
406 817 28 22 de
450 817 69 28 djupa
534 817 79 28 lagren
629 816 80 29 själfva
724 817 57 21 varit
798 815 50 22 med
858 822 37 15 om

72 846 49 22 den.
153 846 118 23 Dessutom
296 848 70 21 måste
384 847 37 21 det
445 854 65 14 anses
526 853 55 15 vara
596 846 25 22 af
634 847 51 21 icke
699 847 66 28 ringa
780 845 115 28 betydelse

72 877 39 26 att,
127 876 29 22 då
171 876 43 22 den
230 883 45 22 nya
289 877 206 28 representationen
510 875 71 24 första
596 878 90 27 gången
702 876 77 28 väljes,
795 883 27 14 en
831 874 65 29 fråga

72 905 128 30 föreligger,
217 913 47 16 som
281 909 25 19 är
321 906 25 22 af
360 907 42 21 den
418 906 163 27 beskaffenhet,
599 908 32 20 att
647 906 43 22 den
707 906 43 21 kan
765 905 70 28 rycka
850 911 45 22 upp

73 935 27 22 de
116 936 68 29 djupa
199 936 79 29 lagren
293 937 41 21 och
351 936 71 22 väcka
438 936 52 22 dem
505 936 34 21 till
555 936 100 28 politiskt
667 936 99 22 intresse.
797 935 39 28 Jag
848 937 48 19 tror

72 966 93 21 sålunda
188 968 32 19 att
243 973 59 19 man,
326 967 25 21 så
373 969 72 26 gärna
461 973 52 14 man
537 969 28 18 än
581 967 55 27 såge
652 968 33 19 att
700 965 79 29 frågan
796 971 36 16 om
848 971 46 14 rus-

71 995 239 29 dyckslagstiftningen
327 996 88 22 komme
431 996 34 21 till
481 1003 52 14 snar
548 996 95 28 lösning,
661 995 50 22 icke
727 996 44 21 kan
789 996 25 21 så
824 994 72 22 starkt

71 1025 97 28 beklaga
191 1027 33 20 att
243 1025 79 29 frågan
344 1025 49 22 icke
412 1026 6 21 i
435 1025 74 22 denna
525 1025 58 22 form
596 1025 125 29 föreligger
736 1032 41 19 oss,
794 1026 53 20 utan
863 1025 32 21 att

72 1055 37 22 det
125 1062 30 14 nu
170 1055 78 22 endast
264 1055 72 28 gäller
352 1057 32 20 att
399 1056 125 21 bestämma
539 1055 186 29 skattebeloppet.

142 1084 45 29 Jag
210 1086 70 21 måste
304 1088 54 26 säga
382 1087 31 20 att
427 1085 41 29 jag
484 1085 37 22 för
538 1085 45 22 min
600 1085 36 22 del
652 1086 69 27 något
735 1083 112 27 betviflar,
864 1085 32 20 att

72 1121 27 15 en
120 1115 140 28 småningom
276 1115 96 22 skeende
388 1115 86 28 ökning
489 1114 26 23 af
527 1115 173 28 beskattningen
710 1115 72 22 skulle
792 1121 54 15 vara
858 1120 37 21 eg-

72 1145 45 21 nad
132 1146 31 20 att
179 1144 70 23 värka
264 1145 143 28 synnerligen
423 1144 112 29 stäfjande
551 1146 29 27 på
596 1145 177 22 konsumtionen.
805 1144 33 21 En
850 1145 46 20 stor

72 1174 129 29 minskning
225 1174 7 21 i
254 1174 178 29 förbrukningen
458 1174 26 22 af
504 1175 95 21 bränvin
615 1175 41 21 har
669 1175 24 28 ju
709 1174 131 28 visserligen
856 1180 40 14 un-

73 1204 39 21 der
136 1204 27 22 de
187 1206 87 20 senaste
298 1206 53 20 åren
374 1206 39 27 egt
435 1211 57 20 rum,
518 1211 52 15 men
583 1205 42 28 jag
640 1204 72 23 skulle
727 1204 71 21 hällre
813 1205 35 20 tro
864 1203 31 21 att

72 1233 43 22 den
130 1234 66 21 beror
212 1235 29 27 på
256 1234 43 22 den
315 1235 118 21 vaknande
450 1235 42 21 och
508 1235 97 27 alltjämt
620 1235 7 20 i
643 1235 77 27 styrka
736 1233 102 22 växande
849 1232 47 22 opi-

72 1263 82 22 nionen
174 1264 116 28 angående
311 1264 175 29 rusdryckernas
502 1263 159 29 fördertlighet
677 1264 7 21 i
701 1263 145 25 ekonomiskt,
871 1269 25 21 fy-

73 1293 54 22 siskt
143 1293 41 22 och
200 1294 115 21 moraliskt
331 1293 111 22 afseende.
461 1307 27 2 --
505 1294 42 22 Om
559 1301 51 14 man
620 1293 81 22 önskar
712 1295 31 20 att
758 1293 69 22 folket
839 1293 57 21 små-

72 1323 91 28 ningom
187 1323 57 22 skall
267 1323 67 28 vänja
357 1324 35 28 sig
415 1323 38 22 vid
477 1323 182 29 skattestegring,
681 1325 24 20 så
727 1326 24 19 är
771 1325 30 20 ett
817 1323 80 21 sådant

72 1352 131 23 förfarande
221 1354 29 27 på
265 1353 34 22 sin
315 1353 65 28 plats,
396 1360 47 15 som
460 1361 30 14 nu
506 1353 113 28 inslagits:
631 1355 32 20 att
673 1353 88 22 skatten
772 1353 62 27 höjes
846 1351 51 22 med

73 1383 70 28 några
165 1382 22 22 få
210 1383 67 28 penni
300 1383 215 28 bevillningsperiod
531 1382 57 23 efter
604 1382 224 29 bevillningsperiod;
845 1388 51 15 men

73 1412 39 21 vill
130 1419 52 15 man
198 1414 32 20 att
246 1413 86 22 skatten
348 1413 58 21 skall
422 1413 70 22 verka
507 1413 138 28 prohibitivt,
657 1413 29 21 då
696 1413 41 21 bör
747 1413 87 20 skatten
847 1410 51 23 med

73 1449 39 14 ens
128 1442 54 21 ökas
198 1442 77 27 starkt,
292 1443 69 28 priset
376 1443 29 28 på
421 1443 43 21 den
481 1441 138 23 eftertrådda
635 1449 68 15 varen
714 1443 70 20 måste
796 1441 49 22 med
858 1447 39 15 ens

73 1472 91 28 springa
187 1472 7 21 i
219 1472 87 27 höjden.
338 1472 36 21 Då
393 1472 91 22 komma
508 1473 34 25 de,
567 1479 48 15 som
634 1472 49 21 icke
708 1472 46 21 helt
770 1471 41 22 och
828 1470 70 22 hållet

805 1513 18 17 11
