<?xml version="1.0" encoding="UTF-8"?>
<alto xmlns="http://www.loc.gov/standards/alto/ns-v3#" xmlns:xlink="http://www.w3.org/1999/xlink" xmlns:xsi="http://www.w3.org/2001/XMLSchema-instance" xsi:schemaLocation="http://www.loc.gov/standards/alto/ns-v3# http://www.loc.gov/alto/v3/alto-3-0.xsd">
	<Description>
		<MeasurementUnit>pixel</MeasurementUnit>
		<sourceImageInformation>
			<fileName>/tmp/tess_v7uakmp__input.PNG</fileName>
		</sourceImageInformation>
		<OCRProcessing ID="OCR_0">
			<ocrProcessingStep>
				<processingSoftware>
					<softwareName>tesseract 5.3.4</softwareName>
				</processingSoftware>
			</ocrProcessingStep>
		</OCRProcessing>
	</Description>
	<Layout>
		<Page WIDTH="1100" HEIGHT="1759" PHYSICAL_IMG_NR="0" ID="page_0">
			<PrintSpace HPOS="0" VPOS="0" WIDTH="1100" HEIGHT="1759">
				<ComposedBlock ID="cblock_0" HPOS="178" VPOS="108" WIDTH="830" HEIGHT="88">
					<TextBlock ID="block_0" HPOS="178" VPOS="108" WIDTH="830" HEIGHT="88">
						<TextLine ID="line_0" HPOS="178" VPOS="108" WIDTH="588" HEIGHT="24">
							<String ID="string_0" HPOS="178" VPOS="108" WIDTH="46" HEIGHT="22" WC="0.96" CONTENT="412"/><SP WIDTH="197" VPOS="108" HPOS="224"/>
							<String ID="string_1" HPOS="421" VPOS="108" WIDTH="131" HEIGHT="24" WC="0.92" CONTENT="Pappissääty"/><SP WIDTH="12" VPOS="108" HPOS="552"/>
							<String ID="string_2" HPOS="564" VPOS="108" WIDTH="80" HEIGHT="19" WC="0.88" CONTENT="toukok."/><SP WIDTH="14" VPOS="108" HPOS="644"/>
							<String ID="string_3" HPOS="658" VPOS="108" WIDTH="11" HEIGHT="18" WC="0.93" CONTENT="9"/><SP WIDTH="13" VPOS="108" HPOS="669"/>
							<String ID="string_4" HPOS="682" VPOS="114" WIDTH="18" HEIGHT="18" WC="0.93" CONTENT="p."/><SP WIDTH="15" VPOS="114" HPOS="700"/>
							<String ID="string_5" HPOS="715" VPOS="108" WIDTH="51" HEIGHT="18" WC="0.96" CONTENT="1906."/>
						</TextLine>
						<TextLine ID="line_1" HPOS="254" VPOS="167" WIDTH="754" HEIGHT="29">
							<String ID="string_6" HPOS="254" VPOS="168" WIDTH="85" HEIGHT="22" WC="0.93" CONTENT="Tämän"/><SP WIDTH="9" VPOS="168" HPOS="339"/>
							<String ID="string_7" HPOS="348" VPOS="168" WIDTH="90" HEIGHT="28" WC="0.92" CONTENT="jälkeen"/><SP WIDTH="12" VPOS="168" HPOS="438"/>
							<String ID="string_8" HPOS="450" VPOS="168" WIDTH="65" HEIGHT="22" WC="0.92" CONTENT="herra"/><SP WIDTH="11" VPOS="168" HPOS="515"/>
							<String ID="string_9" HPOS="526" VPOS="168" WIDTH="122" HEIGHT="22" WC="0.92" CONTENT="senaattori"/><SP WIDTH="10" VPOS="168" HPOS="648"/>
							<String ID="string_10" HPOS="658" VPOS="167" WIDTH="162" HEIGHT="23" WC="0.92" CONTENT="seuralaisensa"/><SP WIDTH="12" VPOS="167" HPOS="820"/>
							<String ID="string_11" HPOS="832" VPOS="167" WIDTH="81" HEIGHT="22" WC="0.93" CONTENT="kanssa"/><SP WIDTH="9" VPOS="167" HPOS="913"/>
							<String ID="string_12" HPOS="922" VPOS="167" WIDTH="86" HEIGHT="29" WC="0.92" CONTENT="poistui."/>
						</TextLine>
					</TextBlock>
				</ComposedBlock>
				<ComposedBlock ID="cblock_1" HPOS="180" VPOS="226" WIDTH="832" HEIGHT="987">
					<TextBlock ID="block_1" HPOS="180" VPOS="226" WIDTH="832" HEIGHT="926">
						<TextLine ID="line_2" HPOS="254" VPOS="226" WIDTH="756" HEIGHT="30">
							<String ID="string_13" HPOS="254" VPOS="227" WIDTH="48" HEIGHT="22" WC="0.92" CONTENT="Hra"/><SP WIDTH="23" VPOS="227" HPOS="302"/>
							<String ID="string_14" HPOS="325" VPOS="228" WIDTH="67" HEIGHT="22" WC="0.92" CONTENT="Heikel"/><SP WIDTH="22" VPOS="228" HPOS="392"/>
							<String ID="string_15" HPOS="414" VPOS="228" WIDTH="71" HEIGHT="28" WC="0.92" CONTENT="jatkoi"/><SP WIDTH="19" VPOS="228" HPOS="485"/>
							<String ID="string_16" HPOS="504" VPOS="230" WIDTH="40" HEIGHT="26" WC="0.91" CONTENT="nyt"/><SP WIDTH="16" VPOS="230" HPOS="544"/>
							<String ID="string_17" HPOS="560" VPOS="228" WIDTH="147" HEIGHT="21" WC="0.91" CONTENT="lausuntoaan"/><SP WIDTH="16" VPOS="228" HPOS="707"/>
							<String ID="string_18" HPOS="723" VPOS="227" WIDTH="119" HEIGHT="22" WC="0.92" CONTENT="seuraavin"/><SP WIDTH="16" VPOS="227" HPOS="842"/>
							<String ID="string_19" HPOS="858" VPOS="227" WIDTH="91" HEIGHT="22" WC="0.91" CONTENT="sanoin:"/><SP WIDTH="16" VPOS="227" HPOS="949"/>
							<String ID="string_20" HPOS="965" VPOS="226" WIDTH="45" HEIGHT="29" WC="0.96" CONTENT="Jag"/>
						</TextLine>
						<TextLine ID="line_3" HPOS="180" VPOS="257" WIDTH="830" HEIGHT="23">
							<String ID="string_21" HPOS="180" VPOS="259" WIDTH="49" HEIGHT="20" WC="0.95" CONTENT="tror"/><SP WIDTH="24" VPOS="259" HPOS="229"/>
							<String ID="string_22" HPOS="253" VPOS="259" WIDTH="32" HEIGHT="20" WC="0.96" CONTENT="att"/><SP WIDTH="24" VPOS="259" HPOS="285"/>
							<String ID="string_23" HPOS="309" VPOS="257" WIDTH="27" HEIGHT="23" WC="0.97" CONTENT="de"/><SP WIDTH="23" VPOS="257" HPOS="336"/>
							<String ID="string_24" HPOS="359" VPOS="258" WIDTH="162" HEIGHT="22" WC="0.96" CONTENT="intellektuella"/><SP WIDTH="23" VPOS="258" HPOS="521"/>
							<String ID="string_25" HPOS="544" VPOS="264" WIDTH="129" HEIGHT="15" WC="0.96" CONTENT="resurserna"/><SP WIDTH="16" VPOS="264" HPOS="673"/>
							<String ID="string_26" HPOS="689" VPOS="258" WIDTH="7" HEIGHT="20" WC="0.96" CONTENT="i"/><SP WIDTH="15" VPOS="258" HPOS="696"/>
							<String ID="string_27" HPOS="711" VPOS="258" WIDTH="50" HEIGHT="21" WC="0.95" CONTENT="vårt"/><SP WIDTH="16" VPOS="258" HPOS="761"/>
							<String ID="string_28" HPOS="777" VPOS="257" WIDTH="53" HEIGHT="21" WC="0.96" CONTENT="land"/><SP WIDTH="16" VPOS="257" HPOS="830"/>
							<String ID="string_29" HPOS="846" VPOS="257" WIDTH="69" HEIGHT="22" WC="0.96" CONTENT="redan"/><SP WIDTH="16" VPOS="257" HPOS="915"/>
							<String ID="string_30" HPOS="931" VPOS="260" WIDTH="38" HEIGHT="19" WC="0.96" CONTENT="äro"/><SP WIDTH="17" VPOS="260" HPOS="969"/>
							<String ID="string_31" HPOS="986" VPOS="258" WIDTH="24" HEIGHT="21" WC="0.96" CONTENT="så"/>
						</TextLine>
						<TextLine ID="line_4" HPOS="180" VPOS="286" WIDTH="829" HEIGHT="30">
							<String ID="string_32" HPOS="180" VPOS="289" WIDTH="70" HEIGHT="25" WC="0.96" CONTENT="stora,"/><SP WIDTH="24" VPOS="289" HPOS="250"/>
							<String ID="string_33" HPOS="274" VPOS="288" WIDTH="33" HEIGHT="21" WC="0.96" CONTENT="att"/><SP WIDTH="23" VPOS="288" HPOS="307"/>
							<String ID="string_34" HPOS="330" VPOS="288" WIDTH="38" HEIGHT="21" WC="0.96" CONTENT="det"/><SP WIDTH="22" VPOS="288" HPOS="368"/>
							<String ID="string_35" HPOS="390" VPOS="288" WIDTH="49" HEIGHT="22" WC="0.96" CONTENT="icke"/><SP WIDTH="16" VPOS="288" HPOS="439"/>
							<String ID="string_36" HPOS="455" VPOS="288" WIDTH="44" HEIGHT="21" WC="0.96" CONTENT="blir"/><SP WIDTH="15" VPOS="288" HPOS="499"/>
							<String ID="string_37" HPOS="514" VPOS="288" WIDTH="76" HEIGHT="28" WC="0.96" CONTENT="någon"/><SP WIDTH="16" VPOS="288" HPOS="590"/>
							<String ID="string_38" HPOS="606" VPOS="287" WIDTH="114" HEIGHT="29" WC="0.96" CONTENT="svårighet"/><SP WIDTH="17" VPOS="287" HPOS="720"/>
							<String ID="string_39" HPOS="737" VPOS="288" WIDTH="32" HEIGHT="20" WC="0.96" CONTENT="att"/><SP WIDTH="16" VPOS="288" HPOS="769"/>
							<String ID="string_40" HPOS="785" VPOS="287" WIDTH="7" HEIGHT="21" WC="0.96" CONTENT="i"/><SP WIDTH="16" VPOS="287" HPOS="792"/>
							<String ID="string_41" HPOS="808" VPOS="294" WIDTH="28" HEIGHT="15" WC="0.96" CONTENT="en"/><SP WIDTH="16" VPOS="294" HPOS="836"/>
							<String ID="string_42" HPOS="852" VPOS="294" WIDTH="52" HEIGHT="14" WC="0.96" CONTENT="snar"/><SP WIDTH="15" VPOS="294" HPOS="904"/>
							<String ID="string_43" HPOS="919" VPOS="286" WIDTH="90" HEIGHT="23" WC="0.96" CONTENT="framtid"/>
						</TextLine>
						<TextLine ID="line_5" HPOS="181" VPOS="316" WIDTH="827" HEIGHT="29">
							<String ID="string_44" HPOS="181" VPOS="316" WIDTH="69" HEIGHT="22" WC="0.96" CONTENT="äfven"/><SP WIDTH="23" VPOS="316" HPOS="250"/>
							<String ID="string_45" HPOS="273" VPOS="317" WIDTH="41" HEIGHT="22" WC="0.96" CONTENT="hos"/><SP WIDTH="16" VPOS="317" HPOS="314"/>
							<String ID="string_46" HPOS="330" VPOS="324" WIDTH="35" HEIGHT="15" WC="0.96" CONTENT="oss"/><SP WIDTH="17" VPOS="324" HPOS="365"/>
							<String ID="string_47" HPOS="382" VPOS="317" WIDTH="76" HEIGHT="22" WC="0.96" CONTENT="kunna"/><SP WIDTH="15" VPOS="317" HPOS="458"/>
							<String ID="string_48" HPOS="473" VPOS="318" WIDTH="155" HEIGHT="21" WC="0.96" CONTENT="åstadkomma"/><SP WIDTH="16" VPOS="318" HPOS="628"/>
							<String ID="string_49" HPOS="644" VPOS="317" WIDTH="77" HEIGHT="28" WC="0.93" CONTENT="dylika"/><SP WIDTH="16" VPOS="317" HPOS="721"/>
							<String ID="string_50" HPOS="737" VPOS="316" WIDTH="208" HEIGHT="29" WC="0.92" CONTENT="föredragsbyråer,"/><SP WIDTH="17" VPOS="316" HPOS="945"/>
							<String ID="string_51" HPOS="962" VPOS="324" WIDTH="46" HEIGHT="15" WC="0.96" CONTENT="som"/>
						</TextLine>
						<TextLine ID="line_6" HPOS="182" VPOS="346" WIDTH="828" HEIGHT="30">
							<String ID="string_52" HPOS="182" VPOS="347" WIDTH="59" HEIGHT="21" WC="0.96" CONTENT="hade"/><SP WIDTH="23" VPOS="347" HPOS="241"/>
							<String ID="string_53" HPOS="264" VPOS="348" WIDTH="33" HEIGHT="20" WC="0.96" CONTENT="att"/><SP WIDTH="15" VPOS="348" HPOS="297"/>
							<String ID="string_54" HPOS="312" VPOS="354" WIDTH="122" HEIGHT="22" WC="0.96" CONTENT="arrangera"/><SP WIDTH="16" VPOS="354" HPOS="434"/>
							<String ID="string_55" HPOS="450" VPOS="347" WIDTH="64" HEIGHT="22" WC="0.93" CONTENT="dessa"/><SP WIDTH="16" VPOS="347" HPOS="514"/>
							<String ID="string_56" HPOS="530" VPOS="346" WIDTH="120" HEIGHT="30" WC="0.92" CONTENT="föredrags"/><SP WIDTH="17" VPOS="346" HPOS="650"/>
							<String ID="string_57" HPOS="667" VPOS="346" WIDTH="111" HEIGHT="27" WC="0.96" CONTENT="hållande,"/><SP WIDTH="17" VPOS="346" HPOS="778"/>
							<String ID="string_58" HPOS="795" VPOS="347" WIDTH="43" HEIGHT="22" WC="0.96" CONTENT="och"/><SP WIDTH="16" VPOS="347" HPOS="838"/>
							<String ID="string_59" HPOS="854" VPOS="347" WIDTH="6" HEIGHT="21" WC="0.96" CONTENT="i"/><SP WIDTH="17" VPOS="347" HPOS="860"/>
							<String ID="string_60" HPOS="877" VPOS="347" WIDTH="79" HEIGHT="21" WC="0.96" CONTENT="sådant"/><SP WIDTH="15" VPOS="347" HPOS="956"/>
							<String ID="string_61" HPOS="971" VPOS="346" WIDTH="39" HEIGHT="22" WC="0.95" CONTENT="tall"/>
						</TextLine>
						<TextLine ID="line_7" HPOS="183" VPOS="376" WIDTH="827" HEIGHT="30">
							<String ID="string_62" HPOS="183" VPOS="384" WIDTH="54" HEIGHT="14" WC="0.96" CONTENT="vore"/><SP WIDTH="24" VPOS="384" HPOS="237"/>
							<String ID="string_63" HPOS="261" VPOS="376" WIDTH="38" HEIGHT="22" WC="0.96" CONTENT="det"/><SP WIDTH="22" VPOS="376" HPOS="299"/>
							<String ID="string_64" HPOS="321" VPOS="377" WIDTH="37" HEIGHT="21" WC="0.96" CONTENT="väl"/><SP WIDTH="23" VPOS="377" HPOS="358"/>
							<String ID="string_65" HPOS="381" VPOS="377" WIDTH="115" HEIGHT="29" WC="0.88" CONTENT="naturligt,"/><SP WIDTH="24" VPOS="377" HPOS="496"/>
							<String ID="string_66" HPOS="520" VPOS="378" WIDTH="80" HEIGHT="21" WC="0.96" CONTENT="tänker"/><SP WIDTH="15" VPOS="378" HPOS="600"/>
							<String ID="string_67" HPOS="615" VPOS="377" WIDTH="47" HEIGHT="29" WC="0.96" CONTENT="jag,"/><SP WIDTH="18" VPOS="377" HPOS="662"/>
							<String ID="string_68" HPOS="680" VPOS="379" WIDTH="32" HEIGHT="19" WC="0.96" CONTENT="att"/><SP WIDTH="16" VPOS="379" HPOS="712"/>
							<String ID="string_69" HPOS="728" VPOS="378" WIDTH="23" HEIGHT="20" WC="0.96" CONTENT="åt"/><SP WIDTH="16" VPOS="378" HPOS="751"/>
							<String ID="string_70" HPOS="767" VPOS="376" WIDTH="65" HEIGHT="22" WC="0.96" CONTENT="dessa"/><SP WIDTH="15" VPOS="376" HPOS="832"/>
							<String ID="string_71" HPOS="847" VPOS="376" WIDTH="81" HEIGHT="28" WC="0.96" CONTENT="byråer"/><SP WIDTH="16" VPOS="376" HPOS="928"/>
							<String ID="string_72" HPOS="944" VPOS="376" WIDTH="66" HEIGHT="22" WC="0.96" CONTENT="äfven"/>
						</TextLine>
						<TextLine ID="line_8" HPOS="181" VPOS="406" WIDTH="828" HEIGHT="29">
							<String ID="string_73" HPOS="181" VPOS="406" WIDTH="75" HEIGHT="22" WC="0.93" CONTENT="skulle"/><SP WIDTH="16" VPOS="406" HPOS="256"/>
							<String ID="string_74" HPOS="272" VPOS="406" WIDTH="150" HEIGHT="23" WC="0.66" CONTENT="öfverlämnhas"/><SP WIDTH="16" VPOS="406" HPOS="422"/>
							<String ID="string_75" HPOS="438" VPOS="409" WIDTH="33" HEIGHT="20" WC="0.96" CONTENT="att"/><SP WIDTH="15" VPOS="409" HPOS="471"/>
							<String ID="string_76" HPOS="486" VPOS="406" WIDTH="90" HEIGHT="23" WC="0.96" CONTENT="fördela"/><SP WIDTH="16" VPOS="406" HPOS="576"/>
							<String ID="string_77" HPOS="592" VPOS="407" WIDTH="38" HEIGHT="22" WC="0.96" CONTENT="det"/><SP WIDTH="16" VPOS="407" HPOS="630"/>
							<String ID="string_78" HPOS="646" VPOS="407" WIDTH="84" HEIGHT="28" WC="0.96" CONTENT="anslag,"/><SP WIDTH="17" VPOS="407" HPOS="730"/>
							<String ID="string_79" HPOS="747" VPOS="413" WIDTH="48" HEIGHT="15" WC="0.96" CONTENT="som"/><SP WIDTH="16" VPOS="413" HPOS="795"/>
							<String ID="string_80" HPOS="811" VPOS="406" WIDTH="75" HEIGHT="22" WC="0.96" CONTENT="kunde"/><SP WIDTH="16" VPOS="406" HPOS="886"/>
							<String ID="string_81" HPOS="902" VPOS="407" WIDTH="107" HEIGHT="21" WC="0.96" CONTENT="komma"/><SP WIDTH="-16" VPOS="407" HPOS="1009"/>
							<String ID="string_82" HPOS="993" VPOS="402" WIDTH="19" HEIGHT="37" WC="0.96" CONTENT="i"/>
						</TextLine>
						<TextLine ID="line_9" HPOS="183" VPOS="436" WIDTH="826" HEIGHT="30">
							<String ID="string_83" HPOS="183" VPOS="436" WIDTH="67" HEIGHT="29" WC="0.96" CONTENT="fråga"/><SP WIDTH="22" VPOS="436" HPOS="250"/>
							<String ID="string_84" HPOS="272" VPOS="436" WIDTH="39" HEIGHT="22" WC="0.93" CONTENT="för"/><SP WIDTH="23" VPOS="436" HPOS="311"/>
							<String ID="string_85" HPOS="334" VPOS="437" WIDTH="150" HEIGHT="29" WC="0.91" CONTENT="föredragens"/><SP WIDTH="23" VPOS="437" HPOS="484"/>
							<String ID="string_86" HPOS="507" VPOS="437" WIDTH="111" HEIGHT="22" WC="0.95" CONTENT="hållande."/><SP WIDTH="32" VPOS="437" HPOS="618"/>
							<String ID="string_87" HPOS="650" VPOS="436" WIDTH="132" HEIGHT="22" WC="0.93" CONTENT="Tillsvidare"/><SP WIDTH="23" VPOS="436" HPOS="782"/>
							<String ID="string_88" HPOS="805" VPOS="438" WIDTH="47" HEIGHT="20" WC="0.96" CONTENT="tror"/><SP WIDTH="12" VPOS="438" HPOS="852"/>
							<String ID="string_89" HPOS="864" VPOS="437" WIDTH="48" HEIGHT="28" WC="0.95" CONTENT="jag,"/><SP WIDTH="16" VPOS="437" HPOS="912"/>
							<String ID="string_90" HPOS="928" VPOS="438" WIDTH="32" HEIGHT="20" WC="0.93" CONTENT="att"/><SP WIDTH="16" VPOS="438" HPOS="960"/>
							<String ID="string_91" HPOS="976" VPOS="438" WIDTH="33" HEIGHT="20" WC="0.91" CONTENT="ut-"/>
						</TextLine>
						<TextLine ID="line_10" HPOS="181" VPOS="466" WIDTH="829" HEIGHT="30">
							<String ID="string_92" HPOS="181" VPOS="466" WIDTH="86" HEIGHT="22" WC="0.96" CONTENT="skottet"/><SP WIDTH="23" VPOS="466" HPOS="267"/>
							<String ID="string_93" HPOS="290" VPOS="466" WIDTH="86" HEIGHT="23" WC="0.96" CONTENT="kanske"/><SP WIDTH="16" VPOS="466" HPOS="376"/>
							<String ID="string_94" HPOS="392" VPOS="467" WIDTH="40" HEIGHT="22" WC="0.96" CONTENT="har"/><SP WIDTH="15" VPOS="467" HPOS="432"/>
							<String ID="string_95" HPOS="447" VPOS="466" WIDTH="73" HEIGHT="22" WC="0.96" CONTENT="funnit"/><SP WIDTH="15" VPOS="466" HPOS="520"/>
							<String ID="string_96" HPOS="535" VPOS="468" WIDTH="30" HEIGHT="28" WC="0.96" CONTENT="på"/><SP WIDTH="15" VPOS="468" HPOS="565"/>
							<String ID="string_97" HPOS="580" VPOS="474" WIDTH="28" HEIGHT="14" WC="0.96" CONTENT="en"/><SP WIDTH="17" VPOS="474" HPOS="608"/>
							<String ID="string_98" HPOS="625" VPOS="466" WIDTH="94" HEIGHT="29" WC="0.96" CONTENT="lämplig"/><SP WIDTH="15" VPOS="466" HPOS="719"/>
							<String ID="string_99" HPOS="734" VPOS="466" WIDTH="65" HEIGHT="27" WC="0.96" CONTENT="form,"/><SP WIDTH="17" VPOS="466" HPOS="799"/>
							<String ID="string_100" HPOS="816" VPOS="466" WIDTH="29" HEIGHT="22" WC="0.96" CONTENT="då"/><SP WIDTH="16" VPOS="466" HPOS="845"/>
							<String ID="string_101" HPOS="861" VPOS="467" WIDTH="37" HEIGHT="21" WC="0.96" CONTENT="det"/><SP WIDTH="16" VPOS="467" HPOS="898"/>
							<String ID="string_102" HPOS="914" VPOS="466" WIDTH="96" HEIGHT="22" WC="0.96" CONTENT="föreslår"/>
						</TextLine>
						<TextLine ID="line_11" HPOS="183" VPOS="496" WIDTH="827" HEIGHT="29">
							<String ID="string_103" HPOS="183" VPOS="498" WIDTH="33" HEIGHT="20" WC="0.91" CONTENT="att"/><SP WIDTH="23" VPOS="498" HPOS="216"/>
							<String ID="string_104" HPOS="239" VPOS="496" WIDTH="145" HEIGHT="22" WC="0.91" CONTENT="fördelandet"/><SP WIDTH="23" VPOS="496" HPOS="384"/>
							<String ID="string_105" HPOS="407" VPOS="496" WIDTH="26" HEIGHT="23" WC="0.96" CONTENT="af"/><SP WIDTH="19" VPOS="496" HPOS="433"/>
							<String ID="string_106" HPOS="452" VPOS="497" WIDTH="64" HEIGHT="21" WC="0.96" CONTENT="dessa"/><SP WIDTH="17" VPOS="497" HPOS="516"/>
							<String ID="string_107" HPOS="533" VPOS="496" WIDTH="72" HEIGHT="22" WC="0.96" CONTENT="medel"/><SP WIDTH="16" VPOS="496" HPOS="605"/>
							<String ID="string_108" HPOS="621" VPOS="496" WIDTH="57" HEIGHT="22" WC="0.93" CONTENT="skall"/><SP WIDTH="16" VPOS="496" HPOS="678"/>
							<String ID="string_109" HPOS="694" VPOS="496" WIDTH="150" HEIGHT="22" WC="0.91" CONTENT="öfverlämnas"/><SP WIDTH="16" VPOS="496" HPOS="844"/>
							<String ID="string_110" HPOS="860" VPOS="498" WIDTH="23" HEIGHT="20" WC="0.93" CONTENT="åt"/><SP WIDTH="16" VPOS="498" HPOS="883"/>
							<String ID="string_111" HPOS="899" VPOS="496" WIDTH="111" HEIGHT="29" WC="0.90" CONTENT="Folkupp-"/>
						</TextLine>
						<TextLine ID="line_12" HPOS="183" VPOS="526" WIDTH="827" HEIGHT="30">
							<String ID="string_112" HPOS="183" VPOS="526" WIDTH="225" HEIGHT="30" WC="0.90" CONTENT="lysningssällskapet"/><SP WIDTH="23" VPOS="526" HPOS="408"/>
							<String ID="string_113" HPOS="431" VPOS="527" WIDTH="42" HEIGHT="21" WC="0.96" CONTENT="och"/><SP WIDTH="23" VPOS="527" HPOS="473"/>
							<String ID="string_114" HPOS="496" VPOS="526" WIDTH="102" HEIGHT="23" WC="0.94" CONTENT="Svenska"/><SP WIDTH="23" VPOS="526" HPOS="598"/>
							<String ID="string_115" HPOS="621" VPOS="526" WIDTH="138" HEIGHT="22" WC="0.95" CONTENT="folkskolans"/><SP WIDTH="16" VPOS="526" HPOS="759"/>
							<String ID="string_116" HPOS="775" VPOS="529" WIDTH="91" HEIGHT="19" WC="0.96" CONTENT="vänner."/><SP WIDTH="32" VPOS="529" HPOS="866"/>
							<String ID="string_117" HPOS="898" VPOS="526" WIDTH="52" HEIGHT="22" WC="0.96" CONTENT="Man"/><SP WIDTH="16" VPOS="526" HPOS="950"/>
							<String ID="string_118" HPOS="966" VPOS="526" WIDTH="44" HEIGHT="22" WC="0.96" CONTENT="kan"/>
						</TextLine>
						<TextLine ID="line_13" HPOS="182" VPOS="556" WIDTH="828" HEIGHT="29">
							<String ID="string_119" HPOS="182" VPOS="556" WIDTH="38" HEIGHT="22" WC="0.96" CONTENT="väl"/><SP WIDTH="24" VPOS="556" HPOS="220"/>
							<String ID="string_120" HPOS="244" VPOS="556" WIDTH="111" HEIGHT="29" WC="0.96" CONTENT="knappast"/><SP WIDTH="22" VPOS="556" HPOS="355"/>
							<String ID="string_121" HPOS="377" VPOS="557" WIDTH="69" HEIGHT="21" WC="0.96" CONTENT="tänka"/><SP WIDTH="23" VPOS="557" HPOS="446"/>
							<String ID="string_122" HPOS="469" VPOS="558" WIDTH="29" HEIGHT="27" WC="0.96" CONTENT="på"/><SP WIDTH="24" VPOS="558" HPOS="498"/>
							<String ID="string_123" HPOS="522" VPOS="558" WIDTH="31" HEIGHT="20" WC="0.92" CONTENT="att"/><SP WIDTH="19" VPOS="558" HPOS="553"/>
							<String ID="string_124" HPOS="572" VPOS="556" WIDTH="140" HEIGHT="22" WC="0.92" CONTENT="öfverlämna"/><SP WIDTH="16" VPOS="556" HPOS="712"/>
							<String ID="string_125" HPOS="728" VPOS="556" WIDTH="65" HEIGHT="22" WC="0.97" CONTENT="dessa"/><SP WIDTH="16" VPOS="556" HPOS="793"/>
							<String ID="string_126" HPOS="809" VPOS="556" WIDTH="73" HEIGHT="22" WC="0.96" CONTENT="medel"/><SP WIDTH="16" VPOS="556" HPOS="882"/>
							<String ID="string_127" HPOS="898" VPOS="558" WIDTH="22" HEIGHT="20" WC="0.96" CONTENT="åt"/><SP WIDTH="16" VPOS="558" HPOS="920"/>
							<String ID="string_128" HPOS="936" VPOS="558" WIDTH="74" HEIGHT="27" WC="0.96" CONTENT="någon"/>
						</TextLine>
						<TextLine ID="line_14" HPOS="182" VPOS="585" WIDTH="828" HEIGHT="29">
							<String ID="string_129" HPOS="182" VPOS="585" WIDTH="117" HEIGHT="29" WC="0.96" CONTENT="förening,"/><SP WIDTH="16" VPOS="585" HPOS="299"/>
							<String ID="string_130" HPOS="315" VPOS="593" WIDTH="48" HEIGHT="15" WC="0.93" CONTENT="som"/><SP WIDTH="16" VPOS="593" HPOS="363"/>
							<String ID="string_131" HPOS="379" VPOS="586" WIDTH="119" HEIGHT="22" WC="0.92" CONTENT="framdeles"/><SP WIDTH="16" VPOS="586" HPOS="498"/>
							<String ID="string_132" HPOS="514" VPOS="587" WIDTH="44" HEIGHT="21" WC="0.96" CONTENT="kan"/><SP WIDTH="16" VPOS="587" HPOS="558"/>
							<String ID="string_133" HPOS="574" VPOS="586" WIDTH="80" HEIGHT="27" WC="0.96" CONTENT="bildas,"/><SP WIDTH="16" VPOS="586" HPOS="654"/>
							<String ID="string_134" HPOS="670" VPOS="588" WIDTH="54" HEIGHT="20" WC="0.95" CONTENT="utan"/><SP WIDTH="15" VPOS="588" HPOS="724"/>
							<String ID="string_135" HPOS="739" VPOS="587" WIDTH="72" HEIGHT="21" WC="0.96" CONTENT="måste"/><SP WIDTH="16" VPOS="587" HPOS="811"/>
							<String ID="string_136" HPOS="827" VPOS="593" WIDTH="52" HEIGHT="15" WC="0.96" CONTENT="man"/><SP WIDTH="15" VPOS="593" HPOS="879"/>
							<String ID="string_137" HPOS="894" VPOS="586" WIDTH="37" HEIGHT="22" WC="0.96" CONTENT="väl"/><SP WIDTH="11" VPOS="586" HPOS="931"/>
							<String ID="string_138" HPOS="942" VPOS="586" WIDTH="68" HEIGHT="22" WC="0.96" CONTENT="tänka"/>
						</TextLine>
						<TextLine ID="line_15" HPOS="182" VPOS="616" WIDTH="828" HEIGHT="28">
							<String ID="string_139" HPOS="182" VPOS="617" WIDTH="31" HEIGHT="27" WC="0.95" CONTENT="på"/><SP WIDTH="23" VPOS="617" HPOS="213"/>
							<String ID="string_140" HPOS="236" VPOS="616" WIDTH="157" HEIGHT="26" WC="0.96" CONTENT="institutioner,"/><SP WIDTH="24" VPOS="616" HPOS="393"/>
							<String ID="string_141" HPOS="417" VPOS="623" WIDTH="48" HEIGHT="15" WC="0.96" CONTENT="som"/><SP WIDTH="23" VPOS="623" HPOS="465"/>
							<String ID="string_142" HPOS="488" VPOS="616" WIDTH="37" HEIGHT="22" WC="0.96" CONTENT="för"/><SP WIDTH="23" VPOS="616" HPOS="525"/>
							<String ID="string_143" HPOS="548" VPOS="616" WIDTH="141" HEIGHT="22" WC="0.93" CONTENT="närvarande"/><SP WIDTH="15" VPOS="616" HPOS="689"/>
							<String ID="string_144" HPOS="704" VPOS="616" WIDTH="105" HEIGHT="22" WC="0.85" CONTENT="-existera"/><SP WIDTH="16" VPOS="616" HPOS="809"/>
							<String ID="string_145" HPOS="825" VPOS="616" WIDTH="41" HEIGHT="22" WC="0.96" CONTENT="och"/><SP WIDTH="16" VPOS="616" HPOS="866"/>
							<String ID="string_146" HPOS="882" VPOS="623" WIDTH="36" HEIGHT="15" WC="0.96" CONTENT="om"/><SP WIDTH="17" VPOS="623" HPOS="918"/>
							<String ID="string_147" HPOS="935" VPOS="616" WIDTH="75" HEIGHT="22" WC="0.96" CONTENT="hvilka"/>
						</TextLine>
						<TextLine ID="line_16" HPOS="184" VPOS="646" WIDTH="826" HEIGHT="29">
							<String ID="string_148" HPOS="184" VPOS="653" WIDTH="52" HEIGHT="15" WC="0.96" CONTENT="man"/><SP WIDTH="24" VPOS="653" HPOS="236"/>
							<String ID="string_149" HPOS="260" VPOS="649" WIDTH="55" HEIGHT="25" WC="0.96" CONTENT="äger"/><SP WIDTH="15" VPOS="649" HPOS="315"/>
							<String ID="string_150" HPOS="330" VPOS="648" WIDTH="77" HEIGHT="27" WC="0.96" CONTENT="någon"/><SP WIDTH="15" VPOS="648" HPOS="407"/>
							<String ID="string_151" HPOS="422" VPOS="646" WIDTH="133" HEIGHT="22" WC="0.96" CONTENT="kännedom."/><SP WIDTH="32" VPOS="646" HPOS="555"/>
							<String ID="string_152" HPOS="587" VPOS="646" WIDTH="53" HEIGHT="22" WC="0.96" CONTENT="Man"/><SP WIDTH="16" VPOS="646" HPOS="640"/>
							<String ID="string_153" HPOS="656" VPOS="646" WIDTH="44" HEIGHT="22" WC="0.96" CONTENT="kan"/><SP WIDTH="14" VPOS="646" HPOS="700"/>
							<String ID="string_154" HPOS="714" VPOS="646" WIDTH="25" HEIGHT="28" WC="0.96" CONTENT="ju"/><SP WIDTH="16" VPOS="646" HPOS="739"/>
							<String ID="string_155" HPOS="755" VPOS="646" WIDTH="68" HEIGHT="21" WC="0.96" CONTENT="tänka"/><SP WIDTH="17" VPOS="646" HPOS="823"/>
							<String ID="string_156" HPOS="840" VPOS="646" WIDTH="42" HEIGHT="28" WC="0.96" CONTENT="sig,"/><SP WIDTH="16" VPOS="646" HPOS="882"/>
							<String ID="string_157" HPOS="898" VPOS="648" WIDTH="32" HEIGHT="20" WC="0.96" CONTENT="att"/><SP WIDTH="16" VPOS="648" HPOS="930"/>
							<String ID="string_158" HPOS="946" VPOS="646" WIDTH="64" HEIGHT="22" WC="0.96" CONTENT="dessa"/>
						</TextLine>
						<TextLine ID="line_17" HPOS="182" VPOS="676" WIDTH="829" HEIGHT="28">
							<String ID="string_159" HPOS="182" VPOS="676" WIDTH="101" HEIGHT="28" WC="0.96" CONTENT="sällskap"/><SP WIDTH="23" VPOS="676" HPOS="283"/>
							<String ID="string_160" HPOS="306" VPOS="676" WIDTH="55" HEIGHT="22" WC="0.96" CONTENT="eller"/><SP WIDTH="23" VPOS="676" HPOS="361"/>
							<String ID="string_161" HPOS="384" VPOS="676" WIDTH="43" HEIGHT="22" WC="0.96" CONTENT="den"/><SP WIDTH="24" VPOS="676" HPOS="427"/>
							<String ID="string_162" HPOS="451" VPOS="676" WIDTH="25" HEIGHT="22" WC="0.96" CONTENT="af"/><SP WIDTH="19" VPOS="676" HPOS="476"/>
							<String ID="string_163" HPOS="495" VPOS="676" WIDTH="51" HEIGHT="22" WC="0.96" CONTENT="dem"/><SP WIDTH="21" VPOS="676" HPOS="546"/>
							<String ID="string_164" HPOS="567" VPOS="676" WIDTH="95" HEIGHT="22" WC="0.96" CONTENT="tillsatta"/><SP WIDTH="15" VPOS="676" HPOS="662"/>
							<String ID="string_165" HPOS="677" VPOS="676" WIDTH="156" HEIGHT="28" WC="0.96" CONTENT="delegationen"/><SP WIDTH="16" VPOS="676" HPOS="833"/>
							<String ID="string_166" HPOS="849" VPOS="676" WIDTH="71" HEIGHT="22" WC="0.96" CONTENT="skulle"/><SP WIDTH="16" VPOS="676" HPOS="920"/>
							<String ID="string_167" HPOS="936" VPOS="676" WIDTH="75" HEIGHT="22" WC="0.96" CONTENT="kunna"/>
						</TextLine>
						<TextLine ID="line_18" HPOS="182" VPOS="706" WIDTH="829" HEIGHT="29">
							<String ID="string_168" HPOS="182" VPOS="708" WIDTH="58" HEIGHT="26" WC="0.96" CONTENT="göra"/><SP WIDTH="23" VPOS="708" HPOS="240"/>
							<String ID="string_169" HPOS="263" VPOS="706" WIDTH="36" HEIGHT="28" WC="0.96" CONTENT="sig"/><SP WIDTH="22" VPOS="706" HPOS="299"/>
							<String ID="string_170" HPOS="321" VPOS="706" WIDTH="105" HEIGHT="28" WC="0.96" CONTENT="skyldiga"/><SP WIDTH="22" VPOS="706" HPOS="426"/>
							<String ID="string_171" HPOS="448" VPOS="706" WIDTH="33" HEIGHT="22" WC="0.92" CONTENT="till"/><SP WIDTH="24" VPOS="706" HPOS="481"/>
							<String ID="string_172" HPOS="505" VPOS="706" WIDTH="152" HEIGHT="28" WC="0.92" CONTENT="ensidigheter"/><SP WIDTH="22" VPOS="706" HPOS="657"/>
							<String ID="string_173" HPOS="679" VPOS="706" WIDTH="38" HEIGHT="22" WC="0.93" CONTENT="vid"/><SP WIDTH="16" VPOS="706" HPOS="717"/>
							<String ID="string_174" HPOS="733" VPOS="706" WIDTH="157" HEIGHT="26" WC="0.90" CONTENT="bedömandet,"/><SP WIDTH="17" VPOS="706" HPOS="890"/>
							<String ID="string_175" HPOS="907" VPOS="712" WIDTH="50" HEIGHT="16" WC="0.96" CONTENT="men"/><SP WIDTH="14" VPOS="712" HPOS="957"/>
							<String ID="string_176" HPOS="971" VPOS="706" WIDTH="40" HEIGHT="29" WC="0.96" CONTENT="jag"/>
						</TextLine>
						<TextLine ID="line_19" HPOS="182" VPOS="736" WIDTH="829" HEIGHT="29">
							<String ID="string_177" HPOS="182" VPOS="736" WIDTH="88" HEIGHT="26" WC="0.96" CONTENT="tänker,"/><SP WIDTH="25" VPOS="736" HPOS="270"/>
							<String ID="string_178" HPOS="295" VPOS="737" WIDTH="32" HEIGHT="20" WC="0.96" CONTENT="att"/><SP WIDTH="24" VPOS="737" HPOS="327"/>
							<String ID="string_179" HPOS="351" VPOS="736" WIDTH="28" HEIGHT="22" WC="0.93" CONTENT="de"/><SP WIDTH="16" VPOS="736" HPOS="379"/>
							<String ID="string_180" HPOS="395" VPOS="736" WIDTH="152" HEIGHT="29" WC="0.92" CONTENT="ensidigheter"/><SP WIDTH="20" VPOS="736" HPOS="547"/>
							<String ID="string_181" HPOS="567" VPOS="737" WIDTH="15" HEIGHT="21" WC="0.92" CONTENT="å"/><SP WIDTH="15" VPOS="737" HPOS="582"/>
							<String ID="string_182" HPOS="597" VPOS="736" WIDTH="43" HEIGHT="22" WC="0.97" CONTENT="den"/><SP WIDTH="17" VPOS="736" HPOS="640"/>
							<String ID="string_183" HPOS="657" VPOS="743" WIDTH="42" HEIGHT="15" WC="0.96" CONTENT="ena"/><SP WIDTH="15" VPOS="743" HPOS="699"/>
							<String ID="string_184" HPOS="714" VPOS="736" WIDTH="65" HEIGHT="21" WC="0.95" CONTENT="sidan"/><SP WIDTH="16" VPOS="736" HPOS="779"/>
							<String ID="string_185" HPOS="795" VPOS="736" WIDTH="42" HEIGHT="22" WC="0.93" CONTENT="och"/><SP WIDTH="16" VPOS="736" HPOS="837"/>
							<String ID="string_186" HPOS="853" VPOS="737" WIDTH="13" HEIGHT="20" WC="0.92" CONTENT="å"/><SP WIDTH="16" VPOS="737" HPOS="866"/>
							<String ID="string_187" HPOS="882" VPOS="736" WIDTH="44" HEIGHT="21" WC="0.96" CONTENT="den"/><SP WIDTH="16" VPOS="736" HPOS="926"/>
							<String ID="string_188" HPOS="942" VPOS="736" WIDTH="69" HEIGHT="21" WC="0.96" CONTENT="andra"/>
						</TextLine>
						<TextLine ID="line_20" HPOS="183" VPOS="765" WIDTH="828" HEIGHT="29">
							<String ID="string_189" HPOS="183" VPOS="765" WIDTH="72" HEIGHT="27" WC="0.96" CONTENT="sidan,"/><SP WIDTH="25" VPOS="765" HPOS="255"/>
							<String ID="string_190" HPOS="280" VPOS="772" WIDTH="47" HEIGHT="15" WC="0.96" CONTENT="som"/><SP WIDTH="22" VPOS="772" HPOS="327"/>
							<String ID="string_191" HPOS="349" VPOS="766" WIDTH="76" HEIGHT="22" WC="0.93" CONTENT="kunna"/><SP WIDTH="15" VPOS="766" HPOS="425"/>
							<String ID="string_192" HPOS="440" VPOS="765" WIDTH="131" HEIGHT="29" WC="0.91" CONTENT="förefinnas,"/><SP WIDTH="17" VPOS="765" HPOS="571"/>
							<String ID="string_193" HPOS="588" VPOS="766" WIDTH="71" HEIGHT="22" WC="0.96" CONTENT="skulle"/><SP WIDTH="16" VPOS="766" HPOS="659"/>
							<String ID="string_194" HPOS="675" VPOS="766" WIDTH="147" HEIGHT="22" WC="0.96" CONTENT="neutralisera"/><SP WIDTH="15" VPOS="766" HPOS="822"/>
							<String ID="string_195" HPOS="837" VPOS="766" WIDTH="133" HEIGHT="27" WC="0.96" CONTENT="hvarandra,"/><SP WIDTH="16" VPOS="766" HPOS="970"/>
							<String ID="string_196" HPOS="986" VPOS="767" WIDTH="25" HEIGHT="20" WC="0.96" CONTENT="så"/>
						</TextLine>
						<TextLine ID="line_21" HPOS="184" VPOS="795" WIDTH="826" HEIGHT="29">
							<String ID="string_197" HPOS="184" VPOS="797" WIDTH="33" HEIGHT="20" WC="0.95" CONTENT="att"/><SP WIDTH="26" VPOS="797" HPOS="217"/>
							<String ID="string_198" HPOS="243" VPOS="796" WIDTH="60" HEIGHT="21" WC="0.96" CONTENT="ändå"/><SP WIDTH="19" VPOS="796" HPOS="303"/>
							<String ID="string_199" HPOS="322" VPOS="796" WIDTH="7" HEIGHT="20" WC="0.96" CONTENT="i"/><SP WIDTH="23" VPOS="796" HPOS="329"/>
							<String ID="string_200" HPOS="352" VPOS="796" WIDTH="39" HEIGHT="22" WC="0.96" CONTENT="det"/><SP WIDTH="22" VPOS="796" HPOS="391"/>
							<String ID="string_201" HPOS="413" VPOS="797" WIDTH="60" HEIGHT="21" WC="0.96" CONTENT="stora"/><SP WIDTH="21" VPOS="797" HPOS="473"/>
							<String ID="string_202" HPOS="494" VPOS="796" WIDTH="52" HEIGHT="22" WC="0.96" CONTENT="hela"/><SP WIDTH="23" VPOS="796" HPOS="546"/>
							<String ID="string_203" HPOS="569" VPOS="797" WIDTH="32" HEIGHT="21" WC="0.95" CONTENT="ett"/><SP WIDTH="15" VPOS="797" HPOS="601"/>
							<String ID="string_204" HPOS="616" VPOS="796" WIDTH="94" HEIGHT="28" WC="0.96" CONTENT="lyckligt"/><SP WIDTH="19" VPOS="796" HPOS="710"/>
							<String ID="string_205" HPOS="729" VPOS="795" WIDTH="92" HEIGHT="22" WC="0.95" CONTENT="resultat"/><SP WIDTH="17" VPOS="795" HPOS="821"/>
							<String ID="string_206" HPOS="838" VPOS="795" WIDTH="71" HEIGHT="22" WC="0.96" CONTENT="skulle"/><SP WIDTH="15" VPOS="795" HPOS="909"/>
							<String ID="string_207" HPOS="924" VPOS="796" WIDTH="86" HEIGHT="26" WC="0.96" CONTENT="vinnas,"/>
						</TextLine>
						<TextLine ID="line_22" HPOS="183" VPOS="825" WIDTH="828" HEIGHT="23">
							<String ID="string_208" HPOS="183" VPOS="825" WIDTH="107" HEIGHT="21" WC="0.95" CONTENT="särskildt"/><SP WIDTH="25" VPOS="825" HPOS="290"/>
							<String ID="string_209" HPOS="315" VPOS="826" WIDTH="59" HEIGHT="21" WC="0.96" CONTENT="hvad"/><SP WIDTH="21" VPOS="826" HPOS="374"/>
							<String ID="string_210" HPOS="395" VPOS="825" WIDTH="106" HEIGHT="23" WC="0.93" CONTENT="beträffar"/><SP WIDTH="15" VPOS="825" HPOS="501"/>
							<String ID="string_211" HPOS="516" VPOS="825" WIDTH="144" HEIGHT="23" WC="0.92" CONTENT="fördelandet"/><SP WIDTH="15" VPOS="825" HPOS="660"/>
							<String ID="string_212" HPOS="675" VPOS="825" WIDTH="25" HEIGHT="22" WC="0.96" CONTENT="af"/><SP WIDTH="13" VPOS="825" HPOS="700"/>
							<String ID="string_213" HPOS="713" VPOS="825" WIDTH="90" HEIGHT="22" WC="0.96" CONTENT="medlen"/><SP WIDTH="15" VPOS="825" HPOS="803"/>
							<String ID="string_214" HPOS="818" VPOS="825" WIDTH="34" HEIGHT="21" WC="0.96" CONTENT="till"/><SP WIDTH="16" VPOS="825" HPOS="852"/>
							<String ID="string_215" HPOS="868" VPOS="825" WIDTH="90" HEIGHT="22" WC="0.95" CONTENT="förmån"/><SP WIDTH="16" VPOS="825" HPOS="958"/>
							<String ID="string_216" HPOS="974" VPOS="825" WIDTH="37" HEIGHT="22" WC="0.96" CONTENT="för"/>
						</TextLine>
						<TextLine ID="line_23" HPOS="182" VPOS="854" WIDTH="828" HEIGHT="30">
							<String ID="string_217" HPOS="182" VPOS="854" WIDTH="208" HEIGHT="30" WC="0.92" CONTENT="folkhögskolorna."/><SP WIDTH="32" VPOS="854" HPOS="390"/>
							<String ID="string_218" HPOS="422" VPOS="855" WIDTH="119" HEIGHT="23" WC="0.96" CONTENT="Dessutom"/><SP WIDTH="23" VPOS="855" HPOS="541"/>
							<String ID="string_219" HPOS="564" VPOS="858" WIDTH="38" HEIGHT="19" WC="0.92" CONTENT="äro"/><SP WIDTH="14" VPOS="858" HPOS="602"/>
							<String ID="string_220" HPOS="616" VPOS="856" WIDTH="26" HEIGHT="28" WC="0.96" CONTENT="ju"/><SP WIDTH="16" VPOS="856" HPOS="642"/>
							<String ID="string_221" HPOS="658" VPOS="855" WIDTH="64" HEIGHT="22" WC="0.94" CONTENT="dessa"/><SP WIDTH="16" VPOS="855" HPOS="722"/>
							<String ID="string_222" HPOS="738" VPOS="856" WIDTH="25" HEIGHT="21" WC="0.93" CONTENT="sä"/><SP WIDTH="15" VPOS="856" HPOS="763"/>
							<String ID="string_223" HPOS="778" VPOS="855" WIDTH="118" HEIGHT="22" WC="0.95" CONTENT="bestämda"/><SP WIDTH="15" VPOS="855" HPOS="896"/>
							<String ID="string_224" HPOS="911" VPOS="854" WIDTH="56" HEIGHT="23" WC="0.96" CONTENT="efter"/><SP WIDTH="16" VPOS="854" HPOS="967"/>
							<String ID="string_225" HPOS="983" VPOS="862" WIDTH="27" HEIGHT="15" WC="0.96" CONTENT="en"/>
						</TextLine>
						<TextLine ID="line_24" HPOS="184" VPOS="885" WIDTH="827" HEIGHT="30">
							<String ID="string_226" HPOS="184" VPOS="885" WIDTH="45" HEIGHT="22" WC="0.96" CONTENT="viss"/><SP WIDTH="24" VPOS="885" HPOS="229"/>
							<String ID="string_227" HPOS="253" VPOS="892" WIDTH="71" HEIGHT="20" WC="0.96" CONTENT="norm,"/><SP WIDTH="25" VPOS="892" HPOS="324"/>
							<String ID="string_228" HPOS="349" VPOS="888" WIDTH="33" HEIGHT="20" WC="0.96" CONTENT="att"/><SP WIDTH="23" VPOS="888" HPOS="382"/>
							<String ID="string_229" HPOS="405" VPOS="886" WIDTH="117" HEIGHT="29" WC="0.96" CONTENT="därvidlag"/><SP WIDTH="23" VPOS="886" HPOS="522"/>
							<String ID="string_230" HPOS="545" VPOS="888" WIDTH="72" HEIGHT="26" WC="0.96" CONTENT="några"/><SP WIDTH="15" VPOS="888" HPOS="617"/>
							<String ID="string_231" HPOS="632" VPOS="886" WIDTH="139" HEIGHT="28" WC="0.96" CONTENT="svårigheter"/><SP WIDTH="16" VPOS="886" HPOS="771"/>
							<String ID="string_232" HPOS="787" VPOS="885" WIDTH="50" HEIGHT="23" WC="0.96" CONTENT="icke"/><SP WIDTH="15" VPOS="885" HPOS="837"/>
							<String ID="string_233" HPOS="852" VPOS="885" WIDTH="64" HEIGHT="22" WC="0.96" CONTENT="torde"/><SP WIDTH="15" VPOS="885" HPOS="916"/>
							<String ID="string_234" HPOS="931" VPOS="887" WIDTH="80" HEIGHT="27" WC="0.96" CONTENT="uppstå"/>
						</TextLine>
						<TextLine ID="line_25" HPOS="183" VPOS="914" WIDTH="828" HEIGHT="30">
							<String ID="string_235" HPOS="183" VPOS="916" WIDTH="43" HEIGHT="21" WC="0.96" CONTENT="och"/><SP WIDTH="17" VPOS="916" HPOS="226"/>
							<String ID="string_236" HPOS="243" VPOS="916" WIDTH="76" HEIGHT="28" WC="0.96" CONTENT="någon"/><SP WIDTH="15" VPOS="916" HPOS="319"/>
							<String ID="string_237" HPOS="334" VPOS="916" WIDTH="74" HEIGHT="28" WC="0.96" CONTENT="skälig"/><SP WIDTH="16" VPOS="916" HPOS="408"/>
							<String ID="string_238" HPOS="424" VPOS="916" WIDTH="122" HEIGHT="28" WC="0.96" CONTENT="anledning"/><SP WIDTH="14" VPOS="916" HPOS="546"/>
							<String ID="string_239" HPOS="560" VPOS="916" WIDTH="35" HEIGHT="22" WC="0.96" CONTENT="till"/><SP WIDTH="16" VPOS="916" HPOS="595"/>
							<String ID="string_240" HPOS="611" VPOS="916" WIDTH="113" HEIGHT="28" WC="0.93" CONTENT="klagomål"/><SP WIDTH="16" VPOS="916" HPOS="724"/>
							<String ID="string_241" HPOS="740" VPOS="914" WIDTH="98" HEIGHT="23" WC="0.92" CONTENT="behöfva"/><SP WIDTH="10" VPOS="914" HPOS="838"/>
							<String ID="string_242" HPOS="848" VPOS="915" WIDTH="95" HEIGHT="22" WC="0.95" CONTENT="befaras."/><SP WIDTH="24" VPOS="915" HPOS="943"/>
							<String ID="string_243" HPOS="967" VPOS="916" WIDTH="44" HEIGHT="28" WC="0.96" CONTENT="Jag"/>
						</TextLine>
						<TextLine ID="line_26" HPOS="184" VPOS="944" WIDTH="826" HEIGHT="30">
							<String ID="string_244" HPOS="184" VPOS="944" WIDTH="127" HEIGHT="30" WC="0.90" CONTENT="medgifver"/><SP WIDTH="23" VPOS="944" HPOS="311"/>
							<String ID="string_245" HPOS="334" VPOS="946" WIDTH="140" HEIGHT="28" WC="0.96" CONTENT="visserligen,"/><SP WIDTH="23" VPOS="946" HPOS="474"/>
							<String ID="string_246" HPOS="497" VPOS="948" WIDTH="33" HEIGHT="20" WC="0.96" CONTENT="att"/><SP WIDTH="22" VPOS="948" HPOS="530"/>
							<String ID="string_247" HPOS="552" VPOS="946" WIDTH="44" HEIGHT="22" WC="0.96" CONTENT="den"/><SP WIDTH="22" VPOS="946" HPOS="596"/>
							<String ID="string_248" HPOS="618" VPOS="946" WIDTH="123" HEIGHT="28" WC="0.95" CONTENT="möjlighet,"/><SP WIDTH="18" VPOS="946" HPOS="741"/>
							<String ID="string_249" HPOS="759" VPOS="952" WIDTH="46" HEIGHT="15" WC="0.96" CONTENT="som"/><SP WIDTH="17" VPOS="952" HPOS="805"/>
							<String ID="string_250" HPOS="822" VPOS="944" WIDTH="67" HEIGHT="23" WC="0.96" CONTENT="äfven"/><SP WIDTH="15" VPOS="944" HPOS="889"/>
							<String ID="string_251" HPOS="904" VPOS="946" WIDTH="106" HEIGHT="21" WC="0.96" CONTENT="utskottet"/>
						</TextLine>
						<TextLine ID="line_27" HPOS="180" VPOS="975" WIDTH="831" HEIGHT="29">
							<String ID="string_252" HPOS="180" VPOS="975" WIDTH="67" HEIGHT="21" WC="0.96" CONTENT="tänkt"/><SP WIDTH="19" VPOS="975" HPOS="247"/>
							<String ID="string_253" HPOS="266" VPOS="975" WIDTH="41" HEIGHT="29" WC="0.96" CONTENT="sig,"/><SP WIDTH="19" VPOS="975" HPOS="307"/>
							<String ID="string_254" HPOS="326" VPOS="977" WIDTH="33" HEIGHT="20" WC="0.93" CONTENT="att"/><SP WIDTH="15" VPOS="977" HPOS="359"/>
							<String ID="string_255" HPOS="374" VPOS="975" WIDTH="325" HEIGHT="29" WC="0.91" CONTENT="folkhögskoledirektionerna"/><SP WIDTH="15" VPOS="975" HPOS="699"/>
							<String ID="string_256" HPOS="714" VPOS="975" WIDTH="72" HEIGHT="22" WC="0.96" CONTENT="skulle"/><SP WIDTH="15" VPOS="975" HPOS="786"/>
							<String ID="string_257" HPOS="801" VPOS="977" WIDTH="49" HEIGHT="20" WC="0.96" CONTENT="utse"/><SP WIDTH="17" VPOS="977" HPOS="850"/>
							<String ID="string_258" HPOS="867" VPOS="975" WIDTH="144" HEIGHT="22" WC="0.96" CONTENT="medlemmar"/>
						</TextLine>
						<TextLine ID="line_28" HPOS="181" VPOS="1004" WIDTH="830" HEIGHT="30">
							<String ID="string_259" HPOS="181" VPOS="1004" WIDTH="36" HEIGHT="22" WC="0.95" CONTENT="till"/><SP WIDTH="26" VPOS="1004" HPOS="217"/>
							<String ID="string_260" HPOS="243" VPOS="1012" WIDTH="29" HEIGHT="14" WC="0.96" CONTENT="en"/><SP WIDTH="26" VPOS="1012" HPOS="272"/>
							<String ID="string_261" HPOS="298" VPOS="1005" WIDTH="91" HEIGHT="27" WC="0.96" CONTENT="nämnd,"/><SP WIDTH="24" VPOS="1005" HPOS="389"/>
							<String ID="string_262" HPOS="413" VPOS="1012" WIDTH="49" HEIGHT="15" WC="0.95" CONTENT="som"/><SP WIDTH="22" VPOS="1012" HPOS="462"/>
							<String ID="string_263" HPOS="484" VPOS="1005" WIDTH="62" HEIGHT="29" WC="0.95" CONTENT="finge"/><SP WIDTH="22" VPOS="1005" HPOS="546"/>
							<String ID="string_264" HPOS="568" VPOS="1005" WIDTH="172" HEIGHT="29" WC="0.96" CONTENT="förvaltningen"/><SP WIDTH="24" VPOS="1005" HPOS="740"/>
							<String ID="string_265" HPOS="764" VPOS="1004" WIDTH="25" HEIGHT="22" WC="0.96" CONTENT="af"/><SP WIDTH="16" VPOS="1004" HPOS="789"/>
							<String ID="string_266" HPOS="805" VPOS="1005" WIDTH="65" HEIGHT="21" WC="0.96" CONTENT="dessa"/><SP WIDTH="16" VPOS="1005" HPOS="870"/>
							<String ID="string_267" HPOS="886" VPOS="1005" WIDTH="72" HEIGHT="21" WC="0.95" CONTENT="medel"/><SP WIDTH="16" VPOS="1005" HPOS="958"/>
							<String ID="string_268" HPOS="974" VPOS="1012" WIDTH="37" HEIGHT="15" WC="0.96" CONTENT="om"/>
						</TextLine>
						<TextLine ID="line_29" HPOS="181" VPOS="1034" WIDTH="830" HEIGHT="30">
							<String ID="string_269" HPOS="181" VPOS="1034" WIDTH="69" HEIGHT="26" WC="0.96" CONTENT="hand,"/><SP WIDTH="25" VPOS="1034" HPOS="250"/>
							<String ID="string_270" HPOS="275" VPOS="1034" WIDTH="67" HEIGHT="22" WC="0.95" CONTENT="äfven"/><SP WIDTH="16" VPOS="1034" HPOS="342"/>
							<String ID="string_271" HPOS="358" VPOS="1035" WIDTH="56" HEIGHT="22" WC="0.96" CONTENT="låter"/><SP WIDTH="16" VPOS="1035" HPOS="414"/>
							<String ID="string_272" HPOS="430" VPOS="1036" WIDTH="55" HEIGHT="21" WC="0.96" CONTENT="höra"/><SP WIDTH="15" VPOS="1036" HPOS="485"/>
							<String ID="string_273" HPOS="500" VPOS="1036" WIDTH="42" HEIGHT="28" WC="0.96" CONTENT="sig,"/><SP WIDTH="16" VPOS="1036" HPOS="542"/>
							<String ID="string_274" HPOS="558" VPOS="1042" WIDTH="52" HEIGHT="15" WC="0.96" CONTENT="men"/><SP WIDTH="16" VPOS="1042" HPOS="610"/>
							<String ID="string_275" HPOS="626" VPOS="1036" WIDTH="61" HEIGHT="21" WC="0.93" CONTENT="svårt"/><SP WIDTH="15" VPOS="1036" HPOS="687"/>
							<String ID="string_276" HPOS="702" VPOS="1034" WIDTH="76" HEIGHT="23" WC="0.92" CONTENT="blefve"/><SP WIDTH="16" VPOS="1034" HPOS="778"/>
							<String ID="string_277" HPOS="794" VPOS="1035" WIDTH="37" HEIGHT="22" WC="0.96" CONTENT="det"/><SP WIDTH="16" VPOS="1035" HPOS="831"/>
							<String ID="string_278" HPOS="847" VPOS="1034" WIDTH="37" HEIGHT="22" WC="0.96" CONTENT="väl"/><SP WIDTH="16" VPOS="1034" HPOS="884"/>
							<String ID="string_279" HPOS="900" VPOS="1035" WIDTH="58" HEIGHT="21" WC="0.96" CONTENT="ändå"/><SP WIDTH="14" VPOS="1035" HPOS="958"/>
							<String ID="string_280" HPOS="972" VPOS="1034" WIDTH="39" HEIGHT="22" WC="0.96" CONTENT="för"/>
						</TextLine>
						<TextLine ID="line_30" HPOS="183" VPOS="1064" WIDTH="829" HEIGHT="30">
							<String ID="string_281" HPOS="183" VPOS="1064" WIDTH="178" HEIGHT="22" WC="0.95" CONTENT="medlemmarna"/><SP WIDTH="23" VPOS="1064" HPOS="361"/>
							<String ID="string_282" HPOS="384" VPOS="1064" WIDTH="26" HEIGHT="22" WC="0.96" CONTENT="af"/><SP WIDTH="20" VPOS="1064" HPOS="410"/>
							<String ID="string_283" HPOS="430" VPOS="1065" WIDTH="65" HEIGHT="22" WC="0.93" CONTENT="dessa"/><SP WIDTH="23" VPOS="1065" HPOS="495"/>
							<String ID="string_284" HPOS="518" VPOS="1066" WIDTH="143" HEIGHT="26" WC="0.90" CONTENT="direktioner,"/><SP WIDTH="19" VPOS="1066" HPOS="661"/>
							<String ID="string_285" HPOS="680" VPOS="1064" WIDTH="91" HEIGHT="30" WC="0.96" CONTENT="spridda"/><SP WIDTH="15" VPOS="1064" HPOS="771"/>
							<String ID="string_286" HPOS="786" VPOS="1072" WIDTH="48" HEIGHT="14" WC="0.96" CONTENT="som"/><SP WIDTH="16" VPOS="1072" HPOS="834"/>
							<String ID="string_287" HPOS="850" VPOS="1064" WIDTH="28" HEIGHT="22" WC="0.95" CONTENT="de"/><SP WIDTH="16" VPOS="1064" HPOS="878"/>
							<String ID="string_288" HPOS="894" VPOS="1067" WIDTH="38" HEIGHT="19" WC="0.95" CONTENT="äro"/><SP WIDTH="16" VPOS="1067" HPOS="932"/>
							<String ID="string_289" HPOS="948" VPOS="1064" WIDTH="64" HEIGHT="22" WC="0.96" CONTENT="öfver"/>
						</TextLine>
						<TextLine ID="line_31" HPOS="183" VPOS="1094" WIDTH="828" HEIGHT="27">
							<String ID="string_290" HPOS="183" VPOS="1095" WIDTH="50" HEIGHT="21" WC="0.96" CONTENT="vårt"/><SP WIDTH="17" VPOS="1095" HPOS="233"/>
							<String ID="string_291" HPOS="250" VPOS="1094" WIDTH="139" HEIGHT="22" WC="0.96" CONTENT="vidsträckta"/><SP WIDTH="15" VPOS="1094" HPOS="389"/>
							<String ID="string_292" HPOS="404" VPOS="1095" WIDTH="61" HEIGHT="26" WC="0.96" CONTENT="land,"/><SP WIDTH="17" VPOS="1095" HPOS="465"/>
							<String ID="string_293" HPOS="482" VPOS="1096" WIDTH="32" HEIGHT="21" WC="0.96" CONTENT="att"/><SP WIDTH="9" VPOS="1096" HPOS="514"/>
							<String ID="string_294" HPOS="523" VPOS="1095" WIDTH="91" HEIGHT="22" WC="0.96" CONTENT="komma"/><SP WIDTH="10" VPOS="1095" HPOS="614"/>
							<String ID="string_295" HPOS="624" VPOS="1095" WIDTH="137" HEIGHT="21" WC="0.96" CONTENT="tillsamman"/><SP WIDTH="11" VPOS="1095" HPOS="761"/>
							<String ID="string_296" HPOS="772" VPOS="1094" WIDTH="41" HEIGHT="22" WC="0.96" CONTENT="och"/><SP WIDTH="12" VPOS="1094" HPOS="813"/>
							<String ID="string_297" HPOS="825" VPOS="1094" WIDTH="113" HEIGHT="22" WC="0.96" CONTENT="diskutera"/><SP WIDTH="10" VPOS="1094" HPOS="938"/>
							<String ID="string_298" HPOS="948" VPOS="1094" WIDTH="63" HEIGHT="22" WC="0.96" CONTENT="dessa"/>
						</TextLine>
						<TextLine ID="line_32" HPOS="182" VPOS="1124" WIDTH="85" HEIGHT="28">
							<String ID="string_299" HPOS="182" VPOS="1124" WIDTH="85" HEIGHT="28" WC="0.96" CONTENT="frågor."/>
						</TextLine>
					</TextBlock>
					<TextBlock ID="block_2" HPOS="180" VPOS="1153" WIDTH="830" HEIGHT="60">
						<TextLine ID="line_33" HPOS="255" VPOS="1153" WIDTH="755" HEIGHT="30">
							<String ID="string_300" HPOS="255" VPOS="1154" WIDTH="45" HEIGHT="28" WC="0.96" CONTENT="Jag"/><SP WIDTH="23" VPOS="1154" HPOS="300"/>
							<String ID="string_301" HPOS="323" VPOS="1154" WIDTH="40" HEIGHT="22" WC="0.96" CONTENT="ber"/><SP WIDTH="24" VPOS="1154" HPOS="363"/>
							<String ID="string_302" HPOS="387" VPOS="1154" WIDTH="66" HEIGHT="22" WC="0.94" CONTENT="alltså"/><SP WIDTH="23" VPOS="1154" HPOS="453"/>
							<String ID="string_303" HPOS="476" VPOS="1156" WIDTH="32" HEIGHT="20" WC="0.96" CONTENT="att"/><SP WIDTH="17" VPOS="1156" HPOS="508"/>
							<String ID="string_304" HPOS="525" VPOS="1154" WIDTH="23" HEIGHT="22" WC="0.96" CONTENT="få"/><SP WIDTH="16" VPOS="1154" HPOS="548"/>
							<String ID="string_305" HPOS="564" VPOS="1154" WIDTH="94" HEIGHT="22" WC="0.96" CONTENT="förorda"/><SP WIDTH="16" VPOS="1154" HPOS="658"/>
							<String ID="string_306" HPOS="674" VPOS="1154" WIDTH="165" HEIGHT="29" WC="0.96" CONTENT="godkännande"/><SP WIDTH="16" VPOS="1154" HPOS="839"/>
							<String ID="string_307" HPOS="855" VPOS="1153" WIDTH="25" HEIGHT="22" WC="0.95" CONTENT="af"/><SP WIDTH="13" VPOS="1153" HPOS="880"/>
							<String ID="string_308" HPOS="893" VPOS="1154" WIDTH="117" HEIGHT="22" WC="0.95" CONTENT="utskottets"/>
						</TextLine>
						<TextLine ID="line_34" HPOS="180" VPOS="1182" WIDTH="676" HEIGHT="31">
							<String ID="string_309" HPOS="180" VPOS="1182" WIDTH="91" HEIGHT="30" WC="0.96" CONTENT="förslag"/><SP WIDTH="15" VPOS="1182" HPOS="271"/>
							<String ID="string_310" HPOS="286" VPOS="1184" WIDTH="51" HEIGHT="22" WC="0.96" CONTENT="med"/><SP WIDTH="16" VPOS="1184" HPOS="337"/>
							<String ID="string_311" HPOS="353" VPOS="1184" WIDTH="28" HEIGHT="22" WC="0.96" CONTENT="de"/><SP WIDTH="17" VPOS="1184" HPOS="381"/>
							<String ID="string_312" HPOS="398" VPOS="1186" WIDTH="49" HEIGHT="20" WC="0.96" CONTENT="små"/><SP WIDTH="15" VPOS="1186" HPOS="447"/>
							<String ID="string_313" HPOS="462" VPOS="1184" WIDTH="86" HEIGHT="29" WC="0.96" CONTENT="tillägg,"/><SP WIDTH="17" VPOS="1184" HPOS="548"/>
							<String ID="string_314" HPOS="565" VPOS="1191" WIDTH="48" HEIGHT="15" WC="0.96" CONTENT="som"/><SP WIDTH="15" VPOS="1191" HPOS="613"/>
							<String ID="string_315" HPOS="628" VPOS="1184" WIDTH="39" HEIGHT="28" WC="0.96" CONTENT="jag"/><SP WIDTH="16" VPOS="1184" HPOS="667"/>
							<String ID="string_316" HPOS="683" VPOS="1191" WIDTH="52" HEIGHT="21" WC="0.96" CONTENT="nyss"/><SP WIDTH="17" VPOS="1191" HPOS="735"/>
							<String ID="string_317" HPOS="752" VPOS="1184" WIDTH="104" HEIGHT="28" WC="0.96" CONTENT="antydde."/>
						</TextLine>
					</TextBlock>
				</ComposedBlock>
				<ComposedBlock ID="cblock_2" HPOS="180" VPOS="1239" WIDTH="833" HEIGHT="271">
					<TextBlock ID="block_3" HPOS="180" VPOS="1239" WIDTH="833" HEIGHT="271">
						<TextLine ID="line_35" HPOS="255" VPOS="1239" WIDTH="755" HEIGHT="33">
							<String ID="string_318" HPOS="255" VPOS="1243" WIDTH="48" HEIGHT="21" WC="0.92" CONTENT="Hra"/><SP WIDTH="20" VPOS="1243" HPOS="303"/>
							<String ID="string_319" HPOS="323" VPOS="1244" WIDTH="111" HEIGHT="22" WC="0.96" CONTENT="Nordlund:"/><SP WIDTH="16" VPOS="1244" HPOS="434"/>
							<String ID="string_320" HPOS="450" VPOS="1239" WIDTH="73" HEIGHT="27" WC="0.96" CONTENT="Äfven"/><SP WIDTH="14" VPOS="1239" HPOS="523"/>
							<String ID="string_321" HPOS="537" VPOS="1244" WIDTH="41" HEIGHT="28" WC="0.96" CONTENT="jag"/><SP WIDTH="15" VPOS="1244" HPOS="578"/>
							<String ID="string_322" HPOS="593" VPOS="1244" WIDTH="41" HEIGHT="22" WC="0.96" CONTENT="ber"/><SP WIDTH="16" VPOS="1244" HPOS="634"/>
							<String ID="string_323" HPOS="650" VPOS="1245" WIDTH="32" HEIGHT="20" WC="0.96" CONTENT="att"/><SP WIDTH="15" VPOS="1245" HPOS="682"/>
							<String ID="string_324" HPOS="697" VPOS="1242" WIDTH="23" HEIGHT="22" WC="0.96" CONTENT="få"/><SP WIDTH="17" VPOS="1242" HPOS="720"/>
							<String ID="string_325" HPOS="737" VPOS="1243" WIDTH="128" HEIGHT="22" WC="0.96" CONTENT="konstatera"/><SP WIDTH="16" VPOS="1243" HPOS="865"/>
							<String ID="string_326" HPOS="881" VPOS="1243" WIDTH="43" HEIGHT="21" WC="0.91" CONTENT="den"/><SP WIDTH="16" VPOS="1243" HPOS="924"/>
							<String ID="string_327" HPOS="940" VPOS="1243" WIDTH="70" HEIGHT="28" WC="0.91" CONTENT="lifliga"/>
						</TextLine>
						<TextLine ID="line_36" HPOS="181" VPOS="1272" WIDTH="832" HEIGHT="30">
							<String ID="string_328" HPOS="181" VPOS="1272" WIDTH="203" HEIGHT="28" WC="0.89" CONTENT="tillfredsställelse,"/><SP WIDTH="24" VPOS="1272" HPOS="384"/>
							<String ID="string_329" HPOS="408" VPOS="1274" WIDTH="107" HEIGHT="21" WC="0.90" CONTENT="hvarmed"/><SP WIDTH="23" VPOS="1274" HPOS="515"/>
							<String ID="string_330" HPOS="538" VPOS="1274" WIDTH="79" HEIGHT="28" WC="0.93" CONTENT="hvarje"/><SP WIDTH="24" VPOS="1274" HPOS="617"/>
							<String ID="string_331" HPOS="641" VPOS="1273" WIDTH="207" HEIGHT="29" WC="0.89" CONTENT="folkbildningsvän"/><SP WIDTH="15" VPOS="1273" HPOS="848"/>
							<String ID="string_332" HPOS="863" VPOS="1273" WIDTH="56" HEIGHT="28" WC="0.96" CONTENT="tagit"/><SP WIDTH="17" VPOS="1273" HPOS="919"/>
							<String ID="string_333" HPOS="936" VPOS="1273" WIDTH="36" HEIGHT="21" WC="0.96" CONTENT="del"/><SP WIDTH="16" VPOS="1273" HPOS="972"/>
							<String ID="string_334" HPOS="988" VPOS="1272" WIDTH="25" HEIGHT="22" WC="0.95" CONTENT="af"/>
						</TextLine>
						<TextLine ID="line_37" HPOS="181" VPOS="1302" WIDTH="827" HEIGHT="30">
							<String ID="string_335" HPOS="181" VPOS="1302" WIDTH="177" HEIGHT="22" WC="0.92" CONTENT="statsutskottets"/><SP WIDTH="16" VPOS="1302" HPOS="358"/>
							<String ID="string_336" HPOS="374" VPOS="1302" WIDTH="159" HEIGHT="30" WC="0.96" CONTENT="föreliggande"/><SP WIDTH="15" VPOS="1302" HPOS="533"/>
							<String ID="string_337" HPOS="548" VPOS="1303" WIDTH="148" HEIGHT="22" WC="0.96" CONTENT="betänkande."/><SP WIDTH="25" VPOS="1303" HPOS="696"/>
							<String ID="string_338" HPOS="721" VPOS="1302" WIDTH="52" HEIGHT="22" WC="0.95" CONTENT="Man"/><SP WIDTH="18" VPOS="1302" HPOS="773"/>
							<String ID="string_339" HPOS="791" VPOS="1304" WIDTH="71" HEIGHT="20" WC="0.96" CONTENT="möter"/><SP WIDTH="12" VPOS="1304" HPOS="862"/>
							<String ID="string_340" HPOS="874" VPOS="1303" WIDTH="26" HEIGHT="27" WC="0.96" CONTENT="ju"/><SP WIDTH="11" VPOS="1303" HPOS="900"/>
							<String ID="string_341" HPOS="911" VPOS="1303" WIDTH="41" HEIGHT="21" WC="0.93" CONTENT="här"/><SP WIDTH="10" VPOS="1303" HPOS="952"/>
							<String ID="string_342" HPOS="962" VPOS="1302" WIDTH="46" HEIGHT="23" WC="0.92" CONTENT="för-"/>
						</TextLine>
						<TextLine ID="line_38" HPOS="180" VPOS="1332" WIDTH="829" HEIGHT="30">
							<String ID="string_343" HPOS="180" VPOS="1332" WIDTH="58" HEIGHT="28" WC="0.96" CONTENT="slag,"/><SP WIDTH="18" VPOS="1332" HPOS="238"/>
							<String ID="string_344" HPOS="256" VPOS="1332" WIDTH="84" HEIGHT="27" WC="0.96" CONTENT="hvilka,"/><SP WIDTH="17" VPOS="1332" HPOS="340"/>
							<String ID="string_345" HPOS="357" VPOS="1340" WIDTH="37" HEIGHT="14" WC="0.96" CONTENT="om"/><SP WIDTH="16" VPOS="1340" HPOS="394"/>
							<String ID="string_346" HPOS="410" VPOS="1333" WIDTH="34" HEIGHT="27" WC="0.96" CONTENT="de,"/><SP WIDTH="17" VPOS="1333" HPOS="444"/>
							<String ID="string_347" HPOS="461" VPOS="1334" WIDTH="73" HEIGHT="21" WC="0.96" CONTENT="såsom"/><SP WIDTH="16" VPOS="1334" HPOS="534"/>
							<String ID="string_348" HPOS="550" VPOS="1333" WIDTH="110" HEIGHT="29" WC="0.96" CONTENT="antagligt"/><SP WIDTH="11" VPOS="1333" HPOS="660"/>
							<String ID="string_349" HPOS="671" VPOS="1336" WIDTH="31" HEIGHT="23" WC="0.96" CONTENT="är,"/><SP WIDTH="12" VPOS="1336" HPOS="702"/>
							<String ID="string_350" HPOS="714" VPOS="1332" WIDTH="26" HEIGHT="22" WC="0.96" CONTENT="af"/><SP WIDTH="8" VPOS="1332" HPOS="740"/>
							<String ID="string_351" HPOS="748" VPOS="1332" WIDTH="120" HEIGHT="22" WC="0.96" CONTENT="ständerna"/><SP WIDTH="11" VPOS="1332" HPOS="868"/>
							<String ID="string_352" HPOS="879" VPOS="1340" WIDTH="30" HEIGHT="14" WC="0.96" CONTENT="nu"/><SP WIDTH="10" VPOS="1340" HPOS="909"/>
							<String ID="string_353" HPOS="919" VPOS="1332" WIDTH="90" HEIGHT="22" WC="0.96" CONTENT="komma"/>
						</TextLine>
						<TextLine ID="line_39" HPOS="183" VPOS="1362" WIDTH="827" HEIGHT="29">
							<String ID="string_354" HPOS="183" VPOS="1363" WIDTH="33" HEIGHT="20" WC="0.96" CONTENT="att"/><SP WIDTH="22" VPOS="1363" HPOS="216"/>
							<String ID="string_355" HPOS="238" VPOS="1362" WIDTH="142" HEIGHT="28" WC="0.96" CONTENT="godkännas,"/><SP WIDTH="25" VPOS="1362" HPOS="380"/>
							<String ID="string_356" HPOS="405" VPOS="1363" WIDTH="51" HEIGHT="21" WC="0.96" CONTENT="med"/><SP WIDTH="16" VPOS="1363" HPOS="456"/>
							<String ID="string_357" HPOS="472" VPOS="1370" WIDTH="38" HEIGHT="14" WC="0.96" CONTENT="ens"/><SP WIDTH="17" VPOS="1370" HPOS="510"/>
							<String ID="string_358" HPOS="527" VPOS="1362" WIDTH="51" HEIGHT="23" WC="0.92" CONTENT="föra"/><SP WIDTH="15" VPOS="1362" HPOS="578"/>
							<String ID="string_359" HPOS="593" VPOS="1362" WIDTH="250" HEIGHT="29" WC="0.91" CONTENT="folkbildningsarbetet"/><SP WIDTH="15" VPOS="1362" HPOS="843"/>
							<String ID="string_360" HPOS="858" VPOS="1364" WIDTH="32" HEIGHT="20" WC="0.96" CONTENT="ett"/><SP WIDTH="16" VPOS="1364" HPOS="890"/>
							<String ID="string_361" HPOS="906" VPOS="1362" WIDTH="104" HEIGHT="28" WC="0.96" CONTENT="ofantligt"/>
						</TextLine>
						<TextLine ID="line_40" HPOS="182" VPOS="1391" WIDTH="828" HEIGHT="30">
							<String ID="string_362" HPOS="182" VPOS="1393" WIDTH="56" HEIGHT="20" WC="0.93" CONTENT="stort"/><SP WIDTH="25" VPOS="1393" HPOS="238"/>
							<String ID="string_363" HPOS="263" VPOS="1393" WIDTH="50" HEIGHT="27" WC="0.93" CONTENT="steg"/><SP WIDTH="22" VPOS="1393" HPOS="313"/>
							<String ID="string_364" HPOS="335" VPOS="1391" WIDTH="88" HEIGHT="23" WC="0.94" CONTENT="framåt."/><SP WIDTH="32" VPOS="1391" HPOS="423"/>
							<String ID="string_365" HPOS="455" VPOS="1392" WIDTH="39" HEIGHT="22" WC="0.96" CONTENT="Att"/><SP WIDTH="20" VPOS="1392" HPOS="494"/>
							<String ID="string_366" HPOS="514" VPOS="1394" WIDTH="32" HEIGHT="20" WC="0.93" CONTENT="ett"/><SP WIDTH="15" VPOS="1394" HPOS="546"/>
							<String ID="string_367" HPOS="561" VPOS="1392" WIDTH="145" HEIGHT="29" WC="0.90" CONTENT="lejonsprång"/><SP WIDTH="15" VPOS="1392" HPOS="706"/>
							<String ID="string_368" HPOS="721" VPOS="1392" WIDTH="6" HEIGHT="21" WC="0.96" CONTENT="i"/><SP WIDTH="18" VPOS="1392" HPOS="727"/>
							<String ID="string_369" HPOS="745" VPOS="1392" WIDTH="62" HEIGHT="22" WC="0.96" CONTENT="detta"/><SP WIDTH="15" VPOS="1392" HPOS="807"/>
							<String ID="string_370" HPOS="822" VPOS="1391" WIDTH="106" HEIGHT="23" WC="0.96" CONTENT="afseende"/><SP WIDTH="16" VPOS="1391" HPOS="928"/>
							<String ID="string_371" HPOS="944" VPOS="1392" WIDTH="66" HEIGHT="22" WC="0.96" CONTENT="också"/>
						</TextLine>
						<TextLine ID="line_41" HPOS="181" VPOS="1421" WIDTH="829" HEIGHT="29">
							<String ID="string_372" HPOS="181" VPOS="1422" WIDTH="73" HEIGHT="21" WC="0.95" CONTENT="under"/><SP WIDTH="16" VPOS="1422" HPOS="254"/>
							<String ID="string_373" HPOS="270" VPOS="1422" WIDTH="142" HEIGHT="22" WC="0.95" CONTENT="närvarande"/><SP WIDTH="15" VPOS="1422" HPOS="412"/>
							<String ID="string_374" HPOS="427" VPOS="1422" WIDTH="158" HEIGHT="22" WC="0.96" CONTENT="förhållanden"/><SP WIDTH="17" VPOS="1422" HPOS="585"/>
							<String ID="string_375" HPOS="602" VPOS="1425" WIDTH="24" HEIGHT="18" WC="0.96" CONTENT="är"/><SP WIDTH="16" VPOS="1425" HPOS="626"/>
							<String ID="string_376" HPOS="642" VPOS="1422" WIDTH="146" HEIGHT="28" WC="0.95" CONTENT="nödvändigt,"/><SP WIDTH="17" VPOS="1422" HPOS="788"/>
							<String ID="string_377" HPOS="805" VPOS="1423" WIDTH="70" HEIGHT="21" WC="0.96" CONTENT="måste"/><SP WIDTH="16" VPOS="1423" HPOS="875"/>
							<String ID="string_378" HPOS="891" VPOS="1422" WIDTH="37" HEIGHT="21" WC="0.96" CONTENT="väl"/><SP WIDTH="16" VPOS="1422" HPOS="928"/>
							<String ID="string_379" HPOS="944" VPOS="1421" WIDTH="66" HEIGHT="22" WC="0.96" CONTENT="äfven"/>
						</TextLine>
						<TextLine ID="line_42" HPOS="181" VPOS="1451" WIDTH="829" HEIGHT="29">
							<String ID="string_380" HPOS="181" VPOS="1452" WIDTH="28" HEIGHT="21" WC="0.96" CONTENT="af"/><SP WIDTH="21" VPOS="1452" HPOS="209"/>
							<String ID="string_381" HPOS="230" VPOS="1451" WIDTH="46" HEIGHT="21" WC="0.95" CONTENT="alla"/><SP WIDTH="23" VPOS="1451" HPOS="276"/>
							<String ID="string_382" HPOS="299" VPOS="1452" WIDTH="117" HEIGHT="21" WC="0.95" CONTENT="erkännas."/><SP WIDTH="32" VPOS="1452" HPOS="416"/>
							<String ID="string_383" HPOS="448" VPOS="1452" WIDTH="35" HEIGHT="22" WC="0.96" CONTENT="De"/><SP WIDTH="24" VPOS="1452" HPOS="483"/>
							<String ID="string_384" HPOS="507" VPOS="1454" WIDTH="91" HEIGHT="26" WC="0.91" CONTENT="gångna"/><SP WIDTH="21" VPOS="1454" HPOS="598"/>
							<String ID="string_385" HPOS="619" VPOS="1459" WIDTH="74" HEIGHT="21" WC="0.92" CONTENT="sorge-"/><SP WIDTH="24" VPOS="1459" HPOS="693"/>
							<String ID="string_386" HPOS="717" VPOS="1452" WIDTH="42" HEIGHT="22" WC="0.93" CONTENT="och"/><SP WIDTH="24" VPOS="1452" HPOS="759"/>
							<String ID="string_387" HPOS="783" VPOS="1451" WIDTH="133" HEIGHT="29" WC="0.91" CONTENT="pröfvoåren"/><SP WIDTH="27" VPOS="1451" HPOS="916"/>
							<String ID="string_388" HPOS="943" VPOS="1451" WIDTH="67" HEIGHT="21" WC="0.96" CONTENT="hafva"/>
						</TextLine>
						<TextLine ID="line_43" HPOS="181" VPOS="1480" WIDTH="828" HEIGHT="30">
							<String ID="string_389" HPOS="181" VPOS="1480" WIDTH="83" HEIGHT="22" WC="0.95" CONTENT="blottat"/><SP WIDTH="17" VPOS="1480" HPOS="264"/>
							<String ID="string_390" HPOS="281" VPOS="1482" WIDTH="23" HEIGHT="20" WC="0.96" CONTENT="så"/><SP WIDTH="18" VPOS="1482" HPOS="304"/>
							<String ID="string_391" HPOS="322" VPOS="1483" WIDTH="83" HEIGHT="27" WC="0.96" CONTENT="många"/><SP WIDTH="15" VPOS="1483" HPOS="405"/>
							<String ID="string_392" HPOS="420" VPOS="1482" WIDTH="81" HEIGHT="22" WC="0.96" CONTENT="brister"/><SP WIDTH="15" VPOS="1482" HPOS="501"/>
							<String ID="string_393" HPOS="516" VPOS="1482" WIDTH="8" HEIGHT="22" WC="0.96" CONTENT="i"/><SP WIDTH="16" VPOS="1482" HPOS="524"/>
							<String ID="string_394" HPOS="540" VPOS="1484" WIDTH="40" HEIGHT="20" WC="0.96" CONTENT="vår"/><SP WIDTH="15" VPOS="1484" HPOS="580"/>
							<String ID="string_395" HPOS="595" VPOS="1481" WIDTH="158" HEIGHT="29" WC="0.94" CONTENT="folkbildning,"/><SP WIDTH="18" VPOS="1481" HPOS="753"/>
							<String ID="string_396" HPOS="771" VPOS="1482" WIDTH="40" HEIGHT="22" WC="0.95" CONTENT="och"/><SP WIDTH="17" VPOS="1482" HPOS="811"/>
							<String ID="string_397" HPOS="828" VPOS="1482" WIDTH="7" HEIGHT="20" WC="0.96" CONTENT="i"/><SP WIDTH="17" VPOS="1482" HPOS="835"/>
							<String ID="string_398" HPOS="852" VPOS="1482" WIDTH="43" HEIGHT="21" WC="0.96" CONTENT="den"/><SP WIDTH="12" VPOS="1482" HPOS="895"/>
							<String ID="string_399" HPOS="907" VPOS="1482" WIDTH="45" HEIGHT="28" WC="0.95" CONTENT="dag"/><SP WIDTH="10" VPOS="1482" HPOS="952"/>
							<String ID="string_400" HPOS="962" VPOS="1488" WIDTH="47" HEIGHT="15" WC="0.96" CONTENT="som"/>
						</TextLine>
					</TextBlock>
				</ComposedBlock>
			</PrintSpace>
		</Page>
	</Layout>
</alto>
