<?xml version="1.0" encoding="UTF-8"?>
<alto xmlns="http://www.loc.gov/standards/alto/ns-v3#" xmlns:xlink="http://www.w3.org/1999/xlink" xmlns:xsi="http://www.w3.org/2001/XMLSchema-instance" xsi:schemaLocation="http://www.loc.gov/standards/alto/ns-v3# http://www.loc.gov/alto/v3/alto-3-0.xsd">
	<Description>
		<MeasurementUnit>pixel</MeasurementUnit>
		<sourceImageInformation>
			<fileName>/tmp/tess_feki2nlc_input.PNG</fileName>
		</sourceImageInformation>
		<OCRProcessing ID="OCR_0">
			<ocrProcessingStep>
				<processingSoftware>
					<softwareName>tesseract 5.3.4</softwareName>
				</processingSoftware>
			</ocrProcessingStep>
		</OCRProcessing>
	</Description>
	<Layout>
		<Page WIDTH="1098" HEIGHT="1761" PHYSICAL_IMG_NR="0" ID="page_0">
			<PrintSpace HPOS="0" VPOS="0" WIDTH="1098" HEIGHT="1761">
				<ComposedBlock ID="cblock_0" HPOS="301" VPOS="106" WIDTH="597" HEIGHT="23">
					<TextBlock ID="block_0" HPOS="301" VPOS="106" WIDTH="597" HEIGHT="23">
						<TextLine ID="line_0" HPOS="301" VPOS="106" WIDTH="597" HEIGHT="23">
							<String ID="string_0" HPOS="301" VPOS="106" WIDTH="83" HEIGHT="19" WC="0.89" CONTENT="Uusista"/><SP WIDTH="12" VPOS="106" HPOS="384"/>
							<String ID="string_1" HPOS="396" VPOS="107" WIDTH="242" HEIGHT="18" WC="0.91" CONTENT="rautatierakennuksista."/><SP WIDTH="219" VPOS="107" HPOS="638"/>
							<String ID="string_2" HPOS="857" VPOS="107" WIDTH="41" HEIGHT="22" WC="0.95" CONTENT="341"/>
						</TextLine>
					</TextBlock>
				</ComposedBlock>
				<ComposedBlock ID="cblock_1" HPOS="75" VPOS="165" WIDTH="835" HEIGHT="1341">
					<TextBlock ID="block_1" HPOS="75" VPOS="165" WIDTH="835" HEIGHT="1341">
						<TextLine ID="line_1" HPOS="75" VPOS="165" WIDTH="822" HEIGHT="30">
							<String ID="string_3" HPOS="75" VPOS="167" WIDTH="48" HEIGHT="28" WC="0.95" CONTENT="mig"/><SP WIDTH="21" VPOS="167" HPOS="123"/>
							<String ID="string_4" HPOS="144" VPOS="166" WIDTH="128" HEIGHT="28" WC="0.95" CONTENT="högeligen,"/><SP WIDTH="24" VPOS="166" HPOS="272"/>
							<String ID="string_5" HPOS="296" VPOS="168" WIDTH="32" HEIGHT="19" WC="0.93" CONTENT="att"/><SP WIDTH="21" VPOS="168" HPOS="328"/>
							<String ID="string_6" HPOS="349" VPOS="166" WIDTH="233" HEIGHT="22" WC="0.92" CONTENT="Kristinestadsborna"/><SP WIDTH="15" VPOS="166" HPOS="582"/>
							<String ID="string_7" HPOS="597" VPOS="165" WIDTH="80" HEIGHT="29" WC="0.92" CONTENT="själfva"/><SP WIDTH="16" VPOS="165" HPOS="677"/>
							<String ID="string_8" HPOS="693" VPOS="166" WIDTH="71" HEIGHT="22" WC="0.96" CONTENT="under"/><SP WIDTH="16" VPOS="166" HPOS="764"/>
							<String ID="string_9" HPOS="780" VPOS="166" WIDTH="117" HEIGHT="22" WC="0.96" CONTENT="årtionden"/>
						</TextLine>
						<TextLine ID="line_2" HPOS="75" VPOS="195" WIDTH="826" HEIGHT="30">
							<String ID="string_10" HPOS="75" VPOS="197" WIDTH="43" HEIGHT="22" WC="0.96" CONTENT="och"/><SP WIDTH="16" VPOS="197" HPOS="118"/>
							<String ID="string_11" HPOS="134" VPOS="195" WIDTH="156" HEIGHT="23" WC="0.93" CONTENT="århundraden"/><SP WIDTH="17" VPOS="195" HPOS="290"/>
							<String ID="string_12" HPOS="307" VPOS="196" WIDTH="66" HEIGHT="21" WC="0.91" CONTENT="hatva"/><SP WIDTH="16" VPOS="196" HPOS="373"/>
							<String ID="string_13" HPOS="389" VPOS="197" WIDTH="49" HEIGHT="27" WC="0.96" CONTENT="gått"/><SP WIDTH="16" VPOS="197" HPOS="438"/>
							<String ID="string_14" HPOS="454" VPOS="196" WIDTH="42" HEIGHT="22" WC="0.96" CONTENT="och"/><SP WIDTH="15" VPOS="196" HPOS="496"/>
							<String ID="string_15" HPOS="511" VPOS="195" WIDTH="112" HEIGHT="23" WC="0.96" CONTENT="föreställt"/><SP WIDTH="18" VPOS="195" HPOS="623"/>
							<String ID="string_16" HPOS="641" VPOS="196" WIDTH="35" HEIGHT="29" WC="0.96" CONTENT="sig"/><SP WIDTH="11" VPOS="196" HPOS="676"/>
							<String ID="string_17" HPOS="687" VPOS="198" WIDTH="58" HEIGHT="19" WC="0.96" CONTENT="samt"/><SP WIDTH="11" VPOS="198" HPOS="745"/>
							<String ID="string_18" HPOS="756" VPOS="196" WIDTH="50" HEIGHT="21" WC="0.96" CONTENT="låtit"/><SP WIDTH="11" VPOS="196" HPOS="806"/>
							<String ID="string_19" HPOS="817" VPOS="197" WIDTH="84" HEIGHT="27" WC="0.96" CONTENT="många"/>
						</TextLine>
						<TextLine ID="line_3" HPOS="76" VPOS="225" WIDTH="825" HEIGHT="29">
							<String ID="string_20" HPOS="76" VPOS="226" WIDTH="70" HEIGHT="22" WC="0.93" CONTENT="andra"/><SP WIDTH="22" VPOS="226" HPOS="146"/>
							<String ID="string_21" HPOS="168" VPOS="225" WIDTH="116" HEIGHT="22" WC="0.93" CONTENT="föreställa"/><SP WIDTH="23" VPOS="225" HPOS="284"/>
							<String ID="string_22" HPOS="307" VPOS="226" WIDTH="42" HEIGHT="28" WC="0.96" CONTENT="sig,"/><SP WIDTH="18" VPOS="226" HPOS="349"/>
							<String ID="string_23" HPOS="367" VPOS="227" WIDTH="32" HEIGHT="20" WC="0.96" CONTENT="att"/><SP WIDTH="22" VPOS="227" HPOS="399"/>
							<String ID="string_24" HPOS="421" VPOS="226" WIDTH="28" HEIGHT="21" WC="0.96" CONTENT="de"/><SP WIDTH="16" VPOS="226" HPOS="449"/>
							<String ID="string_25" HPOS="465" VPOS="225" WIDTH="7" HEIGHT="22" WC="0.96" CONTENT="i"/><SP WIDTH="16" VPOS="225" HPOS="472"/>
							<String ID="string_26" HPOS="488" VPOS="226" WIDTH="34" HEIGHT="21" WC="0.96" CONTENT="sin"/><SP WIDTH="20" VPOS="226" HPOS="522"/>
							<String ID="string_27" HPOS="542" VPOS="226" WIDTH="68" HEIGHT="21" WC="0.96" CONTENT="hamn"/><SP WIDTH="17" VPOS="226" HPOS="610"/>
							<String ID="string_28" HPOS="627" VPOS="225" WIDTH="68" HEIGHT="22" WC="0.95" CONTENT="hafva"/><SP WIDTH="16" VPOS="225" HPOS="695"/>
							<String ID="string_29" HPOS="711" VPOS="233" WIDTH="28" HEIGHT="14" WC="0.96" CONTENT="en"/><SP WIDTH="16" VPOS="233" HPOS="739"/>
							<String ID="string_30" HPOS="755" VPOS="225" WIDTH="146" HEIGHT="28" WC="0.96" CONTENT="märkvärdig"/>
						</TextLine>
						<TextLine ID="line_4" HPOS="78" VPOS="254" WIDTH="827" HEIGHT="30">
							<String ID="string_31" HPOS="78" VPOS="259" WIDTH="93" HEIGHT="25" WC="0.45" CONTENT="»rygg*,"/><SP WIDTH="24" VPOS="259" HPOS="171"/>
							<String ID="string_32" HPOS="195" VPOS="262" WIDTH="49" HEIGHT="15" WC="0.96" CONTENT="som"/><SP WIDTH="23" VPOS="262" HPOS="244"/>
							<String ID="string_33" HPOS="267" VPOS="262" WIDTH="52" HEIGHT="15" WC="0.96" CONTENT="man"/><SP WIDTH="23" VPOS="262" HPOS="319"/>
							<String ID="string_34" HPOS="342" VPOS="255" WIDTH="50" HEIGHT="22" WC="0.96" CONTENT="icke"/><SP WIDTH="24" VPOS="255" HPOS="392"/>
							<String ID="string_35" HPOS="416" VPOS="255" WIDTH="45" HEIGHT="22" WC="0.96" CONTENT="kan"/><SP WIDTH="24" VPOS="255" HPOS="461"/>
							<String ID="string_36" HPOS="485" VPOS="255" WIDTH="22" HEIGHT="22" WC="0.96" CONTENT="få"/><SP WIDTH="16" VPOS="255" HPOS="507"/>
							<String ID="string_37" HPOS="523" VPOS="256" WIDTH="57" HEIGHT="26" WC="0.96" CONTENT="bort,"/><SP WIDTH="17" VPOS="256" HPOS="580"/>
							<String ID="string_38" HPOS="597" VPOS="263" WIDTH="28" HEIGHT="14" WC="0.96" CONTENT="en"/><SP WIDTH="15" VPOS="263" HPOS="625"/>
							<String ID="string_39" HPOS="640" VPOS="263" WIDTH="66" HEIGHT="21" WC="0.95" CONTENT="rygg,"/><SP WIDTH="18" VPOS="263" HPOS="706"/>
							<String ID="string_40" HPOS="724" VPOS="263" WIDTH="48" HEIGHT="14" WC="0.96" CONTENT="som"/><SP WIDTH="17" VPOS="263" HPOS="772"/>
							<String ID="string_41" HPOS="789" VPOS="255" WIDTH="74" HEIGHT="22" WC="0.96" CONTENT="består"/><SP WIDTH="17" VPOS="255" HPOS="863"/>
							<String ID="string_42" HPOS="880" VPOS="254" WIDTH="25" HEIGHT="22" WC="0.96" CONTENT="af"/>
						</TextLine>
						<TextLine ID="line_5" HPOS="76" VPOS="285" WIDTH="824" HEIGHT="28">
							<String ID="string_43" HPOS="76" VPOS="287" WIDTH="49" HEIGHT="20" WC="0.96" CONTENT="sten"/><SP WIDTH="16" VPOS="287" HPOS="125"/>
							<String ID="string_44" HPOS="141" VPOS="285" WIDTH="42" HEIGHT="21" WC="0.90" CONTENT="och"/><SP WIDTH="16" VPOS="285" HPOS="183"/>
							<String ID="string_45" HPOS="199" VPOS="285" WIDTH="64" HEIGHT="28" WC="0.90" CONTENT="bärg,"/><SP WIDTH="16" VPOS="285" HPOS="263"/>
							<String ID="string_46" HPOS="279" VPOS="285" WIDTH="41" HEIGHT="21" WC="0.96" CONTENT="och"/><SP WIDTH="17" VPOS="285" HPOS="320"/>
							<String ID="string_47" HPOS="337" VPOS="285" WIDTH="70" HEIGHT="22" WC="0.93" CONTENT="likväl"/><SP WIDTH="15" VPOS="285" HPOS="407"/>
							<String ID="string_48" HPOS="422" VPOS="285" WIDTH="102" HEIGHT="22" WC="0.91" CONTENT="befinnes"/><SP WIDTH="16" VPOS="285" HPOS="524"/>
							<String ID="string_49" HPOS="540" VPOS="285" WIDTH="38" HEIGHT="22" WC="0.95" CONTENT="det"/><SP WIDTH="16" VPOS="285" HPOS="578"/>
							<String ID="string_50" HPOS="594" VPOS="293" WIDTH="37" HEIGHT="19" WC="0.95" CONTENT="nu,"/><SP WIDTH="17" VPOS="293" HPOS="631"/>
							<String ID="string_51" HPOS="648" VPOS="287" WIDTH="32" HEIGHT="20" WC="0.96" CONTENT="att"/><SP WIDTH="16" VPOS="287" HPOS="680"/>
							<String ID="string_52" HPOS="696" VPOS="285" WIDTH="43" HEIGHT="22" WC="0.93" CONTENT="den"/><SP WIDTH="17" VPOS="285" HPOS="739"/>
							<String ID="string_53" HPOS="756" VPOS="285" WIDTH="92" HEIGHT="22" WC="0.89" CONTENT="allsicke"/><SP WIDTH="13" VPOS="285" HPOS="848"/>
							<String ID="string_54" HPOS="861" VPOS="285" WIDTH="39" HEIGHT="21" WC="0.92" CONTENT="be-"/>
						</TextLine>
						<TextLine ID="line_6" HPOS="76" VPOS="314" WIDTH="824" HEIGHT="29">
							<String ID="string_55" HPOS="76" VPOS="316" WIDTH="46" HEIGHT="20" WC="0.96" CONTENT="står"/><SP WIDTH="16" VPOS="316" HPOS="122"/>
							<String ID="string_56" HPOS="138" VPOS="314" WIDTH="26" HEIGHT="22" WC="0.96" CONTENT="af"/><SP WIDTH="12" VPOS="314" HPOS="164"/>
							<String ID="string_57" HPOS="176" VPOS="316" WIDTH="49" HEIGHT="20" WC="0.96" CONTENT="sten"/><SP WIDTH="16" VPOS="316" HPOS="225"/>
							<String ID="string_58" HPOS="241" VPOS="315" WIDTH="41" HEIGHT="21" WC="0.93" CONTENT="och"/><SP WIDTH="16" VPOS="315" HPOS="282"/>
							<String ID="string_59" HPOS="298" VPOS="315" WIDTH="63" HEIGHT="28" WC="0.92" CONTENT="bärg,"/><SP WIDTH="16" VPOS="315" HPOS="361"/>
							<String ID="string_60" HPOS="377" VPOS="316" WIDTH="54" HEIGHT="20" WC="0.96" CONTENT="utan"/><SP WIDTH="16" VPOS="316" HPOS="431"/>
							<String ID="string_61" HPOS="447" VPOS="314" WIDTH="26" HEIGHT="22" WC="0.96" CONTENT="af"/><SP WIDTH="13" VPOS="314" HPOS="473"/>
							<String ID="string_62" HPOS="486" VPOS="322" WIDTH="28" HEIGHT="14" WC="0.97" CONTENT="en"/><SP WIDTH="16" VPOS="322" HPOS="514"/>
							<String ID="string_63" HPOS="530" VPOS="315" WIDTH="33" HEIGHT="22" WC="0.96" CONTENT="lös"/><SP WIDTH="14" VPOS="315" HPOS="563"/>
							<String ID="string_64" HPOS="577" VPOS="314" WIDTH="63" HEIGHT="29" WC="0.93" CONTENT="jord!"/><SP WIDTH="32" VPOS="314" HPOS="640"/>
							<String ID="string_65" HPOS="672" VPOS="315" WIDTH="103" HEIGHT="22" WC="0.89" CONTENT="Hvarför"/><SP WIDTH="16" VPOS="315" HPOS="775"/>
							<String ID="string_66" HPOS="791" VPOS="315" WIDTH="41" HEIGHT="21" WC="0.96" CONTENT="har"/><SP WIDTH="15" VPOS="315" HPOS="832"/>
							<String ID="string_67" HPOS="847" VPOS="322" WIDTH="53" HEIGHT="14" WC="0.96" CONTENT="man"/>
						</TextLine>
						<TextLine ID="line_7" HPOS="77" VPOS="344" WIDTH="823" HEIGHT="29">
							<String ID="string_68" HPOS="77" VPOS="345" WIDTH="29" HEIGHT="21" WC="0.92" CONTENT="dä"/><SP WIDTH="16" VPOS="345" HPOS="106"/>
							<String ID="string_69" HPOS="122" VPOS="344" WIDTH="50" HEIGHT="22" WC="0.96" CONTENT="icke"/><SP WIDTH="16" VPOS="344" HPOS="172"/>
							<String ID="string_70" HPOS="188" VPOS="344" WIDTH="49" HEIGHT="22" WC="0.93" CONTENT="förr"/><SP WIDTH="15" VPOS="344" HPOS="237"/>
							<String ID="string_71" HPOS="252" VPOS="344" WIDTH="132" HEIGHT="22" WC="0.92" CONTENT="bortskaffat"/><SP WIDTH="17" VPOS="344" HPOS="384"/>
							<String ID="string_72" HPOS="401" VPOS="344" WIDTH="43" HEIGHT="22" WC="0.96" CONTENT="den"/><SP WIDTH="17" VPOS="344" HPOS="444"/>
							<String ID="string_73" HPOS="461" VPOS="345" WIDTH="40" HEIGHT="21" WC="0.96" CONTENT="där"/><SP WIDTH="15" VPOS="345" HPOS="501"/>
							<String ID="string_74" HPOS="516" VPOS="345" WIDTH="48" HEIGHT="21" WC="0.93" CONTENT="lösa"/><SP WIDTH="14" VPOS="345" HPOS="564"/>
							<String ID="string_75" HPOS="578" VPOS="345" WIDTH="87" HEIGHT="28" WC="0.96" CONTENT="jorden,"/><SP WIDTH="17" VPOS="345" HPOS="665"/>
							<String ID="string_76" HPOS="682" VPOS="352" WIDTH="48" HEIGHT="14" WC="0.96" CONTENT="som"/><SP WIDTH="16" VPOS="352" HPOS="730"/>
							<String ID="string_77" HPOS="746" VPOS="345" WIDTH="59" HEIGHT="21" WC="0.54" CONTENT="varit"/><SP WIDTH="10" VPOS="345" HPOS="805"/>
							<String ID="string_78" HPOS="815" VPOS="346" WIDTH="24" HEIGHT="21" WC="0.54" CONTENT="sä"/><SP WIDTH="11" VPOS="346" HPOS="839"/>
							<String ID="string_79" HPOS="850" VPOS="345" WIDTH="50" HEIGHT="21" WC="0.93" CONTENT="hin-"/>
						</TextLine>
						<TextLine ID="line_8" HPOS="77" VPOS="374" WIDTH="822" HEIGHT="29">
							<String ID="string_80" HPOS="77" VPOS="374" WIDTH="73" HEIGHT="29" WC="0.92" CONTENT="derlig"/><SP WIDTH="20" VPOS="374" HPOS="150"/>
							<String ID="string_81" HPOS="170" VPOS="374" WIDTH="39" HEIGHT="22" WC="0.93" CONTENT="för"/><SP WIDTH="15" VPOS="374" HPOS="209"/>
							<String ID="string_82" HPOS="224" VPOS="374" WIDTH="96" HEIGHT="22" WC="0.92" CONTENT="trafiken"/><SP WIDTH="16" VPOS="374" HPOS="320"/>
							<String ID="string_83" HPOS="336" VPOS="375" WIDTH="41" HEIGHT="21" WC="0.93" CONTENT="och"/><SP WIDTH="17" VPOS="375" HPOS="377"/>
							<String ID="string_84" HPOS="394" VPOS="374" WIDTH="114" HEIGHT="29" WC="0.89" CONTENT="besvärlig"/><SP WIDTH="16" VPOS="374" HPOS="508"/>
							<String ID="string_85" HPOS="524" VPOS="374" WIDTH="37" HEIGHT="22" WC="0.93" CONTENT="för"/><SP WIDTH="13" VPOS="374" HPOS="561"/>
							<String ID="string_86" HPOS="574" VPOS="374" WIDTH="234" HEIGHT="29" WC="0.91" CONTENT="järnvägsplanerna?"/><SP WIDTH="33" VPOS="374" HPOS="808"/>
							<String ID="string_87" HPOS="841" VPOS="374" WIDTH="58" HEIGHT="22" WC="0.95" CONTENT="Ville"/>
						</TextLine>
						<TextLine ID="line_9" HPOS="78" VPOS="404" WIDTH="822" HEIGHT="29">
							<String ID="string_88" HPOS="78" VPOS="411" WIDTH="52" HEIGHT="15" WC="0.92" CONTENT="man"/><SP WIDTH="24" VPOS="411" HPOS="130"/>
							<String ID="string_89" HPOS="154" VPOS="404" WIDTH="107" HEIGHT="29" WC="0.92" CONTENT="möjligen"/><SP WIDTH="23" VPOS="404" HPOS="261"/>
							<String ID="string_90" HPOS="284" VPOS="411" WIDTH="66" HEIGHT="21" WC="0.92" CONTENT="spara"/><SP WIDTH="23" VPOS="411" HPOS="350"/>
							<String ID="string_91" HPOS="373" VPOS="404" WIDTH="50" HEIGHT="26" WC="0.95" CONTENT="den,"/><SP WIDTH="24" VPOS="404" HPOS="423"/>
							<String ID="string_92" HPOS="447" VPOS="404" WIDTH="38" HEIGHT="22" WC="0.96" CONTENT="för"/><SP WIDTH="21" VPOS="404" HPOS="485"/>
							<String ID="string_93" HPOS="506" VPOS="406" WIDTH="32" HEIGHT="20" WC="0.96" CONTENT="att"/><SP WIDTH="17" VPOS="406" HPOS="538"/>
							<String ID="string_94" HPOS="555" VPOS="405" WIDTH="105" HEIGHT="21" WC="0.96" CONTENT="använda"/><SP WIDTH="15" VPOS="405" HPOS="660"/>
							<String ID="string_95" HPOS="675" VPOS="404" WIDTH="43" HEIGHT="22" WC="0.96" CONTENT="den"/><SP WIDTH="16" VPOS="404" HPOS="718"/>
							<String ID="string_96" HPOS="734" VPOS="404" WIDTH="34" HEIGHT="22" WC="0.93" CONTENT="till"/><SP WIDTH="16" VPOS="404" HPOS="768"/>
							<String ID="string_97" HPOS="784" VPOS="404" WIDTH="116" HEIGHT="22" WC="0.91" CONTENT="blifvande"/>
						</TextLine>
						<TextLine ID="line_10" HPOS="78" VPOS="434" WIDTH="820" HEIGHT="29">
							<String ID="string_98" HPOS="78" VPOS="434" WIDTH="93" HEIGHT="22" WC="0.96" CONTENT="banvall"/><SP WIDTH="17" VPOS="434" HPOS="171"/>
							<String ID="string_99" HPOS="188" VPOS="434" WIDTH="54" HEIGHT="23" WC="0.93" CONTENT="eller"/><SP WIDTH="16" VPOS="434" HPOS="242"/>
							<String ID="string_100" HPOS="258" VPOS="434" WIDTH="59" HEIGHT="22" WC="0.96" CONTENT="hvad"/><SP WIDTH="16" VPOS="434" HPOS="317"/>
							<String ID="string_101" HPOS="333" VPOS="435" WIDTH="82" HEIGHT="21" WC="0.96" CONTENT="månne"/><SP WIDTH="16" VPOS="435" HPOS="415"/>
							<String ID="string_102" HPOS="431" VPOS="434" WIDTH="121" HEIGHT="29" WC="0.96" CONTENT="meningen"/><SP WIDTH="12" VPOS="434" HPOS="552"/>
							<String ID="string_103" HPOS="564" VPOS="434" WIDTH="56" HEIGHT="22" WC="0.93" CONTENT="var?"/><SP WIDTH="13" VPOS="434" HPOS="620"/>
							<String ID="string_104" HPOS="633" VPOS="447" WIDTH="27" HEIGHT="3" WC="0.89" CONTENT="—"/><SP WIDTH="12" VPOS="447" HPOS="660"/>
							<String ID="string_105" HPOS="672" VPOS="434" WIDTH="51" HEIGHT="23" WC="0.93" CONTENT="Men"/><SP WIDTH="12" VPOS="434" HPOS="723"/>
							<String ID="string_106" HPOS="735" VPOS="434" WIDTH="73" HEIGHT="22" WC="0.93" CONTENT="skämt"/><SP WIDTH="3" VPOS="434" HPOS="808"/>
							<String ID="string_107" HPOS="811" VPOS="430" WIDTH="11" HEIGHT="38" WC="0.86" CONTENT="ä"/><SP WIDTH="21" VPOS="430" HPOS="822"/>
							<String ID="string_108" HPOS="843" VPOS="434" WIDTH="55" HEIGHT="22" WC="0.96" CONTENT="sido."/>
						</TextLine>
						<TextLine ID="line_11" HPOS="78" VPOS="463" WIDTH="824" HEIGHT="30">
							<String ID="string_109" HPOS="78" VPOS="464" WIDTH="44" HEIGHT="22" WC="0.92" CONTENT="Det"/><SP WIDTH="23" VPOS="464" HPOS="122"/>
							<String ID="string_110" HPOS="145" VPOS="467" WIDTH="25" HEIGHT="19" WC="0.94" CONTENT="är"/><SP WIDTH="15" VPOS="467" HPOS="170"/>
							<String ID="string_111" HPOS="185" VPOS="465" WIDTH="8" HEIGHT="21" WC="0.44" CONTENT="i"/><SP WIDTH="16" VPOS="465" HPOS="193"/>
							<String ID="string_112" HPOS="209" VPOS="465" WIDTH="45" HEIGHT="21" WC="0.96" CONTENT="alla"/><SP WIDTH="22" VPOS="465" HPOS="254"/>
							<String ID="string_113" HPOS="276" VPOS="463" WIDTH="40" HEIGHT="23" WC="0.97" CONTENT="fall"/><SP WIDTH="23" VPOS="463" HPOS="316"/>
							<String ID="string_114" HPOS="339" VPOS="466" WIDTH="31" HEIGHT="25" WC="0.96" CONTENT="sä,"/><SP WIDTH="24" VPOS="466" HPOS="370"/>
							<String ID="string_115" HPOS="394" VPOS="465" WIDTH="33" HEIGHT="21" WC="0.96" CONTENT="att"/><SP WIDTH="23" VPOS="465" HPOS="427"/>
							<String ID="string_116" HPOS="450" VPOS="464" WIDTH="43" HEIGHT="22" WC="0.96" CONTENT="den"/><SP WIDTH="24" VPOS="464" HPOS="493"/>
							<String ID="string_117" HPOS="517" VPOS="464" WIDTH="165" HEIGHT="29" WC="0.93" CONTENT="framställning"/><SP WIDTH="27" VPOS="464" HPOS="682"/>
							<String ID="string_118" HPOS="709" VPOS="465" WIDTH="108" HEIGHT="21" WC="0.93" CONTENT="utskottet"/><SP WIDTH="19" VPOS="465" HPOS="817"/>
							<String ID="string_119" HPOS="836" VPOS="463" WIDTH="66" HEIGHT="30" WC="0.93" CONTENT="gifvit"/>
						</TextLine>
						<TextLine ID="line_12" HPOS="79" VPOS="493" WIDTH="823" HEIGHT="30">
							<String ID="string_120" HPOS="79" VPOS="494" WIDTH="141" HEIGHT="22" WC="0.88" CONTENT="beträffande"/><SP WIDTH="22" VPOS="494" HPOS="220"/>
							<String ID="string_121" HPOS="242" VPOS="494" WIDTH="111" HEIGHT="29" WC="0.90" CONTENT="inloppets"/><SP WIDTH="15" VPOS="494" HPOS="353"/>
							<String ID="string_122" HPOS="368" VPOS="494" WIDTH="119" HEIGHT="23" WC="0.91" CONTENT="uträtande"/><SP WIDTH="16" VPOS="494" HPOS="487"/>
							<String ID="string_123" HPOS="503" VPOS="495" WIDTH="41" HEIGHT="21" WC="0.93" CONTENT="och"/><SP WIDTH="17" VPOS="495" HPOS="544"/>
							<String ID="string_124" HPOS="561" VPOS="495" WIDTH="108" HEIGHT="21" WC="0.91" CONTENT="hamnens"/><SP WIDTH="16" VPOS="495" HPOS="669"/>
							<String ID="string_125" HPOS="685" VPOS="494" WIDTH="151" HEIGHT="28" WC="0.92" CONTENT="tördjupande"/><SP WIDTH="16" VPOS="494" HPOS="836"/>
							<String ID="string_126" HPOS="852" VPOS="493" WIDTH="50" HEIGHT="23" WC="0.92" CONTENT="icke"/>
						</TextLine>
						<TextLine ID="line_13" HPOS="79" VPOS="523" WIDTH="824" HEIGHT="30">
							<String ID="string_127" HPOS="79" VPOS="524" WIDTH="97" HEIGHT="22" WC="0.96" CONTENT="skänker"/><SP WIDTH="16" VPOS="524" HPOS="176"/>
							<String ID="string_128" HPOS="192" VPOS="526" WIDTH="75" HEIGHT="27" WC="0.95" CONTENT="någon"/><SP WIDTH="17" VPOS="526" HPOS="267"/>
							<String ID="string_129" HPOS="284" VPOS="524" WIDTH="83" HEIGHT="22" WC="0.95" CONTENT="visshet"/><SP WIDTH="16" VPOS="524" HPOS="367"/>
							<String ID="string_130" HPOS="383" VPOS="524" WIDTH="85" HEIGHT="27" WC="0.96" CONTENT="därom,"/><SP WIDTH="17" VPOS="524" HPOS="468"/>
							<String ID="string_131" HPOS="485" VPOS="526" WIDTH="33" HEIGHT="20" WC="0.93" CONTENT="att"/><SP WIDTH="15" VPOS="526" HPOS="518"/>
							<String ID="string_132" HPOS="533" VPOS="525" WIDTH="104" HEIGHT="27" WC="0.96" CONTENT="hamnen,"/><SP WIDTH="17" VPOS="525" HPOS="637"/>
							<String ID="string_133" HPOS="654" VPOS="531" WIDTH="48" HEIGHT="15" WC="0.93" CONTENT="som"/><SP WIDTH="17" VPOS="531" HPOS="702"/>
							<String ID="string_134" HPOS="719" VPOS="524" WIDTH="109" HEIGHT="21" WC="0.84" CONTENT="härintills"/><SP WIDTH="16" VPOS="524" HPOS="828"/>
							<String ID="string_135" HPOS="844" VPOS="523" WIDTH="59" HEIGHT="23" WC="0.97" CONTENT="varit"/>
						</TextLine>
						<TextLine ID="line_14" HPOS="80" VPOS="553" WIDTH="822" HEIGHT="30">
							<String ID="string_136" HPOS="80" VPOS="561" WIDTH="27" HEIGHT="14" WC="0.96" CONTENT="en"/><SP WIDTH="24" VPOS="561" HPOS="107"/>
							<String ID="string_137" HPOS="131" VPOS="553" WIDTH="26" HEIGHT="23" WC="0.96" CONTENT="af"/><SP WIDTH="13" VPOS="553" HPOS="157"/>
							<String ID="string_138" HPOS="170" VPOS="554" WIDTH="27" HEIGHT="22" WC="0.96" CONTENT="de"/><SP WIDTH="16" VPOS="554" HPOS="197"/>
							<String ID="string_139" HPOS="213" VPOS="555" WIDTH="86" HEIGHT="20" WC="0.96" CONTENT="svårast"/><SP WIDTH="16" VPOS="555" HPOS="299"/>
							<String ID="string_140" HPOS="315" VPOS="554" WIDTH="149" HEIGHT="29" WC="0.96" CONTENT="tillgängliga,"/><SP WIDTH="16" VPOS="554" HPOS="464"/>
							<String ID="string_141" HPOS="480" VPOS="561" WIDTH="30" HEIGHT="14" WC="0.96" CONTENT="nu"/><SP WIDTH="16" VPOS="561" HPOS="510"/>
							<String ID="string_142" HPOS="526" VPOS="557" WIDTH="26" HEIGHT="19" WC="0.92" CONTENT="är"/><SP WIDTH="15" VPOS="557" HPOS="552"/>
							<String ID="string_143" HPOS="567" VPOS="554" WIDTH="85" HEIGHT="22" WC="0.92" CONTENT="blifven"/><SP WIDTH="17" VPOS="554" HPOS="652"/>
							<String ID="string_144" HPOS="669" VPOS="555" WIDTH="25" HEIGHT="21" WC="0.96" CONTENT="så"/><SP WIDTH="15" VPOS="555" HPOS="694"/>
							<String ID="string_145" HPOS="709" VPOS="553" WIDTH="130" HEIGHT="29" WC="0.96" CONTENT="förträfflig,"/><SP WIDTH="16" VPOS="553" HPOS="839"/>
							<String ID="string_146" HPOS="855" VPOS="560" WIDTH="47" HEIGHT="15" WC="0.96" CONTENT="som"/>
						</TextLine>
						<TextLine ID="line_15" HPOS="79" VPOS="583" WIDTH="823" HEIGHT="29">
							<String ID="string_147" HPOS="79" VPOS="584" WIDTH="107" HEIGHT="22" WC="0.96" CONTENT="utskottet"/><SP WIDTH="16" VPOS="584" HPOS="186"/>
							<String ID="string_148" HPOS="202" VPOS="584" WIDTH="66" HEIGHT="22" WC="0.93" CONTENT="söker"/><SP WIDTH="15" VPOS="584" HPOS="268"/>
							<String ID="string_149" HPOS="283" VPOS="583" WIDTH="114" HEIGHT="23" WC="0.91" CONTENT="förebära."/><SP WIDTH="31" VPOS="583" HPOS="397"/>
							<String ID="string_150" HPOS="428" VPOS="584" WIDTH="113" HEIGHT="22" WC="0.96" CONTENT="Utskottet"/><SP WIDTH="14" VPOS="584" HPOS="541"/>
							<String ID="string_151" HPOS="555" VPOS="587" WIDTH="66" HEIGHT="25" WC="0.93" CONTENT="säger"/><SP WIDTH="10" VPOS="587" HPOS="621"/>
							<String ID="string_152" HPOS="631" VPOS="583" WIDTH="61" HEIGHT="29" WC="0.93" CONTENT="själft"/><SP WIDTH="11" VPOS="583" HPOS="692"/>
							<String ID="string_153" HPOS="703" VPOS="584" WIDTH="49" HEIGHT="27" WC="0.96" CONTENT="(sid."/><SP WIDTH="12" VPOS="584" HPOS="752"/>
							<String ID="string_154" HPOS="764" VPOS="584" WIDTH="48" HEIGHT="27" WC="0.91" CONTENT="30):"/><SP WIDTH="32" VPOS="584" HPOS="812"/>
							<String ID="string_155" HPOS="844" VPOS="584" WIDTH="58" HEIGHT="25" WC="0.89" CONTENT=",An-"/>
						</TextLine>
						<TextLine ID="line_16" HPOS="80" VPOS="613" WIDTH="822" HEIGHT="29">
							<String ID="string_156" HPOS="80" VPOS="613" WIDTH="127" HEIGHT="23" WC="0.92" CONTENT="skaffandet"/><SP WIDTH="23" VPOS="613" HPOS="207"/>
							<String ID="string_157" HPOS="230" VPOS="613" WIDTH="25" HEIGHT="22" WC="0.96" CONTENT="af"/><SP WIDTH="21" VPOS="613" HPOS="255"/>
							<String ID="string_158" HPOS="276" VPOS="614" WIDTH="73" HEIGHT="21" WC="0.95" CONTENT="denna"/><SP WIDTH="20" VPOS="614" HPOS="349"/>
							<String ID="string_159" HPOS="369" VPOS="614" WIDTH="122" HEIGHT="28" WC="0.95" CONTENT="utredning"/><SP WIDTH="21" VPOS="614" HPOS="491"/>
							<String ID="string_160" HPOS="512" VPOS="614" WIDTH="41" HEIGHT="21" WC="0.96" CONTENT="har"/><SP WIDTH="16" VPOS="614" HPOS="553"/>
							<String ID="string_161" HPOS="569" VPOS="613" WIDTH="39" HEIGHT="23" WC="0.93" CONTENT="för"/><SP WIDTH="16" VPOS="613" HPOS="608"/>
							<String ID="string_162" HPOS="624" VPOS="613" WIDTH="160" HEIGHT="22" WC="0.91" CONTENT="Kristinestads"/><SP WIDTH="16" VPOS="613" HPOS="784"/>
							<String ID="string_163" HPOS="800" VPOS="613" WIDTH="102" HEIGHT="22" WC="0.91" CONTENT="vidkom-"/>
						</TextLine>
						<TextLine ID="line_17" HPOS="80" VPOS="643" WIDTH="824" HEIGHT="28">
							<String ID="string_164" HPOS="80" VPOS="644" WIDTH="81" HEIGHT="21" WC="0.95" CONTENT="mande"/><SP WIDTH="20" VPOS="644" HPOS="161"/>
							<String ID="string_165" HPOS="181" VPOS="644" WIDTH="58" HEIGHT="21" WC="0.96" CONTENT="varit"/><SP WIDTH="16" VPOS="644" HPOS="239"/>
							<String ID="string_166" HPOS="255" VPOS="644" WIDTH="25" HEIGHT="21" WC="0.96" CONTENT="så"/><SP WIDTH="15" VPOS="644" HPOS="280"/>
							<String ID="string_167" HPOS="295" VPOS="644" WIDTH="90" HEIGHT="27" WC="0.96" CONTENT="mycket"/><SP WIDTH="16" VPOS="644" HPOS="385"/>
							<String ID="string_168" HPOS="401" VPOS="643" WIDTH="87" HEIGHT="27" WC="0.96" CONTENT="lättare,"/><SP WIDTH="16" VPOS="643" HPOS="488"/>
							<String ID="string_169" HPOS="504" VPOS="650" WIDTH="48" HEIGHT="16" WC="0.96" CONTENT="som"/><SP WIDTH="16" VPOS="650" HPOS="552"/>
							<String ID="string_170" HPOS="568" VPOS="644" WIDTH="79" HEIGHT="22" WC="0.96" CONTENT="staden"/><SP WIDTH="16" VPOS="644" HPOS="647"/>
							<String ID="string_171" HPOS="663" VPOS="643" WIDTH="152" HEIGHT="22" WC="0.95" CONTENT="innevarande"/><SP WIDTH="16" VPOS="643" HPOS="815"/>
							<String ID="string_172" HPOS="831" VPOS="643" WIDTH="73" HEIGHT="21" WC="0.95" CONTENT="vinter"/>
						</TextLine>
						<TextLine ID="line_18" HPOS="80" VPOS="672" WIDTH="823" HEIGHT="30">
							<String ID="string_173" HPOS="80" VPOS="673" WIDTH="49" HEIGHT="22" WC="0.92" CONTENT="låtit"/><SP WIDTH="23" VPOS="673" HPOS="129"/>
							<String ID="string_174" HPOS="152" VPOS="672" WIDTH="135" HEIGHT="23" WC="0.91" CONTENT="föranstalta"/><SP WIDTH="23" VPOS="672" HPOS="287"/>
							<String ID="string_175" HPOS="310" VPOS="680" WIDTH="27" HEIGHT="15" WC="0.96" CONTENT="en"/><SP WIDTH="25" VPOS="680" HPOS="337"/>
							<String ID="string_176" HPOS="362" VPOS="673" WIDTH="123" HEIGHT="28" WC="0.95" CONTENT="detaljerad"/><SP WIDTH="21" VPOS="673" HPOS="485"/>
							<String ID="string_177" HPOS="506" VPOS="674" WIDTH="168" HEIGHT="28" WC="0.96" CONTENT="undersökning"/><SP WIDTH="16" VPOS="674" HPOS="674"/>
							<String ID="string_178" HPOS="690" VPOS="672" WIDTH="26" HEIGHT="23" WC="0.96" CONTENT="af"/><SP WIDTH="12" VPOS="672" HPOS="716"/>
							<String ID="string_179" HPOS="728" VPOS="673" WIDTH="62" HEIGHT="22" WC="0.96" CONTENT="såväl"/><SP WIDTH="17" VPOS="673" HPOS="790"/>
							<String ID="string_180" HPOS="807" VPOS="673" WIDTH="96" HEIGHT="21" WC="0.96" CONTENT="hamnen"/>
						</TextLine>
						<TextLine ID="line_19" HPOS="80" VPOS="702" WIDTH="823" HEIGHT="30">
							<String ID="string_181" HPOS="80" VPOS="710" WIDTH="47" HEIGHT="14" WC="0.96" CONTENT="som"/><SP WIDTH="16" VPOS="710" HPOS="127"/>
							<String ID="string_182" HPOS="143" VPOS="703" WIDTH="100" HEIGHT="29" WC="0.95" CONTENT="inloppet"/><SP WIDTH="15" VPOS="703" HPOS="243"/>
							<String ID="string_183" HPOS="258" VPOS="703" WIDTH="34" HEIGHT="21" WC="0.94" CONTENT="till"/><SP WIDTH="16" VPOS="703" HPOS="292"/>
							<String ID="string_184" HPOS="308" VPOS="703" WIDTH="137" HEIGHT="27" WC="0.94" CONTENT="densamma,"/><SP WIDTH="16" VPOS="703" HPOS="445"/>
							<String ID="string_185" HPOS="461" VPOS="703" WIDTH="6" HEIGHT="21" WC="0.93" CONTENT="i"/><SP WIDTH="18" VPOS="703" HPOS="467"/>
							<String ID="string_186" HPOS="485" VPOS="703" WIDTH="71" HEIGHT="29" WC="0.91" CONTENT="afsikt,"/><SP WIDTH="11" VPOS="703" HPOS="556"/>
							<String ID="string_187" HPOS="567" VPOS="705" WIDTH="31" HEIGHT="20" WC="0.96" CONTENT="att"/><SP WIDTH="12" VPOS="705" HPOS="598"/>
							<String ID="string_188" HPOS="610" VPOS="710" WIDTH="81" HEIGHT="22" WC="0.96" CONTENT="genom"/><SP WIDTH="12" VPOS="710" HPOS="691"/>
							<String ID="string_189" HPOS="703" VPOS="703" WIDTH="129" HEIGHT="28" WC="0.92" CONTENT="kompetent"/><SP WIDTH="10" VPOS="703" HPOS="832"/>
							<String ID="string_190" HPOS="842" VPOS="702" WIDTH="61" HEIGHT="22" WC="0.90" CONTENT="fack-"/>
						</TextLine>
						<TextLine ID="line_20" HPOS="80" VPOS="732" WIDTH="824" HEIGHT="30">
							<String ID="string_191" HPOS="80" VPOS="740" WIDTH="52" HEIGHT="14" WC="0.95" CONTENT="man"/><SP WIDTH="24" VPOS="740" HPOS="132"/>
							<String ID="string_192" HPOS="156" VPOS="733" WIDTH="46" HEIGHT="21" WC="0.95" CONTENT="låta"/><SP WIDTH="22" VPOS="733" HPOS="202"/>
							<String ID="string_193" HPOS="224" VPOS="733" WIDTH="102" HEIGHT="22" WC="0.96" CONTENT="utarbeta"/><SP WIDTH="22" VPOS="733" HPOS="326"/>
							<String ID="string_194" HPOS="348" VPOS="734" WIDTH="31" HEIGHT="20" WC="0.93" CONTENT="ett"/><SP WIDTH="16" VPOS="734" HPOS="379"/>
							<String ID="string_195" HPOS="395" VPOS="733" WIDTH="100" HEIGHT="29" WC="0.93" CONTENT="generelt"/><SP WIDTH="19" VPOS="733" HPOS="495"/>
							<String ID="string_196" HPOS="514" VPOS="732" WIDTH="88" HEIGHT="30" WC="0.87" CONTENT="förslag"/><SP WIDTH="15" VPOS="732" HPOS="602"/>
							<String ID="string_197" HPOS="617" VPOS="733" WIDTH="34" HEIGHT="21" WC="0.96" CONTENT="till"/><SP WIDTH="16" VPOS="733" HPOS="651"/>
							<String ID="string_198" HPOS="667" VPOS="733" WIDTH="62" HEIGHT="21" WC="0.92" CONTENT="såväl"/><SP WIDTH="16" VPOS="733" HPOS="729"/>
							<String ID="string_199" HPOS="745" VPOS="733" WIDTH="110" HEIGHT="28" WC="0.93" CONTENT="inloppets"/><SP WIDTH="16" VPOS="733" HPOS="855"/>
							<String ID="string_200" HPOS="871" VPOS="733" WIDTH="33" HEIGHT="20" WC="0.93" CONTENT="ut-"/>
						</TextLine>
						<TextLine ID="line_21" HPOS="80" VPOS="762" WIDTH="824" HEIGHT="29">
							<String ID="string_201" HPOS="80" VPOS="763" WIDTH="94" HEIGHT="21" WC="0.92" CONTENT="rätande"/><SP WIDTH="22" VPOS="763" HPOS="174"/>
							<String ID="string_202" HPOS="196" VPOS="763" WIDTH="41" HEIGHT="21" WC="0.93" CONTENT="och"/><SP WIDTH="22" VPOS="763" HPOS="237"/>
							<String ID="string_203" HPOS="259" VPOS="762" WIDTH="122" HEIGHT="29" WC="0.90" CONTENT="belysande"/><SP WIDTH="16" VPOS="762" HPOS="381"/>
							<String ID="string_204" HPOS="397" VPOS="770" WIDTH="47" HEIGHT="14" WC="0.93" CONTENT="som"/><SP WIDTH="17" VPOS="770" HPOS="444"/>
							<String ID="string_205" HPOS="461" VPOS="763" WIDTH="42" HEIGHT="21" WC="0.90" CONTENT="ock"/><SP WIDTH="16" VPOS="763" HPOS="503"/>
							<String ID="string_206" HPOS="519" VPOS="763" WIDTH="34" HEIGHT="21" WC="0.93" CONTENT="till"/><SP WIDTH="16" VPOS="763" HPOS="553"/>
							<String ID="string_207" HPOS="569" VPOS="763" WIDTH="107" HEIGHT="21" WC="0.92" CONTENT="hamnens"/><SP WIDTH="18" VPOS="763" HPOS="676"/>
							<String ID="string_208" HPOS="694" VPOS="762" WIDTH="152" HEIGHT="28" WC="0.92" CONTENT="fördjupande"/><SP WIDTH="16" VPOS="762" HPOS="846"/>
							<String ID="string_209" HPOS="862" VPOS="762" WIDTH="42" HEIGHT="21" WC="0.96" CONTENT="och"/>
						</TextLine>
						<TextLine ID="line_22" HPOS="80" VPOS="792" WIDTH="824" HEIGHT="32">
							<String ID="string_210" HPOS="80" VPOS="792" WIDTH="33" HEIGHT="22" WC="0.96" CONTENT="till"/><SP WIDTH="17" VPOS="792" HPOS="113"/>
							<String ID="string_211" HPOS="130" VPOS="792" WIDTH="105" HEIGHT="22" WC="0.93" CONTENT="framtida"/><SP WIDTH="21" VPOS="792" HPOS="235"/>
							<String ID="string_212" HPOS="256" VPOS="792" WIDTH="204" HEIGHT="32" WC="0.92" CONTENT="kajanläggningar"/><SP WIDTH="21" VPOS="792" HPOS="460"/>
							<String ID="string_213" HPOS="481" VPOS="793" WIDTH="37" HEIGHT="21" WC="0.93" CONTENT="vid"/><SP WIDTH="21" VPOS="793" HPOS="518"/>
							<String ID="string_214" HPOS="539" VPOS="793" WIDTH="151" HEIGHT="21" WC="0.80" CONTENT="densamma.”"/><SP WIDTH="33" VPOS="793" HPOS="690"/>
							<String ID="string_215" HPOS="723" VPOS="792" WIDTH="67" HEIGHT="22" WC="0.93" CONTENT="Detta"/><SP WIDTH="19" VPOS="792" HPOS="790"/>
							<String ID="string_216" HPOS="809" VPOS="792" WIDTH="95" HEIGHT="27" WC="0.95" CONTENT="betyder"/>
						</TextLine>
						<TextLine ID="line_23" HPOS="84" VPOS="821" WIDTH="820" HEIGHT="30">
							<String ID="string_217" HPOS="84" VPOS="823" WIDTH="28" HEIGHT="27" WC="0.96" CONTENT="pä"/><SP WIDTH="20" VPOS="823" HPOS="112"/>
							<String ID="string_218" HPOS="132" VPOS="822" WIDTH="103" HEIGHT="28" WC="0.96" CONTENT="svenska,"/><SP WIDTH="17" VPOS="822" HPOS="235"/>
							<String ID="string_219" HPOS="252" VPOS="824" WIDTH="32" HEIGHT="20" WC="0.96" CONTENT="att"/><SP WIDTH="16" VPOS="824" HPOS="284"/>
							<String ID="string_220" HPOS="300" VPOS="822" WIDTH="43" HEIGHT="22" WC="0.96" CONTENT="den"/><SP WIDTH="16" VPOS="822" HPOS="343"/>
							<String ID="string_221" HPOS="359" VPOS="822" WIDTH="174" HEIGHT="29" WC="0.94" CONTENT="undersökning,"/><SP WIDTH="16" VPOS="822" HPOS="533"/>
							<String ID="string_222" HPOS="549" VPOS="830" WIDTH="48" HEIGHT="14" WC="0.96" CONTENT="som"/><SP WIDTH="17" VPOS="830" HPOS="597"/>
							<String ID="string_223" HPOS="614" VPOS="830" WIDTH="29" HEIGHT="14" WC="0.96" CONTENT="nu"/><SP WIDTH="16" VPOS="830" HPOS="643"/>
							<String ID="string_224" HPOS="659" VPOS="824" WIDTH="29" HEIGHT="27" WC="0.96" CONTENT="pä"/><SP WIDTH="16" VPOS="824" HPOS="688"/>
							<String ID="string_225" HPOS="704" VPOS="822" WIDTH="89" HEIGHT="22" WC="0.96" CONTENT="stadens"/><SP WIDTH="16" VPOS="822" HPOS="793"/>
							<String ID="string_226" HPOS="809" VPOS="821" WIDTH="95" HEIGHT="22" WC="0.96" CONTENT="initiativ"/>
						</TextLine>
						<TextLine ID="line_24" HPOS="82" VPOS="851" WIDTH="822" HEIGHT="26">
							<String ID="string_227" HPOS="82" VPOS="852" WIDTH="26" HEIGHT="21" WC="0.96" CONTENT="af"/><SP WIDTH="13" VPOS="852" HPOS="108"/>
							<String ID="string_228" HPOS="121" VPOS="852" WIDTH="50" HEIGHT="22" WC="0.93" CONTENT="dess"/><SP WIDTH="16" VPOS="852" HPOS="171"/>
							<String ID="string_229" HPOS="187" VPOS="852" WIDTH="184" HEIGHT="22" WC="0.92" CONTENT="förtroendemän"/><SP WIDTH="16" VPOS="852" HPOS="371"/>
							<String ID="string_230" HPOS="387" VPOS="852" WIDTH="134" HEIGHT="25" WC="0.92" CONTENT="verkställts,"/><SP WIDTH="19" VPOS="852" HPOS="521"/>
							<String ID="string_231" HPOS="540" VPOS="853" WIDTH="58" HEIGHT="21" WC="0.96" CONTENT="varit"/><SP WIDTH="16" VPOS="853" HPOS="598"/>
							<String ID="string_232" HPOS="614" VPOS="859" WIDTH="27" HEIGHT="15" WC="0.93" CONTENT="en"/><SP WIDTH="17" VPOS="859" HPOS="641"/>
							<String ID="string_233" HPOS="658" VPOS="852" WIDTH="166" HEIGHT="22" WC="0.96" CONTENT="förberedande"/><SP WIDTH="11" VPOS="852" HPOS="824"/>
							<String ID="string_234" HPOS="835" VPOS="851" WIDTH="69" HEIGHT="21" WC="0.96" CONTENT="sådan"/>
						</TextLine>
						<TextLine ID="line_25" HPOS="82" VPOS="881" WIDTH="821" HEIGHT="30">
							<String ID="string_235" HPOS="82" VPOS="881" WIDTH="119" HEIGHT="22" WC="0.88" CONTENT="iafsikt"/><SP WIDTH="18" VPOS="881" HPOS="201"/>
							<String ID="string_236" HPOS="219" VPOS="883" WIDTH="55" HEIGHT="26" WC="0.93" CONTENT="att,"/><SP WIDTH="16" VPOS="883" HPOS="274"/>
							<String ID="string_237" HPOS="290" VPOS="883" WIDTH="73" HEIGHT="21" WC="0.93" CONTENT="säsom"/><SP WIDTH="16" VPOS="883" HPOS="363"/>
							<String ID="string_238" HPOS="379" VPOS="882" WIDTH="108" HEIGHT="22" WC="0.91" CONTENT="utskottet"/><SP WIDTH="16" VPOS="882" HPOS="487"/>
							<String ID="string_239" HPOS="503" VPOS="885" WIDTH="72" HEIGHT="26" WC="0.92" CONTENT="säger,"/><SP WIDTH="17" VPOS="885" HPOS="575"/>
							<String ID="string_240" HPOS="592" VPOS="895" WIDTH="30" HEIGHT="3" WC="0.92" CONTENT="—"/><SP WIDTH="15" VPOS="895" HPOS="622"/>
							<String ID="string_241" HPOS="637" VPOS="881" WIDTH="121" HEIGHT="22" WC="0.92" CONTENT="framdeles"/><SP WIDTH="15" VPOS="881" HPOS="758"/>
							<String ID="string_242" HPOS="773" VPOS="881" WIDTH="87" HEIGHT="22" WC="0.92" CONTENT="säledes"/><SP WIDTH="17" VPOS="881" HPOS="860"/>
							<String ID="string_243" HPOS="877" VPOS="893" WIDTH="26" HEIGHT="2" WC="0.91" CONTENT="—"/>
						</TextLine>
						<TextLine ID="line_26" HPOS="81" VPOS="911" WIDTH="824" HEIGHT="29">
							<String ID="string_244" HPOS="81" VPOS="911" WIDTH="60" HEIGHT="22" WC="0.92" CONTENT="läta"/><SP WIDTH="23" VPOS="911" HPOS="141"/>
							<String ID="string_245" HPOS="164" VPOS="911" WIDTH="138" HEIGHT="22" WC="0.96" CONTENT="utarbeta"/><SP WIDTH="22" VPOS="911" HPOS="302"/>
							<String ID="string_246" HPOS="324" VPOS="911" WIDTH="115" HEIGHT="29" WC="0.96" CONTENT="förslag"/><SP WIDTH="24" VPOS="911" HPOS="439"/>
							<String ID="string_247" HPOS="463" VPOS="919" WIDTH="19" HEIGHT="14" WC="0.96" CONTENT="o."/><SP WIDTH="22" VPOS="919" HPOS="482"/>
							<String ID="string_248" HPOS="504" VPOS="919" WIDTH="16" HEIGHT="15" WC="0.96" CONTENT="s."/><SP WIDTH="18" VPOS="919" HPOS="520"/>
							<String ID="string_249" HPOS="538" VPOS="919" WIDTH="20" HEIGHT="14" WC="0.96" CONTENT="v."/><SP WIDTH="32" VPOS="919" HPOS="558"/>
							<String ID="string_250" HPOS="590" VPOS="912" WIDTH="44" HEIGHT="21" WC="0.93" CONTENT="Det"/><SP WIDTH="16" VPOS="912" HPOS="634"/>
							<String ID="string_251" HPOS="650" VPOS="911" WIDTH="72" HEIGHT="22" WC="0.91" CONTENT="finnes"/><SP WIDTH="17" VPOS="911" HPOS="722"/>
							<String ID="string_252" HPOS="739" VPOS="911" WIDTH="65" HEIGHT="22" WC="0.92" CONTENT="alltsä"/><SP WIDTH="16" VPOS="911" HPOS="804"/>
							<String ID="string_253" HPOS="820" VPOS="911" WIDTH="6" HEIGHT="21" WC="0.96" CONTENT="i"/><SP WIDTH="18" VPOS="911" HPOS="826"/>
							<String ID="string_254" HPOS="844" VPOS="911" WIDTH="61" HEIGHT="21" WC="0.97" CONTENT="detta"/>
						</TextLine>
						<TextLine ID="line_27" HPOS="82" VPOS="941" WIDTH="823" HEIGHT="29">
							<String ID="string_255" HPOS="82" VPOS="949" WIDTH="29" HEIGHT="13" WC="0.92" CONTENT="nu"/><SP WIDTH="17" VPOS="949" HPOS="111"/>
							<String ID="string_256" HPOS="128" VPOS="941" WIDTH="96" HEIGHT="28" WC="0.92" CONTENT="allsinga"/><SP WIDTH="15" VPOS="941" HPOS="224"/>
							<String ID="string_257" HPOS="239" VPOS="942" WIDTH="114" HEIGHT="28" WC="0.90" CONTENT="garantier"/><SP WIDTH="11" VPOS="942" HPOS="353"/>
							<String ID="string_258" HPOS="364" VPOS="941" WIDTH="40" HEIGHT="22" WC="0.96" CONTENT="för"/><SP WIDTH="16" VPOS="941" HPOS="404"/>
							<String ID="string_259" HPOS="420" VPOS="943" WIDTH="32" HEIGHT="20" WC="0.96" CONTENT="att"/><SP WIDTH="11" VPOS="943" HPOS="452"/>
							<String ID="string_260" HPOS="463" VPOS="949" WIDTH="28" HEIGHT="14" WC="0.93" CONTENT="en"/><SP WIDTH="11" VPOS="949" HPOS="491"/>
							<String ID="string_261" HPOS="502" VPOS="941" WIDTH="117" HEIGHT="22" WC="0.92" CONTENT="fackmans"/><SP WIDTH="11" VPOS="941" HPOS="619"/>
							<String ID="string_262" HPOS="630" VPOS="941" WIDTH="119" HEIGHT="22" WC="0.91" CONTENT="framdeles"/><SP WIDTH="11" VPOS="941" HPOS="749"/>
							<String ID="string_263" HPOS="760" VPOS="941" WIDTH="145" HEIGHT="28" WC="0.92" CONTENT="uppgörande"/>
						</TextLine>
						<TextLine ID="line_28" HPOS="83" VPOS="970" WIDTH="823" HEIGHT="30">
							<String ID="string_264" HPOS="83" VPOS="970" WIDTH="88" HEIGHT="30" WC="0.96" CONTENT="förslag"/><SP WIDTH="16" VPOS="970" HPOS="171"/>
							<String ID="string_265" HPOS="187" VPOS="971" WIDTH="62" HEIGHT="22" WC="0.93" CONTENT="skola"/><SP WIDTH="16" VPOS="971" HPOS="249"/>
							<String ID="string_266" HPOS="265" VPOS="971" WIDTH="70" HEIGHT="22" WC="0.96" CONTENT="blifva"/><SP WIDTH="16" VPOS="971" HPOS="335"/>
							<String ID="string_267" HPOS="351" VPOS="979" WIDTH="38" HEIGHT="15" WC="0.93" CONTENT="ens"/><SP WIDTH="18" VPOS="979" HPOS="389"/>
							<String ID="string_268" HPOS="407" VPOS="971" WIDTH="183" HEIGHT="29" WC="0.94" CONTENT="genomförbara,"/><SP WIDTH="17" VPOS="971" HPOS="590"/>
							<String ID="string_269" HPOS="607" VPOS="971" WIDTH="19" HEIGHT="29" WC="0.96" CONTENT="ej"/><SP WIDTH="18" VPOS="971" HPOS="626"/>
							<String ID="string_270" HPOS="644" VPOS="971" WIDTH="70" HEIGHT="23" WC="0.96" CONTENT="heller"/><SP WIDTH="16" VPOS="971" HPOS="714"/>
							<String ID="string_271" HPOS="730" VPOS="973" WIDTH="37" HEIGHT="20" WC="0.96" CONTENT="vet"/><SP WIDTH="11" VPOS="973" HPOS="767"/>
							<String ID="string_272" HPOS="778" VPOS="978" WIDTH="59" HEIGHT="18" WC="0.96" CONTENT="man,"/><SP WIDTH="13" VPOS="978" HPOS="837"/>
							<String ID="string_273" HPOS="850" VPOS="971" WIDTH="56" HEIGHT="21" WC="0.96" CONTENT="huru"/>
						</TextLine>
						<TextLine ID="line_29" HPOS="82" VPOS="1001" WIDTH="824" HEIGHT="29">
							<String ID="string_274" HPOS="82" VPOS="1003" WIDTH="61" HEIGHT="20" WC="0.93" CONTENT="stora"/><SP WIDTH="15" VPOS="1003" HPOS="143"/>
							<String ID="string_275" HPOS="158" VPOS="1008" WIDTH="99" HEIGHT="15" WC="0.92" CONTENT="summor"/><SP WIDTH="15" VPOS="1008" HPOS="257"/>
							<String ID="string_276" HPOS="272" VPOS="1002" WIDTH="65" HEIGHT="21" WC="0.93" CONTENT="deras"/><SP WIDTH="16" VPOS="1002" HPOS="337"/>
							<String ID="string_277" HPOS="353" VPOS="1001" WIDTH="124" HEIGHT="23" WC="0.90" CONTENT="utförande"/><SP WIDTH="16" VPOS="1001" HPOS="477"/>
							<String ID="string_278" HPOS="493" VPOS="1002" WIDTH="7" HEIGHT="21" WC="0.93" CONTENT="i"/><SP WIDTH="16" VPOS="1002" HPOS="500"/>
							<String ID="string_279" HPOS="516" VPOS="1001" WIDTH="80" HEIGHT="29" WC="0.90" CONTENT="själfva"/><SP WIDTH="17" VPOS="1001" HPOS="596"/>
							<String ID="string_280" HPOS="613" VPOS="1002" WIDTH="79" HEIGHT="21" WC="0.96" CONTENT="verket"/><SP WIDTH="15" VPOS="1002" HPOS="692"/>
							<String ID="string_281" HPOS="707" VPOS="1001" WIDTH="90" HEIGHT="22" WC="0.96" CONTENT="komma"/><SP WIDTH="11" VPOS="1001" HPOS="797"/>
							<String ID="string_282" HPOS="808" VPOS="1002" WIDTH="33" HEIGHT="20" WC="0.93" CONTENT="att"/><SP WIDTH="10" VPOS="1002" HPOS="841"/>
							<String ID="string_283" HPOS="851" VPOS="1007" WIDTH="55" HEIGHT="21" WC="0.91" CONTENT="upp-"/>
						</TextLine>
						<TextLine ID="line_30" HPOS="82" VPOS="1029" WIDTH="822" HEIGHT="31">
							<String ID="string_284" HPOS="82" VPOS="1031" WIDTH="70" HEIGHT="21" WC="0.89" CONTENT="sluka."/><SP WIDTH="33" VPOS="1031" HPOS="152"/>
							<String ID="string_285" HPOS="185" VPOS="1032" WIDTH="66" HEIGHT="20" WC="0.89" CONTENT="Hvad"/><SP WIDTH="20" VPOS="1032" HPOS="251"/>
							<String ID="string_286" HPOS="271" VPOS="1038" WIDTH="52" HEIGHT="15" WC="0.96" CONTENT="man"/><SP WIDTH="24" VPOS="1038" HPOS="323"/>
							<String ID="string_287" HPOS="347" VPOS="1032" WIDTH="100" HEIGHT="21" WC="0.96" CONTENT="däremot"/><SP WIDTH="16" VPOS="1032" HPOS="447"/>
							<String ID="string_288" HPOS="463" VPOS="1033" WIDTH="44" HEIGHT="25" WC="0.96" CONTENT="vet,"/><SP WIDTH="17" VPOS="1033" HPOS="507"/>
							<String ID="string_289" HPOS="524" VPOS="1035" WIDTH="25" HEIGHT="18" WC="0.96" CONTENT="är"/><SP WIDTH="16" VPOS="1035" HPOS="549"/>
							<String ID="string_290" HPOS="565" VPOS="1033" WIDTH="33" HEIGHT="20" WC="0.96" CONTENT="att"/><SP WIDTH="15" VPOS="1033" HPOS="598"/>
							<String ID="string_291" HPOS="613" VPOS="1032" WIDTH="71" HEIGHT="28" WC="0.93" CONTENT="enligt"/><SP WIDTH="16" VPOS="1032" HPOS="684"/>
							<String ID="string_292" HPOS="700" VPOS="1031" WIDTH="128" HEIGHT="27" WC="0.92" CONTENT="sakkunnig"/><SP WIDTH="16" VPOS="1031" HPOS="828"/>
							<String ID="string_293" HPOS="844" VPOS="1029" WIDTH="60" HEIGHT="22" WC="0.93" CONTENT="fack-"/>
						</TextLine>
						<TextLine ID="line_31" HPOS="83" VPOS="1060" WIDTH="823" HEIGHT="30">
							<String ID="string_294" HPOS="83" VPOS="1068" WIDTH="70" HEIGHT="19" WC="0.91" CONTENT="mans,"/><SP WIDTH="14" VPOS="1068" HPOS="153"/>
							<String ID="string_295" HPOS="167" VPOS="1061" WIDTH="113" HEIGHT="29" WC="0.93" CONTENT="nämligen"/><SP WIDTH="12" VPOS="1061" HPOS="280"/>
							<String ID="string_296" HPOS="292" VPOS="1060" WIDTH="266" HEIGHT="30" WC="0.92" CONTENT="lotsfördelningschefen"/><SP WIDTH="14" VPOS="1060" HPOS="558"/>
							<String ID="string_297" HPOS="572" VPOS="1062" WIDTH="88" HEIGHT="20" WC="0.92" CONTENT="Bruuns"/><SP WIDTH="11" VPOS="1062" HPOS="660"/>
							<String ID="string_298" HPOS="671" VPOS="1061" WIDTH="69" HEIGHT="22" WC="0.96" CONTENT="redan"/><SP WIDTH="15" VPOS="1061" HPOS="740"/>
							<String ID="string_299" HPOS="755" VPOS="1060" WIDTH="37" HEIGHT="22" WC="0.96" CONTENT="vid"/><SP WIDTH="11" VPOS="1060" HPOS="792"/>
							<String ID="string_300" HPOS="803" VPOS="1061" WIDTH="57" HEIGHT="21" WC="0.93" CONTENT="1900"/><SP WIDTH="10" VPOS="1061" HPOS="860"/>
							<String ID="string_301" HPOS="870" VPOS="1061" WIDTH="36" HEIGHT="20" WC="0.93" CONTENT="ärs"/>
						</TextLine>
						<TextLine ID="line_32" HPOS="82" VPOS="1090" WIDTH="824" HEIGHT="29">
							<String ID="string_302" HPOS="82" VPOS="1090" WIDTH="108" HEIGHT="29" WC="0.92" CONTENT="landtdag"/><SP WIDTH="16" VPOS="1090" HPOS="190"/>
							<String ID="string_303" HPOS="206" VPOS="1091" WIDTH="7" HEIGHT="21" WC="0.93" CONTENT="i"/><SP WIDTH="16" VPOS="1091" HPOS="213"/>
							<String ID="string_304" HPOS="229" VPOS="1091" WIDTH="184" HEIGHT="28" WC="0.92" CONTENT="borgareständet"/><SP WIDTH="16" VPOS="1091" HPOS="413"/>
							<String ID="string_305" HPOS="429" VPOS="1091" WIDTH="118" HEIGHT="22" WC="0.92" CONTENT="företedda"/><SP WIDTH="17" VPOS="1091" HPOS="547"/>
							<String ID="string_306" HPOS="564" VPOS="1090" WIDTH="105" HEIGHT="23" WC="0.92" CONTENT="officiella"/><SP WIDTH="12" VPOS="1090" HPOS="669"/>
							<String ID="string_307" HPOS="681" VPOS="1091" WIDTH="71" HEIGHT="28" WC="0.93" CONTENT="intyg,"/><SP WIDTH="12" VPOS="1091" HPOS="752"/>
							<String ID="string_308" HPOS="764" VPOS="1091" WIDTH="6" HEIGHT="21" WC="0.92" CONTENT="i"/><SP WIDTH="13" VPOS="1091" HPOS="770"/>
							<String ID="string_309" HPOS="783" VPOS="1090" WIDTH="123" HEIGHT="26" WC="0.90" CONTENT=",Kristine-"/>
						</TextLine>
						<TextLine ID="line_33" HPOS="82" VPOS="1119" WIDTH="824" HEIGHT="31">
							<String ID="string_310" HPOS="82" VPOS="1120" WIDTH="61" HEIGHT="22" WC="0.93" CONTENT="stads"/><SP WIDTH="20" VPOS="1120" HPOS="143"/>
							<String ID="string_311" HPOS="163" VPOS="1121" WIDTH="48" HEIGHT="21" WC="0.89" CONTENT="inre"/><SP WIDTH="16" VPOS="1121" HPOS="211"/>
							<String ID="string_312" HPOS="227" VPOS="1121" WIDTH="67" HEIGHT="21" WC="0.92" CONTENT="hamn"/><SP WIDTH="17" VPOS="1121" HPOS="294"/>
							<String ID="string_313" HPOS="311" VPOS="1121" WIDTH="75" HEIGHT="21" WC="0.92" CONTENT="kunna"/><SP WIDTH="16" VPOS="1121" HPOS="386"/>
							<String ID="string_314" HPOS="402" VPOS="1121" WIDTH="92" HEIGHT="22" WC="0.91" CONTENT="inlotsas"/><SP WIDTH="17" VPOS="1121" HPOS="494"/>
							<String ID="string_315" HPOS="511" VPOS="1122" WIDTH="76" HEIGHT="28" WC="0.93" CONTENT="tartyg"/><SP WIDTH="20" VPOS="1122" HPOS="587"/>
							<String ID="string_316" HPOS="607" VPOS="1121" WIDTH="50" HEIGHT="22" WC="0.95" CONTENT="med"/><SP WIDTH="15" VPOS="1121" HPOS="657"/>
							<String ID="string_317" HPOS="672" VPOS="1122" WIDTH="21" HEIGHT="20" WC="0.93" CONTENT="10"/><SP WIDTH="13" VPOS="1122" HPOS="693"/>
							<String ID="string_318" HPOS="706" VPOS="1120" WIDTH="43" HEIGHT="22" WC="0.91" CONTENT="fots"/><SP WIDTH="9" VPOS="1120" HPOS="749"/>
							<String ID="string_319" HPOS="758" VPOS="1119" WIDTH="148" HEIGHT="29" WC="0.92" CONTENT="djupgäende,"/>
						</TextLine>
						<TextLine ID="line_34" HPOS="82" VPOS="1145" WIDTH="826" HEIGHT="34">
							<String ID="string_320" HPOS="82" VPOS="1150" WIDTH="34" HEIGHT="22" WC="0.96" CONTENT="till"/><SP WIDTH="22" VPOS="1150" HPOS="116"/>
							<String ID="string_321" HPOS="138" VPOS="1150" WIDTH="50" HEIGHT="22" WC="0.95" CONTENT="dess"/><SP WIDTH="16" VPOS="1150" HPOS="188"/>
							<String ID="string_322" HPOS="204" VPOS="1152" WIDTH="59" HEIGHT="26" WC="0.93" CONTENT="yttre"/><SP WIDTH="15" VPOS="1152" HPOS="263"/>
							<String ID="string_323" HPOS="278" VPOS="1151" WIDTH="55" HEIGHT="21" WC="0.96" CONTENT="redd"/><SP WIDTH="17" VPOS="1151" HPOS="333"/>
							<String ID="string_324" HPOS="350" VPOS="1151" WIDTH="37" HEIGHT="22" WC="0.93" CONTENT="vid"/><SP WIDTH="16" VPOS="1151" HPOS="387"/>
							<String ID="string_325" HPOS="403" VPOS="1145" WIDTH="132" HEIGHT="34" WC="0.30" CONTENT="Adgrundet"/><SP WIDTH="19" VPOS="1145" HPOS="535"/>
							<String ID="string_326" HPOS="554" VPOS="1152" WIDTH="27" HEIGHT="20" WC="0.93" CONTENT="18"/><SP WIDTH="15" VPOS="1152" HPOS="581"/>
							<String ID="string_327" HPOS="596" VPOS="1150" WIDTH="39" HEIGHT="27" WC="0.96" CONTENT="fot,"/><SP WIDTH="17" VPOS="1150" HPOS="635"/>
							<String ID="string_328" HPOS="652" VPOS="1151" WIDTH="42" HEIGHT="21" WC="0.93" CONTENT="och"/><SP WIDTH="16" VPOS="1151" HPOS="694"/>
							<String ID="string_329" HPOS="710" VPOS="1149" WIDTH="108" HEIGHT="23" WC="0.93" CONTENT="innanför"/><SP WIDTH="16" VPOS="1149" HPOS="818"/>
							<String ID="string_330" HPOS="834" VPOS="1149" WIDTH="74" HEIGHT="22" WC="0.93" CONTENT="Härk-"/>
						</TextLine>
						<TextLine ID="line_35" HPOS="84" VPOS="1178" WIDTH="823" HEIGHT="29">
							<String ID="string_331" HPOS="84" VPOS="1180" WIDTH="54" HEIGHT="21" WC="0.93" CONTENT="meri"/><SP WIDTH="18" VPOS="1180" HPOS="138"/>
							<String ID="string_332" HPOS="156" VPOS="1180" WIDTH="89" HEIGHT="22" WC="0.96" CONTENT="holmen"/><SP WIDTH="17" VPOS="1180" HPOS="245"/>
							<String ID="string_333" HPOS="262" VPOS="1181" WIDTH="49" HEIGHT="21" WC="0.96" CONTENT="med"/><SP WIDTH="17" VPOS="1181" HPOS="311"/>
							<String ID="string_334" HPOS="328" VPOS="1181" WIDTH="29" HEIGHT="20" WC="0.96" CONTENT="20"/><SP WIDTH="17" VPOS="1181" HPOS="357"/>
							<String ID="string_335" HPOS="374" VPOS="1183" WIDTH="38" HEIGHT="24" WC="0.96" CONTENT="tot,"/><SP WIDTH="17" VPOS="1183" HPOS="412"/>
							<String ID="string_336" HPOS="429" VPOS="1181" WIDTH="112" HEIGHT="21" WC="0.96" CONTENT="dessutom"/><SP WIDTH="17" VPOS="1181" HPOS="541"/>
							<String ID="string_337" HPOS="558" VPOS="1180" WIDTH="112" HEIGHT="22" WC="0.93" CONTENT="beräknas"/><SP WIDTH="16" VPOS="1180" HPOS="670"/>
							<String ID="string_338" HPOS="686" VPOS="1178" WIDTH="221" HEIGHT="29" WC="0.85" CONTENT="författningsenligt"/>
						</TextLine>
						<TextLine ID="line_36" HPOS="83" VPOS="1207" WIDTH="824" HEIGHT="32">
							<String ID="string_339" HPOS="83" VPOS="1211" WIDTH="33" HEIGHT="20" WC="0.93" CONTENT="att"/><SP WIDTH="16" VPOS="1211" HPOS="116"/>
							<String ID="string_340" HPOS="132" VPOS="1209" WIDTH="103" HEIGHT="30" WC="0.96" CONTENT="fartygen"/><SP WIDTH="17" VPOS="1209" HPOS="235"/>
							<String ID="string_341" HPOS="252" VPOS="1210" WIDTH="56" HEIGHT="22" WC="0.96" CONTENT="böra"/><SP WIDTH="14" VPOS="1210" HPOS="308"/>
							<String ID="string_342" HPOS="322" VPOS="1209" WIDTH="69" HEIGHT="23" WC="0.96" CONTENT="hafva"/><SP WIDTH="16" VPOS="1209" HPOS="391"/>
							<String ID="string_343" HPOS="407" VPOS="1211" WIDTH="39" HEIGHT="21" WC="0.96" CONTENT="två"/><SP WIDTH="15" VPOS="1211" HPOS="446"/>
							<String ID="string_344" HPOS="461" VPOS="1209" WIDTH="32" HEIGHT="23" WC="0.96" CONTENT="fot"/><SP WIDTH="16" VPOS="1209" HPOS="493"/>
							<String ID="string_345" HPOS="509" VPOS="1212" WIDTH="77" HEIGHT="20" WC="0.96" CONTENT="vatten"/><SP WIDTH="11" VPOS="1212" HPOS="586"/>
							<String ID="string_346" HPOS="597" VPOS="1210" WIDTH="71" HEIGHT="22" WC="0.93" CONTENT="under"/><SP WIDTH="11" VPOS="1210" HPOS="668"/>
							<String ID="string_347" HPOS="679" VPOS="1210" WIDTH="87" HEIGHT="21" WC="0.88" CONTENT="kölen.*"/><SP WIDTH="34" VPOS="1210" HPOS="766"/>
							<String ID="string_348" HPOS="800" VPOS="1209" WIDTH="33" HEIGHT="21" WC="0.49" CONTENT="De"/><SP WIDTH="11" VPOS="1209" HPOS="833"/>
							<String ID="string_349" HPOS="844" VPOS="1207" WIDTH="63" HEIGHT="23" WC="0.49" CONTENT="före-"/>
						</TextLine>
						<TextLine ID="line_37" HPOS="83" VPOS="1238" WIDTH="825" HEIGHT="31">
							<String ID="string_350" HPOS="83" VPOS="1239" WIDTH="131" HEIGHT="29" WC="0.92" CONTENT="speglingar"/><SP WIDTH="20" VPOS="1239" HPOS="214"/>
							<String ID="string_351" HPOS="234" VPOS="1247" WIDTH="36" HEIGHT="14" WC="0.92" CONTENT="om"/><SP WIDTH="16" VPOS="1247" HPOS="270"/>
							<String ID="string_352" HPOS="286" VPOS="1240" WIDTH="111" HEIGHT="29" WC="0.90" CONTENT="inloppets"/><SP WIDTH="16" VPOS="1240" HPOS="397"/>
							<String ID="string_353" HPOS="413" VPOS="1240" WIDTH="42" HEIGHT="22" WC="0.96" CONTENT="och"/><SP WIDTH="16" VPOS="1240" HPOS="455"/>
							<String ID="string_354" HPOS="471" VPOS="1240" WIDTH="109" HEIGHT="22" WC="0.96" CONTENT="hamnens"/><SP WIDTH="16" VPOS="1240" HPOS="580"/>
							<String ID="string_355" HPOS="596" VPOS="1240" WIDTH="41" HEIGHT="21" WC="0.96" CONTENT="lätt"/><SP WIDTH="15" VPOS="1240" HPOS="637"/>
							<String ID="string_356" HPOS="652" VPOS="1247" WIDTH="76" HEIGHT="14" WC="0.96" CONTENT="vunna"/><SP WIDTH="15" VPOS="1247" HPOS="728"/>
							<String ID="string_357" HPOS="743" VPOS="1238" WIDTH="165" HEIGHT="27" WC="0.95" CONTENT="förbättrande,"/>
						</TextLine>
						<TextLine ID="line_38" HPOS="82" VPOS="1267" WIDTH="827" HEIGHT="31">
							<String ID="string_358" HPOS="82" VPOS="1276" WIDTH="48" HEIGHT="15" WC="0.96" CONTENT="som"/><SP WIDTH="18" VPOS="1276" HPOS="130"/>
							<String ID="string_359" HPOS="148" VPOS="1269" WIDTH="49" HEIGHT="22" WC="0.93" CONTENT="från"/><SP WIDTH="16" VPOS="1269" HPOS="197"/>
							<String ID="string_360" HPOS="213" VPOS="1269" WIDTH="160" HEIGHT="22" WC="0.92" CONTENT="Kristinestads"/><SP WIDTH="16" VPOS="1269" HPOS="373"/>
							<String ID="string_361" HPOS="389" VPOS="1270" WIDTH="48" HEIGHT="21" WC="0.96" CONTENT="sida"/><SP WIDTH="16" VPOS="1270" HPOS="437"/>
							<String ID="string_362" HPOS="453" VPOS="1270" WIDTH="61" HEIGHT="22" WC="0.95" CONTENT="inom"/><SP WIDTH="16" VPOS="1270" HPOS="514"/>
							<String ID="string_363" HPOS="530" VPOS="1270" WIDTH="108" HEIGHT="21" WC="0.95" CONTENT="utskottet"/><SP WIDTH="15" VPOS="1270" HPOS="638"/>
							<String ID="string_364" HPOS="653" VPOS="1270" WIDTH="77" HEIGHT="28" WC="0.96" CONTENT="gjorts,"/><SP WIDTH="16" VPOS="1270" HPOS="730"/>
							<String ID="string_365" HPOS="746" VPOS="1269" WIDTH="75" HEIGHT="22" WC="0.96" CONTENT="kunna"/><SP WIDTH="16" VPOS="1269" HPOS="821"/>
							<String ID="string_366" HPOS="837" VPOS="1267" WIDTH="72" HEIGHT="23" WC="0.95" CONTENT="under"/>
						</TextLine>
						<TextLine ID="line_39" HPOS="83" VPOS="1297" WIDTH="825" HEIGHT="30">
							<String ID="string_367" HPOS="83" VPOS="1299" WIDTH="85" HEIGHT="22" WC="0.96" CONTENT="sådana"/><SP WIDTH="16" VPOS="1299" HPOS="168"/>
							<String ID="string_368" HPOS="184" VPOS="1299" WIDTH="160" HEIGHT="22" WC="0.96" CONTENT="förhållanden"/><SP WIDTH="17" VPOS="1299" HPOS="344"/>
							<String ID="string_369" HPOS="361" VPOS="1299" WIDTH="50" HEIGHT="23" WC="0.96" CONTENT="icke"/><SP WIDTH="16" VPOS="1299" HPOS="411"/>
							<String ID="string_370" HPOS="427" VPOS="1300" WIDTH="107" HEIGHT="21" WC="0.96" CONTENT="tillmätas"/><SP WIDTH="17" VPOS="1300" HPOS="534"/>
							<String ID="string_371" HPOS="551" VPOS="1299" WIDTH="121" HEIGHT="28" WC="0.96" CONTENT="betydelse,"/><SP WIDTH="18" VPOS="1299" HPOS="672"/>
							<String ID="string_372" HPOS="690" VPOS="1299" WIDTH="28" HEIGHT="22" WC="0.96" CONTENT="då"/><SP WIDTH="16" VPOS="1299" HPOS="718"/>
							<String ID="string_373" HPOS="734" VPOS="1299" WIDTH="50" HEIGHT="22" WC="0.93" CONTENT="dess"/><SP WIDTH="12" VPOS="1299" HPOS="784"/>
							<String ID="string_374" HPOS="796" VPOS="1297" WIDTH="112" HEIGHT="22" WC="0.93" CONTENT="utförbar-"/>
						</TextLine>
						<TextLine ID="line_40" HPOS="84" VPOS="1327" WIDTH="825" HEIGHT="31">
							<String ID="string_375" HPOS="84" VPOS="1329" WIDTH="38" HEIGHT="21" WC="0.96" CONTENT="het"/><SP WIDTH="23" VPOS="1329" HPOS="122"/>
							<String ID="string_376" HPOS="145" VPOS="1331" WIDTH="59" HEIGHT="19" WC="0.96" CONTENT="ännu"/><SP WIDTH="24" VPOS="1331" HPOS="204"/>
							<String ID="string_377" HPOS="228" VPOS="1329" WIDTH="50" HEIGHT="22" WC="0.91" CONTENT="icke"/><SP WIDTH="22" VPOS="1329" HPOS="278"/>
							<String ID="string_378" HPOS="300" VPOS="1329" WIDTH="101" HEIGHT="28" WC="0.91" CONTENT="pröfvats"/><SP WIDTH="23" VPOS="1329" HPOS="401"/>
							<String ID="string_379" HPOS="424" VPOS="1329" WIDTH="26" HEIGHT="22" WC="0.96" CONTENT="af"/><SP WIDTH="20" VPOS="1329" HPOS="450"/>
							<String ID="string_380" HPOS="470" VPOS="1329" WIDTH="127" HEIGHT="29" WC="0.96" CONTENT="sakkunnig"/><SP WIDTH="23" VPOS="1329" HPOS="597"/>
							<String ID="string_381" HPOS="620" VPOS="1336" WIDTH="87" HEIGHT="21" WC="0.95" CONTENT="person."/><SP WIDTH="31" VPOS="1336" HPOS="707"/>
							<String ID="string_382" HPOS="738" VPOS="1329" WIDTH="44" HEIGHT="28" WC="0.96" CONTENT="Jag"/><SP WIDTH="16" VPOS="1329" HPOS="782"/>
							<String ID="string_383" HPOS="798" VPOS="1328" WIDTH="45" HEIGHT="21" WC="0.97" CONTENT="kan"/><SP WIDTH="16" VPOS="1328" HPOS="843"/>
							<String ID="string_384" HPOS="859" VPOS="1327" WIDTH="50" HEIGHT="22" WC="0.96" CONTENT="icke"/>
						</TextLine>
						<TextLine ID="line_41" HPOS="83" VPOS="1357" WIDTH="827" HEIGHT="28">
							<String ID="string_385" HPOS="83" VPOS="1358" WIDTH="72" HEIGHT="22" WC="0.96" CONTENT="häller"/><SP WIDTH="15" VPOS="1358" HPOS="155"/>
							<String ID="string_386" HPOS="170" VPOS="1357" WIDTH="80" HEIGHT="28" WC="0.93" CONTENT="förstå,"/><SP WIDTH="18" VPOS="1357" HPOS="250"/>
							<String ID="string_387" HPOS="268" VPOS="1359" WIDTH="90" HEIGHT="22" WC="0.92" CONTENT="hvartör"/><SP WIDTH="15" VPOS="1359" HPOS="358"/>
							<String ID="string_388" HPOS="373" VPOS="1367" WIDTH="53" HEIGHT="14" WC="0.95" CONTENT="man"/><SP WIDTH="14" VPOS="1367" HPOS="426"/>
							<String ID="string_389" HPOS="440" VPOS="1359" WIDTH="53" HEIGHT="22" WC="0.95" CONTENT="med"/><SP WIDTH="11" VPOS="1359" HPOS="493"/>
							<String ID="string_390" HPOS="504" VPOS="1361" WIDTH="60" HEIGHT="20" WC="0.96" CONTENT="stora"/><SP WIDTH="12" VPOS="1361" HPOS="564"/>
							<String ID="string_391" HPOS="576" VPOS="1359" WIDTH="120" HEIGHT="22" WC="0.96" CONTENT="kostnader"/><SP WIDTH="10" VPOS="1359" HPOS="696"/>
							<String ID="string_392" HPOS="706" VPOS="1358" WIDTH="57" HEIGHT="22" WC="0.96" CONTENT="skall"/><SP WIDTH="11" VPOS="1358" HPOS="763"/>
							<String ID="string_393" HPOS="774" VPOS="1358" WIDTH="55" HEIGHT="22" WC="0.96" CONTENT="söka"/><SP WIDTH="11" VPOS="1358" HPOS="829"/>
							<String ID="string_394" HPOS="840" VPOS="1357" WIDTH="70" HEIGHT="28" WC="0.96" CONTENT="skapa"/>
						</TextLine>
						<TextLine ID="line_42" HPOS="84" VPOS="1387" WIDTH="826" HEIGHT="30">
							<String ID="string_395" HPOS="84" VPOS="1395" WIDTH="28" HEIGHT="15" WC="0.96" CONTENT="en"/><SP WIDTH="22" VPOS="1395" HPOS="112"/>
							<String ID="string_396" HPOS="134" VPOS="1389" WIDTH="132" HEIGHT="28" WC="0.96" CONTENT="konstgjord"/><SP WIDTH="16" VPOS="1389" HPOS="266"/>
							<String ID="string_397" HPOS="282" VPOS="1389" WIDTH="68" HEIGHT="22" WC="0.95" CONTENT="hamn"/><SP WIDTH="17" VPOS="1389" HPOS="350"/>
							<String ID="string_398" HPOS="367" VPOS="1389" WIDTH="7" HEIGHT="21" WC="0.95" CONTENT="i"/><SP WIDTH="17" VPOS="1389" HPOS="374"/>
							<String ID="string_399" HPOS="391" VPOS="1389" WIDTH="156" HEIGHT="26" WC="0.96" CONTENT="Kristinestad,"/><SP WIDTH="19" VPOS="1389" HPOS="547"/>
							<String ID="string_400" HPOS="566" VPOS="1389" WIDTH="28" HEIGHT="21" WC="0.97" CONTENT="då"/><SP WIDTH="16" VPOS="1389" HPOS="594"/>
							<String ID="string_401" HPOS="610" VPOS="1395" WIDTH="52" HEIGHT="15" WC="0.96" CONTENT="man"/><SP WIDTH="16" VPOS="1395" HPOS="662"/>
							<String ID="string_402" HPOS="678" VPOS="1389" WIDTH="25" HEIGHT="21" WC="0.96" CONTENT="så"/><SP WIDTH="15" VPOS="1389" HPOS="703"/>
							<String ID="string_403" HPOS="718" VPOS="1391" WIDTH="54" HEIGHT="19" WC="0.96" CONTENT="nära"/><SP WIDTH="17" VPOS="1391" HPOS="772"/>
							<String ID="string_404" HPOS="789" VPOS="1387" WIDTH="58" HEIGHT="22" WC="0.95" CONTENT="intill"/><SP WIDTH="15" VPOS="1387" HPOS="847"/>
							<String ID="string_405" HPOS="862" VPOS="1394" WIDTH="48" HEIGHT="14" WC="0.96" CONTENT="som"/>
						</TextLine>
						<TextLine ID="line_43" HPOS="84" VPOS="1417" WIDTH="826" HEIGHT="30">
							<String ID="string_406" HPOS="84" VPOS="1418" WIDTH="6" HEIGHT="21" WC="0.96" CONTENT="i"/><SP WIDTH="17" VPOS="1418" HPOS="90"/>
							<String ID="string_407" HPOS="107" VPOS="1418" WIDTH="77" HEIGHT="22" WC="0.96" CONTENT="Kaskö"/><SP WIDTH="16" VPOS="1418" HPOS="184"/>
							<String ID="string_408" HPOS="200" VPOS="1419" WIDTH="40" HEIGHT="21" WC="0.95" CONTENT="har"/><SP WIDTH="16" VPOS="1419" HPOS="240"/>
							<String ID="string_409" HPOS="256" VPOS="1425" WIDTH="28" HEIGHT="15" WC="0.95" CONTENT="en"/><SP WIDTH="16" VPOS="1425" HPOS="284"/>
							<String ID="string_410" HPOS="300" VPOS="1421" WIDTH="23" HEIGHT="19" WC="0.96" CONTENT="at"/><SP WIDTH="15" VPOS="1421" HPOS="323"/>
							<String ID="string_411" HPOS="338" VPOS="1421" WIDTH="95" HEIGHT="19" WC="0.93" CONTENT="naturen"/><SP WIDTH="16" VPOS="1421" HPOS="433"/>
							<String ID="string_412" HPOS="449" VPOS="1419" WIDTH="74" HEIGHT="21" WC="0.91" CONTENT="danad"/><SP WIDTH="16" VPOS="1419" HPOS="523"/>
							<String ID="string_413" HPOS="539" VPOS="1417" WIDTH="123" HEIGHT="30" WC="0.96" CONTENT="förträfflig"/><SP WIDTH="15" VPOS="1417" HPOS="662"/>
							<String ID="string_414" HPOS="677" VPOS="1419" WIDTH="68" HEIGHT="20" WC="0.96" CONTENT="hamn"/><SP WIDTH="11" VPOS="1419" HPOS="745"/>
							<String ID="string_415" HPOS="756" VPOS="1419" WIDTH="54" HEIGHT="20" WC="0.93" CONTENT="utan"/><SP WIDTH="11" VPOS="1419" HPOS="810"/>
							<String ID="string_416" HPOS="821" VPOS="1417" WIDTH="89" HEIGHT="22" WC="0.92" CONTENT="kostna-"/>
						</TextLine>
						<TextLine ID="line_44" HPOS="84" VPOS="1447" WIDTH="826" HEIGHT="29">
							<String ID="string_417" HPOS="84" VPOS="1447" WIDTH="45" HEIGHT="22" WC="0.96" CONTENT="der."/><SP WIDTH="33" VPOS="1447" HPOS="129"/>
							<String ID="string_418" HPOS="162" VPOS="1447" WIDTH="49" HEIGHT="22" WC="0.93" CONTENT="Och"/><SP WIDTH="23" VPOS="1447" HPOS="211"/>
							<String ID="string_419" HPOS="234" VPOS="1449" WIDTH="67" HEIGHT="21" WC="0.92" CONTENT="ätven"/><SP WIDTH="24" VPOS="1449" HPOS="301"/>
							<String ID="string_420" HPOS="325" VPOS="1455" WIDTH="36" HEIGHT="15" WC="0.96" CONTENT="om"/><SP WIDTH="24" VPOS="1455" HPOS="361"/>
							<String ID="string_421" HPOS="385" VPOS="1449" WIDTH="44" HEIGHT="21" WC="0.93" CONTENT="den"/><SP WIDTH="23" VPOS="1449" HPOS="429"/>
							<String ID="string_422" HPOS="452" VPOS="1449" WIDTH="132" HEIGHT="27" WC="0.91" CONTENT="itrågasatta"/><SP WIDTH="23" VPOS="1449" HPOS="584"/>
							<String ID="string_423" HPOS="607" VPOS="1447" WIDTH="168" HEIGHT="29" WC="0.96" CONTENT="förbättringen"/><SP WIDTH="16" VPOS="1447" HPOS="775"/>
							<String ID="string_424" HPOS="791" VPOS="1447" WIDTH="119" HEIGHT="27" WC="0.95" CONTENT="värkligen"/>
						</TextLine>
						<TextLine ID="line_45" HPOS="83" VPOS="1476" WIDTH="827" HEIGHT="30">
							<String ID="string_425" HPOS="83" VPOS="1477" WIDTH="73" HEIGHT="21" WC="0.96" CONTENT="skulle"/><SP WIDTH="16" VPOS="1477" HPOS="156"/>
							<String ID="string_426" HPOS="172" VPOS="1478" WIDTH="76" HEIGHT="21" WC="0.96" CONTENT="kunna"/><SP WIDTH="16" VPOS="1478" HPOS="248"/>
							<String ID="string_427" HPOS="264" VPOS="1477" WIDTH="94" HEIGHT="29" WC="0.95" CONTENT="utföras,"/><SP WIDTH="17" VPOS="1477" HPOS="358"/>
							<String ID="string_428" HPOS="375" VPOS="1477" WIDTH="84" HEIGHT="23" WC="0.96" CONTENT="förblir"/><SP WIDTH="15" VPOS="1477" HPOS="459"/>
							<String ID="string_429" HPOS="474" VPOS="1478" WIDTH="69" HEIGHT="21" WC="0.96" CONTENT="likväl"/><SP WIDTH="17" VPOS="1478" HPOS="543"/>
							<String ID="string_430" HPOS="560" VPOS="1478" WIDTH="97" HEIGHT="21" WC="0.96" CONTENT="hamnen"/><SP WIDTH="16" VPOS="1478" HPOS="657"/>
							<String ID="string_431" HPOS="673" VPOS="1478" WIDTH="8" HEIGHT="21" WC="0.96" CONTENT="i"/><SP WIDTH="15" VPOS="1478" HPOS="681"/>
							<String ID="string_432" HPOS="696" VPOS="1478" WIDTH="76" HEIGHT="21" WC="0.96" CONTENT="Kaskö"/><SP WIDTH="16" VPOS="1478" HPOS="772"/>
							<String ID="string_433" HPOS="788" VPOS="1476" WIDTH="54" HEIGHT="22" WC="0.93" CONTENT="vida"/><SP WIDTH="16" VPOS="1476" HPOS="842"/>
							<String ID="string_434" HPOS="858" VPOS="1478" WIDTH="52" HEIGHT="26" WC="0.92" CONTENT="väg-"/>
						</TextLine>
					</TextBlock>
				</ComposedBlock>
			</PrintSpace>
		</Page>
	</Layout>
</alto>
