1092 1753
361 103 251 18 Pelikorttisuostunnasta.
870 102 28 23 65

75 163 77 29 gamla
167 162 98 28 vanliga,
281 163 32 20 att
327 161 91 29 förhöjd
435 162 60 22 skatt
511 162 71 22 skulle
597 162 105 22 befordra
713 162 152 28 insmuggling
876 161 22 22 at

74 193 101 27 spelkort
198 192 42 21 och
264 191 130 29 därigenom
410 192 70 21 verka
502 191 112 23 frestande
635 192 34 21 till
690 192 205 28 lagöfverträdelse.

76 222 85 22 Därom
183 222 45 21 kan
244 221 131 29 visserligen
399 221 50 22 icke
470 222 124 28 någonting
613 222 50 22 med
682 222 105 21 säkerhet
802 222 95 25 utredas,

74 253 45 21 och
137 250 66 23 äfven
219 251 106 22 utskottet
341 251 39 21 vid
397 252 58 20 1900
471 252 36 21 års
522 251 115 29 landtdag,
654 258 48 15 som
717 251 121 28 tillstyrkte
853 250 44 22 för-

75 282 95 27 höjning
193 280 26 22 af
237 281 95 26 skatten,
353 284 67 25 säger
443 288 36 14 om
498 281 72 22 denna
586 281 40 21 sak
642 281 88 21 endast:
756 298 9 8 ,
769 281 65 21 Hvad
851 282 47 20 åter

76 311 141 22 vidkommer
232 310 109 29 farhågan
357 310 36 22 för
408 311 130 28 smuggling
553 311 34 21 till
603 311 75 21 landet
695 310 25 22 af
733 311 104 28 spelkort,
850 310 58 22 hål-'

75 342 34 21 ler
124 340 107 22 utskottet
247 340 54 27 före,
318 342 32 19 att
367 348 27 14 en
410 341 90 28 måttlig
515 341 85 28 ökning
611 340 25 21 af
648 340 172 29 ifrågavarande
832 340 66 29 afgift

75 371 52 21 icke
143 370 74 22 kunde
233 377 54 14 vara
303 370 73 28 egnad
392 371 31 20 att
437 369 118 22 framkalla
566 377 27 15 en
605 370 62 28 dylik
678 370 218 29 lagöfverträdelse.*

75 401 114 21 Utskottet
205 400 86 21 lemnar
307 399 57 22 dock
381 400 49 21 icke
447 401 69 27 något
531 400 63 22 bevis
610 399 34 22 för
660 400 74 21 denna
748 400 150 28 uppfattning,

76 431 44 21 och
143 429 136 29 riktigheten
303 429 66 22 häraf
386 430 44 21 kan
447 430 37 21 väl
506 430 49 21 icke
574 430 70 22 heller
660 431 29 27 på
705 431 69 27 något
789 431 43 20 sätt
848 429 51 22 med

75 460 105 22 säkerhet
196 459 95 22 bevisas.
323 459 51 22 Men
390 466 45 22 nog
451 459 113 22 förefaller
580 460 37 21 det
634 467 13 14 a
662 459 68 29 priori
746 459 107 30 tämligen
864 462 34 19 sä-

79 490 49 21 kert
144 491 33 20 att
193 496 28 15 en
236 488 130 30 förhöjning
384 489 25 22 af
419 489 153 29 bevillningen
587 489 50 22 från
648 490 28 21 60
688 490 67 27 penni
766 489 34 22 till
818 491 4 20 I
835 489 64 22 mark

77 519 51 22 icke
144 519 8 22 i
167 520 75 27 nägon
258 526 47 15 som
321 519 58 22 helst
396 519 123 22 nämnvärd
536 521 51 20 män
603 519 71 22 skulle
690 519 104 22 befordra
809 526 90 21 smugg-

75 549 51 29 ling
142 548 25 23 af
180 555 27 16 en
224 556 53 15 vara
293 549 69 22 sädan
379 556 47 15 som
443 549 80 26 denna,
539 549 40 22 där
595 549 37 22 det
648 549 58 21 ändä
722 552 25 18 är
763 550 25 20 sä
803 549 47 21 litet
868 549 32 20 att

77 578 98 29 förtjäna
199 580 29 27 pä
249 578 221 29 lagöfverträdelsen.
502 579 247 28 Bevillningsutskottet
774 579 38 21 vid
838 579 61 20 inne-

77 609 99 22 varande
202 609 107 28 landtdag
332 609 131 28 uppehåller
489 609 34 28 sig
548 610 25 20 sä
599 609 90 28 mycket
718 607 128 30 utförligare
863 608 36 21 vid

76 639 44 22 den
137 639 152 28 möjligheten,
316 640 33 20 att
372 645 27 15 en
418 638 89 29 förhöjd
526 639 58 21 skatt
603 639 71 21 skulle
694 638 104 22 befordra
818 638 81 28 impor-

77 671 38 19 ten
144 667 25 23 af
189 668 68 28 ryska
286 668 106 29 spelkort,
417 675 51 15 men
488 669 7 21 i
517 669 60 21 detta
600 667 105 23 afseende
734 671 25 18 är
782 668 118 21 utskottets

78 704 164 22 resonnemang
257 698 41 21 alls
314 698 50 22 icke
380 698 83 28 logiskt
479 699 41 21 och
536 698 103 26 hällbart,
656 700 24 26 ty
697 698 28 21 dä
741 698 63 22 dessa
819 698 80 27 impor-

78 728 77 21 terade
178 728 68 27 ryska
268 728 99 28 spelkort
390 728 71 28 draga
483 734 85 16 samma
586 728 64 25 skatt,
668 728 43 21 blir
728 728 171 27 prisskillnaden

78 758 51 21 icke
153 759 70 21 större
243 760 28 19 än
290 758 43 21 den
350 760 25 18 är
391 764 36 20 nu,
444 758 42 21 och
503 758 28 21 de
549 758 196 28 omständigheter,
762 764 47 15 som
825 757 75 21 kunna

78 787 105 22 befordra
199 788 110 28 importen
326 786 25 22 af
364 787 69 28 ryska
448 788 99 28 spelkort
562 794 36 20 nu,
616 790 54 25 göra
686 787 34 29 sig
736 786 49 22 icke
796 786 104 29 gällande

77 818 8 20 i
106 818 70 27 högre
200 817 62 29 grad,
289 824 36 14 om
349 817 88 22 skatten
456 817 72 22 skulle
545 817 69 28 höjas.
647 817 111 21 Utskottet
778 817 70 21 slutar
866 816 34 21 sin

78 847 68 28 långa
172 847 135 28 motivering
331 847 117 28 angående
472 847 43 22 den
538 846 107 22 förökade
666 847 109 28 importen
792 845 25 23 af
832 846 68 27 ryska

77 877 99 28 spelkort
199 876 52 22 med
274 878 32 20 att
325 879 65 26 säga:
415 877 48 26 ,En
479 876 130 29 förhöjning
628 876 26 22 af
670 876 88 22 skatten
774 878 13 20 å
803 876 98 28 spelkort

78 906 72 22 skulle
166 906 93 27 således,
276 906 71 29 enligt
362 906 120 22 utskottets
497 907 73 25 tanke,
587 908 75 26 stegra
678 906 116 22 frestelsen
809 906 35 21 till
855 905 45 28 lag-

76 936 162 22 öfverträdelse
261 938 53 20 utan
339 938 31 20 att
396 936 90 22 hämma
504 936 165 29 spelpassionen
688 936 54 22 eller
758 936 43 22 öka
817 937 83 20 statens

77 966 144 22 inkomster.*
254 966 63 22 Efter
342 966 42 22 den
409 966 138 28 föregående
570 966 164 28 motiveringen
756 965 71 22 skulle
849 972 52 14 man

77 997 80 20 nästan
179 1002 55 15 vara
257 995 83 23 frestad
359 998 32 19 att
406 998 41 24 tro,
464 997 33 21 att
513 996 106 21 utskottet
639 1002 77 15 menar
731 997 32 20 att
780 995 36 22 det
833 997 24 19 är
874 1001 27 15 en

77 1025 200 29 lagöfverträdelse
294 1027 31 20 att
342 1026 121 27 importera
479 1026 67 27 ryska
562 1025 104 28 spelkort.
690 1025 130 22 Uttalandet
832 1026 69 20 måste

78 1055 38 21 väl
131 1055 57 22 dock
204 1054 67 22 hafva
289 1054 106 23 afseende
411 1056 28 27 på
455 1055 45 26 det,
517 1062 47 15 som
580 1055 106 22 utskottet
704 1055 62 28 långt
782 1054 96 29 tidigare
893 1053 8 22 i

77 1084 147 29 förbigående
241 1087 98 24 nämner,
357 1085 114 28 nämligen
487 1086 32 21 att
537 1092 40 19 ,en
588 1085 83 28 lindrig
687 1084 146 29 prisstegring
844 1085 13 20 å
869 1083 32 21 in-

78 1115 93 21 hemska
194 1114 99 28 spelkort
312 1115 71 21 skulle
402 1114 82 29 främja
500 1115 151 28 insmuggling
666 1114 26 23 af
704 1113 104 23 utländsk
825 1115 75 24 vara”,

77 1143 114 23 hvarefter
209 1143 66 29 följer
291 1144 43 22 den
350 1145 68 28 långa
434 1145 163 28 motiveringen
614 1143 25 22 af
652 1143 63 22 faran
730 1143 36 22 för
781 1144 82 28 import
879 1142 25 22 af

77 1174 69 28 ryska
162 1174 105 27 spelkort.

150 1203 98 29 Alltnog,
265 1204 118 22 utskottets
399 1204 69 21 motiv
485 1205 45 20 mot
546 1211 28 14 en
590 1203 129 29 förhöjning
730 1203 25 21 af
763 1203 88 21 skatten
865 1209 35 21 sy-

78 1240 41 14 nes
134 1233 53 28 mig,
204 1233 6 21 i
227 1234 70 21 likhet
321 1234 51 21 med
396 1234 43 21 den
461 1233 139 28 föregående
616 1234 92 26 talaren,
725 1233 40 21 alls
782 1233 49 21 icke
846 1232 55 21 håll-

81 1263 61 21 bara.
166 1262 77 22 Under
259 1263 80 22 sådant
354 1263 141 22 törhållande
511 1263 70 21 skulle
596 1262 66 22 äfven
676 1263 46 28 jag,
739 1263 7 21 i
762 1262 72 22 likhet
850 1262 51 21 med

78 1293 88 25 honom,
183 1292 54 28 vilja
255 1293 113 28 tillstyrka
384 1294 32 20 att
431 1293 90 22 skatten
539 1293 71 21 skulle
626 1293 62 27 höjas
704 1293 33 21 till
758 1294 2 20 1
780 1292 62 22 mark
860 1291 41 21 och

78 1324 34 20 att
127 1322 92 22 ärendet
235 1322 72 22 skulle
324 1323 175 21 återremitteras
514 1323 34 21 till
563 1323 107 21 utskottet
685 1322 35 22 för
731 1321 137 29 vidtagande
880 1320 25 22 af

78 1352 75 22 denna
169 1352 86 28 åtgärd.

150 1382 67 21 Hvad
232 1382 107 21 beträffar
354 1382 37 21 det
402 1382 89 28 belopp,
503 1389 46 14 som
560 1382 86 21 skatten
659 1382 119 21 beräknats
789 1380 112 28 inbringa,

79 1412 26 20 så
121 1411 70 22 skulle
216 1411 25 28 ju
265 1411 28 22 då
317 1413 74 27 någon
408 1411 131 29 förhöjning
554 1413 26 21 af
593 1411 60 22 detta
669 1411 81 28 belopp
766 1410 66 22 äfven
849 1417 54 14 vara

80 1441 109 28 påkallad.
222 1441 34 21 En
283 1441 70 22 sådan
374 1441 131 29 förhöjning
523 1441 73 22 kunde
612 1441 111 21 måhända
738 1440 66 22 äfven
822 1446 81 15 annars

79 1477 54 14 vara
157 1470 112 29 påkallad,
286 1473 24 26 ty
327 1471 119 22 utskottets
467 1471 127 28 beräkning
612 1478 66 21 synes
696 1471 53 28 mig,
766 1470 50 22 icke
832 1469 72 22 heller

821 1517 11 10 5
