1109 1748
406 117 39 18 Den
469 114 24 20 10
509 116 58 25 April,
832 116 41 20 405

144 180 33 21 att
192 178 88 22 ståndet
295 179 97 27 godkänt
406 178 114 23 Allmänna
534 179 214 23 Besvärsutskottets
759 178 143 28 betänkande,

75 208 114 28 angående
209 214 27 15 en
254 207 57 23 inom
326 208 167 22 Presteståndet
508 208 65 22 väckt
588 208 92 28 petition
696 213 34 16 om
744 207 123 23 inrättande
883 208 23 21 af

75 237 69 28 asyler
158 236 33 22 för
206 236 126 22 sinnesslöa.

144 264 105 28 Samtliga
269 265 64 22 dessa
352 264 202 28 protokollsutdrag
575 266 93 27 ansägos
684 265 47 22 icke
746 264 110 22 föranleda
871 264 33 22 till

74 294 70 28 någon
159 293 83 27 åtgärd,
258 295 52 20 utan
325 294 61 22 lades
401 293 34 22 till
449 294 163 27 handlingarne.

142 380 122 27 Föredrogs
284 380 182 22 Statsutskottets
486 380 47 22 från
553 382 88 20 senaste
661 381 158 21 sammanträde
838 381 64 21 bord-

73 409 65 27 lagda
153 409 137 22 betänkande
305 410 49 21 med
370 409 115 27 anledning
501 409 23 21 af
536 409 197 27 Borgareståndets
748 409 156 27 framställning

75 445 35 15 om
129 438 114 28 tryckning
258 437 23 22 af
295 438 103 22 ständens
415 438 247 28 diskussionsprotokoll
677 438 28 27 på
720 438 78 22 allmän
813 439 90 21 bekost-

74 467 52 27 nad;
146 466 46 28 och,
214 469 51 19 enär
283 466 64 28 ingen
369 466 22 22 af
409 467 99 21 ståndets
528 467 141 22 medlemmar
688 467 95 22 önskade
805 468 7 21 i
827 467 75 27 frågan

74 498 57 26 yttra
151 496 39 26 sig,
210 495 121 28 tillfrågade
351 496 50 21 herr
416 496 210 22 Landtmarskalken
643 496 77 22 endast
735 496 87 22 ståndet
835 496 66 21 huru-

74 525 50 21 vida
144 524 37 22 det
200 524 96 22 önskade
316 525 115 27 godkänna
450 524 183 22 Statsutskottets
649 524 162 28 ifrågavarande
826 526 76 20 betän-

74 554 76 26 kande,
166 553 87 22 hvilken
267 553 130 22 hemställan
412 554 131 21 besvarades
559 554 50 22 med
625 553 156 28 öfvervägande
790 554 29 28 ja,
830 554 72 22 hvari-

74 588 77 22 genom
166 582 85 22 således
267 582 148 22 betänkandet
429 589 38 15 var
482 582 24 22 af
519 583 88 21 ståndet
622 583 80 27 gilladt.

142 668 79 22 Vidare
241 668 112 28 föredrogs
374 669 113 22 Allmänna
501 669 215 22 Besvärsutskottets
731 669 119 28 bordlagda
865 670 37 22 be-

74 697 109 22 tänkande
201 698 49 21 med
271 698 116 27 anledning
402 698 23 21 af
438 705 27 14 en
479 698 59 22 inom
552 698 167 23 Presteståndet
733 699 64 21 väckt
811 699 91 27 petition

76 733 34 15 om
126 726 136 22 tillsättande
278 727 23 21 af
314 733 26 15 en
357 727 166 28 statsarkeolog,
540 734 27 15 m.
584 734 27 15 m.

141 755 56 22 Herr
217 755 66 22 Rein
303 756 67 21 erhöll
389 756 29 27 på
436 756 97 27 begäran
548 756 55 22 först
619 757 62 21 ordet
697 756 39 22 och
751 757 95 27 yttrade:
861 757 41 27 Jag

73 784 63 21 utber
156 784 45 27 mig
221 786 38 25 att,
281 785 72 21 såsom
372 785 92 22 medlem
485 786 22 21 at
526 785 115 22 Allmänna
655 785 209 27 Besvärsutskottet,
880 785 22 22 få

73 813 49 22 med
136 813 69 26 några
220 813 39 22 ord
273 814 104 22 motivera
393 815 50 21 dess
459 814 146 27 betänkande,
621 814 32 21 uti
668 814 82 22 hvilket
762 815 39 27 jag
815 813 33 23 för
858 815 43 20 min

74 842 34 21 del
122 842 7 21 i
144 842 43 21 allo
202 842 131 22 instämmer.
357 843 42 26 Jag
413 843 39 27 går
467 843 28 21 då
510 843 55 22 först
580 843 33 21 till
623 843 96 27 punkten
730 843 23 26 b)
763 844 8 20 i
781 843 120 22 utskottets

73 870 85 28 förslag.
189 871 114 22 Utskottet
322 871 90 23 föreslår
431 872 7 21 i
456 872 97 27 punkten
573 872 24 27 b)
617 878 26 16 en
662 872 92 27 petition
773 872 79 27 derom,
869 873 33 21 att

72 900 33 21 till
125 901 64 21 nästa
208 900 103 28 landtdag
326 907 28 21 ny
368 901 66 27 nådig
449 901 136 27 proposition
601 907 34 15 om
650 900 125 28 författning
790 902 111 26 angående

72 928 93 22 forntida
183 929 183 22 minnesmärkens
384 929 103 22 fredande
507 930 41 22 och
567 930 121 22 bevarande
703 930 67 21 måtte
785 930 117 22 ständerna

72 957 129 28 föreläggas.
225 958 79 22 Skälen
319 958 34 22 för
369 965 26 15 en
411 958 67 22 sådan
491 958 138 28 författnings
640 958 131 28 behöflighet
780 959 62 21 torde
853 959 48 22 icke

72 986 40 22 här
127 986 92 22 behöfva
234 989 99 19 närmare
348 987 123 27 utvecklas;
488 988 66 21 dessa
569 988 48 21 skäl
631 987 71 22 blefvo
717 988 67 22 redan
799 987 35 22 vid
846 990 54 19 1867

73 1016 35 21 års
123 1015 104 27 landtdag
241 1015 133 22 framställda
388 1016 29 27 på
433 1016 60 22 detta
508 1023 48 15 rum
572 1016 40 22 och
627 1016 105 22 befunnos
749 1016 27 22 då
791 1016 25 22 så
831 1016 69 22 öfver-

72 1044 100 28 tygande,
196 1046 33 20 att
252 1044 122 23 dåvarande
397 1046 88 21 ständer
504 1045 85 22 beslöto
609 1045 51 27 ingå
682 1046 49 21 med
746 1052 26 15 en
787 1045 91 27 petition
895 1046 7 20 i

74 1074 77 20 ämnet.
183 1072 110 29 Styrelsen
317 1074 14 21 &
353 1074 32 21 sin
408 1074 47 21 sida
477 1074 52 22 fann
547 1074 121 28 petitionen
687 1074 35 22 väl
742 1074 98 27 grundad
861 1074 40 22 och

74 1101 59 28 afgaf
145 1102 50 22 med
211 1102 114 28 anledning
341 1102 22 22 af
377 1102 125 22 densamma
517 1103 33 21 till
566 1104 87 20 senaste
663 1103 104 27 landtdag
777 1103 65 27 nådig
852 1109 49 21 pro-

74 1130 100 28 position.
205 1130 75 23 Sävidt
292 1132 38 27 jag
345 1131 82 22 erinrar
441 1132 44 27 mig
499 1132 99 27 yttrades
614 1132 24 21 år
655 1133 54 20 1872
724 1132 46 21 från
780 1132 56 21 intet
848 1132 54 21 enda

74 1160 42 21 håll
136 1160 67 27 något
220 1159 72 23 tvifvel
313 1160 110 28 angående
443 1160 76 28 sjelfva
536 1160 156 27 hufvudsaken,
709 1161 20 21 d.
743 1167 20 15 v.
779 1167 18 15 s.
814 1167 34 15 om
864 1160 37 22 be-

74 1188 130 28 höfligheten
224 1188 23 22 af
265 1196 25 15 en
306 1189 35 27 lag
357 1189 110 27 angående
483 1189 95 22 forntida
593 1190 183 21 minnesmärkens
792 1189 109 22 fredande.

74 1217 32 21 De
122 1218 54 26 skäl,
192 1223 46 16 som
252 1218 36 21 vid
302 1218 129 27 föregående
446 1218 130 28 landtdagar
591 1218 81 22 anförts
687 1218 32 22 för
733 1218 102 22 behofvet
845 1218 23 21 af
876 1225 26 15 en

74 1246 125 28 författning
218 1246 23 22 af
258 1246 163 28 ifrågavarande
442 1248 39 26 art,
498 1247 63 22 hafva
577 1248 67 21 sedan
660 1247 49 22 dess
725 1247 88 21 förlorat
827 1247 75 27 ingen-

74 1275 46 27 ting
143 1275 23 22 af
186 1275 33 22 sin
241 1276 110 27 giltighet;
373 1277 100 25 tvärtom,
497 1276 33 22 för
552 1276 74 28 hvarje
645 1276 29 27 år,
691 1282 46 16 som
751 1276 94 26 förlider,
861 1276 41 22 blir

74 1304 189 27 nödvändigheten
278 1305 39 21 allt
331 1311 60 15 mera
406 1305 122 27 trängande
544 1307 33 19 att
592 1306 52 26 taga
659 1305 8 21 i
682 1305 74 27 lagens
767 1304 57 28 hägn
836 1305 26 21 de
873 1304 27 27 få,

75 1340 48 14 men
138 1333 85 22 derföre
239 1334 24 21 så
277 1334 85 27 mycket
373 1333 116 28 dyrbarare
499 1334 87 22 minnen
597 1334 47 21 från
654 1333 117 28 förgångna
781 1333 62 27 tider,
855 1340 46 15 som

75 1362 47 21 vårt
136 1362 51 21 land
202 1362 39 21 har
256 1362 7 21 i
278 1362 79 26 behåll,
372 1362 34 21 för
421 1364 32 19 att
469 1362 84 28 skydda
569 1363 49 22 dem
632 1364 46 20 mot
692 1362 158 27 okunnigheten
862 1362 39 21 och

75 1390 152 23 vandalismen.
245 1403 25 3 —
287 1391 47 22 Den
349 1391 24 21 år
389 1393 56 20 1872
460 1390 120 29 framlagda
595 1391 79 27 nådiga
689 1390 160 28 propositionen
862 1390 40 22 har

75 1419 49 22 icke
143 1419 46 22 ledt
208 1419 33 22 till
261 1419 36 22 det
317 1419 90 22 afsedda
422 1420 116 21 resultatet
554 1419 23 22 af
591 1420 53 26 skäl,
660 1419 33 22 för
707 1419 72 23 hvilka
794 1419 108 22 utskottet

76 1448 7 21 i
98 1449 39 20 sitt
152 1448 137 22 betänkande
304 1451 97 19 närmare
416 1449 118 27 redogjort.
565 1449 50 22 Men
627 1449 48 28 just
685 1449 69 21 denna
764 1447 138 28 redogörelse

76 1477 75 27 tyckes
166 1477 45 27 mig
225 1478 28 27 på
269 1478 36 21 det
319 1477 128 28 kraftigaste
463 1478 45 21 tala
522 1477 34 22 för
571 1479 33 20 att
619 1477 115 22 ständerna
749 1483 29 16 nu
792 1476 54 22 böra
860 1476 42 23 för-

78 1511 40 22 nya
138 1506 33 21 sin
190 1506 105 21 anhållan.
327 1506 30 27 Ty
373 1505 27 23 de
415 1506 141 27 svårigheter,
573 1508 45 20 mot
632 1507 72 21 hvilka
718 1506 75 27 frågan
807 1505 94 28 kantrat,

78 1536 36 20 äro
130 1534 48 23 icke
194 1534 23 22 af
229 1534 149 23 beskaffenhet
393 1536 33 21 att
440 1535 130 28 rättfärdiga
585 1541 26 16 en
626 1535 137 22 misströstan
779 1540 33 16 om
823 1535 77 22 sakens
