1109 1748
409 132 39 17 Den
464 130 12 18 2
493 132 55 18 Mars,
840 132 40 20 159

83 194 80 23 lärares
180 194 66 22 enkor
261 194 40 22 och
316 195 53 21 barn
386 195 67 21 måtte
468 194 92 27 beviljas
577 196 32 20 ett
624 194 75 27 anslag
715 194 22 22 af
752 196 77 24 30,000
849 196 60 21 mark

84 224 80 27 årligen
181 225 38 25 att,
235 223 58 21 helst
310 224 69 21 under
395 230 26 15 en
437 223 32 21 tid
485 222 24 22 af
522 224 30 20 tio
569 224 30 26 år,
615 224 53 26 utgå
683 223 46 21 från
746 223 26 22 de
788 223 23 21 af
823 224 85 22 landets

84 253 87 21 ständer
186 252 33 22 för
233 252 212 22 folkskoleväsendet
460 252 108 26 beviljade
578 252 80 27 medel;
675 254 32 19 att
717 252 60 22 Hans
787 252 123 28 Kejserliga

83 281 102 28 Majestät
201 281 118 21 emellertid
334 281 33 21 för
382 280 93 22 nämnda
490 280 100 22 ändamål
606 281 93 27 anslagit
714 288 26 14 en
755 287 84 15 summa
854 282 7 20 i
877 283 33 20 ett

83 310 33 22 för
131 310 38 21 allt
185 311 91 25 200,000
292 310 60 21 mark
368 311 33 20 att
416 310 52 26 utgå
484 309 24 21 af
522 310 108 21 allmänna
645 310 133 26 statsmedel,
788 310 62 22 detta
860 311 49 21 med

84 338 101 22 afseende
201 338 12 21 å
229 339 26 21 de
271 338 7 21 i
294 338 64 28 öfrigt
373 338 110 28 betydliga
499 338 82 27 anslag,
599 345 46 15 som
661 338 23 22 af
697 339 116 21 ständerna
823 340 86 20 komma

84 369 32 20 att
132 368 70 26 äskas,
219 374 49 15 men
283 369 33 20 att
331 368 60 21 Hans
407 367 104 27 Majestät
528 367 103 27 derjemte
642 368 58 21 velat
709 368 71 22 lemna
791 368 118 22 ständerna

84 397 34 21 del
141 396 23 22 af
184 396 216 22 folkskolelärarenes
420 395 127 22 förberörda
567 396 163 28 framställning,
747 396 32 22 för
799 398 41 21 den
855 398 52 21 hän-

84 425 58 22 delse
158 426 118 21 ständerna
291 424 63 23 äfven
369 425 32 21 för
417 425 33 21 sin
464 425 35 21 del
516 425 70 21 skulle
601 425 50 27 vilja
665 426 7 21 i
688 426 70 22 denna
772 426 82 28 vigtiga
869 426 39 22 sak

83 454 29 27 på
132 454 66 27 något
221 456 45 20 sätt
287 454 122 22 medverka.
440 454 42 21 För
504 454 26 21 de
550 454 78 27 många
643 454 76 27 lärare,
737 461 45 15 som
798 462 28 14 nu
841 456 67 21 redan

84 483 34 21 vid
140 483 85 21 landets
247 482 120 22 folkskolor
389 485 37 19 äro
449 483 101 21 anstälda
573 483 40 21 och
636 483 83 21 hvilkas
739 484 64 25 antal,
818 484 38 27 jag
872 484 36 22 vill

84 512 89 26 hoppas,
189 512 73 27 hvarje
283 512 23 21 år
326 512 56 21 skall
399 512 52 21 ökas
467 518 79 20 genom
561 512 156 27 upprättandet
733 512 22 22 af
767 512 119 22 folkskolor
901 513 7 21 i

85 540 42 22 alla
141 541 126 21 kommuner
282 541 7 21 i
304 541 48 21 vårt
367 541 56 26 land,
441 543 23 19 är
480 547 27 15 en
523 541 174 27 pensionskassa,
714 541 46 21 från
775 541 86 22 hvilken
872 542 36 21 vid

85 570 61 21 deras
162 569 97 22 frånfälle
275 570 63 21 deras
355 570 66 21 enkor
436 570 40 21 och
492 570 54 21 barn
561 570 73 21 kunna
648 570 82 22 erhålla
739 570 77 27 bidrag
826 570 33 21 till
870 570 38 22 sitt

84 598 34 22 lifs
138 598 121 27 uppehälle,
276 605 26 15 en
320 598 68 27 vigtig
403 598 46 26 sak,
465 600 34 20 ett
514 598 168 27 önskningsmål,
697 599 62 21 värdt
775 600 32 20 att
822 599 86 26 behjer-

84 629 34 20 tas
142 627 23 21 af
185 627 54 27 dem,
260 623 42 37 som
321 627 54 22 böra
391 627 40 21 och
447 627 73 21 kunna
535 627 116 22 medverka
666 627 32 22 till
715 627 129 22 detsammas
860 634 47 15 rea-

84 656 112 21 liserande.
221 651 14 37 —
239 655 137 28 ÖOfverhopad
391 656 48 21 med
460 657 33 20 ett
509 656 166 27 ansträngande,
691 657 75 21 helsan
781 656 126 27 undergräf-

84 685 67 22 vande
175 685 80 27 arbete,
277 685 64 21 hvars
365 684 85 27 omfång
471 685 41 21 och
532 685 150 22 beskaffenhet
701 685 47 22 icke
767 686 89 26 medger
876 687 32 20 att

84 720 54 21 egna
158 714 33 27 sig
211 714 22 21 åt
253 715 67 20 andra
335 714 214 27 inkomstbringande
564 713 108 28 biförvärf,
688 714 42 21 kan
745 714 162 22 folkskolelära-

83 749 43 20 ren,
143 742 85 22 aflönad
251 749 46 15 som
319 743 42 21 han
384 743 111 21 dessutom
519 745 25 19 är
562 743 50 22 med
632 749 27 16 en
679 743 97 27 aflöning,
794 749 46 16 som
855 745 53 20 nära

83 778 43 21 nog
138 772 70 27 jemnt
223 771 77 22 förslär
315 772 32 21 till
362 771 54 22 hans
433 778 54 21 egen
498 772 40 21 och
549 772 54 21 hans
615 771 77 28 familjs
703 771 131 28 nödtorftiga
844 772 63 27 berg-

83 801 56 26 ning,
154 801 49 21 icke
225 800 50 28 sjelf
295 801 93 26 bespara
409 801 66 26 nägot
499 801 40 21 och
560 801 87 21 arbetar
667 801 90 22 sälunda
775 801 69 22 under
865 801 41 22 den

84 829 63 22 säkra
162 829 89 27 visshet,
268 831 33 20 att
315 832 39 18 när
369 829 42 22 han
427 829 50 28 sjelf
491 836 27 15 en
534 830 56 27 gäng
605 829 62 22 faller
681 830 78 27 undan,
775 830 53 21 hans
839 829 65 28 familj

84 858 66 22 ocksä
171 858 62 22 faller
253 858 41 22 den
313 859 108 21 allmänna
434 858 145 28 fattigvärden
595 859 52 21 eller
663 859 41 21 den
720 859 97 21 enskilda
832 859 73 27 välgö-

83 888 104 21 renheten
202 888 33 20 till
250 888 49 21 last.
330 888 70 21 Dessa
419 888 185 26 omständigheter
619 888 70 21 mäste
703 888 134 27 naturligtvis
853 888 53 21 ned-

84 916 32 22 slä
137 916 54 22 hans
213 917 66 26 sinne,
295 916 90 22 förlama
399 916 54 22 hans
470 916 171 28 arbetsförmäga
657 917 40 21 och
712 917 90 21 sälunda
817 917 89 27 menligt

82 945 88 21 inverka
185 946 28 26 pä
228 946 115 21 resultatet
357 945 23 21 af
393 945 133 22 folkskolans
536 946 143 21 verksamhet.
710 946 47 21 Den
767 946 79 27 nädiga
856 952 48 20 pro-

82 974 123 27 positionen
226 974 112 22 betraktar
361 974 68 21 denna
452 974 40 21 sak
515 975 72 21 säsom
610 975 73 27 vigtig,
701 975 39 21 och
759 975 73 27 vigtig,
848 975 58 21 mina

83 1004 79 25 herrar,
179 1006 24 18 är
219 1004 47 26 den,
282 1004 48 21 icke
346 1004 77 21 endast
437 1003 34 22 för
486 1003 193 22 folkskoleläraren
689 1003 53 28 sjelf,
753 1005 53 20 utan
816 1003 33 22 för
859 1004 45 21 lan-

83 1033 47 21 dets
153 1032 208 22 folkskoleväsende.
391 1033 41 27 Jag
455 1039 64 15 anser
541 1033 107 27 nemligen
671 1034 38 24 att,
726 1038 34 16 om
781 1033 36 21 det
839 1032 65 22 tillta-

84 1062 69 26 gande
168 1062 102 22 behofvet
285 1062 22 21 af
319 1062 178 22 folkskolelärare
512 1062 55 21 skall
581 1062 74 21 kunna
669 1061 68 28 fyllas,
755 1062 40 21 och
810 1068 34 14 om
859 1061 46 21 lan-

84 1092 36 20 det
142 1090 36 22 vill
199 1090 34 22 för
255 1091 39 21 sitt
315 1091 201 21 folkskoleväsende
534 1091 65 21 vinna
617 1093 50 19 män
687 1090 49 22 med
753 1090 97 27 förmäga
864 1090 41 21 och

83 1120 49 26 vilja
148 1121 33 20 att
196 1126 55 21 egna
265 1120 34 27 sig
314 1121 23 20 ät
352 1120 60 21 detta
426 1120 50 26 kall,
493 1126 49 15 man
556 1120 40 21 bör
607 1120 53 21 söka
670 1119 134 26 undanrödja
813 1118 33 22 för
857 1119 48 21 dem

84 1148 39 22 och
147 1148 63 22 deras
229 1148 65 28 familj
316 1149 25 21 de
362 1150 57 20 mest
433 1149 109 27 tyngande
557 1148 130 28 bekymmer,
704 1148 65 21 bland
784 1147 72 22 hvilka
868 1148 37 27 jag

83 1179 45 20 tror
150 1179 33 20 att
206 1178 37 21 det
262 1184 29 15 nu
311 1177 22 22 af
350 1178 44 27 mig
408 1178 93 21 berörda
516 1178 43 21 kan
574 1177 118 21 betecknas
709 1177 70 21 säsom
795 1178 32 20 ett
842 1176 23 21 af
878 1176 27 22 de

83 1208 93 26 tyngsta.
207 1206 42 28 Jag
263 1207 40 21 har
317 1207 77 26 begärt
409 1207 63 21 ordet
486 1207 7 20 i
504 1206 58 27 hopp
574 1208 32 20 att
617 1206 158 26 Ridderskapet
786 1205 40 21 och
836 1205 69 22 Adeln

82 1235 48 22 icke
152 1236 56 21 skall
230 1236 139 26 undandraga
388 1236 70 21 denna
478 1235 192 27 behjertansvärda
688 1235 39 21 sak
742 1234 32 22 sin
789 1234 115 27 uppmärk-

83 1264 90 27 samhet,
190 1264 40 22 och
253 1266 32 20 att
304 1264 85 22 landets
408 1264 89 22 ständer
512 1264 122 27 möjligtvis,
651 1262 85 23 oafsedt
752 1264 25 21 de
793 1265 60 19 stora
868 1270 37 14 an-

83 1293 52 27 slag,
152 1299 47 15 som
221 1294 7 20 i
251 1293 64 27 öfrigt
334 1293 63 21 torde
411 1300 53 14 vara
479 1293 23 21 af
515 1293 71 21 nöden
601 1294 33 20 att
649 1292 78 28 bevilja
741 1292 33 22 för
788 1291 116 22 folkskole-

82 1322 110 26 väsendet,
209 1322 56 22 dock
287 1322 62 22 skola
371 1322 57 21 finna
451 1328 27 15 en
497 1323 68 25 utväg
583 1323 33 20 att
635 1321 61 22 äfven
710 1320 33 22 för
758 1322 33 20 sin
806 1320 35 22 del
856 1320 50 22 med

82 1351 66 26 nägot
163 1351 76 26 anslag
253 1351 115 21 medverka
383 1350 33 21 till
430 1351 157 21 realiserandet
603 1350 23 21 af
638 1350 216 21 folkskolelärarenas
865 1350 39 20 hos

82 1379 60 21 Hans
164 1379 104 28 Majestät
289 1379 127 22 framstälda
435 1379 102 27 begäran,
554 1379 40 20 och
613 1378 34 21 fär
662 1378 71 22 derför
747 1378 158 21 vördsammast

82 1407 84 27 föreslä,
183 1410 34 19 att
232 1409 41 21 den
288 1408 78 27 nädiga
380 1408 164 27 propositionen
559 1407 123 22 remitteras
693 1407 31 21 till
735 1406 169 23 Statsutskottet

81 1436 33 22 för
136 1436 121 27 afgifvande
277 1437 23 21 af
320 1437 137 22 betänkande
480 1437 7 21 i
508 1437 75 25 saken,
600 1436 40 21 och
661 1437 26 21 de
707 1435 122 28 respektive
845 1435 59 21 stän-

82 1465 40 21 den
142 1465 86 22 således
249 1467 68 20 sättas
333 1466 7 21 i
355 1465 83 22 tillfälle
461 1467 34 20 att
517 1465 59 22 öfver
599 1465 70 22 denna
688 1465 39 21 sak
741 1464 70 21 uttala
826 1463 39 32 sig.
896 1464 10 21 I

82 1493 67 28 öfriga
164 1495 60 21 delar
239 1495 62 22 torde
316 1494 162 28 propositionen
493 1495 74 21 kunna
582 1493 84 22 direkte
681 1493 121 22 remitteras
817 1491 33 22 till
863 1493 41 21 Be-

80 1522 217 27 villningsutskottet.

148 1551 57 22 Herr
227 1551 141 27 Järnefelt,
385 1551 87 23 Gustaf:
496 1552 42 27 Jag
557 1551 40 22 har
612 1551 77 27 begärt
705 1550 63 23 ordet
782 1549 33 22 för
831 1551 31 20 att
877 1551 29 26 pä
