1109 1748
260 121 39 20 178
574 120 40 19 Den
630 120 11 18 6
657 120 54 18 Mars.

230 185 132 28 taresysslan
384 185 29 27 pä
435 184 139 22 stationerne.
605 184 69 22 Deras
690 184 38 26 tid,
745 184 131 22 ätminstone
892 184 28 28 pä
931 183 26 22 de
973 183 81 23 mindre

230 214 139 26 stationerna,
394 213 40 22 och
458 213 36 21 det
514 215 24 19 är
555 213 58 21 blott
628 214 81 21 sädana
724 219 47 15 som
787 212 161 28 ifrägakomma,
966 212 88 22 emedan

229 244 29 27 pä
281 243 27 22 de
330 244 69 20 större
418 242 157 28 postanstalter
590 242 66 21 redan
671 242 76 26 finnas,
763 242 44 21 kan
822 242 66 21 ocksä
903 242 47 22 icke
965 248 50 15 vara
1030 242 24 20 sä

230 272 71 22 starkt
315 274 115 25 upptagen,
447 272 32 20 att
496 270 26 22 de
537 270 49 22 icke
601 270 72 22 kunde
689 270 64 22 sköta
770 271 41 21 den
819 271 179 27 korrespondens,
1008 275 45 16 som

230 302 39 21 der
283 301 72 21 kunde
370 300 138 22 förekomma.
537 299 85 22 Landet
637 299 40 21 har
690 300 67 20 redan
774 300 129 26 depenserat
918 300 61 21 tiotal
994 299 60 21 milli-

230 336 52 16 oner
297 330 28 26 pä
337 330 122 27 jernvägar,
476 328 40 21 och
531 328 98 22 kommer
643 328 34 22 väl
692 327 115 23 framdeles
823 330 34 20 att
865 328 61 22 anslå
933 328 33 22 för
974 334 81 16 samma

230 358 99 22 ändamål
351 358 124 28 ytterligare
490 357 63 21 tiotal
568 357 111 22 millioner.
709 357 44 21 Det
768 363 64 21 synes
848 358 43 26 mig
906 357 83 22 derföre
1004 363 51 15 vara

230 389 32 20 ett
285 386 150 27 berättigande
458 385 33 22 för
512 386 145 22 allmänheten
677 387 32 20 att
724 386 23 21 af
761 386 64 22 dessa
842 386 52 27 dyra
908 386 146 21 kommunika-

229 416 165 22 tionsanstalter
416 415 80 26 begära
518 416 32 20 att
570 414 27 22 de
612 416 98 26 prestera
726 414 28 22 all
771 415 41 21 den
827 417 62 25 nytta
904 415 52 21 eller
971 416 26 20 de
1012 414 42 22 för-

231 445 65 26 delar,
313 444 26 22 de
354 444 73 21 kunna
442 443 155 27 ästadkomma,
614 444 40 21 och
670 443 37 22 det
721 443 69 22 borde
805 444 48 21 icke
869 448 63 17 anses
948 444 72 21 säsom
1029 450 26 14 en

229 474 63 26 ringa
306 472 75 27 fördel,
397 479 35 15 om
447 478 49 16 man
512 478 76 22 genom
605 472 41 22 den
661 472 44 22 kan
719 472 131 22 säkerställa
866 480 26 14 en
907 472 92 27 regulier
1014 472 40 22 och

230 502 68 22 snabb
322 501 123 27 befordring
467 500 22 22 af
510 501 48 22 bref
579 500 41 23 och
642 501 113 27 tidningar,
780 501 110 22 äfvensom
912 501 23 22 af
947 501 106 27 paketter,

230 531 125 28 isynnerhet
370 530 49 22 med
433 530 87 22 böcker.
549 530 147 27 Jernvägarne
712 532 37 19 äro
765 530 48 22 icke
821 530 56 22 blott
886 536 26 16 en
919 530 82 27 mäktig
1008 529 46 22 häf-

231 560 63 27 stäng
313 559 33 22 för
362 560 41 21 den
418 559 121 21 materiella
553 558 166 28 produktionen,
735 560 54 20 utan
805 559 104 27 derjemte
924 559 80 27 vigtiga
1018 559 36 21 be-

231 589 96 21 fordrare
343 588 23 22 af
379 589 32 21 ett
426 587 55 22 folks
497 588 86 26 andliga
598 587 129 27 utveckling.
758 587 75 22 Skulle
842 588 158 27 Ridderskapet
1016 588 39 21 och

230 618 69 21 Adeln
319 617 56 21 dock
397 622 52 15 anse
472 617 48 20 mitt
538 616 80 27 förslag
634 616 72 21 alltför
720 615 109 27 förmätet,
845 616 68 22 skulle
926 616 38 27 jag
979 616 75 21 ätmin-

231 648 62 20 stone
308 645 50 28 vilja
373 645 91 26 anhälla,
481 646 33 20 att
528 645 32 21 uti
575 646 73 20 svaret
659 645 12 20 ä
679 645 41 21 den
726 645 81 26 nädiga
814 645 161 27 propositionen
986 645 68 21 skulle

231 675 81 22 uttalas
329 681 26 15 en
370 674 82 21 önskan
468 673 79 27 derom,
565 675 32 20 att
612 673 42 22 alla
669 673 227 28 stationsinspektorer
904 674 40 21 och
954 674 102 21 stations-

231 703 72 22 chefer
325 703 68 21 mätte
416 702 95 27 äläggas,
535 704 33 19 att
589 702 139 27 ovilkorligen
745 704 110 25 emottaga
870 702 48 22 bref
931 703 40 21 och
986 703 69 21 lösvä-

231 733 52 21 skor
303 732 29 27 pä
354 731 139 22 stationerna.
524 731 39 21 Ett
585 731 78 21 sädant
686 730 133 23 förhällande
836 737 51 20 eger
902 731 66 22 redan
983 738 29 14 nu
1028 731 28 27 pä

231 761 78 27 många
331 760 78 22 ställen
431 766 53 20 rum,
508 766 49 15 men
581 759 38 22 det
635 761 23 19 är
674 766 27 15 en
716 759 91 27 skilnad,
825 766 34 15 om
875 761 32 20 ett
922 760 77 21 sådant
1013 760 43 21 till-

232 789 153 27 mötesgäende
408 789 49 21 sker
480 788 32 21 till
535 788 52 27 följd
603 787 23 22 af
640 795 26 14 en
682 794 63 21 grace
760 787 47 22 frän
823 789 171 21 vederbörandes
1010 789 46 21 sida

233 819 51 21 eller
300 824 34 15 om
350 818 37 21 det
402 819 24 20 är
441 823 26 16 en
483 817 48 22 dem
543 813 10 37 &
575 817 105 27 tjenstens
695 819 81 25 vägnar
793 817 63 27 älagd
872 817 126 28 skyldighet.
1028 817 28 22 Sä

232 847 85 28 mycket
339 853 58 15 mera
419 846 47 21 skäl
489 852 62 21 synes
573 845 44 28 mig
642 845 70 22 dertill
735 845 138 27 förekomma,
890 852 45 15 som
950 846 64 21 bland
1030 846 26 21 de

232 875 192 28 reglementariska
445 874 163 22 föreskrifterna
629 874 7 22 i
659 874 10 28 $
691 877 11 19 8
719 875 37 21 det
771 875 54 21 talas
842 875 91 22 allenast
948 882 34 14 om
998 877 57 25 gäst-

233 904 165 28 gifvaregärdar,
421 904 91 21 likasom
532 904 36 21 det
583 904 48 21 icke
647 904 70 21 skulle
731 903 68 22 finnas
816 910 26 15 en
857 904 35 22 hel
908 904 78 27 mängd
998 904 58 27 jern-

232 933 164 28 vägsstationer,
413 932 39 22 och
465 932 38 28 jag
518 932 67 22 finner
601 932 37 22 det
646 932 45 21 helt
698 932 139 28 nödvändigt,
846 932 91 22 likasom
946 933 36 21 det
991 933 66 21 också

232 962 92 22 faktiskt
346 963 37 25 egt
400 967 52 20 rum,
479 962 33 20 att
536 961 159 27 häradsposten
719 961 42 21 blir
786 961 25 21 sä
833 962 104 26 reglerad,
961 963 32 20 att
1016 962 40 21 den

232 992 43 21 kan
291 990 98 22 använda
401 990 147 27 jernvägarne,
563 990 138 26 hvarigenom
716 990 47 22 icke
780 990 123 28 obetydliga
917 990 140 28 besparingar

233 1020 72 22 kunna
321 1019 44 21 ske.

301 1048 98 22 Friherre
414 1046 126 27 Aminoff,
557 1047 19 21 J.
592 1047 33 21 F.:
641 1047 34 21 Dä
690 1046 164 28 ifrägavarande
866 1048 78 27 nädiga
958 1048 98 28 proposi-

233 1078 46 22 tion
301 1076 40 22 och
359 1076 118 22 utskottets
501 1074 99 23 deröfver
615 1075 80 27 afgifna
709 1076 138 22 betänkande
862 1083 29 15 nu
906 1076 102 28 förelagts
1024 1076 32 22 till

232 1105 161 27 handläggning
411 1104 7 22 i
433 1104 93 26 ständet,
542 1104 41 22 har
595 1104 38 28 jag
649 1104 74 22 tillätit
737 1105 44 27 mig
796 1105 81 27 begära
892 1106 67 26 ordet,
976 1105 33 22 för
1024 1107 33 20 att

233 1136 7 20 i
262 1135 69 21 likhet
353 1134 49 22 med
416 1136 163 19 reservanterne
593 1133 8 21 i
616 1133 109 22 utskottet
739 1133 32 22 för
787 1134 42 21 min
846 1134 34 21 del
896 1135 103 21 motsätta
1014 1134 42 26 mig

233 1163 161 27 tillämpningen
417 1162 7 21 i
446 1161 139 23 förevarande
607 1161 38 22 fall
667 1161 23 22 af
711 1162 42 21 den
774 1162 89 28 princip,
880 1168 46 16 som
940 1162 69 28 ligger
1024 1163 32 21 till

235 1193 69 27 grund
326 1191 33 22 för
381 1190 175 28 uppställningen
578 1190 21 22 af
621 1191 42 21 den
686 1190 78 28 nådiga
786 1191 168 27 propositionen,
970 1192 86 21 hvilken

233 1221 82 27 princip
335 1220 80 28 jemväl
437 1219 22 22 af
479 1220 108 21 utskottet
607 1219 69 22 blifvit
690 1218 115 28 omfattad;
821 1220 37 21 det
873 1220 61 22 heter
950 1220 106 27 nemligen

233 1250 7 22 i
255 1250 80 26 nädiga
349 1248 167 28 propositionen,
532 1250 33 19 att
578 1248 27 27 pä
622 1248 37 21 det
673 1248 42 21 alla
730 1248 227 28 häradspostföringen
965 1250 91 20 rörande

233 1278 135 27 stadganden
389 1276 36 22 mä
443 1276 118 22 innehällas
576 1277 7 21 i
599 1283 26 15 en
641 1282 123 22 gemensam
779 1276 131 28 författning,
927 1278 24 21 sä
965 1277 91 23 föreslär

232 1308 60 20 Hans
307 1306 120 27 Kejserliga
441 1306 107 26 Majestät,
566 1306 33 20 att
613 1305 48 22 icke
677 1305 76 22 endast
769 1306 81 22 sädana
860 1306 140 27 stadganden,
1010 1313 46 15 som

233 1335 123 22 tillkommit
371 1340 76 22 genom
462 1334 126 22 samverkan
603 1334 79 22 mellan
696 1334 57 22 bäda
767 1335 175 26 statsmakterna,
959 1336 51 20 utan
1026 1335 30 21 äf-

233 1371 41 15 ven
296 1364 87 26 sädana,
404 1362 72 23 hvilka
492 1363 36 21 det
543 1362 73 23 tillhör
631 1363 128 26 regeringen
775 1364 32 20 att
821 1363 8 21 i
845 1364 155 21 administrativ
1015 1366 42 25 väg

233 1393 94 25 utfärda,
350 1392 61 21 skola
429 1391 162 22 sammanfattas
607 1391 6 21 i
629 1397 27 16 en
671 1390 129 28 förordning,
817 1392 41 21 och
872 1392 108 22 utskottet
994 1393 62 20 moti-

233 1428 62 15 verar
318 1421 38 21 sitt
378 1420 58 22 bifall
459 1419 71 23 dertill
549 1420 3 21 i
568 1419 89 28 ungefär
673 1426 81 16 samma
769 1420 95 27 ordalag.
894 1421 61 21 Huru
970 1421 86 22 talande

234 1451 75 21 skälen
329 1449 68 27 härpä
413 1451 26 19 än
454 1449 35 21 mä
504 1455 57 19 vara,
578 1449 39 21 har
629 1449 38 26 jag
683 1449 55 22 dock
752 1449 49 22 icke
815 1449 83 22 kunnat
914 1449 61 22 deraf
988 1449 68 23 öfver-

232 1481 63 25 tygas
311 1485 34 14 om
360 1477 160 28 lämpligheten,
530 1479 33 20 att
577 1477 7 22 i
599 1483 26 16 en
641 1477 56 22 enda
711 1477 125 28 förordning
846 1478 142 22 sammanföra
998 1479 58 22 stad-

233 1508 85 27 ganden
338 1505 23 23 af
381 1507 26 21 sä
427 1506 56 22 olika
497 1507 71 21 natur.
598 1506 43 21 Det
657 1513 62 20 synes
735 1507 43 26 mig
794 1506 83 23 derföre
893 1513 50 16 vara
957 1507 7 21 i
979 1507 77 28 princi-

231 1537 54 27 pielt
299 1535 123 22 hänseende
437 1535 49 22 vida
500 1535 111 27 riktigare,
628 1541 35 16 om
678 1535 27 22 de
720 1542 37 16 sex
765 1535 69 22 första
842 1535 158 29 paragraferna,
1010 1543 46 16 som
