1109 1748
402 115 40 17 Den
460 113 25 18 10
501 115 95 18 Februari.
858 114 28 21 73

84 178 137 28 regeringens
236 178 142 27 bemödande,
395 179 32 21 att
443 178 59 26 sörja
517 178 33 22 för
564 177 270 27 undervisningsväsendet
849 180 63 22 ilan-

84 207 42 27 det,
146 213 78 22 genom
239 208 32 20 att
286 213 50 16 vare
352 208 33 26 sig
400 207 8 21 i
423 212 46 16 mer
483 206 54 22 eller
551 208 83 21 mindre
648 206 133 22 omfattande
797 207 116 23 framställ-

84 236 55 28 ning,
159 236 28 28 pä
205 235 146 28 petitionsväg
365 236 121 26 framlägga
500 236 87 22 landets
604 236 81 27 äsigter
700 236 41 21 och
757 236 83 22 tankar.
871 238 42 27 Jag

84 265 117 28 tillstyrker
215 264 8 22 i
239 264 41 22 allo
296 265 156 27 petitionärens
468 264 83 28 förslag
567 272 34 14 om
616 266 77 21 remiss
704 264 32 22 till
746 264 115 23 Allmänna
870 266 42 22 Be-

84 294 175 22 svärsutskottet.

152 322 71 22 Sedan
239 322 152 22 diskussionen
406 322 116 22 förklarats
539 321 100 28 afslutad,
655 322 72 22 beslöt
737 322 88 23 ständet
836 324 76 22 remiss

85 351 22 22 af
120 352 7 22 i
141 350 62 29 fräga
218 352 93 21 varande
327 351 110 22 memorial
453 351 33 21 till
501 351 114 22 Allmänna
629 352 209 22 Besvärsutskottet.

151 444 102 22 Härefter
267 444 100 28 uppläste
382 444 50 22 herr
449 443 150 27 Järnefelt,
617 443 80 22 Gustaf
714 444 77 28 Johan,
809 447 33 21 ett
856 446 55 28 peti-

84 473 167 22 tionsmemorial
267 473 22 22 af
302 472 95 29 följande
411 472 95 29 lydelse:

260 543 40 21 Till
314 543 109 27 högloflige
437 542 157 27 Ridderskapet
610 543 36 21 och
660 542 80 22 Adeln:

140 583 107 23 Behofvet
262 584 23 22 af
298 584 79 22 lättare
393 584 84 22 tillfälle
493 584 34 22 för
542 584 102 21 Finlands
660 584 44 21 folk
719 584 32 21 till
766 584 108 22 vinnande
890 585 22 22 af

84 618 26 15 en
132 612 67 27 högre
223 614 116 21 elementar
361 613 97 27 bildning
480 613 40 21 har
538 613 64 26 länge
621 614 56 20 varit
692 613 72 21 insedt
779 613 41 21 och
836 614 73 21 kändt.

84 635 107 32 Ätgärder
209 641 33 22 för
261 642 138 27 afhjelpande
419 641 23 22 af
460 642 63 21 detta
542 641 67 22 behof
622 641 63 22 hafva
701 641 61 22 äfven
777 641 24 22 af
814 648 27 15 en
856 649 54 21 upp-

84 670 42 26 lyst
149 671 97 27 styrelse,
266 671 7 21 i
288 671 83 22 lofvärd
393 671 92 26 endrägt
505 671 50 21 med
577 670 79 22 folkets
679 672 180 25 representanter,
880 672 33 21 tid

85 698 54 23 efter
154 705 71 16 annan
239 700 108 27 vidtagits.
378 699 29 22 Af
420 699 54 26 skäl,
491 699 111 28 grundade
617 699 7 22 i
639 699 38 22 vär
691 699 118 22 historiska
823 701 89 21 utveck-

84 728 50 27 ling,
157 728 64 23 hafva
244 729 63 22 dessa
331 729 100 27 ätgärder
453 729 67 21 likväl
540 728 153 22 företrädesvis
713 727 47 22 haft
775 729 32 20 till
823 729 89 22 föremäl

84 757 85 22 landets
190 758 93 21 svenska
302 758 87 21 talande
404 757 133 27 befolkning,
553 757 112 22 hvaremot
681 757 36 22 det
733 760 59 19 stora
807 757 105 23 flertalets

84 787 48 21 med
147 785 66 23 finskt
228 787 110 27 tungomål
353 787 107 21 intressen
476 786 70 21 blifvit
561 785 112 28 torftigare
688 786 167 27 tillgodosedde;
872 787 40 22 och

84 815 7 21 i
106 815 42 22 den
169 821 50 16 mon
239 815 110 22 saknaden
368 815 23 22 af
406 815 156 22 läroanstalter
580 815 33 22 för
631 815 92 22 nämnda
737 815 71 22 flertal
824 816 41 27 dag
880 815 33 23 för

85 844 41 27 dag
140 845 65 20 känts
220 851 59 15 mera
295 846 120 24 smärtsam,
430 843 65 22 hafva
510 844 39 21 allt
563 844 52 21 flere
630 845 77 25 röster,
719 844 58 21 säväl
789 843 124 29 offentligen

85 880 46 15 som
146 873 100 27 enskildt,
263 873 39 22 allt
316 873 117 27 kraftigare
449 873 41 22 och
507 875 130 25 enträgnare
650 873 80 21 uttalat
745 879 26 15 en
787 872 86 23 fordran
884 875 29 27 pä

84 902 85 22 landets
185 902 113 22 förseende
313 903 50 21 med
378 902 223 27 bildningsanstalter,
618 902 71 22 direkt
699 902 171 27 tillgodoseende
881 902 31 22 äf-

84 937 40 15 ven
139 930 154 23 fosterlandets
309 931 70 22 finska
393 931 89 22 talande
497 931 132 27 befolkning.
660 931 43 21 Det
717 933 24 19 är
756 931 49 22 med
816 932 96 27 oskrym-

84 960 38 21 tad
144 960 71 28 glädje
235 960 38 28 jag
294 961 81 21 uttalar
398 960 41 22 den
462 960 152 27 öfvertygelse,
631 962 32 19 att
678 960 73 27 hvarje
766 966 54 16 sann
835 960 77 22 foster-

83 989 110 27 landsvän,
213 989 54 21 hans
287 990 102 26 ställning
409 989 40 21 och
473 989 83 27 äsigter
571 989 7 21 i
594 988 65 28 öfrigt
681 989 35 21 mä
731 995 28 15 nu
775 995 51 15 vara
841 990 72 21 hvilka

84 1024 46 15 som
145 1018 64 26 helst,
226 1018 105 22 erkänner
346 1019 70 21 denna
430 1018 99 21 fordrans
545 1018 52 21 fulla
612 1018 151 26 berättigande
778 1018 41 21 och
835 1018 77 22 oafvis-

83 1047 74 27 lighet,
175 1053 34 15 om
225 1047 40 21 ock
281 1047 122 27 antagligen
419 1053 26 15 en
460 1046 91 22 befarad
567 1047 54 21 brist
636 1047 29 27 pä
679 1046 114 28 tillgångar
803 1047 108 22 härintilis

83 1076 91 27 fördröjt
193 1076 49 21 dess
261 1076 192 26 tillmötesgående.
484 1076 73 21 Jemte
577 1076 37 21 det
629 1076 38 27 jag
685 1078 23 19 är
725 1076 59 26 villig
806 1077 34 20 att
854 1077 58 21 med-

83 1104 63 28 gifva,
170 1105 37 21 det
229 1105 84 21 landets
335 1104 114 22 förseende
468 1104 30 28 på
518 1111 27 15 en
564 1104 57 28 gång
635 1104 41 22 och
691 1104 7 21 i
714 1110 27 16 en
756 1104 88 22 alldeles
860 1107 53 20 nära

83 1133 88 22 framtid
186 1134 49 21 med
245 1133 34 22 för
295 1134 36 21 det
347 1133 88 22 afsedda
451 1134 124 21 ändamålet
590 1132 135 28 erforderligt
740 1133 59 21 antal
814 1133 99 23 läroverk

83 1162 73 22 kunde
172 1164 52 25 taga
239 1163 50 21 dess
305 1162 60 22 såväl
379 1162 120 27 materiela,
512 1168 45 16 som
568 1162 125 28 isynnerhet
704 1162 49 21 dess
763 1162 149 22 intellektuela

83 1191 82 22 krafter
185 1191 59 21 öfver
261 1191 80 22 höfvan
355 1191 8 21 i
378 1191 101 27 anspråk,
499 1192 44 20 kan
559 1191 38 27 jag
612 1191 13 21 å
641 1191 66 21 andra
722 1191 60 21 sidan
799 1191 18 27 ej
833 1192 79 22 under-

83 1220 75 28 trycka
179 1220 41 21 den
238 1220 86 26 tanken,
345 1222 33 19 att
393 1220 71 22 alltför
479 1220 55 26 litet,
552 1220 41 22 och
607 1220 61 26 långt
682 1219 55 22 ifrån
752 1220 39 21 allt
806 1220 43 26 det,
866 1227 46 15 som

83 1250 50 20 med
151 1248 119 22 förhanden
289 1249 94 22 varande
398 1249 71 22 medel
484 1249 85 21 kunnat
583 1250 100 25 uträttas,
700 1248 69 22 blifvit
783 1249 7 21 i
805 1249 61 21 detta
880 1250 32 21 af-

84 1278 79 22 seende
179 1278 72 27 gjordt
265 1277 34 22 för
313 1278 52 21 våra
379 1277 70 22 finska
463 1278 89 21 talande
567 1278 86 21 bröder.
683 1278 44 21 Det
741 1284 46 15 som
797 1284 63 21 synes
872 1279 40 21 och

84 1309 24 19 är
130 1306 122 22 outförbart
273 1307 29 27 på
325 1313 26 15 en
374 1307 56 27 gång
453 1306 53 22 eller
525 1306 59 22 inom
599 1313 27 15 en
641 1307 50 21 kort
705 1306 98 28 tidrymd,
821 1313 34 15 om
871 1308 41 21 ock

83 1336 49 21 med
151 1336 154 27 uppbjudande
323 1335 23 22 af
363 1336 42 21 alla
423 1336 33 20 till
476 1335 57 22 buds
550 1336 91 21 stående
655 1334 82 22 krafter
752 1336 40 20 och
807 1335 103 28 hjelpme-

84 1364 40 27 del,
144 1364 43 21 kan
203 1366 53 19 utan
272 1364 78 27 tvifvel,
367 1364 89 21 såframt
472 1364 38 21 det
526 1364 65 27 eljest
605 1364 69 27 ligger
689 1364 56 21 inom
760 1364 150 27 möjlighetens

83 1393 94 26 område,
193 1392 141 28 förverkligas
351 1393 134 27 småningom
501 1399 78 21 genom
595 1392 95 27 oaflåtlig
706 1392 154 27 ansträngning
871 1393 39 22 och

83 1421 112 28 endrägtig
210 1422 133 21 samverkan.
374 1422 67 21 Detta
455 1421 112 22 bekräftas
578 1423 99 25 nogsamt
688 1420 23 23 af
718 1421 48 22 vårt
775 1420 56 22 folks
843 1421 67 22 histo-

82 1451 38 26 rie,
140 1457 47 15 som
202 1450 57 21 visar
275 1451 55 21 huru
345 1451 78 25 modet,
439 1450 87 22 kraften
542 1450 40 22 och
598 1451 41 20 den
654 1450 33 21 till
702 1449 105 28 ordspråk
822 1451 87 26 vordna,

82 1479 70 22 finska
166 1479 106 27 segheten
287 1479 134 22 öfvervunnit
436 1479 33 21 till
485 1479 118 22 utseendet
618 1478 145 27 obetvingliga
777 1478 134 27 svårigheter

82 1508 40 21 och
142 1508 123 27 tillkämpat
283 1508 49 22 vårt
350 1507 45 22 folk
413 1513 26 16 en
454 1507 60 28 plats
529 1507 66 22 bland
611 1508 27 22 de
653 1507 135 23 civiliserade
802 1507 108 24 nationer-

82 1543 38 16 nes
136 1537 65 22 antal.
