1109 1748
410 117 39 17 Den
468 116 24 18 13
509 116 58 24 April.
819 117 40 19 451

64 180 72 21 beslut
158 180 6 21 i
187 179 73 27 saken,
285 179 89 21 emedan
393 179 38 27 jag
445 178 34 22 för
493 179 43 21 min
552 179 35 21 del
603 186 63 14 anser
682 179 37 21 det
733 185 51 15 vara
800 180 91 21 betänk-

64 208 40 28 ligt
126 210 32 20 att
181 208 48 22 med
245 214 26 15 en
286 208 61 27 ringa
361 208 110 27 pluralitet
486 208 103 27 påtvinga
603 214 87 15 massan
706 207 23 22 af
742 207 67 22 folket
825 214 26 15 en
867 208 25 22 så

65 236 180 28 genomgripande
267 236 124 27 förändring
411 236 6 21 i
434 236 49 22 dess
499 236 272 28 egendomsförhållanden,
787 243 47 15 som
850 237 41 21 den

65 266 79 27 nådiga
158 266 162 27 propositionen
336 264 62 22 afser.

133 295 56 21 Herr
211 300 42 16 von
275 294 154 26 Haartman,
450 294 102 21 Michael:
573 294 42 27 Jag
629 294 40 22 har
685 294 76 22 endast
776 296 68 26 yttrat
859 296 33 20 att

66 324 169 26 andemeningen
258 322 23 22 af
301 324 27 21 54
350 322 11 28 $
384 325 29 24 är,
437 324 32 20 att
485 323 92 21 stånden
593 323 60 21 skola
669 323 110 27 samtidigt
794 323 98 27 företaga

65 352 106 28 frågorna.
201 352 96 26 Motivet,
313 351 99 22 hvarföre
428 352 70 21 denna
513 351 11 28 8
539 352 70 27 ingått
624 352 7 21 i
646 352 24 21 L.
687 352 32 26 O.,
729 352 61 22 torde
799 352 33 22 väl
840 359 52 15 vara

67 381 43 27 det,
128 383 32 19 att
175 381 92 21 ständen
281 381 54 21 böra
349 380 146 28 sjelfständigt
511 380 75 28 afgöra
601 381 114 26 ärendena,
733 380 39 22 och
784 382 28 26 pä
823 382 69 21 sädan

67 410 69 27 grund
159 410 67 27 ansäg
241 410 38 27 jag
295 409 61 22 äfven
372 411 32 19 att
419 409 160 28 Ridderskapet
595 410 40 21 och
650 410 69 21 Adeln
733 410 67 22 borde
815 417 29 15 nu
860 410 32 22 till

67 439 84 27 slutligt
166 438 115 28 afgörande
297 438 97 27 företaga
408 437 82 28 frägan.

135 468 67 26 Ingen
218 467 22 22 af
254 467 98 21 ständets
367 467 139 21 medlemmar
522 467 95 22 önskade
633 467 72 21 vidare
714 468 57 26 yttra
779 468 39 26 sig,
829 468 63 21 hvar-

67 496 33 22 för
122 496 151 22 diskussionen
295 496 8 21 i
325 495 74 27 frägan
415 495 132 23 förklarades
568 496 99 26 afslutad,
685 496 40 21 och
741 496 26 21 dä
782 498 60 20 utom
857 496 36 22 fri-

67 526 63 21 herre
144 531 42 16 von
201 526 64 26 Born,
282 531 45 15 som
343 525 78 21 endast
434 525 127 27 vilkorligen
577 524 112 28 föreslagit
697 531 26 15 en
731 524 162 28 bordläggning,

68 556 33 20 tre
117 554 66 22 andra
198 554 138 22 medlemmar
350 554 64 27 yrkat
428 554 29 26 pä
473 553 95 22 definitiv
583 554 161 26 bordläggning,
761 554 68 27 ansäg
844 554 50 22 herr

68 583 210 21 Landtmarskalken
300 583 7 21 i
330 582 224 22 öfverensstämmelse
577 583 48 21 med
641 582 10 28 $
668 585 26 19 56
709 582 48 22 utaf
770 583 24 21 L.
811 583 25 21 O.
853 583 41 21 den

68 612 94 27 begärda
179 612 183 27 bordläggningen
377 612 47 21 icke
439 612 89 21 kunnna
543 611 116 28 förvägras,
676 612 6 20 i
691 611 52 27 följd
750 611 76 22 hvaraf
834 612 60 21 stän-

69 641 42 26 det,
127 641 28 26 pä
171 641 50 21 herr
235 640 219 21 Landtmarskalkens
470 639 163 28 framställning,
649 640 72 22 beslöt
736 642 32 19 att
784 640 31 21 tili
831 642 64 20 nästa

68 669 87 28 plenum
171 669 118 27 bordlägga
303 669 80 27 frägan.

136 698 91 22 Jemlikt
241 698 98 22 ständets
354 698 36 21 vid
406 699 32 20 ett
453 697 130 28 föregäende
599 698 159 21 sammanträde
765 697 84 22 fattade
858 698 37 21 be-

69 727 49 26 slut,
141 727 85 22 komme
245 729 32 19 att
292 727 7 21 i
314 727 152 26 sammanhang
481 727 49 21 med
546 727 37 21 det
599 727 40 21 sist
654 727 135 21 behandlade
805 727 91 21 ärendet

69 755 62 22 äfven
146 756 33 21 till
195 758 64 19 nästa
274 756 159 21 sammanträde
449 757 33 20 att
497 755 131 28 bordläggas
642 755 167 28 Lagutskottets
820 756 75 21 betän-

69 785 71 21 kande
162 785 7 21 i
190 785 113 26 anledning
326 784 23 22 af
369 784 80 27 nädiga
470 785 169 26 propositionen,
656 785 110 26 angäende
783 784 113 27 ändring
884 780 15 36 i

70 814 149 27 stadgandena
234 820 35 15 om
282 813 55 22 börd
352 815 56 20 samt
423 813 156 22 viderboendes
595 813 40 22 och
651 813 68 22 nabos
734 813 147 27 lösningsrätt.

138 900 121 28 Föredrogs
275 900 40 22 och
330 900 115 22 bordlades
461 900 33 22 till
510 906 82 16 samma
607 902 63 20 nästa
685 900 86 27 plenum

140 930 41 21 den
200 930 35 21 vid
253 929 61 21 detta
328 929 86 27 plenum
430 929 32 21 till
478 930 88 21 ständet
581 928 157 22 öfverlemnade
753 929 79 27 nädiga
846 935 50 21 pro-

70 958 129 27 positionen,
223 958 109 28 angäende
356 965 26 15 en
404 958 126 27 förordning
545 964 35 16 om
595 958 143 27 rättegängen
751 958 7 21 i
774 958 58 22 vissa
848 958 48 26 mäl,

72 993 45 15 som
138 987 58 21 förut
217 987 50 21 hört
290 987 31 21 till
343 987 154 27 krigsdomstol
516 989 57 19 samt
591 993 34 15 om
641 986 62 22 straff
717 986 40 22 och
773 993 71 15 annan
859 986 38 28 pä-

70 1015 52 28 följd
136 1016 6 21 i
158 1016 67 27 nägra
240 1016 48 26 mäl,
304 1016 72 21 hvilka
391 1017 49 20 röra
451 1022 105 21 personer
567 1017 59 20 utom
637 1016 138 27 krigsstaten,
787 1015 111 22 äfvensom

71 1044 56 22 huru
142 1044 105 28 häktning
261 1045 35 21 mä
311 1044 22 22 af
347 1044 115 28 krigsbefäl
478 1044 135 27 verkställas,

140 1074 224 21 Ekonomiutskottets
388 1074 138 21 betänkande
549 1074 8 21 i
575 1073 114 27 anledning
705 1072 22 22 af
741 1074 32 20 ett
787 1073 58 21 inom
860 1072 38 22 he-

72 1102 105 22 dervärda
199 1102 163 22 Bondeständet
383 1103 65 21 väckt
470 1102 186 28 petitionsförslag
676 1108 34 16 om
733 1102 115 27 bevillning
866 1101 33 22 för

72 1132 59 20 utom
146 1131 90 21 Finland
252 1131 122 22 tillverkadt
389 1131 27 27 öl,
433 1138 47 14 som
496 1131 32 21 till
543 1132 74 20 landet
632 1130 85 27 införes,
733 1133 56 19 samt

142 1160 165 27 Lagutskottets
330 1160 81 27 förslag
429 1160 32 22 till
477 1160 206 27 sammanjemkning
699 1160 21 21 af
734 1160 26 21 de
776 1159 124 28 skiljaktiga

73 1188 78 27 beslut,
167 1189 60 21 hvari
243 1189 90 21 ständen
349 1190 86 20 stannat
450 1189 35 21 vid
501 1189 130 27 behandling
647 1188 22 22 af
683 1188 78 28 nädiga
770 1188 130 28 propositio-

74 1224 48 20 nen,
139 1218 111 27 angäende
273 1217 150 28 upphäfvande
439 1218 23 21 af
476 1218 41 22 den
533 1218 160 27 Ridderskapet
708 1218 39 21 och
762 1218 71 21 Adeln
846 1217 54 27 jem-

75 1246 40 21 likt
139 1248 25 20 18
187 1247 95 27 punkten
298 1247 6 21 i
319 1246 150 28 privilegierna
485 1246 23 22 af
522 1246 42 22 den
581 1248 24 20 16
623 1246 97 22 Oktober
737 1248 53 20 1723
807 1246 93 21 tillkom-

74 1275 78 21 mande
167 1276 43 21 rätt
225 1275 33 21 till
272 1275 129 27 utpantning
415 1276 40 21 hos
472 1275 63 22 deras
551 1275 154 22 frälsebönder.

145 1362 89 21 Plenum
250 1361 75 22 afslöts
340 1362 53 21 härä
408 1362 93 21 klockan
517 1362 37 21 två
569 1361 174 27 eftermiddagen.

650 1418 21 18 In
683 1417 64 18 fidem:

572 1453 69 22 Victor
657 1453 24 21 de
696 1453 20 21 la
733 1451 96 28 Chapelle
