1109 1748
242 107 42 20 444
538 110 39 16 Den
594 108 24 18 13
634 109 59 23 April.

213 170 91 22 anförda
319 170 76 22 skälen
410 170 22 22 få
439 170 86 23 förorda
540 172 54 21 hans
609 171 82 27 förslag
707 172 38 26 att,
763 177 34 15 om
813 170 126 28 giftorätten
948 170 41 22 blir
996 170 46 22 lika

213 200 33 22 för
261 200 106 21 hvardera
381 201 83 26 parten,
481 200 168 28 morgongåfvan
664 200 46 22 helt
725 200 40 22 och
781 200 69 22 hållet
858 200 68 22 skulle
934 199 107 23 bortfalla.

282 229 57 21 Herr
361 228 196 28 Montgomery:
587 230 43 26 Jag
650 235 64 15 anser
729 229 37 21 det
780 235 52 15 vara
846 228 130 28 fullkomligt
989 228 52 22 obe-

212 257 77 27 höfligt
311 258 34 21 att
365 258 116 26 yttermera
501 258 106 22 motivera
622 258 119 22 utskottets
756 258 138 21 betänkande
908 258 8 21 i
930 257 61 27 fråga
1006 264 35 14 om

213 286 76 28 sjelfva
303 286 110 27 principen
429 286 111 27 angående
555 286 189 28 nödvändigheten
760 286 23 22 af
791 292 28 16 en
826 286 124 27 förändring
958 285 23 23 af
987 286 53 21 arfs-

213 316 66 20 rätts-
303 315 40 21 och
365 314 226 28 giftorättsandelarne
607 315 67 27 enligt
688 315 115 27 landsrätt,
819 315 60 22 såväl
894 315 50 22 med
958 315 83 27 hänsyn

213 343 33 22 till
269 344 27 21 de
318 343 121 28 yttranden,
457 350 46 15 som
518 344 40 22 här
572 344 68 22 redan
656 344 22 22 af
692 344 47 26 alla,
755 346 61 20 utom
831 344 24 22 af
868 350 26 16 en
909 344 95 22 ledamot
1020 342 23 22 af

213 372 95 26 ståndet,
324 372 69 22 blifvit
408 372 85 28 afgifna,
509 379 47 15 som
571 373 68 22 också
653 373 49 21 med
718 372 102 22 afseende
836 373 14 21 å
864 372 56 22 hvad
936 378 46 16 som
996 372 44 21 för-

213 401 83 27 siggått
311 400 59 22 förut
383 401 6 21 i
405 401 70 22 denna
489 401 66 28 fråga,
572 402 58 21 helst
642 402 38 28 jag
695 402 88 21 alldeles
799 402 48 21 icke
855 402 43 22 kan
905 401 86 22 biträda
1000 401 40 21 den

213 429 69 23 förste
297 429 95 23 talarens
408 430 56 27 äsigt
479 430 73 22 derom
568 433 33 19 att
618 432 53 20 1872
689 431 34 21 års
740 430 105 22 ständer
835 425 13 37 i
860 430 61 28 fråga
936 436 34 16 om
986 429 54 28 peti-

213 458 46 22 tion
281 458 8 22 i
304 460 73 20 ämnet
392 459 70 21 skulle
476 459 64 22 hafva
555 459 105 28 tillstyrkt
675 460 124 21 densamma
814 459 23 21 af
850 460 28 21 de
893 459 147 27 anledningar,

213 494 48 15 som
283 487 70 22 denne
377 488 67 22 talare
467 488 110 22 förutsatt.
608 488 41 22 Om
671 488 141 22 öfverhufvud
833 487 209 29 petitionsförslaget

213 516 48 22 icke
276 516 126 22 föranledde
417 517 109 27 synnerlig
542 517 125 22 diskussion
682 517 57 21 inom
755 517 60 21 detta
831 517 40 22 och
887 517 67 21 andra
969 516 71 27 stånd,

213 546 26 21 så
261 552 38 15 var
321 546 168 27 uppenbarligen
512 546 94 22 orsaken
629 547 47 25 den,
693 548 33 20 att
741 552 49 15 man
805 546 69 27 ansåg
888 546 152 26 förändringen

213 574 113 28 sjelffallen
341 574 42 22 och
397 574 48 22 icke
460 575 74 27 längre
549 575 78 26 kunna,
644 576 49 20 med
709 574 100 22 afseende
825 576 10 20 å
846 575 94 21 solklara
947 574 94 27 anspråk

213 602 23 22 af
248 603 91 21 rättvisa
355 603 40 22 och
410 603 104 27 billighet,
531 604 136 27 uppskjutas.
697 604 10 21 I
723 603 74 28 sjelfva
811 604 77 21 verket
895 604 39 21 har
942 610 26 15 ur
975 605 65 20 rätts-

213 631 30 28 lig
257 631 109 28 synpunkt
380 632 49 27 inga
444 632 53 27 skäl,
513 632 48 22 icke
577 632 68 22 heller
660 632 47 22 från
723 632 42 21 den
779 632 79 21 talares
875 632 53 27 sida,
944 638 47 16 som
1001 631 40 22 här

213 660 98 22 förordat
325 660 162 23 bibehållandet
502 661 24 22 af
539 661 38 22 det
591 661 77 27 gamla,
684 661 83 22 kunnat
782 661 96 26 anföras;
895 661 97 22 deremot
1001 661 40 21 har

214 689 38 22 det
266 689 126 28 visserligen
407 689 81 22 anförts
503 690 186 27 lämplighetsskäl
705 690 40 22 och
758 690 65 21 bland
839 690 49 21 dem
896 691 38 26 ett,
943 695 46 16 som
1003 689 38 28 jag

215 724 66 21 gerna
297 720 44 20 sett
356 720 33 19 att
403 719 48 21 icke
466 718 70 23 blifvit
550 719 87 22 anfördt
650 719 29 27 pä
694 719 59 22 detta
761 725 53 15 rum.
824 730 26 3 —
859 719 43 21 Det
910 721 30 24 är,
949 721 52 19 enär
1009 718 32 21 di-

215 747 130 22 skussionen
367 747 131 22 fortfarande
521 749 25 20 är
561 748 84 26 allmän,
662 748 57 21 blott
733 747 33 22 för
781 749 33 20 att
829 748 87 21 bemöta
932 747 110 27 åtskilliga

214 775 96 22 faktiska
324 776 141 27 påståenden,
481 776 73 22 hvilka
569 776 64 23 hafva
647 777 70 21 blifvit
732 776 85 27 afgifna,
834 783 46 15 som
893 777 39 27 jag
947 776 94 27 begärde

215 805 68 21 ordet.
314 805 41 21 Till
370 811 27 15 en
412 805 75 28 början
502 805 40 22 ber
554 806 37 27 jag
606 805 22 22 få
635 805 67 28 fråga,
710 806 53 21 hvar
770 805 90 22 friherre
875 811 42 16 von
932 805 58 22 Born
1000 804 42 23 fått

215 833 42 22 den
279 833 137 28 uppfattning
432 835 32 20 att
479 835 150 21 motsvarande
645 834 159 27 lagförändring
819 833 23 22 af
855 835 24 20 år
896 836 54 20 1845
965 834 8 21 i
988 833 52 22 Sve-

215 863 45 27 rige
285 862 123 22 framkallat
430 863 102 27 oenighet
546 863 40 22 och
603 863 52 27 split
670 864 38 21 der
723 863 6 22 i
745 863 80 22 landet.
855 863 41 27 Jag
910 864 37 21 vet
962 863 78 21 visser-

214 891 57 27 ligen
294 893 33 20 att
349 892 36 21 vid
401 892 41 21 den
457 892 94 27 riksdag,
569 892 28 22 då
611 892 63 28 lagen
689 892 46 22 från
750 892 128 22 ständernas
894 892 47 22 sida
956 893 84 25 antogs,

215 920 58 22 olika
294 920 112 27 meningar
427 920 131 25 förefunnos,
574 928 49 15 men
636 922 38 27 jag
689 921 43 22 kan
747 921 47 22 icke
810 920 100 28 uppfatta
924 920 116 22 friherrens

214 949 120 27 påstående
357 956 35 15 om
415 949 7 21 i
444 950 115 27 anledning
582 950 62 22 deraf
657 950 144 28 uppkommen
817 950 52 27 split
884 950 40 22 och
940 950 101 26 oenighet

214 978 98 26 sålunda,
328 980 33 20 att
377 978 43 22 han
435 978 70 22 skulle
520 978 67 22 afsett
602 979 27 21 de
645 979 57 21 olika
717 979 116 27 meningar,
850 985 46 15 som
911 978 36 22 vid
962 978 78 28 lagför-

214 1007 81 27 slagets
311 1007 130 27 behandling
456 1008 98 22 uttalats.
584 1008 42 27 Jag
641 1008 40 22 har
695 1008 55 22 varit
765 1008 66 26 något
845 1008 7 21 i
867 1007 83 22 tillfälle
966 1009 33 20 att
1007 1013 33 15 er-

213 1036 47 21 fara
283 1036 59 22 såväl
354 1036 102 28 juristers
473 1042 46 16 som
532 1037 68 21 andra
615 1037 153 27 medborgares
785 1036 57 28 åsigt
856 1036 112 27 angående
985 1038 54 20 1845

214 1064 35 22 års
264 1064 167 28 lagförändring,
441 1065 41 22 och
496 1065 40 22 har
551 1065 48 22 utaf
613 1066 48 21 dem
677 1065 138 27 enstämmigt
831 1065 79 26 erfarit,
926 1067 32 20 att
968 1065 73 21 hvilka

212 1093 175 27 betänkligheter
409 1100 48 15 man
479 1096 27 20 än
525 1094 72 22 kunde
613 1094 64 22 hafva
691 1094 50 22 med
756 1094 101 22 afseende
873 1094 13 22 å
901 1094 41 22 den
957 1094 83 22 mindre

210 1122 148 28 jordegarens,
374 1122 119 28 allmogens
509 1123 102 27 ställning
626 1124 6 21 i
647 1122 53 29 följd
715 1122 23 22 af
750 1123 75 27 lagens
842 1122 117 27 införande,
968 1122 26 22 så
1001 1122 40 22 har

212 1158 49 15 man
282 1151 65 22 likväl
370 1158 29 15 nu
418 1151 91 22 kommit
528 1152 32 21 till
576 1152 41 22 den
633 1152 138 27 uppfattning
785 1154 33 20 att
831 1152 65 27 lagen
910 1152 39 21 har
964 1152 76 21 verkat

211 1180 126 26 helsosamt,
360 1182 34 20 att
417 1180 40 22 den
477 1180 49 22 icke
546 1180 108 22 föranledt
668 1181 67 27 några
751 1180 140 22 ekonomiska
906 1180 134 27 svårigheter

211 1209 29 26 på
263 1209 154 27 landsbygden,
442 1211 34 20 att
495 1210 190 26 skuldsättningen
704 1210 7 21 i
729 1210 74 21 landet
822 1209 46 22 från
885 1209 154 27 jordegarenes

211 1238 48 21 sida
274 1238 131 26 derigenom,
421 1238 47 22 icke
485 1238 130 22 åtminstone
630 1238 117 26 märkbart,
763 1238 95 27 tilltagit,
868 1238 40 22 och
919 1240 33 20 att
963 1238 76 21 åtmin-

211 1268 63 20 stone
298 1266 80 22 tanken
394 1268 33 20 att
442 1266 117 23 återinföra
574 1268 38 20 det
626 1267 71 27 gamla
711 1268 70 21 måste
797 1267 112 21 betraktas
925 1267 72 21 såsom
1012 1273 27 15 en

211 1295 126 27 omöjlighet
356 1295 7 21 i
384 1295 94 28 Sverige.
495 1309 3 2 -
509 1296 96 22 Alldeles
621 1302 83 16 samma
718 1296 133 22 förhållande
867 1296 39 21 har
920 1302 50 15 man
984 1295 55 23 erfa-

210 1324 29 21 rit
258 1324 47 22 från
325 1324 116 22 Danmark.
470 1324 11 22 I
496 1325 109 21 Danmark
621 1325 54 27 egde
692 1325 111 21 enahanda
818 1324 42 28 lag,
877 1330 46 16 som
940 1325 26 21 de
981 1324 59 22 förut

210 1352 63 27 hade,
289 1353 92 21 bestånd
397 1353 66 22 också
478 1354 32 21 till
526 1354 24 21 år
567 1356 62 19 1845.
660 1354 34 21 Då
708 1353 94 22 infördes
819 1354 38 21 der
871 1353 43 22 lika
924 1352 63 27 gifto-
999 1354 41 21 och

210 1381 94 22 arfsrätt.
335 1381 66 28 Ingen
416 1382 114 21 menniska
544 1382 70 22 skulle
631 1389 29 14 nu
675 1382 68 22 tänka
757 1382 29 27 på
801 1384 32 19 att
843 1381 69 22 införa
922 1382 38 21 det
969 1382 71 26 gamla

210 1410 53 21 eller
278 1411 92 26 beklaga
385 1412 33 20 att
432 1410 163 28 lagstiftningen
611 1413 38 25 tog
665 1411 60 22 detta
741 1413 54 25 steg.
821 1411 95 21 Alldeles
928 1411 112 21 enahanda

209 1441 25 19 är
249 1439 145 22 förhållandet
409 1439 8 22 i
431 1439 79 28 Norge,
527 1440 39 21 der
581 1446 26 15 en
622 1440 36 27 lag
674 1439 23 22 af
711 1440 23 21 år
751 1442 54 20 1854
821 1439 83 22 införde
914 1446 82 15 samma
1006 1446 33 15 re-

209 1467 55 22 form
285 1468 40 22 och
341 1468 93 21 derifrån
447 1469 38 27 jag
499 1469 49 22 icke
563 1469 68 21 heller
647 1469 49 21 hört
711 1469 67 27 något
793 1469 58 26 slags
866 1468 174 27 betänkligheter

209 1502 35 15 om
263 1497 42 21 den
326 1497 73 21 saken.
431 1497 32 21 De
484 1497 54 27 skäl,
555 1504 47 15 som
617 1504 49 15 man
682 1498 121 27 egentligen
819 1497 99 27 andragit
932 1497 32 21 för
979 1497 60 22 bibe-

209 1525 111 23 hållandet
339 1525 24 22 af
383 1525 41 22 den
445 1527 69 26 gamla
531 1527 118 26 principen,
666 1529 24 19 är
707 1526 156 27 jordegarenes
883 1525 101 28 ställning
1004 1527 35 21 vid
