1109 1748
414 138 39 17 Den
471 136 25 18 16
512 138 54 17 Mars.
838 136 42 20 269

86 202 28 27 gå
129 202 50 22 dess
195 201 131 27 önskningar
341 201 25 21 så
380 200 46 21 vidt
440 200 84 27 möjligt
534 200 33 21 till
578 202 76 24 mötes,
666 199 40 21 och
717 198 62 22 äfven
790 199 118 21 ständerna

86 230 140 27 understödja
247 230 26 21 de
297 229 97 22 enskilda
416 229 145 27 petitionerna
581 229 7 21 i
610 228 92 22 berörda
727 227 108 22 afseende.
866 228 43 20 Det

86 260 67 27 gäller
175 260 45 25 här,
237 264 35 16 om
293 259 40 21 ock
355 258 56 21 blott
433 258 37 20 två
492 257 141 27 fullständiga
647 263 60 15 resor
721 256 33 22 för
769 257 47 21 året
831 262 78 21 genom

86 289 49 21 hela
154 288 117 26 distriktet,
286 287 48 21 icke
354 287 29 27 på
400 286 91 22 förhand
507 292 77 21 genom
599 286 176 27 myndigheterna
790 285 33 21 till
839 285 69 26 dagen

86 317 119 25 bestämda,
221 318 53 19 utan
289 316 23 21 af
325 315 219 27 provincialläkarene
555 316 28 26 på
594 314 22 22 af
625 315 49 21 dem
684 314 81 27 utlysta
775 314 67 27 dagar
852 314 57 21 före-

86 348 71 25 tagna,
175 345 144 21 allmänheten
333 344 34 21 till
380 343 96 22 fromma.
508 344 44 21 Det
567 344 112 21 sannolika
693 343 103 27 beloppet
811 342 22 22 af
843 342 66 22 ökadt

85 374 125 26 reseanslag
225 373 33 22 för
273 372 220 28 provincialläkarene
508 373 71 21 skulle
593 372 124 27 härigenom
732 372 57 27 stiga
803 372 50 21 med
864 378 44 14 om-

85 404 62 26 kring
171 404 76 25 12,000
269 402 13 21 &
304 403 77 25 20,000
400 402 71 25 mark;
495 402 40 20 och
551 408 35 14 om
601 408 49 14 man
665 401 48 21 med
729 401 70 21 denna
814 406 94 16 summas

85 432 120 27 uppoffring
228 434 27 18 än
277 437 59 15 mera
357 430 72 22 kunde
448 430 68 22 väcka
536 430 107 26 allmogen
662 429 47 22 från
724 430 49 21 dess
788 429 120 28 liknöjdhet

85 460 33 22 för
132 460 87 22 helsans
235 460 60 26 värd,
311 460 24 21 sä
350 465 51 16 vore
416 465 98 15 summan
529 459 7 21 i
552 458 133 22 förhällande
701 458 82 27 ganska
797 458 55 22 liten
867 458 41 22 och

85 490 116 26 ingalunda
222 488 136 22 bortkastad.
388 488 43 21 Det
446 488 63 21 heter
523 488 7 21 i
544 488 217 27 provincialläkarens
776 487 132 21 instruktion

86 518 68 26 äfven,
171 520 32 19 att
217 518 88 21 läkaren
321 517 54 21 skall
390 523 76 21 genom
481 516 155 27 undervisning
646 516 99 22 befordra
755 516 153 26 helsovärden;

85 549 39 19 när
146 546 70 22 blefve
238 546 43 21 han
303 546 72 21 bättre
397 546 7 20 i
424 545 84 22 tillfälle
527 547 34 20 att
579 546 52 26 göra
645 546 66 26 detta,
728 551 34 15 om
775 545 49 21 icke
840 544 68 21 under

86 576 81 21 sädana
190 576 107 20 allmänna
321 580 66 21 resor,
403 574 113 27 företagna
538 574 7 21 i
568 573 85 27 angifna
673 574 107 21 särskilda
801 573 105 21 ändamäl.

85 604 42 21 För
149 605 43 20 min
215 604 98 21 enskilda
335 603 34 21 del
389 603 70 21 skulle
472 603 39 27 jag
526 603 49 21 med
591 609 26 14 en
632 603 77 26 lindrig
723 602 148 21 modifikation
887 602 24 21 af

86 633 118 21 utskottets
219 631 82 28 förslag
315 632 51 27 vilja
380 631 92 27 förorda,
489 633 34 20 att
538 631 117 22 ständerna
669 631 48 21 med
732 630 140 22 förkastande
887 630 23 21 af

86 661 27 22 de
128 663 77 20 tvenne
220 660 161 28 ifrägavarande
397 661 156 26 petitionernas
569 660 68 27 öfriga
652 659 115 28 yrkanden,
784 659 67 22 mätte
866 659 40 22 hos

84 691 60 21 Hans
159 690 122 28 Kejserliga
295 690 102 27 Majestät
412 689 157 27 underdänigst
585 689 84 21 anhälla
685 695 34 15 om
730 688 77 27 ätgärd
818 688 88 26 derhän,

85 721 33 19 att
139 719 220 27 provincialläkarene
381 718 70 21 skulle
473 717 114 28 förpligtas
611 719 32 20 att
666 717 33 22 för
717 717 189 26 tillhandagäende

84 748 48 21 med
147 747 134 27 läkarevärd,
298 747 13 21 å
327 747 68 27 utlyst
410 747 31 21 tid
457 747 40 22 och
512 749 47 19 mot
574 747 125 26 ersättning,
715 753 50 15 vare
781 746 34 27 sig
830 746 7 21 i
852 745 54 22 form

84 776 23 22 af
127 777 66 27 högre
215 776 125 27 reseanslag
362 776 52 21 eller
434 775 55 22 efter
504 775 94 27 ingifven
613 775 144 27 reseräkning,
774 775 36 21 två
826 775 80 26 gånger

84 811 34 16 om
134 806 47 21 äret
195 805 83 22 besöka
293 805 42 21 alla
349 805 33 21 till
398 805 111 20 distriktet
524 804 96 22 hörande
635 804 130 26 kommuner,
781 803 124 22 medicinal-

84 834 165 27 öfverstyrelsen
265 833 56 22 dock
337 833 102 27 obetaget
453 835 33 19 att
501 833 51 21 med
567 833 101 22 afseende
684 833 13 21 å
711 833 107 21 särskilda
833 832 73 21 lokala

84 863 148 22 förhållanden
247 862 132 22 annorlunda
394 863 74 21 derom
482 862 129 22 bestämma.

151 892 56 21 Herr
230 891 172 22 Silfversvan:
428 892 47 20 Den
499 891 54 21 siste
576 891 84 21 talaren
681 890 69 22 måste
772 890 48 22 icke
842 890 64 21 hafva

84 921 198 27 uppmärksammat
295 920 49 21 mitt
358 920 100 27 yttrande
473 920 53 21 eller
541 920 109 27 uttryckte
663 920 37 26 jag
715 920 42 26 mig
767 919 98 27 otydligt,
877 918 28 22 då

84 950 42 20 han
148 952 63 24 säger
234 956 33 14 om
291 949 37 21 det
345 948 113 22 inträffade
473 948 45 27 fall,
534 955 47 15 som
593 948 39 28 jag
646 948 56 22 hade
717 950 51 20 äran
784 950 119 24 omnämna,

84 980 32 20 att
137 978 90 22 läkaren
244 978 47 21 icke
306 984 38 15 var
358 978 72 21 kallad
445 984 78 20 genom
538 978 88 26 lämplig
641 977 132 27 myndighet;
789 976 27 22 då
831 982 27 16 en
872 976 32 22 lä-

83 1007 52 21 kare
150 1007 97 21 kommer
262 1006 32 22 till
309 1012 26 16 en
350 1006 108 26 kommun,
474 1006 34 21 för
521 1008 34 19 att
569 1008 52 25 taga
635 1006 121 21 kännedom
772 1012 35 14 om
822 1007 33 19 ett
866 1005 38 21 all-

83 1038 59 19 mänt
157 1034 154 29 sjukdomsfall,
328 1035 25 21 så
367 1035 75 27 tycker
454 1035 45 27 jag,
517 1036 32 20 att
565 1035 38 21 det
618 1036 24 20 är
657 1034 124 27 tillräckligt
796 1036 33 19 att
843 1034 61 21 kom-

83 1070 88 16 munens
195 1064 128 22 ordförande
337 1064 138 22 underrättar
490 1064 86 26 honom,
593 1065 33 20 att
642 1063 37 22 det
694 1063 45 22 står
753 1063 38 21 illa
806 1063 33 21 till
854 1063 7 21 i
877 1069 27 15 en

84 1093 42 21 viss
149 1093 59 21 trakt
230 1092 23 22 af
273 1093 134 21 kommunen.
438 1092 42 27 Jag
503 1098 64 16 anser
590 1093 37 21 det
643 1098 51 15 vara
709 1092 53 21 hans
778 1092 126 26 ovilkorliga

84 1122 122 27 skyldighet
221 1122 33 20 att
269 1122 28 21 då
311 1120 79 23 infinna
405 1121 33 27 sig
454 1121 45 27 der,
515 1122 58 20 helst
589 1121 60 21 detta
663 1120 36 22 fall
713 1120 48 22 icke
776 1127 37 15 var
824 1122 32 20 ett
867 1126 36 16 en-

84 1150 72 26 skildt,
171 1152 53 20 utan
246 1152 32 19 ett
301 1150 87 22 allmänt
403 1149 157 28 sjukdomsfall,
577 1150 25 21 så
616 1150 85 27 mycket
715 1156 46 14 mer
776 1155 46 15 som
838 1148 66 22 dessa

83 1179 128 21 nödlidande
230 1179 47 21 icke
293 1185 50 15 voro
358 1179 58 21 mina
431 1185 62 21 egna,
509 1180 53 20 utan
577 1178 85 22 landets
677 1178 50 26 folk,
744 1184 46 16 som
805 1178 40 21 hos
860 1178 44 26 mig

82 1207 70 23 blifvit
166 1208 70 28 hysta.
265 1207 56 22 Herr
336 1214 40 15 von
392 1207 133 22 Willebrand
539 1208 40 21 har
587 1207 116 21 framhållit
710 1207 66 27 några
785 1206 119 28 bedröfliga

83 1237 95 27 exempel
196 1236 29 28 på
245 1236 41 22 den
305 1236 100 27 motvilja,
422 1242 46 16 som
486 1237 58 21 visat
559 1236 33 27 sig
607 1236 47 21 från
669 1236 164 21 kommunernas
849 1235 53 27 sida,

83 1265 27 21 då
125 1266 37 21 det
177 1267 24 20 är
215 1265 61 27 fråga
291 1271 34 15 om
341 1266 32 20 att
387 1265 29 27 på
431 1265 67 22 dessa
513 1267 59 19 orter
586 1265 87 27 placera
685 1264 82 22 läkare.
797 1264 43 27 Jag
849 1264 53 27 hop-

82 1300 39 20 pas
137 1296 32 19 att
185 1294 64 22 dessa
263 1294 48 21 icke
325 1294 74 21 kunna
413 1294 126 22 tillskrifvas
556 1294 41 21 alla
611 1294 131 26 kommuner,
753 1294 53 20 utan
823 1294 33 20 att
866 1293 37 21 det

82 1324 24 19 är
128 1323 91 21 enstaka
236 1322 43 27 fall,
296 1322 40 22 och
351 1322 38 28 jag
407 1322 70 22 skulle
496 1324 34 20 tro
550 1324 33 20 att
595 1322 47 28 just
657 1322 80 22 sådana
751 1322 43 26 fall,
810 1323 40 19 när
866 1321 37 22 det

82 1351 38 26 går
139 1352 25 20 så
181 1352 67 26 långt,
265 1353 33 19 att
315 1358 48 14 man
382 1351 35 21 vill
432 1350 98 23 förmena
544 1351 90 22 läkaren
649 1352 32 20 att
695 1351 87 21 bosätta
797 1350 33 26 sig
845 1350 58 21 inom

80 1379 135 27 kommunen,
231 1379 75 22 bevisa
321 1381 32 20 att
367 1379 103 22 behofvet
487 1379 23 22 af
522 1380 75 22 läkare
613 1382 23 19 är
651 1379 26 22 så
691 1379 85 28 mycket
789 1384 60 15 mera
864 1378 38 27 på-

80 1408 89 27 kalladt,
185 1410 22 26 ty
230 1408 38 22 der
291 1409 44 20 står
356 1408 48 21 icke
427 1408 34 22 väl
484 1408 39 21 till.
553 1409 51 20 Man
625 1408 38 21 har
679 1408 37 21 der
731 1407 48 22 icke
794 1412 38 16 ens
847 1413 55 20 upp-

80 1436 71 27 fattat,
168 1439 32 19 att
216 1443 26 16 en
257 1437 82 27 verklig
353 1437 74 22 läkare
441 1437 75 22 bättre
530 1437 44 21 kan
589 1436 154 22 tillfredsställa
758 1434 107 27 behofvet,
875 1437 27 20 än

81 1471 26 16 en
130 1465 166 28 qvacksalfvare,
312 1466 40 21 och
372 1465 47 28 just
438 1466 38 21 der
491 1466 68 21 borde
574 1465 43 21 han
632 1472 51 15 vara
697 1463 108 29 placerad.
835 1463 67 23 Dess-

80 1496 60 20 utom
161 1495 64 21 beror
248 1494 60 21 detta
329 1494 48 22 icke
392 1494 57 22 blott
463 1494 24 21 af
501 1495 42 21 den
558 1494 157 21 intellektuella
729 1492 172 29 uppfattningen,

79 1524 53 20 utan
152 1523 29 27 på
202 1522 232 28 penningetillgången.
464 1523 46 21 Det
532 1522 68 22 finnes
621 1523 131 25 kommuner,
771 1527 47 16 som
838 1521 64 23 hafva

80 1551 58 22 svårt
153 1553 33 20 att
200 1551 91 28 uppföra
307 1551 26 22 de
348 1557 29 16 nu
393 1551 141 27 erforderliga
546 1551 265 28 folkskolebyggnaderna,
823 1550 41 22 och
874 1551 28 21 då
