1109 1748
215 99 27 17 56
514 99 39 17 Den
571 98 11 18 9
599 99 92 18 Februari,

186 164 71 20 rester
277 161 32 23 för
325 162 108 22 särskilda
448 163 69 20 ätters
533 162 95 27 oguldna
643 162 149 29 vapenplåtar,
808 170 49 15 men
873 162 27 22 då
916 163 40 21 den
972 170 44 15 mo-

187 190 82 22 raliska
290 191 149 28 påtryckning,
463 196 47 16 som
532 190 78 23 afsetts
628 192 49 21 med
697 188 197 31 uppdebiteringen
909 191 23 22 af
945 191 72 23 ofvan-

187 220 94 22 berörda
296 221 126 21 resterande
438 219 121 28 ersättning
575 220 40 22 och
631 220 194 28 offentliggörande
840 220 24 22 af
878 221 26 21 de
915 220 102 28 restskyl-

191 249 50 27 diga
257 250 96 21 ätternas
369 256 71 20 namn,
456 248 135 23 beträffande
607 249 145 28 nyssnämnda
768 251 76 25 rester,
856 250 57 21 visat
924 249 33 27 sig
967 256 51 15 vara

188 279 53 21 utan
257 278 85 28 åsyftad
356 278 80 22 verkan
451 277 41 23 och
507 277 84 23 krafvet
606 280 57 20 emot
679 278 95 22 berörda
790 280 57 20 ätter
858 278 18 28 ej
888 278 68 23 heller
967 280 51 25 äger

188 307 67 27 laglig
277 306 236 28 utsökningsgiltighet,
536 313 65 15 anser
621 307 33 27 sig
674 307 142 22 Direktionen
835 307 53 22 böra
903 307 115 22 hemställa

190 342 34 15 om
239 336 48 22 icke
303 336 92 22 nämnde
409 336 139 27 restebelopp
563 335 57 28 finge
635 338 52 20 utan
702 336 75 22 vidare
792 336 46 22 från
852 336 166 22 riddarhuskas-

189 370 50 16 sans
255 364 146 28 räkenskaper
417 364 85 22 afföras.

259 393 243 28 Jungfrustiftskassans
514 393 70 22 medel
593 394 100 27 utgjorde
701 393 36 22 vid
745 395 89 21 senaste
842 394 115 27 landtdags
968 394 50 22 slut:

193 433 41 22 den
253 435 24 20 15
294 434 51 21 Juni
362 435 54 20 1872
448 450 5 5 .
484 450 40 5 soc
556 450 4 4 so
592 450 4 4 co
736 451 114 5 L.
868 429 14 39 |
887 434 130 30 155,107]58]

191 462 36 21 vid
243 468 83 16 samma
341 463 35 21 ärs
375 508 4 5 |
392 463 96 50 utgång.
520 480 4 4 ä
556 479 4 5 8
591 479 5 5 dd
627 480 5 4 =
663 480 4 4 £
700 479 4 4 &
736 479 4 4 &
810 480 5 5 &
846 478 4 6 &
887 464 125 26 |108,867)]72

194 492 77 20 1873
268 487 15 36 .
302 508 5 4 .
339 508 4 5 .
520 508 39 4 koa
591 508 4 5 e
627 508 4 4 a
663 508 76 4 wow
773 508 41 5 wa
844 507 5 5 =
887 493 123 25 |167,060j71

194 522 77 19 1874
556 536 294 6 LR
887 522 125 24 [170,243]22

194 550 76 20 1895
269 546 23 34 «o
302 566 5 4 wo
338 566 4 4 <
374 566 41 5 wok
446 566 41 4 Mo
519 566 4 4 RR
554 566 5 4 LL
591 566 77 4 moka
700 566 5 4 8
736 566 43 5 koa
810 566 4 4 i
846 567 4 3 x
887 551 89 25 [175.077
985 552 32 37 41)

194 578 77 20 1876
269 574 15 34 .
303 594 4 4 .
339 594 5 5 .
811 595 4 4 s
847 595 4 5 a
888 572 46 32 179,
938 580 38 20 197|
1000 572 17 28 3!

193 606 40 21 och
249 607 74 26 uppgä
337 595 42 33 den
395 595 26 33 23
437 595 89 33 Januari
542 594 145 34 innevarande
701 594 25 33 år
737 595 42 32 till
810 623 5 5 <
847 623 4 4 +
888 608 124 25 [179,287]55

194 651 62 22 deraf
269 651 92 22 kontant
377 654 62 25 1,408
449 652 62 21 mark
525 653 27 20 82
567 652 70 27 penni,
649 652 32 21 till
692 651 197 23 riddarhuskassan
900 652 120 27 förskjutna

194 680 70 22 medel]
280 682 63 25 4,200
358 681 67 26 mark,
442 681 29 27 pä
485 681 93 27 löpande
593 681 91 27 räkning
699 681 8 21 i
722 681 204 27 Föreningsbanken
943 683 77 24 28,400

193 709 68 27 mark,
284 709 7 22 i
310 710 158 21 räntebärande
488 709 143 27 obligationer
649 711 78 24 56,424
747 710 69 26 mark,
837 710 129 21 utestäende
985 710 35 21 län

193 740 78 25 85,960
289 739 60 20 mark
368 740 45 20 mot
432 745 38 15 sex
487 740 90 25 procent
593 739 40 21 och
651 740 54 20 1876
721 738 35 22 ärs
773 739 52 22 derä
840 739 116 27 upplupna,
972 745 48 16 men

193 767 48 22 icke
257 767 90 22 influtna
362 769 74 20 räntor
451 769 63 25 2,894
530 767 60 22 mark
606 769 26 20 73
648 767 70 27 penni.

264 796 71 21 Sedan
358 796 41 22 den
424 798 24 20 15
471 796 51 22 Juni
544 797 57 20 1872
619 796 39 21 har
672 796 87 27 kassan,
777 796 67 27 enligt
858 796 57 22 hvad
930 796 22 22 af
965 796 55 22 före-

195 825 90 21 stående
298 825 84 27 uppgift
393 825 115 26 inhemtas,
516 825 76 21 vunnit
605 831 26 15 en
643 824 108 23 förkofran
765 825 24 22 af
795 826 77 24 24,179
881 825 61 22 mark
950 827 25 20 97
984 825 36 28 p:i.

263 854 10 21 I
288 853 101 23 afseende
405 854 13 22 ä
433 855 113 21 räntornas
562 854 133 27 inbetalning
711 854 40 22 och
761 853 79 23 förlust
850 854 23 22 af
881 854 84 22 utlänta
975 861 44 15 me-

195 883 40 26 del,
255 882 40 22 har
313 884 37 26 egt
364 889 47 15 rum
427 883 112 22 enahanda
553 882 144 28 fördelaktiga
711 882 142 27 förhällande,
870 889 46 16 som
931 884 90 21 rörande

195 911 196 22 riddarhuskassan
407 912 62 22 ofvan
483 911 68 22 finnes
568 912 104 21 anmärkt.

265 940 28 22 Af
314 940 71 28 adliga
405 940 241 28 jungfrustiftskassans
669 940 190 28 räntebehällning
878 941 96 27 utgingo,
995 941 27 21 dä

195 969 141 22 Direktionen
360 971 96 25 emottog
479 970 91 21 kassans
593 969 136 27 förvaltning,
753 971 28 20 45
805 970 108 22 ordinarie
934 970 40 22 och
997 972 25 19 10

196 998 87 27 gratial-
303 998 53 22 eller
374 998 76 22 inalles
467 1000 26 20 55
510 998 120 28 pensioner.
661 998 32 22 På
707 998 71 28 grund
793 998 23 22 af
830 999 41 21 den
886 999 31 21 uti
934 1000 24 20 17
976 998 10 28 8
1002 998 23 22 af

197 1027 37 21 det
249 1027 42 21 den
307 1029 12 19 7
335 1027 42 28 Maj
395 1029 55 20 1872
465 1027 33 22 för
512 1027 145 27 inrättningen
672 1027 116 22 utfärdade
803 1027 132 27 reglemente
945 1028 77 21 Direk-

196 1056 74 22 tionen
292 1056 108 27 medgifna
419 1058 50 25 rätt,
493 1056 40 22 har
551 1056 147 27 Direktionen,
715 1056 50 22 med
780 1056 142 27 iakttagande
938 1056 22 22 af
974 1056 26 22 de
1015 1056 7 22 i

198 1087 25 19 13
247 1084 41 22 och
312 1086 25 20 14
357 1084 23 29 $$
399 1085 23 21 af
440 1092 82 15 samma
540 1085 132 27 reglemente
688 1084 107 28 stadgade
811 1085 101 27 grunder,
928 1085 52 22 ökat
996 1085 27 22 de

196 1113 47 21 frän
265 1114 146 27 inrättningen
431 1114 107 27 utgäende
557 1114 154 27 pensionernas
730 1114 59 21 antal
808 1114 42 22 den
866 1116 26 19 12
908 1114 42 27 Maj
969 1116 53 19 1874

196 1142 49 22 med
265 1143 36 21 tvä
317 1142 40 22 och
373 1142 41 23 den
429 1144 26 20 25
471 1143 43 27 Maj
534 1144 51 20 1875
602 1143 49 21 med
666 1142 126 28 ytterligare
809 1144 78 20 tvenne
901 1143 121 27 pensioner,

196 1170 99 22 hvarföre
317 1172 82 21 antalet
421 1178 28 15 nu
471 1172 108 27 utgäende
601 1172 115 27 pensioner
735 1173 65 25 utgör
819 1174 34 24 59,
872 1172 108 27 nemligen
994 1174 27 19 49

197 1200 108 22 ordinarie
321 1200 40 22 och
378 1202 25 20 10
419 1200 200 28 gratialpensioner.

267 1228 152 23 Stamtaflorna
433 1229 59 22 öfver
508 1229 27 22 de
550 1230 13 20 ä
577 1229 139 22 riddarhuset
730 1229 168 22 introducerade
914 1231 56 20 ätter
984 1229 39 21 har

197 1257 144 22 Direktionen
356 1258 49 22 sökt
425 1258 6 21 i
451 1258 121 27 möjligaste
587 1258 68 22 mätto
671 1258 145 27 komplettera
831 1258 59 21 säväl
906 1258 6 21 i
928 1258 95 27 enlighet

196 1286 51 22 med
272 1286 173 28 presterskapets
471 1286 118 22 aflemnade
611 1286 160 28 förteckningar
795 1286 59 22 öfver
875 1286 149 28 förändringar

198 1316 57 20 inom
272 1315 73 27 adliga
359 1315 91 28 familjer
465 1316 47 26 och,
528 1314 55 24 efter
599 1315 100 22 utfärdad
715 1315 195 27 tidnings-annons,
926 1315 46 22 frän
987 1322 35 15 en-

198 1344 65 21 skilta
282 1344 139 22 medlemmar
441 1344 22 22 af
481 1345 70 21 Adeln
567 1345 101 21 inkomne
687 1344 114 27 uppgifter,
816 1350 46 16 som
878 1345 40 21 ock
932 1344 90 22 hufvud-

198 1373 97 26 sakligen
315 1373 67 27 enligt
398 1373 121 27 utredning,
536 1379 46 16 som
597 1379 76 21 genom
688 1373 174 27 korrespondens
879 1373 51 21 eller
946 1379 76 15 annor-

197 1401 60 22 ledes
281 1408 25 15 ur
324 1401 138 22 authentiska
480 1402 71 21 källor
570 1402 92 21 vunnits.
692 1402 62 21 Dock
772 1401 40 22 har
833 1401 137 28 svärigheten
990 1403 33 20 att

198 1430 82 21 erhälla
295 1429 140 29 fullständiga
449 1431 40 21 och
504 1430 136 28 tillförlitliga
655 1431 161 27 upplysningar,
831 1431 8 20 i
855 1431 115 27 synnerhet
986 1437 37 15 an-

197 1459 84 27 gäende
297 1459 26 22 de
339 1459 137 22 medlemmar
491 1459 23 22 af
527 1459 93 27 ständet,
637 1466 46 15 som
698 1460 67 21 vistas
781 1459 59 22 inom
850 1459 173 28 Kejsaredömet,

197 1487 108 22 föranledt
327 1488 78 26 dertill,
429 1490 32 19 att
483 1488 148 22 stamtaflorna
653 1488 33 22 för
709 1495 26 17 en
755 1488 35 23 del
812 1490 57 22 ätter
884 1488 48 23 icke
947 1488 77 23 hunnit

197 1516 88 30 bringas
290 1512 14 39 i
323 1516 48 24 fullt
386 1517 198 23 tillfredsställande
601 1517 68 22 skick.
