1109 1748
233 93 42 21 200
541 94 40 18 Den
598 94 11 17 9
625 94 55 18 Mars.

205 158 70 20 denna
293 159 45 20 rätt
357 158 31 21 uti
409 158 26 21 de
451 158 7 20 i
474 160 13 18 8
504 158 39 21 och
561 160 24 18 10
602 157 23 28 $$
641 157 23 22 af
677 164 81 14 samma
773 157 122 27 Kejserliga
909 157 124 27 förordning

205 185 90 23 afsedda
315 186 37 22 fall
370 187 86 21 komme
475 188 32 19 att
522 188 52 24 taga
589 187 33 21 sin
637 186 82 28 början,
737 185 45 23 deri
797 186 71 22 blifvit
882 189 98 20 närmare
994 188 38 21 be-

206 214 77 22 stämd.

273 244 56 22 Herr
337 244 130 27 Hisinger,
477 244 22 20 F.
508 243 39 21 W.:
556 244 42 26 Jag
606 244 40 20 har
653 244 76 26 begärt
738 243 63 22 ordet
809 244 66 21 endas
884 245 50 21 toch
942 245 92 23 allenast

206 272 33 22 för
260 274 32 20 att
311 273 6 21 i
337 273 42 21 alla
399 273 60 21 delar
479 272 22 21 få
515 272 85 22 biträda
615 273 50 21 herr
679 272 161 28 Montgomerys
856 274 136 21 reservation.
1023 275 10 21 I

206 301 49 21 vårt
269 301 76 27 fattiga
359 302 50 21 land
425 301 49 21 med
490 301 32 21 sin
538 301 49 21 vida
602 303 37 25 yta
655 304 23 18 är
693 300 103 22 behofvet
811 301 23 21 af
844 302 188 28 jernvägsanlägg-

205 330 76 27 ningar
296 330 40 22 och
351 331 172 27 jernvägsnätets
538 330 150 26 utsträckning
704 336 26 15 en
745 329 103 28 lifsfråga;
865 331 27 21 då
903 332 39 21 den
954 332 79 27 nådiga

205 359 151 26 popositionen
386 365 34 15 om
439 359 116 27 jernvägar
582 359 77 21 endast
691 358 58 22 afser
778 358 155 28 hufvudbanor,
962 361 70 22 blefve

205 388 91 21 bibanor
310 387 33 22 för
357 388 78 26 mänga
451 388 84 21 städers
550 388 93 21 existens
655 387 88 22 alldeles
754 388 142 27 nödvändiga.
918 389 41 21 För
970 390 64 22 dessa

207 416 74 21 städer
296 416 51 21 eller
362 416 127 22 kommuner
504 417 61 21 torde
581 416 66 22 ocksä
662 416 117 21 utländska
788 416 83 27 kapital
881 417 33 22 för
924 419 109 25 uppnäen-

208 445 37 21 det
263 444 23 22 af
304 445 60 21 detta
383 445 42 21 mäl
445 452 52 14 vara
515 445 141 27 nödvändiga.
687 444 141 27 Svärigheten
848 445 7 21 i
875 447 107 21 anseende
1002 448 32 21 till

207 474 84 21 landets
307 474 60 26 ringa
381 480 112 16 ressurser
507 474 34 21 vid
557 474 136 26 negociering
709 473 22 21 af
744 474 36 20 län
795 474 71 22 mäste
881 475 63 21 blifva
951 476 83 27 ytterli-

207 508 51 21 gare
279 502 107 22 förstorad
407 503 129 27 derigenom,
558 504 32 20 att
607 502 131 27 längifvaren
754 502 48 22 icke
818 502 42 22 kan
876 504 81 22 erhälla
970 505 64 28 laglig

207 531 124 27 inteckning
351 531 32 22 för
404 532 47 21 sina
469 532 128 26 penningars
621 531 149 27 nedläggande
790 531 7 21 i
819 533 33 19 ett
865 531 89 29 företag,
971 534 62 22 hvars

207 560 134 22 rentabilitet
359 561 68 21 under
447 567 26 15 en
489 560 52 28 följd
556 560 23 21 af
593 560 23 21 är
631 560 42 21 kan
688 566 53 15 vara
756 560 84 25 ganska
856 561 83 22 osäker.
969 562 65 28 Kapi-

208 588 89 27 talister,
314 595 46 15 som
375 589 50 27 vilja
441 589 65 27 ätaga
521 589 33 27 sig
569 590 69 20 denna
653 588 51 26 risk,
721 588 62 22 torde
799 595 43 21 nog
857 590 76 22 säväli
947 591 40 21 den
998 598 35 16 ex-

208 617 137 26 proprierade
361 618 87 21 marken
459 624 46 15 som
513 618 154 27 jernvägarnes
677 617 57 21 fasta
745 616 40 22 och
797 617 48 22 lösa
855 620 97 20 materiel
962 620 72 22 kunna

209 645 81 22 erhålla
305 646 102 21 säkerhet
422 646 33 21 för
471 646 45 21 sina
532 646 87 27 utlagda
634 646 87 27 kapital,
739 645 40 22 och
795 652 49 15 man
859 647 39 21 bör
914 648 84 22 således
1014 650 19 27 ej

208 673 96 23 försvåra
320 675 65 26 detta,
402 677 52 19 utan
469 675 103 21 fastmera
587 675 124 21 underlätta
725 681 78 20 genom
816 675 218 29 lagstiftningsåtgär-

209 703 38 21 der
272 703 136 27 placeringen
435 703 22 22 af
477 703 115 22 utländska
610 703 88 27 kapital.
729 703 113 27 Slutligen,
864 704 98 23 hvarföre
980 707 55 21 skall

208 732 89 21 Finland
312 732 7 21 i
334 732 188 27 lagstiftningsväg
534 732 72 21 häruti
622 732 34 21 stå
672 731 54 22 efter
736 732 47 21 sina
793 738 98 21 grannar.
915 734 39 21 Om
965 741 69 16 exem-

209 761 67 27 pelvis
297 762 31 20 ett
347 761 64 27 bolag
431 761 70 21 skulle
516 761 76 24 bildas,
609 761 32 21 för
655 763 32 19 att
702 761 70 27 bygga
788 767 26 15 en
827 761 90 28 jernväg
932 763 46 21 från
993 764 41 21 Lo-

209 789 59 22 foten
287 789 56 28 fjord
361 790 7 21 i
382 790 73 27 Norge
478 789 31 22 till
530 790 93 21 svenska
641 792 92 24 gränsen
750 791 57 19 samt
822 796 76 21 genom
914 791 120 23 Gellivaara

210 818 31 21 till
257 819 84 20 Torneå
356 819 39 21 och
415 819 73 20 vidare
504 818 31 21 till
550 819 114 26 Arkangel,
681 818 86 21 hvilken
784 818 56 22 bana
855 819 41 22 lätt
911 820 123 23 sedermera

210 847 68 21 skulle
294 849 69 19 sättas
377 847 7 21 i
399 847 131 22 förbindelse
546 848 48 21 med
610 847 37 21 det
661 847 69 21 finska
743 847 166 27 jernvägsnätet
924 849 40 21 och
979 850 55 22 såle-

211 876 37 21 des
264 876 69 21 blefve
348 876 33 22 för
396 883 35 15 oss
448 876 23 22 af
485 878 80 20 största
580 878 67 25 nytta,
664 883 34 15 om
713 882 28 15 nu
759 878 32 19 ett
806 877 78 21 sådant
899 878 64 27 bolag
975 879 60 22 kom-

209 911 34 15 me
258 905 32 21 till
306 905 69 26 stånd,
391 905 82 21 hvilket
488 905 47 21 icke
550 905 69 27 ligger
634 907 59 19 utom
705 905 165 27 omöjlighetens
881 908 71 24 gräns,
963 908 72 22 kunde

211 934 60 21 detta
285 933 84 27 företag
383 934 100 27 möjligen
500 934 89 21 stranda
604 936 44 19 mot
658 934 85 21 landets
755 934 130 27 bristfälliga
895 935 138 29 lagstiftning.

211 962 38 22 Om
269 962 87 27 bolaget
374 962 33 22 för
426 963 155 21 realiserandet
600 962 23 22 af
641 963 32 21 sin
693 963 50 26 plan
764 968 51 16 vore
831 964 89 26 tvunget
935 966 32 20 att
982 966 54 22 söka

211 991 39 21 och
265 991 62 21 vinna
342 992 124 26 inteckning
479 992 6 20 i
501 992 47 20 sina
563 992 153 26 anläggningar
731 992 6 20 i
749 991 88 27 Sverige
848 992 40 21 och
898 992 77 28 Norge,
987 1001 48 15 men

209 1020 64 26 ingen
296 1020 67 21 sådan
387 1020 96 21 deremot
506 1020 70 21 kunde
599 1020 92 21 erhållas
707 1020 5 21 i
728 1020 98 26 Finland,
850 1020 69 23 skulle
940 1022 36 22 det
995 1024 41 21 lätt

210 1048 65 22 verka
290 1048 127 22 hämmande
432 1049 29 27 på
476 1048 107 28 företaget
596 1049 6 21 i
619 1049 31 21 sin
666 1049 79 21 helhet.
772 1048 35 22 Då
823 1055 25 15 en
864 1050 68 21 sådan
945 1051 35 27 lag
988 1052 47 22 icke

210 1078 42 20 kan
271 1077 96 22 medföra
387 1078 68 26 några
475 1078 130 20 nämnvärda
625 1078 72 21 vidare
713 1077 147 27 olägenheter,
878 1085 47 15 men
944 1080 34 21 väl
993 1080 42 22 för-

212 1106 65 26 delar,
294 1108 56 19 samt
365 1106 69 22 tillika
450 1108 24 20 är
489 1106 96 27 grundad
602 1106 27 27 på
645 1108 44 20 rätt
704 1106 40 22 och
755 1106 105 27 billighet,
872 1108 68 21 skulle
948 1108 38 28 jag
996 1110 39 21 hos

211 1135 160 27 Ridderskapet
390 1135 40 21 och
445 1135 69 21 Adeln
529 1135 86 27 föreslå,
632 1137 32 19 att
679 1136 121 20 utskottets
817 1136 136 22 betänkande
968 1138 67 22 måtte

211 1163 168 22 återremitteras
394 1164 33 21 till
442 1164 160 26 Lagutskottet.

278 1192 56 22 Herr
353 1193 138 21 Mechelin:
512 1193 9 21 1
542 1192 68 22 likhet
630 1192 50 22 med
695 1192 90 22 friherre
800 1192 61 28 Boije
876 1194 82 27 nödgas
974 1194 61 23 äfven

207 1222 38 26 jag
264 1227 58 20 anse,
339 1223 32 19 att
386 1221 154 27 Lagutskottet
555 1223 71 25 tyvärr
641 1221 47 21 icke
704 1221 79 21 saknat
799 1222 114 27 anledning
928 1224 32 20 att
976 1224 59 22 skär-

211 1249 68 22 skåda
298 1250 60 21 detta
378 1250 79 22 ärende
472 1250 46 21 från
536 1250 41 22 den
593 1250 113 28 synpunkt,
723 1256 47 16 som
785 1250 71 22 blifvit
870 1250 32 22 för
917 1252 118 23 utskottets

210 1278 135 22 betänkande
366 1279 40 21 den
426 1279 169 21 bestämmande.
626 1279 41 21 För
687 1279 43 21 min
750 1278 36 22 del
805 1280 46 20 tror
863 1280 38 26 jag
916 1280 65 22 likväl
997 1284 38 24 att,

209 1309 39 19 när
269 1307 36 21 det
323 1307 68 27 gäller
411 1314 26 14 en
457 1308 64 21 kritik
542 1307 21 21 af
579 1307 162 27 ifrågavarande
762 1307 122 27 lagförslag,
902 1308 36 22 det
952 1309 83 28 lämpli-

211 1338 60 24 geste
291 1338 23 18 är
330 1338 32 19 att
376 1336 71 27 stödja
463 1336 32 27 sig
511 1336 77 22 endast
603 1336 28 27 på
646 1336 81 21 sådana
741 1336 119 27 yrkanden,
877 1337 71 22 hvilka
963 1338 73 23 kunna

209 1364 96 21 befinnas
324 1371 52 14 vara
395 1364 48 22 utaf
461 1364 126 27 obestridlig
605 1365 104 26 giltighet.
740 1365 43 26 Jag
803 1366 79 20 önskar
902 1366 84 22 derföre
1004 1368 32 21 för

210 1393 42 21 min
269 1393 40 25 del,
326 1393 49 22 med
391 1393 102 22 afseende
510 1393 12 21 å
538 1393 154 26 omfattningen
709 1393 48 22 utaf
771 1393 151 27 förordningen
938 1401 34 15 om
983 1396 52 21 kon-

210 1422 84 21 cession
309 1422 32 21 till
355 1422 120 27 jernvägar,
492 1422 116 21 inskränka
621 1422 44 26 mig
680 1422 31 21 till
728 1422 38 21 det
776 1422 80 21 minimi
868 1423 54 21 mått
933 1423 23 22 af
964 1424 70 27 kritik,

210 1457 45 14 som
275 1451 50 21 herr
344 1451 147 27 Montgomery
510 1451 7 21 i
538 1451 32 21 sin
588 1451 131 21 reservation
735 1451 58 27 gjort
808 1451 106 26 gällande.
944 1453 10 20 I
969 1453 67 22 likhet

209 1479 49 21 med
273 1480 50 21 herr
337 1479 148 28 Montgomery
502 1479 39 22 och
557 1479 60 22 äfven
633 1479 50 22 herr
698 1479 114 22 Ehrström
823 1480 6 20 i
840 1479 53 22 hans
905 1483 130 21 reservation

209 1514 63 15 anser
289 1509 38 26 jag
347 1508 36 21 det
403 1515 51 15 vara
474 1508 167 27 uppenbarligen
661 1508 22 21 af
700 1509 79 26 nöden,
796 1510 32 19 att
844 1515 34 16 om
894 1516 48 15 man
957 1517 28 15 nu
1002 1512 34 22 vill
