1109 1748
417 111 39 17 Den
473 110 11 17 4
501 110 59 23 April.
842 110 40 19 383

86 174 149 22 innefattande
254 174 75 27 tillägg
344 174 33 22 till
392 173 79 27 nådiga
486 172 152 29 förordningen
654 179 34 15 om
703 172 210 22 kommunalförvalt-

86 203 50 27 ning
150 203 29 27 på
194 202 83 26 landet;

157 233 33 20 att
213 231 87 21 ståndet
317 231 121 22 remitterat
451 230 80 27 nådiga
544 231 162 27 propositionen
721 230 110 28 angående
847 232 66 20 stäm-

86 260 220 28 pelpappersafgiften
321 260 32 22 till
369 260 72 21 Stats-
457 260 40 21 och
513 260 250 26 Bevillningsutskotten,
780 261 56 20 samt

155 291 33 19 att
203 289 87 21 ståndet
304 289 35 22 vid
355 288 131 27 behandling
502 288 23 21 af
538 288 224 22 Ekonomiutskottets
775 288 138 22 betänkande

86 318 7 20 i
110 318 115 26 anledning
240 317 22 21 af
275 318 78 26 nådiga
368 317 168 28 propositionen,
553 318 111 26 angående
680 317 129 28 anläggning
824 318 40 21 och
875 318 38 20 be-

86 347 111 26 skattning
213 346 22 22 af
247 346 143 28 mjölgvarnar
406 346 40 22 och
462 346 189 27 sädesstampverk
666 346 49 22 med
731 352 68 16 annan
813 346 101 22 drifkraft

86 378 27 18 än
128 377 80 24 vatten,
225 376 96 26 godkänt
335 375 119 21 utskottets
470 375 136 21 betänkande
622 375 49 21 med
687 375 67 21 sådan
770 376 96 26 ändring,
881 376 33 20 att

86 404 41 22 den
148 404 23 22 af
188 404 110 22 utskottet
312 404 7 21 i
336 404 53 21 sista
405 406 117 19 momentet
538 404 23 21 af
574 404 49 21 dess
639 404 135 22 betänkande
790 404 123 28 föreslagna

85 433 148 27 underdåniga
254 433 129 21 hemställan
405 432 32 22 till
460 432 60 22 Hans
543 432 122 28 Kejserliga
683 433 108 27 Majestät,
807 434 107 21 huruvida

85 462 59 21 Hans
162 462 121 27 Kejserliga
298 462 103 27 Majestät
416 462 47 21 icke
479 461 65 22 funne
560 462 47 21 skäl
623 464 32 18 att
670 462 87 26 vidtaga
768 462 36 21 det
814 462 29 27 på
852 462 60 21 Hans

86 490 121 28 Kejserliga
226 491 103 27 Majestät
350 490 157 22 ankommande
522 490 93 22 initiativ
631 490 32 22 till
679 491 163 26 qvarnskattens
858 498 54 20 upp-

88 519 112 27 häfvande,
217 520 70 21 skulle
302 519 107 27 bortfalla,
425 526 48 15 men
489 519 69 21 första
572 521 119 20 momentet
706 519 22 21 af
741 520 117 21 utskottets
870 520 43 20 för-

88 548 46 27 slag
156 548 33 21 till
212 548 71 22 beslut
298 548 7 22 i
321 548 74 22 stället
410 548 81 22 erhålla
506 548 94 27 följande
615 548 129 22 förändrade
759 548 91 28 lydelse:
868 550 46 24 ,att

87 577 84 21 landets
187 577 116 27 höglofliga
317 577 89 21 ständer
420 577 68 21 måtte
504 576 94 22 förklara
614 579 33 19 att
662 577 122 26 ständerna,
801 577 6 21 i
819 577 39 21 den
870 576 42 22 för-

86 606 111 27 hoppning
213 608 32 19 att
261 606 155 27 qvarnskatten
431 606 7 21 i
454 612 26 15 en
497 612 49 15 snar
561 606 87 21 framtid
658 606 77 21 varder
745 606 34 21 hel
791 606 39 21 och
841 606 71 21 hållen

86 634 101 27 upphäfd,
203 635 47 21 icke
266 634 129 22 oförändrad
411 635 82 26 antagit
507 635 41 21 den
559 634 122 28 föreslagna
691 634 157 28 författningen,
860 636 53 20 utan

86 662 33 23 för
134 663 32 22 sin
182 663 34 22 del
232 663 89 22 beslutit
336 664 33 21 till
384 670 27 15 en
426 664 25 21 så
465 663 116 28 lydande;*

154 691 47 23 frän
216 692 170 27 Bondeständet,
402 692 49 21 med
466 692 171 22 underrättelse:

154 723 33 19 att
206 721 86 22 ständet
311 721 96 27 godkänt
425 721 225 22 Ekonomiutskottets
665 721 136 22 betänkande
816 721 7 21 i
838 721 74 22 anled-

86 749 51 28 ning
152 749 23 22 af
188 750 80 27 nädiga
283 751 167 26 propositionen,
462 750 111 27 angäende
585 750 128 27 anläggning
724 750 39 21 och
774 751 138 26 beskattning

87 777 23 22 af
122 779 143 27 mjölgvarnar
282 779 40 22 och
338 779 190 27 sädesstampverk
542 781 50 20 med
606 786 69 15 annan
686 778 98 22 drifkraft
794 781 27 19 än
831 781 80 20 vatten.

154 865 56 22 Herr
225 865 208 23 Landtmarskalken
448 865 73 22 afbröt
535 872 29 15 nu
581 865 151 23 meddelandet
747 865 22 22 af
781 866 130 27 protokolls-

86 894 105 27 utdragen
206 895 49 21 med
270 894 203 28 tillkännagifvande
489 896 38 26 att,
538 895 66 27 enligt
615 895 68 22 skedd
694 895 103 27 anmälan,
809 895 41 22 den
861 898 50 19 vän-

86 924 49 21 tade
151 923 201 23 Senatsledamoten
367 930 50 15 vore
433 924 7 21 i
455 924 128 27 antägande.

153 952 130 28 Emottagen
305 953 40 21 och
367 952 133 27 beledsagad
524 952 22 22 af
567 952 154 22 ofvannämnde
740 953 131 26 deputerade
891 952 23 22 af

86 980 86 22 ständet
194 981 99 22 inträdde
315 982 51 21 herr
385 983 102 20 senatorn
506 981 102 22 Forsman
625 982 39 21 och
680 981 156 22 öfverlemnade
851 982 60 21 Hans

85 1009 121 27 Kejserliga
225 1010 114 28 Majestäts
359 1010 78 27 nådiga
452 1010 135 27 proposition
605 1010 48 22 med
669 1010 80 27 förslag
763 1010 39 26 till,
821 1012 32 20 1:o
869 1010 43 22 för-

89 1038 90 27 ordning
194 1038 112 28 angäende
321 1039 126 22 bekännare
463 1038 22 22 af
498 1038 134 23 främmande
647 1039 82 21 kristen
745 1039 91 21 troslära
846 1039 7 21 i
864 1039 48 21 Fin-

86 1066 50 22 land
154 1067 40 22 och
209 1068 62 22 deras
283 1067 176 28 religionsfrihet;
472 1070 34 19 2:0
517 1068 125 27 förordning
653 1068 109 27 angående
772 1068 140 22 icke-kristne

87 1096 168 22 trosbekännare
275 1096 40 22 och
332 1097 48 21 dem
395 1096 121 28 medgifven
531 1096 178 28 religionsfrihet;
726 1096 39 22 och
781 1099 34 19 3:o
830 1096 82 22 förord-

85 1124 51 28 ning
151 1131 34 15 om
202 1132 77 15 ansvar
294 1125 33 22 för
343 1126 47 26 den,
407 1132 46 15 som
470 1125 99 28 olofligen
584 1125 79 22 förmär
674 1126 69 26 nägon
754 1126 32 21 till
797 1125 115 27 öfvergäng

84 1152 46 22 frän
144 1160 27 15 en
187 1154 92 22 troslära
293 1154 33 22 till
341 1160 76 16 annan.

154 1182 71 22 Sedan
239 1183 50 21 herr
303 1183 210 21 Landtmarskalken
529 1183 75 22 tackat
619 1182 32 23 för
667 1183 41 21 den
725 1184 123 25 emottagna
862 1188 50 22 pro-

83 1210 130 28 positionen,
234 1212 23 21 åt
276 1212 86 22 hvilken
383 1212 88 22 ståndet
487 1212 70 22 skulle
574 1218 54 21 egna
644 1212 41 22 den
701 1213 211 25 samvetsgrannaste

84 1239 105 28 pröfning,
207 1240 98 23 afträdde
320 1242 86 20 senator
421 1241 110 21 Forsman.

148 1325 102 23 Härefter
265 1326 138 23 meddelades
419 1327 33 21 till
465 1327 124 22 kännedom
601 1328 58 20 ännu
671 1328 32 20 ett
713 1326 54 22 ifrän
777 1327 134 21 Bondestän-

82 1353 36 22 det
132 1354 119 23 inkommet
266 1356 205 27 protokollsutdrag,
488 1356 61 21 hvari
565 1356 149 21 meddelades:

83 1410 4 4 .
150 1385 33 20 att
198 1384 93 26 ständet,
306 1385 37 21 vid
358 1384 131 27 behandling
506 1384 22 22 af
537 1385 226 21 Ekonomiutskottets
773 1383 138 22 betänkande

82 1417 6 14 i
104 1411 115 28 anledning
235 1413 23 21 af
270 1413 80 27 nädiga
365 1413 170 28 propositionen,
552 1413 111 27 angäende
679 1419 26 16 en
716 1412 125 27 förordning
852 1412 58 21 inne-

80 1438 98 25 fattande
197 1442 76 27 tillägg
291 1442 33 21 till
345 1441 78 28 nädiga
438 1441 156 28 förordningen
609 1448 34 15 om
657 1440 254 28 kommunalförvaltning

77 1468 29 26 pä
129 1469 82 28 landet,
233 1471 92 21 beslutit
347 1470 159 22 återremittera
529 1471 90 20 ärendet
637 1471 33 20 till
690 1469 220 28 Ekonomiutskottet,

76 1495 34 22 för
127 1500 33 19 att
175 1499 125 22 omarbetas
316 1500 7 21 i
339 1500 37 21 det
391 1498 62 28 syfte,
470 1501 34 19 att
518 1499 74 28 hvarje
607 1499 108 27 borgerlig
729 1499 103 22 kommun
842 1498 13 21 å
865 1499 45 21 lan-

77 1525 37 22 det
132 1533 51 16 vore
204 1528 102 27 obetaget
321 1529 33 21 att
369 1533 35 16 om
419 1527 150 28 fördelningen
585 1528 40 21 och
641 1528 126 27 uppbörden
783 1525 23 23 af
819 1527 43 21 alla
877 1527 33 22 till
