1109 1748
259 122 42 20 388
571 123 39 17 Den
626 122 12 18 4
653 122 60 24 April.

226 186 89 22 franska
334 186 39 21 och
389 186 32 21 uti
440 186 41 22 den
501 185 102 27 engelska
617 185 167 27 lagstiftningen.
815 186 50 21 Men
880 192 49 15 man
944 185 42 21 kan
1002 185 47 21 icke

227 215 120 22 statistiskt
365 215 77 22 utreda
461 215 33 20 att
514 214 122 27 derigenom
655 214 104 28 familjens
777 214 107 27 sedlighet
901 214 69 22 skulle
985 213 64 22 hafva

226 244 105 28 skyddats
353 250 46 15 mer
421 242 22 22 af
457 243 65 21 dessa
539 242 159 28 lagstiftningar
713 246 27 18 än
755 243 7 21 i
779 243 26 21 de
820 244 103 21 nordiska
938 242 109 26 länderna,

226 273 25 21 så
267 274 33 20 att
312 273 38 27 jag
365 274 45 19 tror
425 273 32 20 att
472 278 49 14 man
536 271 33 21 får
579 272 70 21 lemna
659 272 41 22 den
711 271 136 28 synpunkten
858 272 13 21 å
882 272 46 22 sido
940 272 40 22 och
991 272 57 20 hålla

227 302 33 27 sig
278 302 97 21 närmast
391 300 34 22 till
441 300 26 22 de
483 300 65 22 oäkta
563 300 90 22 barnens
670 301 101 25 ställning
787 300 6 21 i
810 300 40 22 och
864 300 34 22 för
913 302 33 26 sig
961 300 39 22 och
1016 300 31 21 till

225 331 42 21 den
289 332 51 24 rätt,
364 335 46 15 som
430 329 26 21 de
478 329 102 27 billigtvis
598 329 73 21 kunna
685 331 52 25 göra
753 330 93 26 anspråk
860 330 35 27 på.
925 330 43 21 Det
984 335 62 21 synes

224 360 44 26 mig
283 365 47 15 som
346 364 34 15 om
395 358 110 27 åtskilliga
519 357 22 22 af
554 360 173 20 reservanternes
743 358 81 27 åsigter
839 358 59 22 halta
913 358 133 26 derutinnan,

225 390 34 20 att
281 388 27 21 de
329 387 68 22 borde
418 387 135 27 konsegvent
574 386 50 22 leda
646 389 57 19 ännu
721 387 80 27 längre.
832 387 107 21 Särskildt
955 388 42 20 kan
1010 387 37 27 jag

224 417 49 21 icke
296 416 47 22 inse
365 416 98 22 hvarföre
478 416 50 21 med
544 416 26 21 de
585 416 112 26 principer,
715 422 45 16 som
775 416 80 21 uttalas
871 416 7 21 i
893 416 68 22 första
976 422 70 15 reser-

223 446 109 26 vationen,
355 451 49 15 man
426 445 47 21 icke
495 444 67 22 borde
585 444 85 22 komma
690 445 86 25 derhän,
796 446 32 20 att
843 444 56 28 gifva
914 446 64 20 dessa
993 445 53 21 barn

223 476 45 20 rätt
288 474 32 22 till
341 474 34 22 arf
392 473 63 23 äfven
475 473 55 22 efter
544 472 190 28 fäderne-fränder,
751 475 39 19 när
805 480 49 14 man
869 474 67 26 gifver
951 474 48 21 dem
1014 473 34 21 arf

223 503 56 22 efter
293 502 67 28 fader,
375 503 74 21 moder
465 502 40 22 och
520 501 204 23 möderne-fränder.
749 502 96 22 Oaktadt
861 502 40 22 den
918 502 72 22 ömhet
1005 502 39 22 och

222 532 128 26 humanitet,
373 538 47 15 som
441 531 112 28 framlyser
572 537 26 15 ur
613 532 69 20 denna
697 531 139 27 reservation,
852 531 40 21 har
906 533 138 20 reservanten

221 561 49 22 icke
294 562 55 20 trott
371 561 32 27 sig
425 560 73 22 kunna
521 560 27 27 gä
571 560 24 21 sä
616 560 71 27 längt;
700 560 37 27 jag
753 561 46 20 tror
815 561 33 20 att
862 566 49 15 man
926 560 48 22 icke
990 560 54 22 skall

222 590 74 22 kunna
317 590 56 21 neka
396 589 47 27 det;
462 588 41 23 och
518 589 41 21 den
575 588 128 28 erfarenhet,
718 595 46 15 som
779 589 69 21 mäste
864 595 64 15 anses
944 596 52 14 vara
1010 591 33 19 ut-

222 619 72 27 tryckt
312 618 7 21 i
335 618 26 21 de
377 618 115 21 utländska
505 617 192 27 lagstiftningarne,
713 618 58 20 visar
785 619 33 20 att
832 618 8 20 i
856 617 100 22 afseende
972 618 13 21 ä
1000 624 44 15 mo-

221 648 38 21 der
282 647 41 22 och
344 646 86 22 fränder
452 647 13 21 &
487 646 164 21 mödernesidan
667 652 26 15 en
709 646 67 21 sådan
791 646 159 27 rättsställning
964 647 79 21 lättare

221 676 44 22 kan
287 675 140 22 tillerkännas
448 675 27 22 de
495 675 65 21 oäkta
578 675 80 21 barnen
679 677 26 19 än
720 675 7 21 i
743 673 101 24 afseende
860 675 13 21 å
887 675 155 22 fädernesidan.

220 705 43 27 Jag
285 711 64 15 anser
371 705 47 21 icke
440 704 98 27 lämpligt
560 705 32 20 att
614 703 50 28 ingä
682 703 7 22 i
708 710 26 15 en
749 703 74 28 längre
839 704 123 27 utveckling
976 703 66 28 häraf,

220 741 49 14 men
291 734 66 21 redan
379 739 26 15 ur
427 733 42 21 den
491 733 140 26 synpunkten,
656 734 33 19 att
714 739 49 14 man
781 733 7 20 i
799 732 243 23 afseende
913 728 12 35 ä
939 732 103 23 möderne-

219 763 140 21 härkomsten
374 761 39 22 har
428 763 33 20 ett
479 761 73 22 säkert
570 761 90 21 faktiskt
675 761 133 22 förhällande
823 763 33 20 att
872 762 72 27 stödja
960 762 33 27 sig
1008 762 33 27 pä,

220 793 33 20 ett
267 791 139 26 förhällande,
423 797 46 15 som
485 789 100 28 ofantligt
599 790 86 27 mycket
701 790 88 21 säkrare
804 790 56 21 läter
875 790 78 22 utreda
968 791 33 26 sig
1016 793 26 19 än

219 821 7 20 i
242 820 101 22 afseende
359 819 12 22 &
387 819 41 22 den
443 819 67 21 andra
525 819 67 26 sidan,
609 825 62 21 synes
688 819 36 22 det
740 820 33 20 att
789 819 40 21 den
846 819 96 22 enklaste
952 820 90 21 rättvisa

220 849 41 22 och
282 848 98 28 billighet
402 848 56 21 talar
477 847 33 22 för
529 847 129 22 åtminstone
676 849 32 20 att
723 847 81 22 barnen
821 847 62 22 skola
899 847 21 22 få
935 847 59 23 ärfva
1009 849 32 20 sin

219 878 80 22 moder.
314 889 29 3 —
358 878 43 21 Det
416 879 24 19 är
455 883 26 15 en
497 877 121 27 grundsats,
635 882 46 16 som
697 877 66 21 redan
780 876 26 22 de
817 877 69 26 gamle
898 877 143 22 Germanerne

218 907 7 21 i
249 906 105 28 ordspräk
376 905 103 27 uttalade,
503 912 26 15 en
547 906 122 26 grundsats,
686 912 45 15 som
747 905 112 21 dessutom
874 905 80 22 funnits
969 906 7 21 i
992 906 50 22 vära

219 936 59 22 äldre
293 935 60 27 lagar
367 934 45 22 före
428 934 41 22 den
484 934 38 26 tid,
538 934 27 21 dä
581 940 26 16 en
622 940 59 16 mera
697 935 84 25 strängt
796 934 86 27 religiös
899 935 52 22 eller
960 936 81 20 rättare

218 964 85 28 kyrklig
317 963 82 28 princip
414 962 42 22 fick
471 964 33 20 ett
518 962 115 27 afgörande
648 962 117 28 inflytande
780 963 28 26 pä
825 962 141 28 lagstiftaren.
997 964 45 21 När

218 1000 30 15 nu
268 993 108 27 äsigterna
395 994 37 19 äro
448 992 25 21 sä
489 991 98 27 ofantligt
603 991 75 22 delade
695 998 33 15 om
744 991 56 21 huru
815 991 60 27 längt
889 998 49 15 man
954 992 39 22 bör
1006 992 34 28 gä,

218 1022 41 22 och
275 1022 70 22 denna
360 1020 81 22 olikhet
456 1020 7 21 i
478 1020 80 27 äsigter
575 1020 74 22 visade
665 1020 33 27 sig
713 1020 25 22 sä
753 1020 78 27 tydligt
847 1020 39 22 och
902 1021 74 22 klarti
988 1016 52 36 Lag-

218 1051 109 21 utskottet
342 1049 40 22 och
398 1048 108 22 sannolikt
521 1048 62 22 äfven
594 1048 54 22 skall
663 1049 47 21 visa
725 1048 34 27 sig
769 1048 57 22 inom
837 1049 122 27 ständerna,
972 1050 68 21 ehuru

217 1079 76 27 frägan
316 1078 150 22 diskuterades
487 1078 67 21 redan
576 1077 35 22 vid
632 1079 53 20 1872
701 1078 35 21 ärs
752 1077 109 27 landtdag,
878 1078 25 22 sä
918 1080 32 20 att
966 1079 36 21 det
1018 1081 23 19 är

217 1108 108 27 knappast
343 1107 37 21 tvä
394 1112 110 22 personer,
520 1112 47 16 som
581 1106 67 21 tänka
663 1105 130 28 fullkomligt
807 1106 44 22 lika
866 1106 6 22 i
889 1107 69 22 denna
973 1107 66 27 fräga,

217 1138 25 21 sä
257 1142 63 22 synes
337 1136 37 21 det
387 1135 44 27 mig
443 1142 52 14 vara
508 1135 89 21 klokast
611 1134 40 22 och
666 1134 136 28 försigtigast
817 1135 23 21 af
851 1135 141 28 lagstiftaren,
1009 1138 32 20 att

216 1166 49 22 icke
284 1166 28 27 gå
330 1165 74 27 längre
423 1166 27 19 än
465 1164 56 21 hvad
535 1170 30 15 nu
581 1166 23 19 är
618 1164 7 21 i
640 1163 61 28 fråga
715 1165 52 20 satt.
797 1164 43 26 Jag
854 1166 46 20 tror
915 1165 44 27 mig
974 1165 66 21 också

216 1195 73 21 kunna
303 1194 7 21 i
326 1194 61 22 detta
401 1195 62 19 ämne
477 1192 123 27 förutsätta,
616 1194 38 25 att,
671 1199 34 15 om
721 1192 67 22 ocksä
803 1193 117 21 ständerna
934 1200 51 15 vore
1000 1194 38 21 hu-

216 1224 55 26 gade
294 1224 33 20 att
347 1222 114 22 utsträcka
482 1220 116 23 arfsrätten
613 1221 80 27 längre,
710 1222 39 21 det
763 1221 93 27 troligen
870 1222 48 22 icke
933 1228 57 20 vore,
1007 1224 32 20 att

215 1252 97 28 päräkna
331 1250 138 22 stadfästelse
490 1250 22 21 af
530 1256 26 16 en
570 1250 41 27 lag,
628 1256 46 15 som
689 1250 64 27 ginge
769 1250 73 27 längre
858 1252 27 20 än
900 1257 29 15 nu
945 1253 24 19 är
983 1251 55 22 före-

217 1281 76 27 slaget.
323 1280 41 26 Jag
383 1279 69 22 sluter
471 1279 60 21 detta
552 1278 65 27 deraf,
635 1280 32 20 att
679 1279 37 27 jag
731 1278 48 22 haft
793 1279 83 21 tillfälle
892 1280 73 21 säsom
979 1280 59 22 leda-

215 1311 46 20 mot
283 1309 7 21 i
310 1315 26 15 en
353 1308 82 22 komit6
454 1309 33 19 att
506 1307 85 27 deltaga
606 1307 7 21 i
627 1307 156 22 utarbetandet
801 1307 23 22 af
838 1308 37 21 det
890 1308 86 28 förslag,
992 1315 46 15 som

216 1338 69 28 ligger
307 1337 32 22 till
361 1337 68 27 grund
451 1336 33 22 för
499 1336 41 22 den
555 1336 79 27 nädiga
651 1336 170 27 propositionen,
838 1336 40 22 och
894 1338 32 20 att
940 1337 7 21 i
964 1337 74 27 sjelfva

214 1367 76 22 verket
311 1364 106 23 komitens
440 1364 110 27 pluralitet
569 1364 49 22 ville
633 1365 114 22 utsträcka
765 1365 70 22 denna
854 1365 88 22 arfsrätt
956 1366 80 27 längre,

215 1396 50 26 (och
281 1395 22 22 af
317 1395 69 21 denna
400 1393 85 27 mening
501 1395 24 19 är
532 1393 39 28 jag
580 1393 149 27 fortfarande),
741 1399 48 16 men
800 1395 33 20 att
844 1394 69 21 denna
924 1394 56 27 äsigt
990 1395 47 21 icke

212 1424 76 22 vunnit
309 1423 118 22 understöd
449 1422 7 21 i
478 1421 121 28 Kejserliga
614 1421 93 23 Senaten
724 1424 57 20 samt
796 1424 31 20 att
842 1423 60 21 Hans
918 1423 120 28 Kejserliga

211 1453 104 28 Majestät
337 1451 113 22 inskränkt
472 1451 123 21 densamma
617 1451 32 21 till
671 1451 36 22 det
723 1450 92 28 omfäng,
832 1457 47 16 som
894 1451 40 22 här
948 1451 88 23 föresla-

211 1482 52 27 gits;
291 1481 66 22 ocksä
384 1487 26 14 ur
433 1480 70 21 denna
525 1479 108 28 synpunkt
656 1486 63 21 synes
744 1479 37 22 det
803 1480 44 27 mig
870 1486 46 15 som
933 1480 37 22 det
984 1487 50 16 vore

209 1510 136 27 försigtigast
359 1509 33 21 för
406 1509 139 26 närvarande,
562 1514 34 16 om
611 1509 67 27 nägot
693 1509 57 22 skall
766 1508 65 23 blifva
844 1509 72 27 gjordt
926 1509 33 22 för
970 1509 64 23 dessa

208 1539 65 22 barns
295 1540 50 25 rätt,
366 1539 33 20 att
417 1544 49 15 man
481 1537 118 28 begränsar
615 1538 41 22 den
671 1539 28 26 pä
715 1538 38 22 det
769 1539 44 20 sätt
829 1545 28 14 nu
874 1540 23 20 är
912 1538 7 21 i
935 1539 97 26 proposi-
