1109 1748
211 115 42 20 284
518 116 41 18 Den
573 114 27 19 20
616 116 54 18 Mars.

181 179 68 28 tryck,
273 185 34 16 om
329 186 49 15 man
400 179 70 22 skulle
492 179 88 27 vidtaga
602 186 26 15 en
642 179 175 27 modernisering.
847 178 161 27 Benämningen

183 208 92 27 »skifta"
299 208 6 21 i
325 208 40 22 den
381 208 119 28 betydelse,
518 214 45 16 som
578 208 39 22 här
633 208 149 26 förekommer,
798 208 40 21 har
852 208 55 21 varit
922 206 85 28 uppfat-

182 238 38 21 tad
235 237 40 22 och
291 236 98 22 förstädd
405 237 63 21 äfven
483 236 23 22 af
518 236 156 28 icke-jurister,
690 237 25 21 sä
731 238 33 20 att
779 237 41 21 den
836 236 22 22 af
870 237 50 21 herr
935 236 73 22 Taube

182 266 75 28 gjorda
275 266 167 27 anmärkningen
457 265 48 22 icke
520 272 63 21 synes
598 266 54 21 böra
665 265 112 22 föranleda
792 265 31 21 till
838 265 71 27 nägon
924 265 82 27 ätgärd.

250 294 57 22 Herr
321 295 97 21 Taube:
449 294 34 21 Dä
499 294 41 22 den
556 294 22 22 af
591 295 43 27 mig
649 294 75 28 gjorda
740 294 168 27 anmärkningen
918 296 46 20 mot
971 294 37 21 det

181 323 122 23 föräldrade
326 323 89 27 spräket
437 323 32 21 uti
493 324 26 20 de
541 322 140 23 förevarande
703 322 186 28 lagparagraferne
904 323 40 21 har
959 324 48 20 rönt

182 354 41 20 den
238 352 82 22 hedern
335 354 33 19 att
382 352 66 21 blifva
462 352 83 21 bemött
561 352 22 22 af
595 352 50 22 herr
660 352 154 28 Montgomery,
831 352 25 21 sä
871 352 38 22 ber
921 352 39 28 jag
974 353 33 20 att

183 384 56 19 ännu
254 381 22 21 få
291 380 56 27 gifva
363 382 32 20 ett
410 381 96 27 exempel
521 381 32 21 uti
569 388 80 15 samma
663 381 130 21 hänseende.
824 381 42 27 Jag
881 380 63 28 yrkar
958 380 48 22 icke

181 410 29 28 pä
225 410 71 26 nägon
311 409 170 28 modernisering
497 410 23 21 af
534 410 88 27 spräket
637 410 35 21 vid
687 409 141 23 författandet
843 409 23 21 af
879 410 50 21 vära
939 410 65 26 lagar,

183 446 48 14 men
245 439 37 27 jag
297 438 64 28 yrkar
375 438 28 27 pä
419 440 33 20 att
467 439 89 27 spräket
572 439 66 21 mätte
655 445 49 15 vara
719 439 84 23 sädant,
820 440 32 20 att
868 438 85 26 enhvar,
966 438 40 21 och

182 468 48 21 icke
253 468 78 21 endast
346 467 26 21 de
395 467 108 27 lagkloke,
523 468 54 21 skall
593 468 72 21 kunna
680 467 69 22 förstä
763 468 70 26 lagen.
863 467 42 27 Jag
920 467 39 21 ber
974 468 32 20 att

182 496 33 22 till
230 496 115 27 högloflige
361 496 88 22 ständet
463 496 22 22 fä
499 496 124 27 framställa,
641 503 33 15 om
690 503 26 15 en
731 496 92 27 mening,
840 502 46 16 som
901 496 106 22 förekom-

181 532 46 15 mer
249 525 7 21 i
271 525 79 27 nådiga
371 525 161 27 propositionen
547 526 68 21 under
631 527 12 19 7
659 525 10 28 $
686 527 11 19 5
714 526 49 26 kap.
779 525 19 21 J.
814 525 32 26 B.,
863 526 23 20 är
902 525 24 21 sä
941 524 67 28 tydlig

183 556 32 20 att
231 554 40 22 den
287 553 23 22 af
323 554 79 21 enhvar
417 554 43 21 kan
475 554 90 26 förstäs;
582 555 37 21 der
635 556 62 25 säges
712 554 114 27 nämligen,
842 555 34 20 att
890 554 118 21 bördeman

182 584 39 20 har
242 584 45 20 rätt
309 584 33 20 att
363 583 48 21 lösa
435 582 67 27 ,efter
524 583 49 27 thy"
591 589 45 15 som
652 583 107 27 borgenär
775 583 52 21 eller
843 589 69 15 annan
927 582 80 28 köpare

183 612 59 27 gifva
257 611 42 21 vill.
330 612 77 21 Männe
423 612 80 21 enhvar
517 612 43 21 kan
575 612 68 21 förstå
659 614 32 19 att
707 612 26 21 de
748 613 34 20 tre
797 611 212 27 bokstäfverna
953 607 12 36 t
977 607 9 36 h
998 607 15 36 y

183 641 60 21 skola
265 640 80 27 betyda
367 640 90 27 ungefär
480 647 45 15 som
550 657 4 9 ,
555 640 62 26 efter
640 641 37 21 det
699 640 57 27 pris"
779 640 51 21 eller
845 640 29 27 pä
888 640 37 21 det
940 639 68 22 vilkor

183 669 59 22 som"
267 675 26 15 m.
318 675 26 15 m.
368 669 19 21 d.
418 669 41 27 Jag
474 671 46 20 tror
535 669 106 27 svårligen
656 669 72 27 derpä,
745 669 40 21 och
801 675 108 21 upprepar
924 670 32 20 att
972 668 37 22 det

182 698 48 22 icke
247 700 23 19 är
285 698 70 26 nägon
370 698 175 27 modernisering,
562 700 52 19 utan
629 698 28 27 pä
672 698 139 27 möjligheten
826 699 33 20 att
873 697 67 22 förstä
949 697 59 28 sprä-

182 727 44 26 ket,
243 733 45 15 som
301 727 38 26 jag
353 727 68 27 yrkat.

252 755 55 22 Herr
323 755 185 27 Segersträle:
538 755 71 22 Jemte
626 755 37 22 det
675 755 37 27 jag
727 755 39 22 ber
782 757 32 19 att
828 755 8 21 i
852 754 74 28 sjelfva
942 755 65 21 saken

183 784 22 21 fä
220 784 74 22 förena
309 784 43 27 mig
366 784 50 21 med
432 785 41 21 den
489 784 23 21 af
524 784 89 22 friherre
628 790 41 15 von
684 784 58 21 Born
758 784 97 21 uttalade
871 784 90 27 äsigten,
971 790 36 15 an-

184 819 35 16 ser
239 813 38 28 jag
299 813 7 20 i
326 813 69 21 likhet
409 813 49 21 med
473 813 51 22 herr
537 813 88 22 Palmén
641 815 32 19 att
689 813 78 22 sakens
783 813 130 26 behandling
928 813 79 25 vinner,

184 848 33 15 om
241 842 41 21 den
305 842 127 27 uppskjutes
449 842 31 21 till
497 843 49 20 dess
562 842 165 21 betänkandena
742 842 6 21 i
764 841 115 27 anledning
895 841 22 22 af
930 847 78 21 propo-

183 871 118 21 sitionerna
317 871 56 21 N:ris
391 873 24 19 18
433 871 39 21 och
487 872 26 20 21
531 870 63 23 hafva
609 871 32 21 till
657 871 86 21 ständet
758 870 118 22 inkommit.

250 899 61 22 Efter
333 900 6 20 i
365 899 74 27 frägan
465 900 90 21 sälunda
580 900 151 27 försiggängen
756 900 131 25 diskussion,
914 898 38 22 och
980 899 27 21 dä

181 928 52 22 flere
248 928 138 22 medlemmar
400 928 20 22 at
436 928 87 22 ståndet
538 929 129 21 understödt
682 929 37 21 det
734 928 23 22 af
770 928 51 22 herr
835 926 87 23 Palmén
931 928 76 26 gjorda

181 958 107 26 yrkandet
309 958 29 26 pä
358 957 95 27 uppskof
473 958 49 21 med
544 958 158 26 behandlingen
723 957 23 22 af
759 958 38 21 det
811 956 146 28 föreliggande
972 958 34 20 ut-

181 986 227 26 skottsbetänkandet,
432 986 54 22 intill
510 986 49 22 dess
581 986 26 22 de
620 986 79 28 jemväl
714 986 33 22 till
763 986 117 22 ständerna
896 985 110 22 öfverlem-

180 1015 56 22 nade
257 1014 100 28 frägorna
373 1021 34 15 om
421 1015 44 21 lika
481 1015 88 21 arfsrätt
585 1016 39 21 och
640 1022 34 15 om
689 1016 67 20 oäkta
770 1015 66 21 barns
852 1014 87 22 arfsrätt
954 1021 52 15 vun-

182 1044 33 21 nit
230 1044 32 21 sin
277 1044 91 26 lösning,
384 1044 85 21 hvilken
485 1044 95 28 begäran
596 1044 28 27 pä
638 1044 96 28 uppskof
747 1044 48 22 icke
810 1044 72 21 kunde
897 1050 61 14 anses
966 1043 40 21 lik-

182 1072 61 28 tydig
265 1072 50 22 med
337 1072 95 28 yrkande
455 1073 28 27 pä
506 1073 161 27 bordläggning,
684 1073 67 27 ansäg
767 1073 34 27 sig
816 1072 50 22 herr
880 1072 126 22 Landtmar-

182 1102 91 21 skalken
295 1102 53 21 böra
370 1101 32 21 till
426 1102 99 21 ständets
540 1102 133 22 besvarande
689 1102 130 21 öfverlemna
834 1108 27 14 en
876 1102 24 20 sä
914 1100 92 28 lydande

182 1130 285 27 omröstningsproposition,
484 1131 111 27 angäende
610 1130 88 28 frägans
713 1130 140 27 behandling:

254 1176 9 9 »
267 1159 41 21 Vill
324 1158 159 28 Ridderskapet
499 1160 40 21 och
553 1160 70 21 Adeln
645 1166 29 15 nu
689 1160 51 26 ingä
754 1159 7 21 i
777 1159 99 27 pröfning
891 1158 22 22 af
926 1158 79 28 Lagut-

181 1187 94 22 skottets
291 1188 142 26 betänkande,
450 1188 111 28 angäende
577 1188 54 22 börd
645 1195 27 15 m.
688 1195 39 20 m.;

249 1216 74 22 vinner
341 1216 41 28 nej,
401 1217 127 28 uppskjutes
545 1217 101 22 ärendets
661 1217 74 22 vidare
750 1216 130 27 behandling
895 1216 43 21 tills
955 1216 49 21 dess

181 1245 88 21 ständet
290 1245 103 27 handlagt
415 1245 100 28 frägorna
538 1252 34 15 om
594 1246 44 22 lika
653 1246 88 22 arfsrätt
757 1246 40 21 och
813 1244 113 28 angäende
942 1244 64 22 oäkta

180 1274 65 21 barns
261 1273 107 27 arfsrätt,,.

249 1303 48 21 Och
312 1305 52 19 enär
379 1303 70 21 denna
463 1304 135 26 proposition
614 1303 23 21 af
650 1304 87 21 ständet
751 1303 132 22 besvarades
898 1302 49 21 med
956 1302 50 22 obe-

180 1331 65 21 stridt
269 1331 156 27 öfvervägande
447 1332 40 27 nej,
513 1332 69 22 skulle
604 1332 49 22 med
673 1332 102 22 ärendets
791 1331 130 27 behandling
937 1331 68 26 anstå,

180 1360 32 21 till
233 1360 48 21 dess
297 1360 27 21 de
339 1360 92 21 nämnda
447 1362 77 20 tvenne
539 1360 100 28 frägorna
653 1361 70 22 blifvit
738 1360 23 22 af
774 1361 88 21 ständet
877 1359 127 27 handlagda.

249 1446 39 21 Till
310 1446 159 27 handläggning
491 1446 112 28 föredrogs
626 1453 28 15 nu
675 1447 59 22 Hans
755 1446 122 28 Kejserliga
891 1445 114 28 Majestäts

180 1474 121 27 bordlagda
315 1475 78 27 nädiga
408 1475 141 27 proposition,
559 1482 33 15 om
608 1475 127 23 utfärdande
751 1475 23 22 af
786 1482 28 21 ny
829 1474 127 27 författning
971 1475 34 20 rö-

179 1503 67 22 rande
261 1503 99 28 tlottning
376 1503 23 22 af
412 1504 140 27 skogsalster.

247 1532 56 22 Herr
325 1539 41 15 von
387 1532 112 23 Alfthan
520 1533 68 22 utbad
604 1533 33 28 sig
653 1534 62 22 ordet
730 1533 41 23 och
785 1533 97 28 yttrade:
912 1531 41 22 Vid
968 1537 36 21 ge-
