1109 1748
231 112 26 19 42
534 112 40 18 Den
589 110 12 18 9
617 111 93 18 Februari.

201 174 42 22 och
265 174 156 28 förmögenhet,
441 174 73 22 hvilka
531 176 38 20 äro
589 174 136 27 nödvändiga
743 173 35 22 för
798 174 192 22 åstadkommande
1008 174 24 22 af

201 203 58 27 goda
277 203 62 27 lagar
358 203 40 22 och
419 210 26 15 en
461 204 42 26 god
519 204 79 21 allmän
613 202 144 27 hushållning,
775 203 28 21 då
815 203 26 27 ju
856 205 32 20 ett
903 202 127 22 välordnadt

201 232 202 22 samhällstillstånd
422 234 25 20 är
467 234 31 20 ett
518 232 22 22 af
559 232 26 22 de
604 232 91 22 främsta
712 231 98 23 vilkoren
825 232 33 22 för
874 232 42 22 alla
930 231 98 22 medbor-

201 261 149 28 gareklassers
365 261 83 22 välfärd
465 261 39 22 och
519 261 115 22 förkofran.

271 290 43 22 Det
329 290 62 22 torde
411 290 41 22 ock
472 290 92 27 förtjena
584 292 32 20 ett
631 292 98 20 närmare
744 289 165 27 öfvervägande,
924 288 105 22 huruvida

200 319 49 22 icke
266 319 47 27 just
331 325 75 21 genom
425 319 27 21 de
467 319 63 27 långa
545 318 130 23 mellanskof
688 318 23 22 af
725 318 158 27 overksamhet,
899 318 59 22 hvari
973 317 55 22 folk-

200 348 201 27 representationen
419 348 85 27 jemlikt
522 348 100 27 gällande
642 348 37 26 lag
697 348 112 26 försättes,
829 336 90 39 mycken
938 347 31 21 tid
988 346 40 22 och

200 376 59 22 kraft
272 376 33 22 för
321 376 231 28 lagstiftningsarbetet
571 376 115 28 förspilles,
702 378 53 20 utan
771 378 34 20 att
819 376 86 22 komma
920 376 108 22 verksam-

199 406 66 21 heten
289 406 29 27 pä
341 406 66 21 andra
430 406 101 21 områden
553 406 33 21 till
608 406 63 27 godo.
702 405 129 27 Uppenbart
853 407 24 20 är
896 406 32 21 att
946 404 82 22 detta
1015 400 16 37 i

200 434 91 22 främsta
313 436 93 20 rummet
428 434 67 27 gäller
513 434 76 28 sjelfva
609 435 42 21 den
669 434 119 27 beredning
803 434 225 27 landtdagsärendena

200 464 71 21 mäste
285 463 102 27 undergä,
403 463 65 21 innan
483 464 27 21 de
525 464 73 21 kunna
613 464 32 20 till
661 463 133 21 Ständernas
808 462 99 28 pröfning
917 462 110 23 öfverlem-

200 499 45 15 nas.
272 492 31 27 Ty
317 492 33 21 för
365 498 27 16 en
407 492 78 27 mängd
501 492 82 22 sådara
598 492 94 22 ärenden
707 492 44 21 kan
767 498 27 15 en
810 492 117 27 beredning
941 491 46 28 fyra
997 491 29 22 el-

199 522 33 21 ler
254 520 43 22 fem
319 521 30 26 är,
365 521 64 21 innan
445 521 26 21 de
489 521 74 21 kunna
583 522 52 21 ernä
654 521 33 21 sin
701 520 92 28 lösning,
809 521 67 21 redan
892 520 23 22 af
928 521 37 21 det
980 520 47 22 skäl

199 550 49 21 icke
263 549 154 28 ifrägakomma
432 551 33 20 att
481 556 26 15 en
522 550 25 21 sä
561 550 51 27 läng
628 550 91 27 tidrymd
730 550 43 20 kan
783 550 97 22 medföra
891 550 24 21 sä
925 550 101 21 väsendt-

199 579 45 27 liga
259 578 149 28 förändringar
422 578 7 22 i
445 578 28 22 de
487 578 156 28 förhällanden,
659 578 72 22 hvilka
746 578 7 21 i
769 578 49 22 dem
834 578 63 27 afses,
909 580 33 20 att
953 578 37 22 det
999 578 29 27 pä

199 607 147 27 beredningen
369 608 106 26 nedlagda
497 608 75 21 arbete
593 608 32 21 till
646 609 70 20 större
736 607 53 22 eller
807 608 83 21 mindre
908 607 34 22 del
957 608 69 20 mäste

201 637 106 26 omgöras.
326 636 10 21 I
351 635 38 22 fall
404 643 49 14 man
468 637 133 26 undantager
616 643 59 15 mera
690 635 133 22 omfattande
838 635 188 28 lagstiftningsfrä-

200 671 39 21 gor
255 665 40 21 och
310 665 7 20 i
332 665 44 21 viss
392 665 49 21 män
456 665 62 21 äfven
532 665 101 27 partiella
647 665 151 26 förändringar
812 665 7 21 i
838 665 78 21 allmän
927 665 58 21 civil-
996 664 29 22 el-

199 694 32 21 ler
253 693 142 28 kriminallag,
415 694 25 21 sä
458 694 70 21 mäste
548 694 64 21 alltsä
632 693 23 22 af
672 700 27 15 en
716 693 43 22 fem
775 694 35 21 ärs
825 693 154 28 mellanperiod
995 695 31 20 ett

199 729 40 20 par
260 723 24 21 är
303 723 28 26 gä
349 722 32 21 till
396 724 46 20 stor
457 723 34 21 del
506 722 107 23 förlorade
628 723 33 21 för
676 723 37 21 det
728 722 76 22 arbete
819 722 206 27 lagstifningsätgär-

200 752 78 21 dernas
293 751 155 22 förberedande
463 751 92 22 kräfver.
585 752 50 21 Men
651 751 62 22 äfven
727 751 34 22 för
777 751 42 22 den
834 751 63 22 andel
912 751 7 22 i
934 751 91 23 arbetet,

200 787 46 14 som
262 780 129 21 tillkommer
406 781 205 26 representationen,
627 781 57 21 välla
700 780 26 21 de
741 780 65 27 länga
818 780 164 22 mellantiderna
993 781 31 20 ät-

199 809 108 22 minstone
329 809 41 22 den
393 809 114 27 olägenhet
526 811 33 20 att
579 810 42 21 den
641 809 123 22 erfarenhet
779 809 7 21 i
802 809 108 27 offentliga
925 809 46 22 värf
985 809 40 22 och

199 838 27 21 de
241 838 97 27 insigter,
348 844 46 15 som
409 838 35 21 vid
460 838 74 22 dessas
550 838 130 27 behandling
695 838 117 27 inbespara
826 838 90 27 mycken
932 838 37 27 tid,
985 838 39 21 hos

198 866 69 23 folket
281 867 49 21 icke
344 867 51 21 ernä
411 866 125 28 erforderlig
550 867 127 27 utbildning.

267 896 32 21 Pä
321 896 64 22 dessa
407 896 52 27 skäl,
483 896 85 22 hvartill
591 898 52 20 utan
662 896 73 22 tvifvel
755 896 68 21 andra
841 895 23 22 af
876 896 48 22 icke
939 896 85 27 ringare

198 924 46 28 vigt
266 925 73 21 kunde
358 925 82 27 läggas,
461 932 63 15 anser
539 926 38 27 jag
597 932 26 15 en
642 925 90 27 ändring
747 924 24 22 af
783 926 13 20 2
813 924 10 28 $
839 924 7 22 i
861 925 24 21 L.
902 925 24 21 O.
944 925 79 21 derhän

199 955 34 19 att
248 960 26 15 en
289 954 100 22 bestämd
399 954 87 22 kortare
496 954 75 28 period
581 954 34 22 för
625 954 133 22 Ständernas
769 954 174 21 sammanträden
954 953 69 22 blefve

197 982 110 22 fastställd
330 984 27 20 än
376 983 41 21 den
436 983 85 21 maximi
536 983 143 27 bestämning,
697 989 46 15 som
759 982 46 22 deri
819 989 29 15 nu
864 982 66 28 ingär,
947 984 77 26 utgöra

199 1013 32 20 ett
251 1011 160 27 önskningsmäl
427 1011 22 22 af
463 1012 41 21 den
519 1012 138 28 betydenhet,
671 1013 33 20 att
719 1012 38 21 det
771 1011 67 22 redan
855 1011 23 21 af
890 1018 29 15 nu
934 1011 89 23 försam-

197 1040 50 22 Jade
270 1040 93 22 Ständer
384 1040 67 22 borde
467 1041 31 21 till
514 1041 59 21 Hans
589 1041 104 27 Majestät
707 1040 106 28 Kejsaren
831 1040 41 22 och
890 1040 133 22 Storfursten

198 1069 126 21 frambäras.
355 1069 170 22 Vidkommande
548 1070 47 21 åter
617 1069 117 22 innehållet
757 1068 23 22 af
801 1069 42 21 den
861 1069 137 27 bestämning
1016 1069 7 21 i

198 1098 140 32 förevarande
363 1098 108 27 afseende,
488 1105 46 15 som
554 1099 51 21 bäst
628 1098 69 22 skulle
720 1099 111 20 motsvara
852 1098 84 22 landets
952 1098 70 26 behof,

198 1127 62 21 torde
279 1126 139 28 meningarna
436 1134 53 15 vara
504 1128 62 21 olika.
597 1128 39 21 Att
651 1134 26 15 en
693 1127 74 27 längre
783 1126 120 28 tidsperiod
919 1128 26 20 än
960 1116 64 32 hvart

198 1156 69 26 tredje
287 1156 24 21 är
325 1156 49 21 icke
389 1156 42 21 kan
447 1156 158 27 ifrägakomma,
622 1156 44 22 ifall
681 1156 71 27 nägon
767 1155 125 28 förändring
907 1156 55 22 skall
978 1156 44 21 vid-

198 1186 69 25 tagas,
285 1185 62 21 torde
362 1184 21 22 fä
399 1191 62 15 anses
476 1184 113 28 sjelffallet,
601 1185 77 21 liksom
689 1185 29 27 pä
728 1185 68 21 andra
807 1184 61 22 sidan
879 1186 33 20 att
922 1186 32 20 ett
964 1186 58 20 stän-

198 1214 97 21 dermöte
310 1213 73 28 hvarje
399 1214 24 21 är
438 1214 94 21 hvarken
548 1220 50 15 vore
613 1216 44 19 rätt
671 1213 102 27 förenligt
787 1213 51 22 med
854 1214 37 21 det
900 1213 123 23 nuvarande

197 1242 253 27 representationssättet
465 1243 53 21 eller
532 1242 106 28 behöfligt
649 1243 48 21 med
707 1242 84 27 hänsyn
802 1242 33 21 till
846 1242 41 22 den
897 1242 127 22 inskränkta

197 1270 132 28 befogenhet
345 1278 46 14 som
405 1272 7 20 i
428 1271 174 22 finansväsendet
617 1272 130 21 tillkommer
763 1271 127 22 Ständerna.
921 1272 103 21 Deremot

197 1306 64 21 synes
277 1300 86 27 mycket
377 1300 45 22 tala
436 1300 33 22 för
487 1306 26 16 en
523 1300 138 28 periodicitet
670 1300 49 22 med
729 1300 104 27 landtdag
844 1300 62 21 hvart
916 1302 66 20 annat
992 1300 29 21 är.

267 1328 83 22 Genom
373 1330 32 20 ett
427 1329 146 22 ständermöte
596 1329 63 21 hvart
681 1331 66 19 annat
766 1328 52 22 eller
837 1329 63 21 hvart
915 1329 69 27 tredje
1000 1329 23 21 är

198 1357 69 21 skulle
283 1364 46 15 mer
344 1360 27 19 än
381 1358 115 27 tillräcklig
507 1358 30 21 tid
548 1358 33 21 för
592 1358 119 21 ärendenas
721 1357 121 27 beredning
853 1358 89 21 emellan
952 1358 70 21 landt-

197 1386 96 27 dagarna
308 1386 103 27 erhällas;
428 1387 145 26 beräkningen
589 1386 22 22 af
620 1387 27 21 de
657 1386 33 22 för
701 1386 193 27 statsregleringen
904 1386 38 21 allt
953 1387 69 21 större

196 1415 113 27 betydelse
323 1415 107 22 vinnande
445 1415 154 27 skattebidrag,
615 1415 73 22 hvilka
703 1415 47 22 frän
763 1415 104 27 landtdag
877 1415 32 22 till
919 1415 104 27 landtdag

197 1443 96 28 beviljas,
311 1443 70 22 skulle
392 1444 145 26 underlättas;
548 1445 72 26 nägon
630 1444 135 27 förkortning
776 1443 23 22 af
807 1443 59 23 tiden
877 1443 33 23 för
920 1443 102 22 Ständer-

197 1478 38 15 nas
251 1479 148 15 sammanvaro
415 1473 24 21 sä
453 1475 32 19 att
496 1473 124 22 densamma
631 1473 18 28 ej
661 1473 93 22 behöfde
765 1475 97 24 upptaga
872 1473 56 22 tider
938 1472 22 22 af
969 1473 53 26 äret,

197 1501 28 20 dä
235 1501 181 27 näringsidkande
427 1504 175 25 representanter
613 1502 18 27 ej
643 1504 53 19 utan
707 1504 45 19 stor
763 1501 116 28 olägenhet
889 1502 73 21 kunna
972 1508 51 15 vara

196 1529 64 23 borta
274 1530 47 22 frän
337 1530 47 22 sina
399 1531 98 26 hemvist,
514 1531 69 22 skulle
599 1531 138 28 möjliggöras
753 1530 78 23 liksom
846 1531 61 22 äfven
918 1537 26 16 en
955 1531 66 21 sädan
