1109 1748
419 110 40 17 Den
476 108 26 18 23
519 110 54 18 Mars.
846 108 41 20 297

91 173 64 27 älagd
177 172 33 22 för
233 172 67 21 andra
323 172 98 21 ändamäl
445 173 26 19 än
492 172 95 22 ökandet
605 172 22 22 af
640 171 94 22 kronans
749 171 104 21 intrader.
884 172 33 21 Dä

91 201 121 23 emellertid
228 200 110 28 ätskilliga
353 206 98 22 gvarnar,
467 200 69 22 drifna
552 202 50 21 med
617 202 62 25 änga,
695 199 67 22 redan
778 200 92 21 kommit
884 200 33 21 till

90 231 72 26 ständ,
179 229 40 23 och
243 230 108 21 sannolikt
374 228 63 22 äfven
459 228 52 22 flere
534 229 113 23 framdeles
670 228 86 22 komma
771 230 33 20 att
818 228 98 27 inrättas,

90 266 52 15 vore
162 259 37 21 det
219 264 26 16 en
265 258 124 28 ytterligare
408 258 111 26 orättvisa,
535 258 7 21 i
557 258 36 22 fall
609 259 73 21 säsom
697 257 110 21 utskottet
821 257 96 25 föreslär,

92 288 64 22 dessa
172 293 91 21 gvarnar
279 286 70 22 skulle
359 286 65 22 blifva
434 286 97 22 befriade
541 286 48 22 frän
599 287 65 26 skatt,
674 286 68 22 under
753 286 38 22 det
801 292 26 15 en
838 286 80 26 mängd

91 316 83 22 mindre
196 317 168 25 vattengvarnar
386 318 37 18 äro
445 316 94 26 belagda
560 316 49 21 med
632 322 26 15 en
677 315 73 21 sädan.
781 315 42 27 Jag
837 314 81 22 tilläter

90 346 45 26 mig
150 344 71 22 derför
236 344 157 22 vördsammast
407 344 87 26 föreslä,
511 346 32 20 att
557 344 161 27 Ridderskapet
733 344 40 21 och
789 343 69 22 Adeln
868 343 50 21 ville

92 375 7 21 i
115 373 102 23 afseende
233 373 12 21 å
260 373 139 27 beskattning
415 372 22 22 af
451 379 92 21 gvarnar
559 373 115 27 godkänna
689 373 41 21 den
745 372 80 27 nådiga
839 378 79 22 propo-

92 403 99 26 sitionen,
209 402 56 21 dock
279 402 49 21 med
345 402 36 21 det
397 402 74 26 vilkor,
489 403 33 20 att
537 402 41 21 den
593 402 132 26 författning,
741 407 47 16 som
803 402 7 21 i
823 401 96 27 enlighet

92 432 89 21 dermed
202 431 86 21 komme
310 432 33 20 att
365 430 104 27 utfärdas,
487 430 70 22 skulle
581 431 57 26 gälla
659 430 56 22 intill
729 432 64 20 nästa
807 430 110 27 landtdag,

93 462 57 20 samt
172 460 70 21 tillika
261 460 129 26 petitionera
409 459 40 21 hos
467 460 61 21 Hans
548 460 104 27 Majestät
671 466 35 14 om
722 459 160 27 framläggande
898 458 22 22 af

92 489 83 27 förslag
197 495 35 15 om
255 488 166 27 gvarnskattens
445 488 141 28 fullständiga
607 488 118 28 aflyftande
745 488 41 21 och
801 488 71 21 denna
887 487 31 21 in-

93 518 80 22 dustris
196 517 41 21 fria
259 516 122 23 utöfvande.
411 518 42 20 För
476 517 42 21 den
536 517 104 22 händelse
655 517 60 21 Hans
730 517 103 27 Majestät
848 516 71 22 skulle

92 546 58 22 finna
174 546 53 27 godt
250 546 70 22 dertill
342 546 79 26 bifalla,
438 546 25 21 sä
485 546 72 22 kunde
581 546 28 22 dä
628 546 23 21 af
670 546 54 26 dem,
741 552 46 15 som
802 545 116 27 möjligtvis

94 582 52 15 anse
169 575 78 21 sädant
266 581 51 15 vara
337 575 82 27 nödigt,
435 576 63 26 tagas
514 575 7 21 i
537 575 164 27 öfvervägande,
717 574 104 22 huruvida
836 574 83 21 kronan

92 604 68 21 borde
175 604 29 26 pä
219 604 66 26 nägot
301 605 43 20 sätt
359 604 68 21 hällas
444 604 114 21 skadeslös
574 604 33 21 för
623 604 41 21 den
679 603 122 26 minskning
816 603 7 20 i
836 603 82 21 inkom-

93 635 52 24 ster,
161 639 46 15 som
223 639 76 20 genom
315 633 166 26 gvarnskattens
498 632 150 27 upphäfvande
662 632 69 21 blefve
747 638 26 15 en
788 631 58 28 följd.
878 631 41 22 Om

93 661 160 27 Ridderskapet
276 661 40 22 och
339 661 68 22 Adeln
428 661 69 22 skulle
517 661 90 22 omfatta
627 661 60 22 detta
705 661 86 26 förslag,
808 661 24 20 sä
851 660 68 21 borde

94 691 90 21 ärendet
199 690 169 21 äterremitteras
384 690 32 21 till
432 691 109 21 utskottet
557 690 32 22 för
605 692 32 19 att
652 690 7 21 i
669 690 76 27 antydt
755 689 55 28 syfte
821 691 98 20 närmare

94 719 135 22 formuleras.

162 748 57 21 Herr
237 748 140 21 Mechelin:
402 748 133 21 Ständernas
554 747 147 28 underdäniga
714 747 91 28 petition
823 747 23 21 är
863 748 54 20 1872

94 777 32 21 uti
142 777 41 22 den
198 783 29 15 nu
242 776 69 22 under
325 777 130 26 behandling
472 777 95 22 varande
582 777 75 27 frågan
672 776 93 22 innehöll
782 783 26 14 en
819 775 99 22 anhållan

95 806 79 26 derom,
191 807 33 20 att
245 812 26 14 en
286 805 93 22 revision
395 805 22 22 af
430 806 101 26 gällande
546 806 89 27 stadgar
650 805 110 27 angäende
775 805 144 27 mjölgvarnar

95 835 41 21 och
151 835 123 26 stampverk
289 834 71 22 blefve
375 835 102 26 vidtagen
492 835 7 20 i
516 835 36 21 det
568 834 61 28 syfte,
647 836 32 19 att
695 834 26 21 de
737 834 122 27 omgängar,
872 839 47 16 som

96 866 36 19 äro
148 863 119 22 förhanden
282 863 36 22 vid
334 863 129 27 anläggning
478 863 41 22 och
530 863 140 27 beskattning
681 863 22 21 af
712 863 64 21 dessa
787 864 55 20 samt
852 862 7 22 i
870 868 48 22 syn-

94 892 77 22 nerhet
185 892 33 22 för
233 894 33 19 att
281 892 82 22 erhälla
377 892 129 27 törmedling
520 892 23 22 af
556 893 66 21 redan
639 893 58 21 äsatt
707 892 65 26 skatt,
785 891 69 22 blefve
864 891 7 21 i
882 891 38 21 det

95 922 122 26 möjligaste
236 921 130 26 förenklade,
380 922 67 26 jemte
468 921 38 22 det
525 921 135 22 föreskrifter
675 921 68 21 skulle
759 920 109 22 meddelas
885 926 35 15 om

96 950 128 27 anläggning
243 950 41 21 och
303 950 160 27 skattläggning
484 950 24 21 af
522 957 91 20 gvarnar
628 950 49 21 med
692 956 69 15 annan
777 948 100 22 drifkraft
892 950 28 19 än

95 978 41 22 luft
156 979 41 21 och
217 980 80 20 vatten.
327 979 42 27 Jag
389 979 80 21 tilläter
489 979 44 27 mig
552 979 71 22 erinra
638 979 81 26 härom,
734 978 33 22 för
783 980 32 20 att
830 977 91 22 sälunda

96 1008 21 21 få
132 1008 152 26 konstateradt
299 1009 33 20 att
348 1008 41 21 den
404 1008 79 27 nådiga
499 1008 163 27 propositionen
676 1008 48 21 icke
738 1007 46 21 helt
799 1006 40 22 och
854 1006 67 22 hållet

97 1039 23 19 är
142 1036 104 28 uppstäld
265 1037 28 26 pä
313 1037 131 27 grundvalen
459 1036 24 22 af
496 1038 129 20 ständernas
640 1036 98 28 petition.
768 1036 43 21 Det
827 1038 23 18 är
864 1035 58 21 blott

97 1066 53 21 sista
172 1066 119 20 momentet
312 1066 7 20 i
342 1066 128 21 ständernas
493 1066 98 26 petition,
609 1072 46 15 som
673 1065 69 27 ligger
757 1065 32 21 till
805 1064 69 27 grund
888 1063 34 22 för

97 1095 70 21 denna
185 1094 80 26 nådiga
284 1094 139 27 proposition.
454 1095 10 21 I
483 1094 42 22 den
541 1095 117 21 ständerna
673 1094 31 22 till
719 1093 129 28 upplysning
862 1092 59 22 med-

98 1123 77 22 delade
198 1122 157 28 förordningen,
373 1125 24 19 är
418 1124 83 26 hänsyn
528 1125 64 25 tagen
615 1124 32 20 till
670 1124 32 20 ett
724 1124 66 20 annat
804 1121 117 22 moment
907 1117 17 38 i

98 1158 81 16 samma
193 1151 98 28 petition,
307 1152 106 27 nemligen
428 1152 179 22 underlättandet
622 1152 23 21 af
653 1150 227 27 skatteförmedlingen
890 1149 32 22 för

98 1187 97 21 gvarnar,
212 1186 49 16 men
281 1187 25 15 en
326 1181 92 21 revision
439 1180 22 22 af
475 1181 42 21 den
533 1182 72 20 såsom
620 1181 108 21 utskottet
742 1179 117 22 framhållit
873 1179 49 21 bro-

98 1210 51 27 kiga
166 1210 78 26 mängd
259 1209 23 21 af
295 1209 156 27 författningar,
468 1216 47 15 som
530 1210 111 27 angäende
657 1216 92 20 gvarnar
763 1211 38 19 äro
816 1208 106 27 gällande,

98 1238 39 22 har
154 1238 49 22 icke
222 1237 71 23 blifvit
311 1238 108 28 vidtagen.
450 1238 134 22 Ständernas
600 1238 155 26 framställning
771 1238 23 20 är
811 1238 54 20 1872
880 1236 44 22 kan

98 1268 34 21 väl
148 1267 107 27 svärligen
270 1273 63 15 anses
350 1269 77 25 utgöra
443 1269 32 20 ett
490 1267 114 22 uttalande
619 1268 46 20 mot
675 1266 130 28 aflyftandet
815 1265 23 22 af
847 1271 76 21 gvarn-

98 1296 94 22 skatten.
223 1296 38 21 Att
283 1296 92 22 berörde
395 1296 92 27 petition
512 1297 49 26 gick
580 1297 7 20 i
607 1296 42 22 den
663 1296 100 26 riktning,
781 1296 32 20 att
828 1295 96 21 närmast

98 1325 81 26 begära
195 1331 27 15 en
237 1324 92 22 revision
347 1324 23 22 af
383 1325 131 21 hithörande
529 1324 140 28 lagstiftning,
686 1325 61 21 torde
763 1324 72 21 berott
850 1323 74 27 derpä,

99 1355 33 20 att
151 1360 49 15 man
216 1354 79 21 önskat
309 1354 86 21 komma
409 1354 34 21 till
459 1355 32 20 ett
506 1354 58 21 helst
578 1354 134 26 nägorlunda
727 1352 197 22 tillfredsställande

98 1382 99 26 resultat,
213 1382 67 21 hellre
296 1384 26 19 än
339 1384 32 19 att
386 1383 108 21 mähända
510 1383 52 21 ernä
571 1383 56 20 intet
641 1382 84 26 sädant,
733 1381 82 22 hvilket
825 1380 35 21 vid
871 1380 55 21 sista

98 1411 133 26 landtdagen
251 1411 50 21 med
320 1411 47 22 skäl
382 1411 73 22 kunde
470 1413 92 26 antagas
578 1417 51 16 vara
645 1412 31 20 att
691 1410 80 25 befara,
782 1410 72 21 derest
869 1408 56 27 peti-

99 1440 73 21 tionen
188 1440 28 21 dä
231 1440 56 21 hade
302 1440 54 27 gällt
369 1440 49 21 hela
429 1441 168 26 gvarnskattens
609 1439 123 28 aflyftande.
763 1439 77 21 Säsom
850 1436 76 28 frägan

99 1475 29 15 nu
150 1468 121 27 föreligger,
288 1471 23 19 är
335 1469 36 21 det
390 1469 8 20 i
419 1469 76 27 sjelfva
513 1469 76 22 verket
604 1469 47 21 icke
667 1469 42 20 lätt
724 1469 33 20 att
772 1468 52 26 göra
839 1466 39 21 sitt
892 1466 35 21 val

100 1497 91 22 emellan
204 1497 120 22 utskottets
338 1497 137 22 betänkande
493 1498 41 21 och
550 1498 41 21 den
607 1497 78 27 nädiga
699 1495 169 28 propositionen,
880 1501 47 16 som

101 1532 63 21 synes
187 1525 101 22 omfattas
312 1526 23 21 af
355 1526 50 21 herr
424 1526 94 27 Pipping
538 1527 6 20 i
564 1527 53 20 hans
636 1525 138 27 reservation,
791 1530 34 15 om
840 1523 87 23 hvilken
