1109 1748
217 126 26 21 12
510 128 40 18 Den
567 125 26 20 29
609 128 82 18 Janvari.

257 190 57 22 Herr
333 190 211 23 Landtmarskalken
565 189 142 29 tillkännagaf
721 192 38 25 att,
777 190 67 22 sedan
859 190 159 28 Ridderskapet

187 219 40 22 och
243 219 70 22 Adeln
328 220 35 22 vid
378 220 87 27 plenum
481 219 42 21 den
538 220 27 20 26
581 219 89 22 Januari
689 207 70 33 fattat
769 219 73 21 beslut
857 226 35 14 om
907 220 109 25 stenogra-

186 248 52 21 fiskt
259 248 120 27 protokolls
401 248 90 22 förande
515 246 59 23 öfver
595 248 188 27 förhandlingarne
798 248 35 21 vid
849 248 97 22 ståndets
962 254 54 14 sam-

186 278 136 26 manträden,
347 276 139 28 stenografen
501 276 120 27 löjtnanten
636 277 86 27 August
736 276 108 22 Fabritius
860 277 70 21 blifvit
944 276 74 22 härom

186 306 96 22 vidtalad
298 306 40 22 och
354 306 63 22 äfven
433 305 68 27 åtagit
518 305 32 27 sig
571 307 32 19 att
621 306 68 27 jemte
707 307 78 21 tvenne
807 305 101 22 biträden
930 306 28 27 på
980 305 38 21 sitt

186 341 78 15 ansvar
285 335 97 21 bestrida
397 335 42 21 den
457 334 158 27 stenografiska
630 334 186 28 tjenstgörningen
831 334 40 22 hos
887 334 129 22 Ridderska-

185 365 38 25 pet
239 364 40 21 och
295 364 68 21 Adeln
382 364 69 21 under
466 364 144 20 innevarande
625 363 114 27 landtdag;
762 363 40 22 och
825 363 129 22 hemställde
968 364 50 21 herr

186 393 209 21 Landtmarskalken
411 392 32 21 till
459 392 95 26 ståndet,
570 392 107 22 huruvida
691 392 89 22 ståndet
797 392 51 22 ville
864 394 78 25 antaga
958 392 60 22 detta

187 422 72 20 anbud
275 421 23 22 af
311 422 92 27 löjtnant
418 421 116 26 Fabritius,
550 420 88 22 hvilken
653 421 36 22 vid
704 420 130 28 föregående
850 421 103 27 landtdag
963 422 55 21 varit

186 450 6 21 i
208 456 81 15 samma
305 450 109 28 egenskap
431 450 100 21 anställd.

255 479 76 22 Denna
345 479 130 21 hemställan
490 478 46 22 blef
549 478 23 22 af
589 478 88 22 ståndet
696 479 49 21 med
765 478 90 22 allmänt
867 480 23 26 ja
905 480 111 21 besvarad.

256 537 92 21 Ståndet
363 536 147 28 uppmanades
517 536 54 22 härå
581 536 24 21 af
617 537 50 21 herr
677 536 207 22 Landtmarskalken
903 538 32 20 att
946 537 71 21 skrida

186 566 33 20 till
235 566 37 21 det
288 566 32 20 till
336 566 80 26 dagens
433 565 160 22 sammanträde
604 566 84 20 utsatta
703 565 34 21 val
753 565 23 21 af
789 565 172 28 Ridderskapets
977 566 40 21 och

188 594 81 22 Adelns
285 594 91 26 valmän,
386 594 74 22 dervid
476 594 32 21 till
523 594 88 27 ledning
625 594 33 22 för
673 594 146 22 valsedlarnes
836 594 128 27 utskrifning
978 595 38 21 och

187 623 29 26 på
232 623 37 22 det
285 623 18 28 ej
320 623 66 27 några
401 623 82 21 sådana
501 623 29 26 på
549 623 70 26 grund
635 622 23 22 af
672 623 79 26 oriktig
771 623 141 27 uppsättning
926 623 91 22 behöfde

186 652 103 21 kasseras
305 652 42 21 den
361 652 7 21 i
384 651 47 28 $22
447 651 24 22 af
484 651 243 27 Riddarhusordningen
742 651 107 27 ingående
864 651 108 22 föreskrift
983 659 33 15 om

187 681 122 21 valsedelns
325 681 94 21 innehåll
435 680 46 22 blef
494 680 33 22 för
542 681 88 21 ståndet
644 680 93 27 uppläst.

255 709 72 22 Sedan
342 709 171 27 Ridderskapets
525 709 40 21 och
577 709 81 21 Adelns
674 709 139 21 medlemmar
829 709 55 22 efter
897 710 120 21 verkstäldt

186 744 84 21 upprop
286 738 101 22 aflemnat
402 738 48 21 sina
465 738 107 21 valsedlar
587 738 33 21 till
635 738 35 21 val
685 737 22 22 af
721 738 100 21 ståndets
838 738 112 26 elektorer,
970 739 45 20 vid-

186 769 38 25 tog
248 767 144 28 uppläsandet
415 767 40 21 och
478 767 159 21 antecknandet
652 766 23 22 af
688 768 99 20 rösterne
802 767 7 20 i
826 767 64 21 dessa
904 767 111 26 valsedlar,

186 796 73 21 hvilka
281 795 154 28 förrättningar
458 795 55 22 dock
535 795 18 28 ej
577 795 73 22 hunno
674 795 89 22 afslutas
787 795 56 22 intill
862 796 28 21 kl.
907 797 41 26 23/,
963 796 53 21 efter

186 825 121 27 middagen,
331 825 27 21 då
379 825 50 21 herr
451 824 209 21 Landtmarskalken
678 824 7 21 i
703 825 110 21 anseende
835 825 33 20 till
890 825 42 21 den
953 824 63 22 fram-

186 853 89 22 skridna
295 854 60 22 tiden
377 853 101 28 upplöste
494 853 170 21 sammanträdet
679 853 40 21 och
735 853 135 27 uppmanade
886 853 129 22 Ridderska-

185 884 49 25 pets
258 883 40 21 och
313 883 81 21 Adelns
417 882 139 22 medlemmar
580 884 33 19 att
635 882 28 21 kl.
681 884 10 19 5
709 882 48 22 åter
773 882 79 22 samlas
870 882 32 22 för
918 884 32 20 att
964 882 52 22 fort-

186 913 58 19 sätta
259 912 51 21 med
325 911 94 21 nämnda
433 911 147 22 valsedlarnas
603 911 172 27 genomgående;
801 912 51 21 derå
874 912 141 26 valsedlarne,

186 940 26 21 de
227 940 103 27 upplästa
345 940 40 22 och
401 940 26 22 de
447 940 177 27 ogenomgångna
646 940 106 21 hvardera
774 939 34 22 för
830 940 39 27 sig,
885 940 69 22 blefvo
974 940 42 22 för-

186 969 88 27 seglade
293 970 7 20 i
320 969 69 22 skilda
411 969 82 27 omslag
509 969 40 21 och
573 968 158 22 öfverlemnade
751 968 33 22 till
805 969 211 22 riddarhussekrete-

185 1004 64 16 raren
263 998 34 22 för
312 1000 33 20 att
359 998 8 21 i
381 998 44 22 läst
439 1004 48 15 rum
505 997 102 22 förvaras.

255 1056 88 22 Samma
357 1056 42 26 dag
414 1055 93 22 klockan
522 1056 12 20 5
551 1062 18 14 e.
585 1061 27 15 m.

254 1084 166 22 Antecknandet
435 1084 23 22 af
470 1085 99 21 rösterne
584 1084 32 21 uti
633 1084 26 22 de
674 1083 47 23 från
735 1083 161 28 förmiddagens
912 1091 104 15 samman-

186 1113 61 22 träde
263 1113 139 22 återstående
417 1113 135 22 valsedlarne
569 1112 120 27 fortsattes,
711 1113 40 21 och
768 1112 51 28 blef,
836 1114 67 21 sedan
918 1114 99 27 samtliga

186 1142 26 21 de
227 1142 37 22 vid
279 1142 58 22 valet
351 1142 81 27 afgifna
453 1143 100 21 rösterna
576 1142 193 26 sammanräknats,
793 1142 41 21 den
857 1142 80 28 utgång
960 1143 57 21 valet

185 1171 86 21 erhållit
283 1171 54 21 härå
351 1171 88 21 ståndet
455 1170 120 27 meddelad,
597 1170 120 28 hvarjemte
739 1170 51 22 herr
811 1171 205 22 Landtmarskalken

185 1200 142 27 tillkännagaf
349 1201 33 20 att
404 1199 23 22 af
449 1200 26 21 de
497 1199 120 22 aflemnade
635 1201 26 20 79
677 1199 138 22 valsedlarne
831 1202 13 20 3
859 1200 69 22 blifvit
942 1200 74 22 kasse-

184 1228 53 22 rade
252 1229 30 27 på
297 1228 69 28 grund
381 1228 24 22 af
418 1230 33 20 att
467 1228 45 22 deri
526 1228 113 28 upptagits
662 1228 102 28 antingen
784 1228 33 22 för
835 1229 48 21 litet
901 1229 58 21 antal
972 1229 44 22 val-

184 1259 50 19 män
258 1257 53 22 eller
333 1257 66 22 också
422 1263 110 21 personer,
556 1263 47 15 som
626 1257 103 27 återtagit
750 1257 47 21 sina
811 1258 102 26 polletter
928 1258 39 22 och
982 1258 34 22 så-

185 1286 66 21 lunda
266 1286 48 22 icke
329 1292 52 16 vore
397 1286 139 22 medlemmar
552 1285 23 22 af
589 1286 94 22 ståndet.

255 1315 47 21 Och
317 1315 57 21 hade
389 1314 92 22 nämnde
496 1315 35 21 val
546 1314 33 22 till
595 1314 109 22 elektorer
720 1314 83 22 utfallit
817 1315 91 22 sålunda
922 1317 33 20 att
970 1316 46 22 der-

186 1344 35 21 vid
238 1344 27 22 de
280 1344 65 22 flesta
359 1345 102 20 rösterna
475 1343 98 21 tillfallit:

212 1372 41 21 N:o
284 1375 33 19 20.
348 1372 99 22 Friherre
465 1372 67 27 Boije,
553 1372 61 21 Hans
631 1371 79 22 Gustaf
744 1389 5 4 .
781 1389 4 4 .
817 1389 4 4 .
853 1374 26 19 75
894 1374 76 21 röster.

212 1401 41 21 N:o
299 1403 19 19 2
348 1401 100 21 Friherre
463 1401 85 26 Wrede,
565 1400 82 22 Henrik
661 1401 88 26 August
784 1418 4 4 .
819 1418 4 4 .
855 1403 27 20 7%4
922 1418 10 10 ,

211 1430 42 21 N:o
298 1432 20 19 9.
347 1430 56 21 Frih
420 1435 42 16 von
470 1414 115 46 Knorring,
598 1429 66 22 fullm.
674 1429 100 22 Friherre
782 1435 41 16 von

395 1458 65 26 Troil,
477 1458 87 22 Samuel
579 1458 91 21 Werner
710 1474 4 5 .
747 1475 4 4 .
784 1475 4 4 .
819 1474 5 5 .
856 1460 26 20 74
923 1476 9 9 ,

211 1487 42 21 N:o
271 1489 47 20 134.
348 1487 154 28 Montgomery,
520 1487 83 22 Robert
617 1487 86 28 August
747 1503 4 4 .
784 1504 4 4 .
819 1505 5 4 .
855 1489 27 20 73
923 1504 9 10 ,

212 1515 41 22 N:o
271 1517 46 20 105.
349 1516 130 27 Lagerborg,
496 1516 85 21 Robert
596 1515 50 22 Olof
674 1533 4 4 .
711 1533 3 4 .
747 1533 4 3 .
784 1533 4 3 .
821 1533 3 4 .
856 1518 26 20 712
923 1533 9 10 ,

212 1544 41 21 N:o
269 1547 49 20 227.
349 1545 109 26 Forsman,
475 1545 51 21 Karl
542 1545 90 21 Fredrik
675 1562 4 4 .
710 1562 5 4 .
748 1561 5 4 .
784 1561 5 4 .
820 1561 3 4 .
855 1547 25 19 7
923 1561 9 10 ,
