1109 1748
404 116 40 17 Den
460 114 11 17 9
488 115 94 18 Februari.
858 116 28 19 43

86 179 121 28 fördelning
223 178 22 22 af
258 179 108 21 ärendena
380 179 29 27 på
425 178 56 21 olika
497 178 138 29 landtdagar,
645 180 33 20 att
693 178 48 22 icke
756 178 72 22 alltför
839 181 77 26 många

88 208 22 22 af
130 210 70 21 större
222 207 45 27 vigt
289 207 40 21 och
353 207 128 27 omfattning
500 206 94 24 behöfde
614 208 36 22 vid
671 214 81 14 samma
768 208 148 23 ständermöte

87 238 132 22 förekomma
241 238 57 20 samt
317 237 217 26 representanternas
554 237 32 21 tid
607 237 39 21 och
662 236 133 22 arbetskraft
810 237 104 27 splittras.

88 266 46 22 Och
157 266 102 26 slutligen
281 264 70 22 skulle
373 265 122 21 Ständerna
516 264 79 23 befrias
615 266 47 21 från
680 265 188 27 nödvändigheten
884 268 32 20 att

88 297 50 26 taga
158 294 120 26 befattning
298 294 49 21 med
366 293 123 27 lagförslag,
510 294 91 22 rörande
621 294 73 22 hvilka
709 300 26 15 en
750 294 166 28 fullständigare

87 324 118 26 beredning
223 323 90 27 ansåges
329 322 108 22 önskvärd
453 322 40 21 och
511 322 45 22 deri
572 323 101 27 åtgärder
687 322 34 22 väl
737 322 72 22 kunde
825 323 45 22 tåla
884 325 32 20 ett

88 352 95 28 uppskof
196 352 23 22 af
231 352 36 22 två
282 351 52 22 eller
349 353 33 19 tre
398 352 30 25 år,
444 357 49 15 men
510 351 48 22 icke
574 352 23 21 af
610 353 33 20 ett
658 351 55 22 halft
728 352 133 22 decennium.

156 382 33 21 En
211 380 124 27 förändring
358 380 23 21 af
398 380 283 27 landtdagsperiodiciteten
701 380 28 28 på
744 380 62 22 ofvan
822 381 94 28 antydda

88 412 44 20 sätt
150 410 71 22 skulle
236 409 67 27 enligt
317 410 44 20 min
376 408 66 22 tanke
458 409 78 21 endast
552 409 145 27 ofullkomligt
711 409 86 22 komma
813 412 31 20 att
860 412 55 19 mot-

89 446 63 15 svara
171 438 38 22 det
228 438 87 22 dermed
330 437 98 28 åsyftade
443 438 107 26 ändamål,
567 444 34 16 om
616 438 48 22 icke
680 438 69 22 tillika
763 438 34 22 för
811 439 27 21 de
853 439 63 21 valda

89 468 92 22 stånden
201 467 42 21 den
261 466 118 28 anordning
393 466 98 27 vidtoges
508 468 33 20 att
556 467 208 27 landtdagsmännen
779 468 90 27 utsåges
883 468 33 22 för

89 498 36 20 två
148 496 51 22 eller
221 498 34 19 tre
271 496 162 21 ständermöten
448 495 6 21 i
469 496 84 21 sender.
584 496 39 21 Att
643 502 27 16 en
686 496 83 27 onödig,
786 496 129 23 tidsödande

90 526 39 21 och
153 526 97 21 kostsam
273 524 91 28 omgång
379 524 125 27 derigenom
520 524 71 22 skulle
609 524 111 27 undvikas,
737 526 64 26 utgör
815 526 49 22 icke
880 526 36 21 det

90 554 55 22 enda
160 554 53 22 eller
228 553 116 27 afgörande
360 553 71 21 skälet
447 553 32 21 till
496 560 27 14 en
534 553 59 27 dylik
603 554 124 26 anordning,
739 554 92 27 hvilken,
844 555 71 21 såsom

89 584 68 21 kändt
179 585 29 24 är,
225 582 116 22 innefattar
356 583 33 21 ett
404 582 77 27 vigtigt
495 584 97 20 moment
606 582 7 22 i
629 583 100 21 nutidens
745 584 171 25 representativa

90 614 86 25 system.
207 612 43 21 Det
267 611 98 26 betingas
381 610 6 21 i
403 611 76 21 länder
495 610 39 22 der
549 618 26 15 en
592 612 70 21 större
677 611 130 27 befogenhet
822 614 24 19 är
861 612 54 21 folk-

89 640 200 28 representationen
309 639 115 22 tillerkänd
443 639 22 22 af
483 639 80 28 många
582 639 190 28 omständigheter,
789 640 73 22 hvilka
876 641 39 21 hos

90 676 35 15 oss
141 669 48 22 icke
205 675 40 21 ega
260 675 82 15 samma
356 668 119 28 betydelse.
506 669 51 21 Men
573 668 27 22 de
615 669 116 26 vigtigaste
747 669 75 22 skälen
838 669 77 27 derför,

89 705 47 15 som
151 701 37 18 äro
204 700 33 19 att
252 698 23 21 åt
289 697 212 28 representationens
517 697 102 28 åtgärder
634 697 58 28 gifva
707 698 152 27 sammanhang
874 698 40 21 och

88 727 157 28 följdriktighet
260 728 56 20 samt
330 726 117 27 förebygga
462 732 26 15 en
505 726 84 27 skadlig
605 726 140 28 ombytlighet
758 727 7 21 i
776 727 140 27 grundsatser

90 756 109 22 äfvensom
215 757 33 20 att
262 755 84 22 utbilda
360 755 27 22 de
397 755 33 22 för
440 755 203 27 lagstiftarekallets
655 755 98 28 utöfning
762 755 80 28 nödiga
852 762 64 21 egen-

89 785 86 28 skaper,
194 785 62 21 torde
276 784 48 21 icke
343 784 68 21 sakni
427 783 154 28 tillämplighet
596 784 63 22 äfven
673 785 8 20 i
696 785 51 21 våra
762 784 154 23 förhållanden.

89 814 32 21 En
144 813 124 28 förändring
291 813 22 21 af
333 815 13 20 2
369 813 34 27 $i
421 813 17 21 L
466 813 33 26 O.,
519 819 47 16 som
581 813 103 22 innebure
699 813 88 27 lagtima
802 813 114 28 landtdags

89 842 201 22 sammanträdande
312 841 63 22 hvart
389 841 71 28 tredje
479 841 53 22 eller
551 842 64 21 hvart
633 844 67 19 annat
719 843 30 26 år,
770 849 63 21 synes
853 843 64 21 alltså

89 872 53 22 böra
165 871 85 23 förenas
273 871 50 21 med
343 872 32 20 ett
393 871 77 27 tillägg
487 871 8 21 i
513 871 92 22 nämnde
621 871 104 27 grundlag
741 871 22 21 af
776 871 93 23 innehåll
884 873 33 20 att

88 901 62 21 valen
173 901 57 21 inom
252 900 93 26 Preste-,
365 900 106 26 Borgare-
492 900 40 22 och
552 900 169 22 Bondestånden
741 900 69 22 skulle
829 901 39 21 ske
883 900 33 22 för

88 936 58 21 resp.
170 930 37 21 två
226 929 52 22 eller
296 931 33 19 tre
347 928 136 28 landtdagar,
500 928 72 22 såvidt
587 930 18 26 ej
622 929 33 22 för
671 930 123 21 ersättande
810 929 21 21 af
844 930 72 21 landt-

89 959 109 27 dagsman,
217 958 85 22 hvilken
317 958 29 27 på
360 958 50 26 laga
426 958 48 21 skäl
491 958 18 27 ej
525 958 42 21 kan
585 958 39 22 sitt
638 958 43 22 kall
696 958 80 27 utöfva,
790 958 125 28 fyllnadsval

88 987 103 22 behöfver
205 987 108 22 förrättas.

156 1016 129 21 Afhållande
305 1015 44 27 mig
364 1014 46 22 från
427 1016 33 20 att
475 1015 51 27 ingå
541 1016 32 21 uti
589 1017 84 20 ämnets
689 1016 147 22 enskildheter
850 1016 66 26 vågar

86 1046 38 26 jag
139 1045 66 21 alltså
219 1045 29 27 på
263 1044 69 27 grund
347 1043 24 22 af
384 1044 38 21 det
435 1044 91 22 anförda
540 1044 81 22 föreslå
636 1051 27 15 en
678 1045 133 27 underdånig
825 1045 90 27 petition

89 1074 80 26 derom,
185 1075 34 20 att
237 1073 59 21 Hans
315 1072 104 28 Majestät
433 1073 107 27 Kejsaren
557 1073 40 22 och
613 1073 134 22 Storfursten
762 1074 7 20 i
785 1074 68 21 nåder
867 1074 49 21 ville

88 1104 52 26 taga
161 1103 38 21 det
221 1102 83 22 Honom
322 1101 85 28 jemlikt
425 1103 25 20 71
473 1102 10 28 &
504 1102 24 21 L.
545 1102 25 22 O.
586 1102 134 22 förbehållna
734 1102 93 22 initiativ
842 1102 32 21 till
890 1109 26 15 en

89 1132 123 26 förändring
227 1130 23 22 af
262 1130 92 22 nämnde
369 1130 36 27 lag
420 1131 7 21 i
443 1131 37 21 det
495 1130 56 28 syfte
565 1131 38 27 jag
618 1131 108 22 ofvanföre
737 1131 46 21 haft
793 1133 52 19 äran
852 1130 64 22 fram-

89 1160 71 22 ställa.
192 1160 45 22 Och
256 1160 80 21 tillåter
353 1159 37 27 jag
409 1160 43 26 mig
470 1162 83 19 emotse
569 1162 33 20 att
617 1160 71 22 denna
702 1160 43 21 min
760 1160 156 27 framställning

88 1190 8 20 i
112 1189 102 22 afseende
229 1189 13 21 å
257 1188 41 22 den
313 1190 98 20 närmare
427 1188 141 28 ompröfning,
585 1195 47 15 som
648 1189 42 21 den
705 1189 80 27 vigtiga
794 1188 74 28 frågan
879 1190 37 26 på-

89 1218 76 26 kallar,
187 1218 141 21 öfverlemnas
344 1216 32 22 till
392 1217 163 27 Lagutskottet,
571 1218 84 21 hvilket
669 1218 48 21 icke
733 1218 57 21 lärer
804 1218 113 22 underlåta

90 1248 33 20 att
142 1247 7 21 i
166 1246 212 22 öfverenstämmelse
392 1246 49 22 med
457 1248 27 20 54
501 1246 11 28 &
528 1246 23 22 L.
569 1246 24 22 O.
610 1246 33 22 till
658 1246 101 28 samtliga
774 1246 92 22 Ständer
881 1249 35 19 ut-

90 1276 49 22 dela
158 1276 50 21 dess
229 1275 138 22 betänkande
382 1275 40 21 och
439 1274 87 28 förslag,
543 1275 110 22 hvarefter
668 1274 80 22 erfaras
764 1275 32 22 får
811 1276 106 21 huruvida

91 1305 122 21 Ständerna
227 1304 72 22 kunna
313 1303 74 22 förena
403 1304 33 27 sig
451 1310 35 16 om
503 1310 25 16 en
544 1304 93 27 petition
651 1304 8 22 i
675 1306 77 20 ämnet.

497 1344 136 27 Helsingfors
650 1344 41 22 den
707 1346 12 20 6
735 1344 103 22 Februari
855 1346 61 20 1877.

601 1384 79 21 Robert
695 1384 152 27 Montgomery.

159 1447 60 22 Härä
239 1447 85 28 yttrade
346 1447 50 21 herr
415 1453 51 14 von
487 1447 124 22 Alfthan:
631 1447 44 22 Det
689 1447 56 21 hade
761 1447 157 26 otvifvelaktigt

90 1477 55 21 varit
160 1476 123 27 lyckligare,
300 1483 34 14 om
348 1476 32 21 uti
396 1475 41 21 den
453 1482 41 21 nya
509 1476 248 27 Landtdagsordningen
772 1476 40 21 den
823 1476 93 21 bestäm-

90 1506 50 26 ning
158 1507 77 25 genast
255 1505 56 21 hade
330 1505 75 26 ingätt,
423 1505 32 20 att
470 1505 104 26 landtdag
589 1505 70 21 skulle
675 1505 165 21 sammankallas
855 1504 63 22 hvart

90 1534 68 27 tredje
181 1534 6 21 i
211 1533 74 22 stället
307 1533 33 22 för
359 1533 62 21 hvart
441 1533 66 22 femte
528 1534 33 26 är;
577 1539 49 16 man
642 1534 55 22 hade
713 1533 27 22 dä
755 1533 47 23 icke
818 1533 24 23 sä
858 1535 59 21 snart
