1109 1748
390 128 41 19 Den
449 127 24 19 13
489 129 95 19 Februari,
855 129 27 20 87

154 216 113 30 Tisdagen
283 218 42 24 den
343 220 22 22 13
382 220 108 23 Februarl
508 220 96 24 klockan
621 220 14 24 Il
652 219 52 23 före
721 220 125 28 middagen.

154 263 71 22 Sedan
241 264 32 21 till
285 264 108 29 justering
409 266 100 27 upplästs
525 266 40 22 och
580 268 53 20 utan
648 266 140 26 anmärkning
803 266 106 27 godkänts

84 292 199 28 protokollsutdrag
306 293 58 23 öfver
387 295 26 21 de
436 294 23 22 af
480 295 89 21 ständet
587 295 35 21 vid
638 295 187 21 sammanträdena
840 295 41 21 den
896 297 12 19 9

86 320 39 21 och
151 322 26 20 10
193 320 79 22 dennes
288 321 82 23 fattade
385 323 80 25 beslut,
482 324 143 26 tillkännagaf
637 324 50 21 herr
702 324 207 21 Landtmarskalken

84 350 34 20 att
132 349 78 27 pollett
224 350 69 21 blifvit
308 352 112 21 äterställd
435 352 33 21 för
483 352 74 27 adliga
569 354 60 20 ätten
639 353 41 21 N:o
693 354 40 20 152
743 352 165 28 Langenskiöld,

84 377 23 21 af
120 378 50 21 herr
184 378 165 29 Langenskiöld,
365 380 54 22 Lars
435 381 84 21 Henrik
536 381 82 22 Gustaf.
719 382 2 2 |

154 476 55 22 Från
229 478 139 22 medständen
389 479 55 22 hade
464 479 94 27 följande
573 479 198 27 protokollsutdrag
786 480 121 22 inkommit:

154 505 55 22 Frän
225 506 183 28 Borgareständet
423 508 23 21 af
460 508 41 22 den
518 510 12 20 9
548 508 86 26 dennes,
650 508 147 27 meddelande,

153 536 33 20 att
209 542 26 14 en
251 535 22 22 af
287 536 49 22 herr
351 536 96 28 Ignatius
463 537 109 21 inlemnad
587 537 91 27 petition
693 543 35 15 om
743 537 76 27 bidrag
834 537 22 21 af
870 537 37 21 all-

83 564 79 20 männa
183 564 70 22 medel
275 564 33 22 för
330 566 41 20 den
386 566 7 20 i
411 565 137 27 Helsingfors
572 566 48 21 stad
642 565 23 22 af
685 566 97 22 enskilda
797 566 110 26 grundade

84 591 69 22 finska
172 592 67 28 högre
255 593 201 28 elementarskolan,
471 594 72 22 blifvit
558 594 125 22 remitterad
699 594 32 22 till
747 594 111 22 Allmänna
865 595 41 21 Be-

84 621 175 27 svärsutskottet,

152 651 33 20 att
207 650 49 22 herr
278 651 96 27 Ignatius
395 652 141 27 petitionerat
548 652 80 27 jemväl
644 659 34 14 om
693 651 129 28 vidtagande
838 651 22 22 af
873 652 32 21 ät-

83 678 53 27 gärd
158 678 32 21 till
213 685 25 16 en
262 679 233 24 öfverensstämmande
518 681 107 27 reglering
640 680 22 22 af
675 681 85 21 landets
776 681 129 26 indelning
892 674 17 38 i

84 707 171 28 administrativt,
270 709 99 27 judicielt
384 709 39 22 och
440 710 151 21 ecklesiastikt
606 709 107 27 afseende,
725 711 56 20 samt
792 711 33 20 att
836 710 70 21 denna

83 736 91 27 petition
189 737 68 22 blifvit
272 737 124 23 remitterad
411 739 32 21 till
459 739 222 26 Ekonomiutskottet,

153 766 32 21 att
208 772 26 15 en
257 766 23 21 af
292 766 50 22 herr
357 767 33 21 Ek
405 767 108 22 inlemnad
528 768 98 27 petition,
643 767 109 28 angäende
768 767 136 22 likställande

84 793 22 22 af
119 793 200 28 lärarepersonalen
334 796 35 21 vid
385 795 148 23 folkskolorna
548 796 7 21 i
571 797 107 22 städerna,
693 796 7 21 i
712 795 101 23 afseende
824 796 13 21 å
846 796 58 21 löne-

82 822 121 28 förhöjning
225 824 40 21 och
286 825 211 26 pensionsförmäner
520 825 50 22 med
591 825 70 22 lärare
681 825 40 21 och
735 825 119 21 lärarinnor
869 825 35 21 vid

82 850 146 24 folkskolorna
250 853 28 27 pä
295 853 80 28 landet,
390 854 70 22 blifvit
474 854 127 22 remitterad
620 854 32 22 till
671 854 113 22 Allmänna
801 853 103 23 Besvärs-

82 880 114 28 utskottet,

150 911 33 20 att
201 917 26 15 en
241 911 91 27 petition
347 911 23 22 af
383 912 50 22 herr
447 912 40 26 Ek,
504 912 112 26 angäende
631 912 104 26 rättighet
744 911 33 21 för
786 911 69 21 lärare
864 910 40 22 och

80 938 119 22 lärarinnor
217 939 36 22 vid
273 940 144 27 privatskolor
432 942 33 20 att
479 941 37 21 vid
532 940 141 28 öfvergäende
689 940 32 22 till
737 940 124 27 statstjenst
882 939 22 33 få

80 966 159 28 tillgodoräkna
262 968 32 27 sig
316 968 129 28 föregående
461 970 106 27 tjensteär
582 970 7 21 i
604 969 101 22 afseende
721 969 12 21 å
749 968 154 32 delaktighet
891 962 15 42 i

80 996 223 23 ecklesiastikstatens
327 998 64 22 enke-
412 999 40 21 och
475 998 141 28 pupillkassa,
633 998 69 22 blifvit
724 998 125 22 remitterad
871 996 32 22 till

80 1024 112 22 Allmänna
206 1026 206 28 Besvärsutskottet,
859 1054 3 4 N

149 1055 32 20 att
197 1060 26 16 en
238 1055 90 27 petition
344 1056 23 21 af
379 1056 50 22 herr
444 1056 114 22 Wendelin
574 1062 34 16 om
624 1055 130 28 utvidgande
765 1055 23 21 af
795 1055 107 31 Kristine-

80 1082 61 22 stads
162 1083 133 28 tväklassiga
316 1085 107 22 realskola
445 1085 34 21 till
501 1084 122 29 fyrklassig,
639 1085 69 22 blifvit
727 1083 125 23 remitterad
870 1083 32 21 till

79 1111 112 22 Allmänna
206 1112 208 28 Besvärsutskottet,
872 1141 4 3 N

149 1142 32 20 att
205 1141 50 22 herr
277 1142 130 28 Helsingius'
427 1143 33 21 till
482 1142 88 22 ständet
597 1142 81 28 ingifna
700 1142 91 27 petition
813 1147 34 15 om
870 1147 31 14 in-

79 1170 100 21 rättande
197 1170 7 21 i
219 1170 134 22 Tavastehus
370 1171 51 22 eller
437 1171 144 22 Tammerfors
597 1171 23 22 af
633 1178 27 15 en
675 1171 59 27 lägre
749 1169 153 23 industriskola

79 1198 49 21 med
142 1198 71 22 finska
227 1199 32 21 till
274 1200 240 28 undervisningsspräk,
529 1200 70 23 blifvit
614 1200 125 22 remitterad
750 1199 31 21 till
792 1198 110 22 Allmänna

78 1226 207 29 Besvärsutskottet,

147 1257 32 20 att
201 1256 50 22 herr
273 1256 123 23 Molanders
419 1258 93 28 petition
527 1264 35 16 om
577 1258 130 27 utvidgande
723 1257 22 21 af
758 1256 144 32 Björneborgs

77 1284 128 28 fyrklassiga
219 1286 83 27 lyceum
317 1286 34 22 till
367 1288 32 20 ett
419 1287 128 27 sjuklassigt
563 1287 72 28 dylikt,
651 1286 69 22 blifvit
735 1286 124 22 remitterad
870 1284 32 22 till

78 1313 113 22 Allmänna
206 1314 207 28 Besvärsutskottet,

148 1344 33 20 att
201 1349 26 15 en
242 1343 23 22 af
277 1344 76 22 herrar
368 1344 108 27 Törnudd,
492 1344 115 27 Lindberg,
623 1344 124 27 Helsingius
764 1343 39 22 och
818 1343 34 21 Ek
866 1349 36 26 ge-

79 1372 105 20 mensamt
199 1371 108 23 inlemnad
324 1373 93 27 petition
433 1373 80 27 derom,
529 1375 34 20 att
577 1371 325 32 ingvarteringskostnaderna
888 1367 18 40 i

78 1399 74 22 landet
174 1401 67 21 mätte
264 1401 86 27 päföras
371 1401 75 22 landet
461 1402 7 22 i
484 1403 50 21 dess
548 1402 81 27 helhet,
645 1401 70 22 blifvit
730 1399 125 23 remitterad
870 1399 32 22 till

78 1427 219 30 Ekonomiutskottet,

148 1459 33 20 att
197 1458 50 22 herr
260 1459 109 22 Ahlström
383 1459 84 27 ingifvit
482 1466 27 15 en
523 1459 92 28 petition
631 1466 35 15 om
682 1459 77 26 åtgärd
775 1457 87 26 derhän,
871 1458 33 31 att

80 1485 73 28 hvarje
169 1487 163 22 landskommun
348 1487 133 23 förklarades
498 1488 84 29 skyldig
605 1489 33 21 att
653 1489 57 21 inom
725 1487 39 21 sitt
775 1485 86 23 omräde
871 1492 31 27 in-

77 1516 58 20 rätta
151 1515 129 23 åtminstone
296 1523 25 16 en
337 1517 66 26 högre
419 1517 114 26 folkskola,
549 1518 58 20 samt
621 1519 34 22 att
670 1518 69 21 denna
753 1516 92 29 petition
855 1515 47 23 blif-

76 1543 32 22 vit
123 1544 126 23 remitterad
264 1545 33 22 till
311 1545 113 22 Allmänna
439 1546 209 27 Besvärsutskottet,
