1109 1748
224 106 43 21 298
534 108 39 18 Den
589 107 26 18 23
632 108 53 18 Mars.

195 170 69 22 andra
283 170 84 22 förenat
387 170 38 28 sig.
456 170 80 22 Derest
554 177 49 15 man
620 170 69 22 skulle
705 170 79 22 förfara
799 171 7 21 i
820 171 68 22 saken
904 170 70 22 såsom
991 173 33 19 ut-

195 200 96 22 skottets
311 199 138 23 betänkande
465 198 126 28 innehåller,
609 200 25 21 så
647 200 69 27 ligger
731 199 42 21 den
790 200 167 26 anmärkningen
973 201 53 20 nära

195 228 111 27 tillhands,
323 230 32 20 att
370 234 35 16 om
420 228 48 22 icke
485 229 86 20 snarast
586 228 102 28 möjligen
704 228 68 27 derpå
786 228 66 28 följde
864 230 32 20 ett
906 228 119 28 aflyftande

195 257 23 22 af
239 257 28 22 all
292 257 133 27 qvarnskatt,
442 256 25 22 så
485 256 40 22 har
544 263 51 15 man
615 257 106 22 etablerat
737 263 27 15 en
781 257 111 27 uppenbar
908 257 116 27 orättvisa;

195 292 49 16 man
260 286 39 21 har
314 286 95 21 minskat
423 285 124 22 inkomsten
562 285 33 22 för
611 286 28 22 de
654 286 49 22 med
717 285 29 22 fix
762 286 59 21 skatt
831 286 119 22 besvärade
962 292 62 21 qvar-

194 321 75 19 narne,
285 321 49 15 men
349 315 48 21 icke
412 314 95 21 minskat
522 314 87 22 skatten
624 314 33 22 för
673 314 116 22 desamma.
821 314 40 22 Om
877 316 47 20 åter
935 315 40 21 den
986 314 38 22 nå-

195 344 51 27 diga
268 344 163 26 propositionen
455 342 132 28 godkännes,
604 344 26 21 så
651 343 40 22 har
712 350 50 14 man
784 344 81 21 uttalat
887 344 33 27 sig
942 343 32 22 för
998 350 26 15 en

195 372 81 27 ökning
291 372 23 21 af
328 372 70 22 denna
414 372 71 21 skatts
500 378 95 21 proveny
611 372 49 22 med
676 372 120 22 detsamma
806 379 50 15 man
866 372 58 22 velat
935 372 89 22 omfatta

193 401 52 21 idén
265 407 34 15 om
316 400 70 22 denna
402 400 71 22 skatts
488 400 134 28 fullkomliga
637 400 126 29 aflyftande.
794 401 11 21 1
820 401 75 28 sjelfva
910 402 75 21 verket
1000 403 24 19 är

194 430 68 21 ocksä
284 430 49 21 hela
357 430 61 21 detta
437 431 81 26 system
538 432 34 19 att
589 430 94 27 pälägga
697 430 28 21 fix
741 430 60 21 skatt
815 430 59 28 uppä
888 430 136 22 industriella

193 458 144 28 inrättningar
353 458 23 22 af
390 458 60 22 detta
465 458 49 27 slag
528 458 90 22 alldeles
633 458 170 28 principvidrigt.
834 459 44 21 Det
895 461 23 19 är
930 460 31 20 ett
972 459 51 27 jem-

193 487 112 22 förelsevis
321 487 132 27 begränsadt
468 487 252 28 produktionsgvantum,
737 494 48 15 som
799 487 34 22 för
848 488 70 22 denna
931 488 92 21 industri

194 518 24 20 är
233 516 90 28 möjligt.
354 516 172 22 Konsumtionen
541 516 48 22 utaf
602 517 51 27 mjöl
669 517 40 21 och
719 523 78 21 gryner
808 516 68 28 stiger
886 517 48 21 icke
944 516 78 27 derför,

194 547 33 20 att
249 552 42 21 nya
314 552 91 20 gvarnar
420 546 110 26 anläggas,
544 545 41 22 och
600 552 41 21 nya
657 552 92 20 gvarnar
764 545 102 27 anläggas
881 546 49 22 icke
946 546 78 21 endast

194 575 49 21 med
258 574 83 28 hänsyn
357 574 33 22 till
406 574 41 22 den
463 574 96 27 stegring
575 574 6 22 i
596 575 145 26 konsumtion,
758 580 47 16 som
821 580 51 22 eger
882 581 58 20 rum;
956 575 67 21 sädan

194 603 131 26 anläggning
340 604 51 21 sker
407 602 45 22 ofta
468 603 89 21 emedan
573 603 37 21 det
620 603 68 22 finnes
699 603 103 27 lämpliga
813 604 147 26 gvarnställen
970 604 52 21 eller

195 632 90 21 emedan
306 632 37 21 det
361 632 67 21 finnes
444 637 111 22 personer,
572 638 46 15 som
633 632 50 27 vilja
699 631 32 22 slä
747 631 33 28 sig
795 632 28 27 pä
839 632 69 21 denna
923 632 98 21 industri.

194 660 55 22 Hela
265 661 41 21 den
323 661 70 27 gamla
408 660 165 27 uppfattningen
589 667 34 15 om
636 667 27 15 en
673 661 43 21 viss
727 661 156 27 mäldtillgång,
895 667 46 15 som
952 661 70 22 skulle

194 689 88 27 betinga
304 690 138 27 möjligheten
465 689 22 22 af
509 696 26 15 en
554 690 77 21 rättvis
651 689 121 27 fördelning
793 689 22 22 af
829 689 71 22 denna
916 690 65 26 skatt,
998 692 24 19 är

194 718 89 21 alldeles
307 718 126 27 otillämplig
453 725 96 14 numera.
581 718 76 22 Skulle
679 719 87 21 skatten
789 718 52 27 följa
864 725 157 20 gvarnegarens

194 747 96 21 inkomst
305 747 22 22 ät
343 747 41 22 och
399 747 62 22 vexla
476 747 32 21 till
524 747 39 21 sitt
577 747 78 27 belopp
671 747 49 22 med
735 747 71 21 denna
821 747 101 27 inkomst,
934 747 27 22 dä
971 754 51 15 vore

194 775 135 28 naturligtvis
345 776 48 21 icke
408 776 67 27 nägot
491 776 29 21 tal
536 782 34 15 om
587 782 25 16 en
628 776 99 21 bestämd
743 776 41 21 och
795 776 111 27 uppenbar
917 776 104 21 orättvisa

193 804 110 27 befogadt.
335 805 76 22 Säsom
428 805 69 21 denna
513 805 60 21 skatt
586 811 29 15 nu
631 807 23 19 är
669 805 76 26 fattad,
763 805 72 21 säsom
846 804 28 22 fix
884 805 136 27 grundskatt,

193 840 48 15 som
257 833 88 27 älägges
362 841 26 14 en
404 834 56 27 gäng
475 833 33 22 för
524 834 42 21 alla
581 833 40 22 och
636 833 100 22 hvilande
752 834 29 26 pä
796 833 41 22 den
848 833 96 22 särdeles
956 840 66 21 svaga

193 862 140 27 grundvalen,
350 864 33 20 att
405 863 232 27 förrättningsmännen
661 863 62 21 skola
745 863 73 21 kunna
840 862 82 23 förutse
941 863 80 21 medel-

193 891 104 27 beloppet
320 891 23 22 af
364 892 92 21 trafiken
477 891 33 22 för
529 898 101 21 gvarnen,
646 892 69 21 mäste
731 893 53 20 utan
799 891 73 22 tvifvel
889 892 37 21 det
941 892 79 21 önskli-

193 922 62 25 gaste
270 927 58 20 vara,
345 922 32 20 att
393 921 87 21 skatten
495 920 95 28 aflyftas.
621 920 41 22 Vid
678 921 78 21 sädant
769 920 140 27 förhällande,
920 922 39 20 när
972 927 49 15 man

193 949 102 21 omfattar
313 949 71 22 denna
404 950 114 27 synpunkt,
534 950 43 20 kan
593 950 36 21 det
644 950 47 21 icke
707 956 52 15 vara
775 950 65 20 annat
857 951 27 19 än
899 949 121 27 glädjande,

193 979 33 20 att
241 978 54 22 höra
310 978 81 22 sädana
407 978 81 28 äsigter
503 978 7 21 i
526 978 66 22 saken
607 978 87 27 uttalas,
711 985 47 15 som
773 978 27 22 de
816 980 78 20 tvenne
910 978 66 22 ärade
987 984 33 16 se-

192 1008 63 20 naste
276 1007 101 27 talarnes,
395 1008 40 21 och
455 1007 33 22 för
503 1007 43 21 min
563 1007 34 22 del
612 1008 42 20 kan
667 1007 39 27 jag
721 1008 7 20 i
745 1007 70 21 denna
829 1006 61 28 fräga
905 1007 47 22 icke
967 1007 54 27 hysa

192 1036 71 26 nägon
283 1036 79 21 tvekan
381 1038 33 20 att
429 1036 72 22 säsom
517 1036 90 21 främsta
621 1036 73 22 beslut
708 1036 7 21 i
731 1036 68 22 saken
814 1035 87 22 förorda
916 1037 32 21 ett
963 1038 57 20 utta-

191 1064 66 22 lande
272 1064 47 22 från
336 1066 117 21 ständerna
468 1065 89 26 derhän,
573 1066 33 20 att
617 1065 156 27 gvarnskatten
783 1064 68 22 borde
862 1064 93 28 aflyftas.
980 1065 40 21 Om

193 1094 61 21 detta
273 1093 70 23 blefve
363 1094 128 22 ständernas
513 1094 78 26 beslut,
607 1094 26 22 sä
652 1096 23 19 är
691 1094 37 22 det
744 1093 120 22 emellertid
878 1094 48 21 icke
942 1095 32 20 ett
989 1094 31 21 di-

192 1122 50 22 rekt
265 1128 50 16 svar
336 1123 29 27 pä
387 1123 42 21 den
446 1123 78 27 nädiga
539 1123 164 27 propositionen
719 1122 41 22 och
776 1122 28 22 dä
818 1122 82 22 lemnas
916 1129 27 15 en
958 1122 22 22 af
994 1122 27 22 de

192 1151 78 27 frägor,
287 1157 47 16 som
351 1153 54 20 1872
422 1152 34 21 ärs
473 1152 89 21 ständer
577 1152 76 22 berört
669 1152 40 22 och
725 1158 46 15 som
787 1153 38 19 äro
840 1151 90 22 föremäl
940 1151 33 21 för
982 1151 38 21 nä-

185 1180 58 27 -diga
258 1180 167 27 propositionen,
443 1181 31 21 till
489 1180 116 22 framtiden
620 1181 63 27 olöst,
699 1183 53 19 utan
763 1180 112 27 reglering.
898 1180 44 22 Det
952 1179 68 23 finnes

193 1208 28 22 dä
240 1208 48 22 icke
308 1210 69 21 under
395 1210 42 21 den
451 1209 38 27 tid,
507 1216 47 15 som
569 1208 95 29 förflyter
679 1210 33 21 till
728 1210 51 20 dess
795 1209 86 21 skatten
897 1209 43 21 kan
954 1209 67 21 varda

193 1237 98 28 aflyftad,
315 1238 66 27 nägot
403 1238 68 22 vilkor
491 1238 122 22 etableradt
631 1238 33 22 för
683 1238 130 27 anläggning
829 1237 23 22 af
865 1244 91 20 gvarnar
971 1237 49 22 med

193 1272 70 16 annan
286 1266 101 22 drifkraft
409 1270 27 18 än
458 1269 80 25 vatten,
554 1267 19 27 ej
595 1267 68 22 heller
682 1268 7 20 i
709 1266 87 22 hvilken
815 1266 205 28 skattskyldighets-

193 1295 103 27 ställning
319 1296 64 21 dessa
406 1302 41 21 nya
470 1302 91 20 gvarnar
579 1296 62 22 skola
661 1296 40 22 stä.
731 1296 44 21 Det
795 1302 63 21 synes
879 1295 76 26 derför,
975 1301 46 16 som

193 1323 62 23 äfven
272 1324 32 21 uti
321 1324 71 22 denna
407 1325 34 21 del
457 1324 22 22 af
492 1324 77 28 frägan
585 1326 32 20 ett
631 1325 73 21 beslut
719 1324 22 22 af
755 1324 119 22 ständerna
888 1330 50 16 vore
954 1323 66 23 erfor-

194 1352 87 27 derligt;
299 1353 40 21 och
354 1353 49 22 ville
416 1354 38 27 jag
470 1354 70 21 deruti
555 1356 55 19 nära
626 1354 87 21 ansluta
727 1353 44 26 mig
787 1353 33 21 till
830 1353 50 21 herr
891 1359 41 16 von
942 1353 78 21 Haart-

193 1387 60 16 mans
275 1381 87 28 förslag,
379 1382 106 27 nemligen
506 1382 97 27 sälunda,
618 1384 33 20 att
666 1382 91 22 ärendet
772 1381 70 22 skulle
858 1381 32 22 till
905 1381 115 22 Ekonomi-

193 1410 109 21 utskottet
318 1410 169 23 äterremitteras
501 1411 8 21 i
524 1411 55 27 syfte
595 1413 33 20 att
643 1411 48 22 icke
706 1410 84 22 mindre
805 1409 79 28 afgifva
897 1410 81 27 förslag
988 1410 32 21 till

193 1439 134 28 underdänig
342 1439 157 28 framställning
515 1446 33 15 om
565 1440 165 27 gvarnskattens
747 1439 128 28 aflyftande,
892 1441 27 20 än
935 1439 41 22 ock
986 1440 34 20 ut-

192 1467 88 22 lätande
296 1474 41 21 om,
353 1469 72 21 hvilka
440 1469 152 27 provisionella
607 1469 133 27 stadganden
755 1468 105 22 särskildt
874 1468 49 21 med
938 1467 83 28 hänsyn

192 1496 34 21 till
248 1497 4 27 $
267 1499 12 19 2
295 1497 7 21 i
318 1497 79 27 nådiga
411 1497 164 27 propositionen
591 1500 36 19 äro
644 1497 140 27 erforderliga
799 1497 69 22 under
880 1497 41 21 den
932 1496 32 21 tid
974 1502 46 16 som

193 1524 78 29 förgär,
287 1526 32 21 till
341 1526 49 22 dess
411 1527 154 26 gvarnskatten
585 1527 43 21 kan
643 1526 64 23 blifva
723 1525 99 28 aflyftad,
840 1526 40 22 och
895 1526 39 21 ber
947 1525 37 28 jag
998 1525 22 23 få
