1109 1748
238 108 41 21 406
544 110 41 18 Den
604 108 24 19 10
645 108 59 25 April.

210 172 88 28 slutliga
317 172 118 28 framgång.
467 172 99 22 Orsaken
589 172 35 22 till
647 174 34 20 att
703 172 90 22 ärendet
815 172 89 22 förfallit
926 171 40 22 har
985 172 55 22 varit

210 202 207 27 meningsolikheter
438 200 92 23 emellan
549 201 108 28 styrelsen
677 201 39 22 och
737 201 116 22 ständerna
872 201 8 22 i
898 202 78 21 tvenne
991 207 48 21 spe-

212 230 63 22 ciella
297 230 100 28 punkter.
427 230 49 22 Den
495 236 40 16 ena
552 229 209 28 meningsolikheten
781 230 78 22 bestod
880 230 52 26 deri,
948 230 33 20 att
996 231 44 26 sty-

211 259 73 23 relsen
307 260 67 26 ansåg
397 259 42 21 den
461 258 22 22 af
504 260 87 21 senaste
610 259 89 21 ständer
713 258 125 28 föreslagna
851 258 97 28 lydelsen
963 257 23 23 af
998 257 42 23 för-

212 288 130 28 ordningens
359 290 10 19 1
387 287 11 28 S
413 287 103 22 innebära
532 288 32 21 ett
580 287 171 28 tillgodoseende
767 286 23 23 af
801 287 197 27 fornforskningens
1009 286 32 22 in-

211 319 85 20 tressen
319 316 56 22 ända
395 316 33 21 till
444 322 27 16 en
486 316 58 28 grad,
561 322 47 16 som
623 316 48 22 icke
686 316 73 22 kunde
773 316 87 22 förenas
875 316 50 22 med
941 316 26 22 de
982 316 7 21 i
1004 316 38 21 vår

211 345 136 28 lagstiftning
362 344 99 28 gällande
471 345 162 27 bestämningar
642 345 33 22 för
686 345 161 27 eganderätten.
873 345 35 21 Då
917 351 49 16 man
978 344 63 22 emel-

212 374 65 22 lertid
296 374 71 22 måste
387 375 85 25 antaga,
493 375 33 21 att
543 374 118 22 ständerna
677 374 61 22 äfven
753 374 14 21 å
782 374 32 21 sin
830 374 47 21 sida
892 374 74 22 städse
982 373 61 22 skola

212 410 53 15 vara
284 403 64 21 måna
363 408 34 16 om
413 403 167 27 eganderättens
595 402 72 28 helgd,
687 402 24 22 så
725 402 116 22 förefinnes
856 402 40 22 här
910 403 48 21 icke
973 402 69 27 någon

213 432 113 28 principiel
345 431 199 28 meningsdifferens
567 432 91 22 emellan
679 432 27 22 de
726 432 58 21 båda
799 432 175 26 statsmakterna,
990 433 53 20 utan

213 461 58 22 blott
293 467 27 15 en
343 460 74 27 sådan,
441 466 46 16 som
510 467 50 15 man
579 460 71 22 måste
665 461 84 27 hoppas
766 460 62 22 skola
842 460 72 22 kunna
929 460 113 28 utjemnas.

214 490 44 22 Det
272 490 40 22 bör
327 489 48 22 icke
389 496 52 15 vara
456 490 98 27 omöjligt
570 491 33 20 att
618 489 58 23 finna
691 490 167 26 bestämningar,
870 496 46 15 som
926 489 118 27 behörigen

216 518 45 23 afse
284 519 13 21 å
320 524 41 16 ena
383 518 62 22 sidan
468 518 204 27 fornforskningens,
689 519 12 21 å
717 518 68 22 andra
799 518 63 22 sidan
877 518 166 28 eganderättens

215 548 114 21 intressen.
359 548 48 20 Den
423 547 66 22 andra
504 547 209 27 meningsolikheten
728 547 77 27 angick
820 546 81 28 frågan,
918 547 35 22 vid
963 547 81 21 hvilket

215 576 69 22 forum
301 582 26 16 en
339 576 115 27 jordegare
470 582 50 21 eger
534 578 53 25 göra
603 576 94 28 anspråk
712 577 13 21 å
740 576 120 27 ersättning
873 576 33 22 för
916 576 41 22 den
968 575 77 23 förlust

216 606 43 21 han
281 605 85 21 komme
389 607 33 19 att
439 605 45 21 lida
504 605 124 27 derigenom
649 606 33 21 att
701 605 57 22 fasta
776 604 167 27 fornlemningar
962 606 82 20 ansetts

216 635 55 21 böra
285 633 111 22 orubbade
410 633 130 22 bibehållas:
557 640 34 15 om
607 634 38 21 det
658 634 40 21 bör
713 633 98 23 förblifva
825 633 36 22 vid
870 633 58 22 hvad
939 633 105 22 Senatens

218 663 261 26 ekonomiedepartement
497 663 8 21 i
525 663 67 22 saken
612 663 98 26 beslutit,
732 663 52 21 eller
802 669 35 15 om
855 663 120 26 sakegaren
995 668 51 21 eger

218 691 91 28 fullfölja
324 691 33 21 sin
372 691 59 22 talan
446 691 35 22 vid
496 691 163 23 vederbörande
675 691 98 22 domstol.
804 691 42 28 Jag
860 691 37 22 vill
912 691 48 22 icke
974 691 50 27 ingå
1039 691 7 21 i

219 721 66 26 något
305 720 134 21 bedömande
459 719 24 22 af
495 720 141 22 hvilkendera
652 720 84 27 åsigten
751 723 24 19 är
790 721 41 21 den
847 720 84 27 riktiga,
947 726 48 15 men
1008 720 38 27 jag

219 750 66 27 vågar
294 749 59 21 hålla
367 748 46 23 före
429 750 32 20 att
477 749 69 22 denna
561 749 183 28 meningsolikhet
758 749 49 22 icke
821 749 69 22 heller
905 750 23 20 är
944 749 21 22 af
980 749 67 21 sådan

220 779 51 26 vigt,
295 779 33 20 att
348 777 20 22 vi
383 777 33 22 för
431 778 51 22 dess
497 778 56 21 skull
569 778 39 22 allt
624 778 133 22 fortfarande
772 778 53 22 böra
840 784 52 15 vara
906 778 7 21 i
929 777 82 22 saknad
1026 777 23 22 af

221 813 27 16 en
266 807 41 27 lag,
329 812 45 16 som
395 807 59 22 såväl
473 807 88 22 ständer
581 813 46 16 som
647 807 91 28 styrelse
754 807 77 22 erkänt
845 813 52 15 vara
912 806 22 22 af
947 806 101 23 behofvet

221 835 106 28 påkallad,
343 837 53 20 utan
411 835 82 28 hoppas
506 836 44 27 jag,
567 838 33 19 att
615 843 49 15 man
680 835 62 23 äfven
757 836 41 21 här
812 835 50 22 med
878 836 42 27 god
933 835 51 28 vilja
993 835 55 22 skall

220 865 74 21 kunna
308 860 72 37 komma
409 865 32 21 till
457 865 191 28 samstämmighet.
679 866 43 22 Det
737 867 25 20 är
776 864 29 28 på
821 865 64 21 dessa
900 865 47 22 skäl
960 865 38 27 jag
1011 865 37 21 vä-

222 900 38 21 gar
280 893 85 27 föreslå,
385 895 33 20 att
438 894 37 22 det
493 894 115 28 höglofliga
626 895 88 22 ståndet
728 894 50 22 ville
795 893 74 23 bifalla
884 894 32 21 till
932 895 117 21 momentet

221 923 24 26 b)
260 922 23 22 af
292 922 119 22 utskottets
422 922 87 28 förslag.
520 935 28 3 —
558 923 115 27 Utgkottet
683 924 40 22 har
732 924 74 21 vidare
815 922 113 28 föreslagit
943 922 2 22 i
954 928 94 16 momen-

222 953 37 21 ten
275 958 12 14 a
303 951 40 22 och
359 958 11 15 c
386 951 45 22 dels
447 951 144 23 tillsättandet
607 952 21 22 af
643 959 26 15 en
685 952 85 22 aflönad
783 952 165 26 statsarkeolog,
960 951 46 23 dels
1017 951 32 22 in-

222 980 111 22 rättandet
348 980 23 22 af
385 986 26 16 en
419 980 136 28 arkeologisk
565 981 146 27 kommission,
723 981 7 22 i
741 980 119 28 ungefärlig
870 980 69 22 likhet
948 981 50 22 med
1008 980 42 22 den

224 1009 122 22 statistiska
355 1009 255 28 centralkommissionen,
622 1016 47 16 som
679 1010 39 22 hos
731 1016 34 16 oss
777 1010 67 22 redan
855 1010 109 22 existerar.
984 1010 66 21 Kom-

224 1038 116 22 missionen
360 1038 70 22 skulle
450 1038 68 28 enligt
537 1039 120 22 utskottets
676 1039 82 27 förslag
775 1038 66 22 blifva
860 1045 25 15 en
900 1038 150 28 vetenskaplig

224 1068 83 21 instans
323 1067 7 21 i
345 1067 151 27 arkeologiska
510 1067 78 28 frågor,
605 1068 92 22 sålunda
712 1070 33 20 att
761 1068 23 22 åt
795 1068 41 21 den
846 1068 84 21 komme
938 1069 33 20 att
981 1067 69 22 öfver-

225 1096 82 22 lemnas
324 1096 26 22 de
367 1096 132 27 åligganden,
514 1102 47 16 som
579 1097 66 27 enligt
665 1099 54 20 1872
730 1097 35 22 års
776 1096 134 28 proposition
920 1097 50 21 bort
980 1096 71 27 åligga

225 1124 161 22 universitetets
405 1125 160 22 konsistorium.
597 1126 38 21 Att
649 1126 118 22 ständerna
781 1132 30 15 nu
825 1125 51 28 ingå
889 1126 50 21 med
954 1132 26 15 en
995 1124 55 28 peti-

225 1154 46 21 tion
294 1159 34 16 om
350 1154 134 22 tillsättande
506 1154 22 22 af
550 1160 26 16 en
599 1155 166 27 statsarkeolog,
787 1160 64 22 synes
867 1154 25 22 så
907 1154 85 28 mycket
1006 1160 46 15 mer

225 1182 135 27 motiveradt,
377 1188 46 16 som
437 1183 67 22 redan
520 1184 87 21 senaste
623 1184 88 22 ständer
726 1183 75 29 gjorde
817 1190 27 15 en
854 1182 147 28 ungefärligen
1011 1182 40 22 lik-

227 1212 62 21 artad
303 1212 98 27 petition,
417 1212 7 21 i
440 1212 37 22 det
493 1212 26 22 de
534 1211 107 29 föreslogo
657 1212 147 22 tillsättandet
819 1211 27 28 af,
862 1212 64 22 bland
942 1213 71 25 annat,
1025 1218 27 15 en

227 1240 102 27 arkeolog
349 1240 35 22 vid
406 1241 257 27 vetenskapssocieteten.
695 1242 114 26 Förslaget
830 1241 7 21 i
856 1240 70 22 denna
940 1240 54 22 form
1008 1240 43 28 lyc-

227 1269 67 21 kades
313 1269 48 22 icke
380 1269 63 22 vinna
459 1270 115 27 styrelsens
590 1270 66 22 bifall.
687 1271 43 21 Det
745 1270 70 22 skulle
830 1276 36 20 nu,
883 1276 35 16 om
932 1269 120 22 utskottets

227 1298 81 27 förslag
323 1299 96 26 antages,
435 1299 86 21 komma
536 1300 33 20 att
584 1298 49 28 afgå
649 1299 8 21 i
672 1300 67 26 något
753 1299 116 22 förändrad
879 1298 103 28 skepnad,
994 1304 58 16 nem-

227 1327 58 27 ligen
305 1327 73 26 sådan,
399 1328 33 20 att
450 1328 131 27 arkeologen
595 1334 52 16 vore
663 1328 143 28 sjelfskrifven
821 1327 91 23 medlem
928 1327 22 21 af
964 1327 40 21 den
1019 1334 33 14 ar-

228 1356 127 27 keologiska
372 1356 173 22 kommissionen.
576 1357 76 21 Denna
667 1357 120 26 anordning
801 1358 47 20 tror
860 1356 38 27 jag
913 1355 33 22 för
960 1356 44 21 min
1019 1356 34 21 del

228 1383 65 23 hafva
308 1385 55 21 varit
379 1391 26 15 en
420 1385 83 27 ganska
517 1385 78 27 lycklig
611 1385 65 22 tanke
692 1385 22 22 af
727 1385 151 28 petitionären,
894 1385 50 21 herr
959 1385 93 21 Donner.

229 1414 30 27 Ty
279 1419 77 22 genom
372 1414 40 21 den
428 1414 69 21 skulle
512 1414 79 22 vården
607 1420 34 16 om
656 1414 148 23 fornminnena
819 1414 7 21 i
841 1414 48 21 vårt
903 1413 51 22 land
969 1413 85 22 komma

230 1444 32 19 att
273 1442 82 27 ställas,
373 1442 126 29 visserligen
513 1443 29 27 på
557 1449 26 15 en
598 1443 86 28 mycket
699 1443 179 28 anspråkslösare
894 1442 39 22 och
949 1442 104 27 billigare,

229 1477 49 16 men
293 1471 7 22 i
315 1471 42 22 alla
379 1471 36 21 fall
439 1478 25 15 en
484 1472 93 21 likartad
600 1472 37 27 fot,
654 1479 46 15 som
721 1473 48 26 den,
785 1472 28 27 på
828 1471 87 22 hvilken
930 1471 42 22 den
986 1471 69 22 blifvit

231 1500 82 21 ordnad
331 1501 7 20 i
355 1500 80 27 länder,
457 1501 37 22 der
514 1507 48 15 man
577 1503 56 20 mest
649 1501 40 22 och
704 1502 50 21 med
770 1502 82 21 största
867 1499 110 28 framgång
992 1500 62 22 nitäl-

231 1529 50 21 skat
300 1528 33 23 för
353 1529 69 22 denna
441 1530 163 27 angelägenhet.
634 1531 43 22 Det
695 1530 68 23 borde
781 1530 48 22 icke
848 1531 59 20 möta
922 1529 70 28 någon
1008 1529 46 23 svå-
