1109 1748
233 122 26 21 62
532 125 39 17 Den
591 123 23 18 10
631 124 93 18 Februari.

203 187 125 27 tryckande.
359 187 34 22 Då
414 186 65 23 likväl
503 187 75 22 skälen
601 188 33 22 för
657 188 40 22 den
713 188 22 21 af
748 188 51 22 herr
814 188 149 28 Montgomery
979 187 54 22 före-

204 216 75 27 slagna
293 216 78 22 reform
388 219 37 19 äro
442 216 25 21 så
482 216 75 22 starka
572 217 40 21 och
627 217 116 27 påtagliga,
755 218 26 20 så
792 224 64 14 anser
868 218 38 26 jag
921 216 69 22 denna
1000 223 33 15 re-

203 245 55 21 form
273 245 48 21 icke
337 245 52 22 böra
403 245 86 22 förfalla
504 244 33 22 för
557 246 65 21 dessa
641 246 186 27 betänkligheters
844 246 62 26 skull,
922 251 48 15 men
986 251 48 16 man

204 274 70 21 skulle
289 274 82 22 kanske
387 274 74 21 kunna
476 273 72 28 undgå
564 274 55 27 dem,
635 275 6 21 i
657 274 104 22 händelse
781 275 41 21 den
840 282 29 14 nu
885 274 97 28 gällande
996 274 38 21 be-

204 303 135 27 stämningen
358 303 7 21 i
385 302 102 22 afseende
506 302 13 22 å
538 302 208 28 landtdagsarvodet
765 303 148 27 förändrades,
929 302 104 27 nemligen

204 332 25 21 så
244 334 33 19 att
293 332 25 21 de
333 332 64 21 valda
413 332 103 21 ståndens
531 332 165 27 landtdagsmän
711 332 117 22 framdeles
844 332 48 22 icke
907 332 84 22 komme
1002 333 32 19 att

203 367 60 15 mera
283 361 98 27 uppbära
403 361 40 21 sitt
465 360 79 22 arvode
564 360 23 22 af
605 361 46 21 sina
673 361 84 22 valmän
781 363 52 20 utan
857 361 23 21 af
900 360 132 22 statsmedel.

204 390 67 21 Detta
285 396 51 15 vore
352 390 25 21 sä
391 389 87 28 mycket
493 390 132 27 lämpligare,
645 396 46 15 som
715 390 38 21 det
775 392 53 20 utan
850 390 73 21 tvifvel
939 392 23 19 är
976 390 58 26 prin-

205 418 102 27 cipenligt
321 418 103 27 riktigare
440 420 33 19 att
489 424 25 16 en
529 420 152 26 representant
701 418 82 22 aflönas
799 418 48 22 utaf
865 420 77 25 staten,
960 421 26 19 än
1002 419 33 20 att

203 447 42 21 han
262 446 81 22 aflönas
359 447 23 21 af
396 447 47 21 sina
457 447 91 22 valmän.
580 448 40 21 Om
643 448 68 26 enligt
729 447 248 28 landtdagsordningens
992 446 42 22 för-

205 478 34 19 sta
255 476 10 27 &
281 476 100 21 Finlands
397 476 89 21 ständer
501 476 48 22 icke
564 478 152 26 representera
730 477 69 27 några
808 476 164 28 korporationer
982 476 52 22 eller

204 505 126 21 kommuner
345 506 53 20 utan
413 504 71 22 finska
499 504 74 28 folket,
590 506 25 20 sä
629 506 42 21 blir
683 505 42 21 den
740 505 115 27 sjelffallna
870 505 163 27 konsegvensen

205 533 67 27 deraf,
289 536 32 19 att
337 534 36 21 det
389 536 24 19 är
427 533 71 22 finska
512 533 68 22 folket
598 540 46 16 som
660 534 55 22 skall
734 534 75 22 betala
823 535 209 27 representanterne,

205 562 40 22 och
261 562 47 22 icke
325 562 63 22 dessa
403 562 165 28 korporationer
583 563 40 21 och
643 563 133 21 kommuner.
808 563 76 21 Sävidt
899 563 38 27 jag
951 564 42 25 vet,
1009 564 24 19 är

205 592 66 20 ocksä
286 591 61 21 fallet
361 592 7 20 i
383 592 68 21 andra
465 592 188 21 konstitutionella
666 592 75 21 länder
761 592 44 26 det,
829 594 33 19 att
884 591 149 27 landtdagsre-

205 621 178 26 presentanterne
405 620 98 27 uppbära
518 620 47 21 sina
580 621 100 26 arvoden,
697 620 53 22 eller
766 620 70 22 dieter
850 627 26 14 ur
892 620 141 21 statskassan.

205 649 68 21 Detta
288 649 69 21 skulle
373 648 63 22 hafva
451 651 58 19 ännu
523 655 26 15 en
564 649 124 27 väsendtlig
702 649 77 26 fördel,
790 649 107 27 nemligen
914 650 32 20 att
960 655 73 21 repre-

205 679 140 20 sentanterne
360 677 57 22 inom
433 677 26 22 de
475 677 64 22 valda
559 678 91 21 ständen
665 678 85 21 komme
767 680 32 19 att
813 678 73 21 känna
900 678 33 27 sig
948 677 63 22 friare
1026 677 7 22 i

205 706 134 22 förhällande
362 706 33 21 till
418 706 47 21 sina
485 707 94 26 valmän;
603 707 27 21 de
653 707 70 22 skulle
745 707 81 21 lättare
849 707 72 21 kunna
935 706 52 27 följa
1000 706 33 21 sin

205 735 56 28 egen
275 735 149 28 öfvertygelse,
441 735 73 22 säsom
526 736 25 27 ju
571 741 25 16 en
613 737 152 26 representant
784 736 40 21 bör
840 737 57 26 göra,
914 737 26 20 än
955 742 35 19 nu,
1006 735 28 21 dä

204 765 27 20 de
246 765 35 20 stä
296 764 6 21 i
319 771 25 15 en
360 765 25 20 sä
407 766 33 19 att
463 766 53 25 säga
537 765 106 26 pekuniär
665 764 132 22 förbindelse
819 764 33 21 till
875 765 47 21 sina
943 764 90 21 valmän.

204 793 47 21 Den
274 793 193 27 omständigheten,
491 794 33 20 att
545 793 166 27 landtdagsman
735 793 46 22 står
796 793 7 21 i
819 793 67 22 sådan
903 793 130 22 förbindelse

204 821 33 22 till
253 821 132 27 valmännen,
402 822 42 21 kan
459 822 111 21 dessutom
585 822 41 21 lätt
643 822 49 22 leda
715 822 32 21 till
771 822 41 21 den
836 821 142 28 uppfattning,
1001 823 33 20 att

205 851 41 21 den
261 850 57 22 förre
333 851 40 21 har
387 852 34 19 att
435 852 98 26 mottaga
550 851 67 27 nägot
633 851 58 27 slags
707 851 124 27 imperativt
846 850 88 22 mandat
949 850 23 21 af
987 851 47 20 sina

204 880 91 26 valmän,
312 880 81 21 hvilket
407 880 48 21 icke
471 879 202 23 öfverensstämmer
687 880 49 22 med
752 880 38 22 det
804 880 187 22 konstitutionella
1000 879 33 21 lif-

205 911 47 19 vets
269 908 145 28 grundsatser.
445 908 42 28 Jag
502 908 69 22 skulle
588 908 84 22 derföre
687 909 74 25 önska,
779 910 32 20 att
826 908 159 28 Lagutskottet,
1001 908 33 21 till

205 938 82 21 hvilket
299 938 38 27 jag
360 940 62 24 tager
440 937 33 22 för
496 937 67 27 gifvet
585 939 32 20 att
640 938 87 21 ständet
749 938 97 21 kommer
869 939 31 20 att
923 937 111 22 remittera

204 966 50 22 herr
276 966 159 28 Montgomerys
458 966 191 28 petitionsförslag,
673 966 49 22 ville
744 968 53 26 taga
817 967 42 21 den
875 966 23 22 af
910 966 43 27 mig
967 966 66 27 päpe-

204 995 56 21 kade
276 995 160 27 omständighet
450 995 7 21 i
473 995 143 22 betraktande
637 996 40 21 och
699 996 49 21 med
772 995 102 22 afseende
890 995 12 21 ä
918 995 40 21 den
974 995 58 21 kom-

204 1024 93 27 plettera
313 1024 67 27 sagda
395 1023 87 28 förslag.

273 1053 56 21 Herr
343 1053 197 27 Montgomery:
556 1053 71 21 Jemte
643 1054 36 20 det
692 1053 39 27 jag
745 1053 40 21 ber
799 1052 22 22 fä
834 1052 71 22 uttala
920 1052 41 22 min
972 1052 60 22 tack-

204 1081 85 22 samhet
303 1081 34 22 för
352 1082 37 21 det
404 1082 126 26 understöd,
544 1088 46 15 som
601 1082 46 21 frän
659 1084 78 19 tvenne
749 1082 225 21 ständsmedlemmars
986 1081 47 21 sida

203 1110 70 22 blifvit
288 1110 95 22 lemnadt
399 1110 23 21 ät
436 1110 49 22 mitt
500 1110 192 27 petitionsförslag,
713 1111 65 21 utber
793 1110 38 28 jag
850 1110 44 27 mig
912 1112 33 19 att
959 1110 22 21 fä
996 1116 36 15 an-

204 1139 82 27 gående
303 1140 27 21 de
345 1140 120 27 yttranden,
483 1145 45 15 som
548 1138 70 23 blifvit
636 1139 80 27 afgifna
734 1141 79 19 nämna
832 1140 68 26 några
918 1139 44 21 ord.
992 1139 41 26 Jag

203 1168 126 27 godkänner
344 1168 6 21 i
366 1168 117 22 allmänhet
499 1168 26 21 de
540 1168 23 21 af
576 1168 51 21 herr
642 1168 54 22 Rein
711 1168 99 21 uttalade
827 1168 80 27 äsigter
922 1168 40 21 och
977 1168 56 21 hade

203 1197 6 20 i
225 1196 77 28 sjelfva
320 1197 75 21 verket
413 1196 62 22 äfven
492 1197 63 21 tänkt
577 1197 78 21 beröra
677 1197 70 21 denna
771 1197 47 21 sida
833 1196 23 22 af
870 1196 72 26 saken,
959 1196 6 21 i
980 1196 52 22 hän-

203 1225 60 22 delse
276 1226 38 27 jag
329 1226 48 21 icke
392 1226 23 21 af
427 1226 147 26 hvarjehanda
588 1226 174 27 betänkligheter
780 1225 56 22 dock
850 1225 56 21 hade
922 1226 53 20 känt
989 1225 43 27 mig

202 1254 125 21 förhindrad
343 1254 98 26 derifrän,
458 1254 40 22 och
518 1254 49 22 ville
591 1254 130 22 öfverlemna
743 1254 42 22 den
805 1256 99 20 närmare
919 1254 113 21 berednin-

203 1289 40 21 gen
259 1283 24 21 ät
298 1283 160 27 Lagutskottet.
489 1283 41 21 Till
550 1290 26 14 en
592 1283 76 27 början
683 1283 134 21 framställde
833 1283 34 27 sig
882 1282 33 22 för
933 1282 43 27 mig
991 1282 41 22 den

202 1312 149 27 betänklighet
367 1314 38 24 att,
422 1318 34 15 om
469 1312 38 27 jag
522 1312 6 21 i
544 1318 82 15 samma
641 1312 91 27 petition
747 1312 57 21 hade
820 1312 74 21 berört
908 1311 74 27 frägan
997 1318 33 14 om

202 1342 213 24 representanternas
432 1340 112 22 aflönande
561 1340 52 22 eller
632 1341 247 27 landtdagsordningens
899 1340 132 21 föreskrifter

202 1370 79 25 derom,
298 1370 25 20 sä
337 1370 55 20 hade
405 1370 38 26 jag
458 1369 112 22 inblandat
585 1370 6 20 i
607 1370 120 26 petitionen
741 1369 52 21 flere
809 1370 59 21 olika
884 1371 82 23 ämnen,
978 1369 52 20 hvil-

201 1398 44 26 ket,
262 1398 67 27 enligt
344 1398 126 27 uttryckligt
486 1398 121 27 stadgande
622 1398 7 21 i
644 1398 253 27 Landtdagsordningen,
918 1399 24 20 är
951 1397 80 27 förbju-

202 1427 43 26 det,
262 1427 41 20 och
319 1427 41 21 den
377 1427 66 21 andra
459 1427 187 26 omständigheten
663 1433 38 15 var
716 1427 47 25 den,
781 1428 33 20 att
829 1427 38 27 jag
887 1426 47 21 icke
950 1429 24 18 är
983 1425 48 22 full-

200 1455 92 27 komligt
315 1461 51 15 ense
388 1455 48 22 med
460 1455 44 27 mig
519 1455 54 28 sjelf,
589 1455 68 22 ehuru
670 1456 38 27 jag
723 1455 127 28 godkänner
864 1455 76 28 sjelfva
953 1455 77 26 princi-

200 1490 48 21 pen,
264 1484 105 21 huruvida
385 1484 36 21 det
435 1485 41 20 kan
492 1491 52 15 vara
560 1484 82 27 möjligt
657 1485 53 21 eller
725 1484 70 27 billigt
811 1486 38 25 att,
867 1483 78 22 medan
959 1490 71 20 repre-

201 1513 136 21 sentationen
354 1515 24 19 är
393 1513 82 21 ordnad
491 1514 27 26 pä
539 1514 26 21 de
585 1513 100 26 grunder,
709 1520 46 15 som
778 1519 28 15 nu
827 1513 63 26 gälla,
906 1512 125 27 landtdags-

200 1542 169 21 mannaarvodet
389 1542 56 21 inom
467 1542 26 21 de
510 1542 78 21 ofrälse
604 1542 91 21 ständen
711 1542 71 21 skulle
798 1543 52 26 utgä
865 1542 45 21 frän
927 1541 105 22 allmänna
