1109 1748
246 118 41 21 322
561 121 40 17 Den
617 119 26 19 23
659 121 54 17 Mars.

216 182 67 28 fråga.
313 182 43 28 Jag
373 183 40 21 har
433 183 38 22 der
489 184 72 20 röstat
579 185 58 19 emot
655 182 215 28 petitionsförslaget,
884 183 38 27 jag
934 183 40 21 har
989 184 58 20 emot

218 212 121 21 detsamma
357 212 71 22 anfört
442 212 53 22 flere
510 211 24 21 af
548 212 26 22 de
590 212 53 27 skäl,
660 218 47 16 som
723 211 22 22 af
759 218 26 15 en
802 218 70 15 annan
888 212 52 22 ärad
956 211 68 22 talare
1039 212 7 21 i

217 240 140 28 förmiddags,
380 241 51 21 herr
454 240 116 27 Snellman,
593 240 41 22 här
654 240 71 22 blifvit
746 240 134 28 framhållna,
902 241 40 21 och
955 241 38 27 jag
1008 240 39 22 har

219 269 111 22 dessutom
353 269 71 22 anfört
445 270 79 26 många
545 269 52 22 flere
619 270 54 21 skäl.
704 269 76 22 Likväl
803 269 41 22 har
858 270 38 27 jag
911 270 48 21 icke
974 270 73 20 ansett

217 298 82 27 nödigt,
316 299 33 20 att
363 300 46 20 mot
423 298 121 22 utskottets
560 298 73 22 beslut
648 298 87 28 inlägga
749 298 141 27 reservation,
906 298 89 22 emedan
1009 298 37 27 jag

218 327 55 21 visst
287 327 48 21 icke
350 328 123 21 missunnar
487 328 85 21 landets
588 328 107 26 högskola
710 328 37 21 det
762 326 63 28 goda,
842 333 46 15 som
901 328 49 21 med
960 326 86 28 petitio-

218 362 42 15 nen
280 355 87 28 åsyftas,
389 356 41 21 och
448 356 39 28 jag
506 363 64 15 anser
585 358 39 25 att,
639 356 45 22 ifall
699 356 126 28 petitionen,
843 356 66 22 sådan
926 356 41 22 den
982 362 29 15 nu
1027 355 22 21 af

218 384 111 22 utskottet
343 384 71 22 blifvit
428 384 137 28 formulerad,
583 385 70 22 skulle
668 386 87 20 komma
770 386 33 20 att
813 385 29 27 på
852 385 78 27 högsta
940 387 34 19 ort
984 384 64 22 vinna

219 412 108 27 afseende,
347 413 23 21 af
386 413 71 22 denna
472 414 76 27 åtgärd
563 414 49 22 icke
627 414 70 27 någon
713 413 70 22 skada
798 414 72 22 kunde
886 414 98 21 åsamkas
1000 413 47 21 uni-

218 442 121 26 versitetet,
355 442 72 22 såsom
440 443 38 27 jag
493 444 98 20 deremot
607 449 64 15 anser
686 444 33 20 att
733 442 63 22 fallet
811 442 69 22 skulle
895 442 63 22 hafva
972 442 74 26 blifvit,

219 471 74 21 derest
309 477 26 15 en
350 471 43 27 hop
408 471 57 22 fasta
480 472 163 27 läraretjenster
657 472 50 22 med
719 472 50 26 låga
785 471 123 27 aflöningar,
924 471 71 22 såsom
1010 477 37 21 pe-

218 500 141 22 titionärerne
374 500 75 28 tyckas
465 500 64 23 hafva
543 501 64 21 tänkt
622 501 33 27 sig
670 501 37 21 det
723 500 40 22 och
778 500 118 28 föreslagit,
912 500 89 22 kommit
1016 501 32 20 att

218 529 99 21 inrättas.

289 558 42 26 Jag
352 564 68 21 anser,
442 558 72 22 såsom
534 558 70 27 sagdt,
621 560 33 20 att
668 558 7 21 i
691 558 136 22 sistnämnda
842 556 37 22 fall
895 558 67 21 skada
978 557 70 22 skulle

219 586 65 22 hafva
305 586 109 22 åsamkats
435 587 152 22 universitetet
603 586 23 22 af
639 587 54 27 skäl,
710 593 45 15 som
770 586 51 22 herr
838 586 107 22 Snellman
960 586 67 22 redan
1041 586 7 21 i

219 615 132 27 förmiddags
371 616 39 21 här
425 616 7 21 i
448 616 61 21 detta
527 622 48 15 rum
593 616 40 21 har
654 616 82 27 antydt,
753 615 42 21 och
810 615 74 21 hvilka
896 616 38 26 jag
948 615 48 21 icke
1010 615 37 22 be-

219 643 76 22 höfver
309 651 103 20 upprepa.
435 645 51 21 Men
499 645 38 27 jag
553 651 64 15 anser
632 646 33 20 att
679 643 112 28 verkligen
807 650 26 15 en
844 645 46 20 stor
900 643 68 22 fördel
979 643 68 22 skulle

220 673 91 22 beredas
332 673 157 27 universitetet,
510 680 34 15 om
565 679 26 16 en
607 673 67 21 sådan
689 673 128 26 utvidgning
833 672 23 22 af
870 673 49 21 dess
936 674 50 24 stat,
1002 679 46 15 som

219 708 30 15 nu
267 704 24 19 är
306 701 121 28 föreslagen
442 702 32 21 uti
490 702 41 21 den
548 701 23 22 af
584 702 108 21 utskottet
707 701 116 22 förordade
838 701 124 27 petitionen,
979 701 69 22 skulle

219 731 87 21 komma
321 732 34 20 att
369 731 45 26 ske,
431 731 68 21 ehuru
513 731 37 27 jag
566 737 64 15 anser
645 737 27 16 en
687 731 68 21 sådan
770 730 128 27 utvidgning
914 730 22 21 af
944 730 104 21 universi-

220 761 116 20 tetsstaten
355 759 34 22 för
408 766 27 15 en
454 761 46 20 stor
519 760 40 27 lyx.
589 759 114 28 Förslaget
721 760 39 26 går
778 761 25 19 ut
816 759 29 27 på
860 765 26 16 en
901 759 112 26 tillökning
1028 758 22 22 af

220 788 169 27 universitetets,
409 789 8 20 i
436 787 134 23 förhållande
590 789 32 20 till
641 789 85 21 landets
745 788 116 27 tillgångar
876 788 40 21 och
932 788 32 21 till
980 787 68 27 öfriga

221 817 81 27 anslag,
312 823 43 21 nog
370 819 59 19 stora
445 819 44 20 stat
503 817 49 22 med
568 817 97 27 omkring
682 818 91 25 100,000
789 817 67 26 mark,
872 818 23 26 ty
908 817 37 27 jag
960 818 46 20 tror
1016 818 32 19 att

220 846 111 27 ingenting
350 845 49 22 med
421 845 65 22 dessa
505 846 155 27 lärareplatser
679 846 69 21 skulle
764 845 82 26 vinnas,
863 851 34 16 om
912 845 47 22 icke
974 845 74 28 hvarje

220 874 92 22 fakultet
331 873 69 23 blefve
420 874 88 23 försedd
522 876 50 21 med
591 875 36 21 två
646 875 41 21 och
707 875 26 21 de
753 876 72 20 större
840 874 144 22 fakulteterna
999 874 49 22 med

221 906 33 19 tre
273 903 23 22 af
314 904 65 21 dessa
398 904 169 22 extraordinarie
589 904 140 27 professorer,
753 903 41 21 och
807 903 39 27 jag
861 905 45 19 tror
921 903 126 27 uppriktigt,

221 934 32 20 att
274 932 26 22 de
320 932 83 22 hundra
419 934 64 20 tusen
497 933 61 21 mark
573 932 53 22 eller
641 933 66 27 något
722 932 89 26 mindre,
827 932 72 22 hvilka
914 932 134 22 erfordrades

221 961 33 21 till
274 962 25 20 så
317 961 78 27 många
415 968 41 20 nya
475 962 82 21 lärares
579 961 98 28 aflöning,
694 961 71 22 skulle
780 961 29 27 på
824 962 66 20 annat
905 962 44 20 sätt
964 961 84 27 mycket

220 990 150 27 förmånligare
391 990 72 22 kunna
483 990 108 22 användas
613 990 33 22 till
666 990 41 22 den
723 990 68 26 högre
807 989 141 27 bildningens,
965 990 32 21 till
1013 996 35 15 ve-

221 1019 132 27 tenskapens
373 1018 40 22 och
429 1019 26 21 de
471 1019 68 22 sköna
553 1019 129 21 konsternas
697 1018 97 22 fromma.
813 1030 25 4 —
855 1018 61 22 Hvad
932 1024 45 16 som
994 1018 54 22 dock

221 1048 79 22 väcker
319 1048 39 20 hos
379 1048 44 26 mig
443 1048 42 22 den
504 1049 81 21 största
604 1047 178 27 betänkligheten
797 1047 36 22 vid
848 1049 33 20 att
895 1054 30 14 nu
939 1048 33 21 till
987 1054 61 20 rege-

221 1076 75 28 ringen
316 1076 107 22 inkomma
441 1077 50 21 med
511 1083 26 15 en
557 1077 25 21 så
601 1076 112 22 beskaffad
728 1076 99 27 petition,
845 1082 45 16 som
906 1076 41 22 den
962 1076 86 27 förelig-

221 1105 77 27 gande,
315 1107 24 19 är
355 1104 42 27 det,
415 1107 32 19 att
462 1105 151 22 universitetet
625 1105 33 22 för
667 1106 48 21 icke
725 1105 76 27 längre
812 1104 32 22 tid
855 1104 67 22 sedan
933 1108 27 18 än
971 1107 77 19 tvenne

221 1134 30 26 år,
269 1134 52 22 eller
336 1134 41 21 den
393 1135 26 20 18
435 1134 58 22 Mars
510 1136 61 24 1875,
587 1134 40 22 har
641 1134 42 22 fått
697 1134 23 21 af
732 1134 61 21 Hans
809 1134 123 27 Kejserliga
946 1134 103 27 Majestät

222 1162 33 28 sig
275 1162 122 22 stadfästad
413 1169 26 15 en
453 1162 130 28 fullkomligt
597 1170 28 20 ny
640 1164 51 25 stat,
707 1163 7 21 i
729 1162 88 22 hvilken
833 1164 45 20 stat
894 1162 103 22 särskildt
1012 1169 36 15 an-

222 1191 75 27 slagen
316 1191 33 21 för
369 1191 136 27 docenterne,
524 1192 46 27 just
590 1192 7 20 i
613 1192 98 21 ändamål
727 1193 34 20 att
775 1190 58 22 fästa
848 1197 66 21 yngre
930 1191 68 22 lärare
1014 1191 35 21 vid

222 1220 157 26 universitetet,
399 1220 64 22 hafva
482 1220 7 22 i
508 1220 96 28 betydlig
623 1220 49 22 mån
690 1220 70 22 blifvit
777 1219 107 28 förhöjda.
914 1220 78 22 Vidare
1010 1220 40 21 har

222 1249 151 21 universitetet
391 1248 34 22 för
444 1249 48 22 icke
511 1249 75 27 längre
601 1249 32 21 tid
648 1249 74 26 sedan,
739 1251 27 19 än
781 1248 49 22 icke
846 1248 49 22 fullt
910 1255 38 15 sex
962 1249 30 26 år,
1008 1248 42 22 fått

222 1284 27 15 en
263 1284 70 14 annan
349 1277 77 27 dyrbar
440 1278 104 27 rättighet
559 1278 34 27 sig
607 1278 121 26 tillerkänd,
745 1278 42 21 den
799 1276 61 23 äfven
871 1277 23 21 af
903 1284 26 15 en
938 1279 112 20 reservant

221 1306 8 21 i
244 1306 109 21 utskottet
372 1306 112 27 påpekade
504 1306 111 27 rättighet,
635 1312 47 16 som
702 1306 63 27 ingår
780 1306 7 21 i
803 1306 42 22 den
860 1306 92 22 berörda
967 1306 81 28 kungö-

221 1334 72 22 relsen
321 1334 22 22 af
361 1334 41 22 den
423 1337 26 19 30
468 1335 43 27 Maj
534 1337 61 25 1871,
616 1335 133 26 rättigheten
770 1336 33 20 att
823 1335 33 21 till
882 1335 167 21 extraordinarie

221 1362 111 28 professor
351 1363 49 21 med
417 1363 42 26 lön,
483 1370 45 15 som
544 1364 105 21 särskildt
663 1364 33 21 för
710 1364 75 27 hvarje
801 1363 37 22 fall
853 1364 43 21 kan
911 1364 137 26 bestämmas,

221 1391 81 22 föreslå
321 1398 66 21 yngre
405 1392 188 27 vetenskapsmän,
614 1392 72 22 hvilka
704 1392 47 22 visa
771 1392 34 27 sig
819 1398 52 15 vara
886 1392 107 21 utmärkte
1009 1393 40 21 och

221 1421 73 21 kunna
312 1427 52 15 vara
384 1421 150 22 universitetet
553 1421 33 21 till
600 1427 62 21 gagn.
694 1421 83 22 Genom
793 1421 71 21 denna
879 1421 105 26 rättighet
999 1427 51 21 eger

221 1449 157 26 universitetet,
395 1455 64 16 anser
471 1450 44 27 jag,
529 1449 7 22 i
552 1449 33 22 sin
599 1449 58 22 hand
674 1449 37 22 det
725 1449 171 28 väsendtligaste
911 1449 91 22 vilkoret
1017 1449 33 22 för

223 1480 32 19 att
277 1477 57 22 fästa
357 1478 56 26 goda
435 1478 154 22 lärarekrafter
611 1478 40 22 och
667 1478 56 27 goda
737 1478 167 27 vetenskapliga
918 1478 81 22 krafter
1013 1479 36 21 vid

223 1506 124 27 detsamma,
365 1507 19 21 d.
401 1513 18 16 v.
436 1513 16 16 s.
469 1509 32 20 att
516 1507 73 27 hvarje
605 1513 44 21 ung
663 1507 209 27 vetenskapsidkare
888 1507 6 21 i
910 1506 74 22 landet
994 1507 54 22 deri-

222 1541 77 20 genom
314 1536 42 21 kan
371 1542 52 15 vara
437 1535 113 23 försäkrad
565 1537 38 26 att,
619 1535 45 23 ifall
679 1537 42 21 han
734 1535 111 28 verkligen
856 1536 85 22 arbetat
951 1536 33 27 sig
996 1536 52 22 fram
