<?xml version="1.0" encoding="UTF-8"?>
<alto xmlns="http://www.loc.gov/standards/alto/ns-v3#" xmlns:xlink="http://www.w3.org/1999/xlink" xmlns:xsi="http://www.w3.org/2001/XMLSchema-instance" xsi:schemaLocation="http://www.loc.gov/standards/alto/ns-v3# http://www.loc.gov/alto/v3/alto-3-0.xsd">
	<Description>
		<MeasurementUnit>pixel</MeasurementUnit>
		<sourceImageInformation>
			<fileName>/tmp/tess_qq114d9e_input.PNG</fileName>
		</sourceImageInformation>
		<OCRProcessing ID="OCR_0">
			<ocrProcessingStep>
				<processingSoftware>
					<softwareName>tesseract 5.3.4</softwareName>
				</processingSoftware>
			</ocrProcessingStep>
		</OCRProcessing>
	</Description>
	<Layout>
		<Page WIDTH="1109" HEIGHT="1748" PHYSICAL_IMG_NR="0" ID="page_0">
			<PrintSpace HPOS="0" VPOS="0" WIDTH="1109" HEIGHT="1748">
				<ComposedBlock ID="cblock_0" HPOS="403" VPOS="117" WIDTH="454" HEIGHT="24">
					<TextBlock ID="block_0" HPOS="403" VPOS="117" WIDTH="454" HEIGHT="24">
						<TextLine ID="line_0" HPOS="403" VPOS="117" WIDTH="454" HEIGHT="24">
							<String ID="string_0" HPOS="403" VPOS="118" WIDTH="39" HEIGHT="18" WC="0.96" CONTENT="Den"/><SP WIDTH="16" VPOS="118" HPOS="442"/>
							<String ID="string_1" HPOS="458" VPOS="118" WIDTH="11" HEIGHT="17" WC="0.96" CONTENT="7"/><SP WIDTH="18" VPOS="118" HPOS="469"/>
							<String ID="string_2" HPOS="487" VPOS="117" WIDTH="57" HEIGHT="24" WC="0.93" CONTENT="April."/><SP WIDTH="273" VPOS="117" HPOS="544"/>
							<String ID="string_3" HPOS="817" VPOS="118" WIDTH="40" HEIGHT="20" WC="0.96" CONTENT="403"/>
						</TextLine>
					</TextBlock>
				</ComposedBlock>
				<ComposedBlock ID="cblock_1" HPOS="61" VPOS="180" WIDTH="829" HEIGHT="260">
					<TextBlock ID="block_1" HPOS="61" VPOS="180" WIDTH="829" HEIGHT="260">
						<TextLine ID="line_1" HPOS="128" VPOS="180" WIDTH="759" HEIGHT="28">
							<String ID="string_4" HPOS="128" VPOS="181" WIDTH="57" HEIGHT="22" WC="0.93" CONTENT="Herr"/><SP WIDTH="17" VPOS="181" HPOS="185"/>
							<String ID="string_5" HPOS="202" VPOS="180" WIDTH="208" HEIGHT="22" WC="0.92" CONTENT="Landtmarskalken"/><SP WIDTH="18" VPOS="180" HPOS="410"/>
							<String ID="string_6" HPOS="428" VPOS="180" WIDTH="144" HEIGHT="28" WC="0.91" CONTENT="tillkännagaf"/><SP WIDTH="17" VPOS="180" HPOS="572"/>
							<String ID="string_7" HPOS="589" VPOS="181" WIDTH="80" HEIGHT="26" WC="0.95" CONTENT="vidare,"/><SP WIDTH="22" VPOS="181" HPOS="669"/>
							<String ID="string_8" HPOS="691" VPOS="182" WIDTH="33" HEIGHT="20" WC="0.96" CONTENT="att"/><SP WIDTH="15" VPOS="182" HPOS="724"/>
							<String ID="string_9" HPOS="739" VPOS="180" WIDTH="46" HEIGHT="22" WC="0.93" CONTENT="från"/><SP WIDTH="15" VPOS="180" HPOS="785"/>
							<String ID="string_10" HPOS="800" VPOS="181" WIDTH="87" HEIGHT="27" WC="0.92" CONTENT="Kejser-"/>
						</TextLine>
						<TextLine ID="line_2" HPOS="61" VPOS="209" WIDTH="826" HEIGHT="28">
							<String ID="string_11" HPOS="61" VPOS="210" WIDTH="43" HEIGHT="27" WC="0.95" CONTENT="liga"/><SP WIDTH="24" VPOS="210" HPOS="104"/>
							<String ID="string_12" HPOS="128" VPOS="210" WIDTH="95" HEIGHT="22" WC="0.96" CONTENT="Senaten"/><SP WIDTH="16" VPOS="210" HPOS="223"/>
							<String ID="string_13" HPOS="239" VPOS="210" WIDTH="118" HEIGHT="21" WC="0.96" CONTENT="ankommit"/><SP WIDTH="14" VPOS="210" HPOS="357"/>
							<String ID="string_14" HPOS="371" VPOS="209" WIDTH="86" HEIGHT="28" WC="0.96" CONTENT="tryckta"/><SP WIDTH="15" VPOS="209" HPOS="457"/>
							<String ID="string_15" HPOS="472" VPOS="210" WIDTH="108" HEIGHT="26" WC="0.95" CONTENT="exemplar"/><SP WIDTH="15" VPOS="210" HPOS="580"/>
							<String ID="string_16" HPOS="595" VPOS="210" WIDTH="23" HEIGHT="22" WC="0.96" CONTENT="af"/><SP WIDTH="14" VPOS="210" HPOS="618"/>
							<String ID="string_17" HPOS="632" VPOS="211" WIDTH="31" HEIGHT="21" WC="0.96" CONTENT="ett"/><SP WIDTH="16" VPOS="211" HPOS="663"/>
							<String ID="string_18" HPOS="679" VPOS="210" WIDTH="83" HEIGHT="26" WC="0.96" CONTENT="Utdrag"/><SP WIDTH="13" VPOS="210" HPOS="762"/>
							<String ID="string_19" HPOS="775" VPOS="217" WIDTH="26" HEIGHT="14" WC="0.93" CONTENT="ur"/><SP WIDTH="16" VPOS="217" HPOS="801"/>
							<String ID="string_20" HPOS="817" VPOS="210" WIDTH="70" HEIGHT="22" WC="0.92" CONTENT="direk-"/>
						</TextLine>
						<TextLine ID="line_3" HPOS="61" VPOS="238" WIDTH="827" HEIGHT="27">
							<String ID="string_21" HPOS="61" VPOS="240" WIDTH="59" HEIGHT="21" WC="0.91" CONTENT="torns"/><SP WIDTH="22" VPOS="240" HPOS="120"/>
							<String ID="string_22" HPOS="142" VPOS="239" WIDTH="37" HEIGHT="22" WC="0.93" CONTENT="vid"/><SP WIDTH="20" VPOS="239" HPOS="179"/>
							<String ID="string_23" HPOS="199" VPOS="238" WIDTH="169" HEIGHT="23" WC="0.91" CONTENT="blindanstalten"/><SP WIDTH="25" VPOS="238" HPOS="368"/>
							<String ID="string_24" HPOS="393" VPOS="238" WIDTH="6" HEIGHT="22" WC="0.96" CONTENT="i"/><SP WIDTH="19" VPOS="238" HPOS="399"/>
							<String ID="string_25" HPOS="418" VPOS="238" WIDTH="86" HEIGHT="27" WC="0.96" CONTENT="Kuopio"/><SP WIDTH="16" VPOS="238" HPOS="504"/>
							<String ID="string_26" HPOS="520" VPOS="238" WIDTH="49" HEIGHT="22" WC="0.96" CONTENT="stad"/><SP WIDTH="15" VPOS="238" HPOS="569"/>
							<String ID="string_27" HPOS="584" VPOS="238" WIDTH="119" HEIGHT="22" WC="0.96" CONTENT="berättelse"/><SP WIDTH="16" VPOS="238" HPOS="703"/>
							<String ID="string_28" HPOS="719" VPOS="244" WIDTH="34" HEIGHT="16" WC="0.93" CONTENT="om"/><SP WIDTH="16" VPOS="244" HPOS="753"/>
							<String ID="string_29" HPOS="769" VPOS="239" WIDTH="119" HEIGHT="21" WC="0.90" CONTENT="anstaltens"/>
						</TextLine>
						<TextLine ID="line_4" HPOS="62" VPOS="267" WIDTH="826" HEIGHT="28">
							<String ID="string_30" HPOS="62" VPOS="268" WIDTH="136" HEIGHT="22" WC="0.96" CONTENT="verksamhet"/><SP WIDTH="14" VPOS="268" HPOS="198"/>
							<String ID="string_31" HPOS="212" VPOS="267" WIDTH="47" HEIGHT="21" WC="0.95" CONTENT="från"/><SP WIDTH="16" VPOS="267" HPOS="259"/>
							<String ID="string_32" HPOS="275" VPOS="268" WIDTH="40" HEIGHT="21" WC="0.96" CONTENT="den"/><SP WIDTH="12" VPOS="268" HPOS="315"/>
							<String ID="string_33" HPOS="327" VPOS="270" WIDTH="8" HEIGHT="19" WC="0.96" CONTENT="1"/><SP WIDTH="13" VPOS="270" HPOS="335"/>
							<String ID="string_34" HPOS="348" VPOS="268" WIDTH="58" HEIGHT="22" WC="0.96" CONTENT="Mars"/><SP WIDTH="14" VPOS="268" HPOS="406"/>
							<String ID="string_35" HPOS="420" VPOS="269" WIDTH="52" HEIGHT="19" WC="0.96" CONTENT="1871"/><SP WIDTH="13" VPOS="269" HPOS="472"/>
							<String ID="string_36" HPOS="485" VPOS="267" WIDTH="33" HEIGHT="21" WC="0.96" CONTENT="till"/><SP WIDTH="11" VPOS="267" HPOS="518"/>
							<String ID="string_37" HPOS="529" VPOS="267" WIDTH="41" HEIGHT="22" WC="0.96" CONTENT="den"/><SP WIDTH="12" VPOS="267" HPOS="570"/>
							<String ID="string_38" HPOS="582" VPOS="270" WIDTH="24" HEIGHT="19" WC="0.96" CONTENT="31"/><SP WIDTH="13" VPOS="270" HPOS="606"/>
							<String ID="string_39" HPOS="619" VPOS="268" WIDTH="118" HEIGHT="22" WC="0.97" CONTENT="December"/><SP WIDTH="14" VPOS="268" HPOS="737"/>
							<String ID="string_40" HPOS="751" VPOS="270" WIDTH="60" HEIGHT="24" WC="0.96" CONTENT="1875,"/><SP WIDTH="10" VPOS="270" HPOS="811"/>
							<String ID="string_41" HPOS="821" VPOS="268" WIDTH="67" HEIGHT="27" WC="0.95" CONTENT="jemte"/>
						</TextLine>
						<TextLine ID="line_5" HPOS="62" VPOS="295" WIDTH="826" HEIGHT="29">
							<String ID="string_42" HPOS="62" VPOS="298" WIDTH="32" HEIGHT="20" WC="0.96" CONTENT="ett"/><SP WIDTH="20" VPOS="298" HPOS="94"/>
							<String ID="string_43" HPOS="114" VPOS="296" WIDTH="59" HEIGHT="22" WC="0.96" CONTENT="häfte"/><SP WIDTH="22" VPOS="296" HPOS="173"/>
							<String ID="string_44" HPOS="195" VPOS="295" WIDTH="24" HEIGHT="23" WC="0.96" CONTENT="af"/><SP WIDTH="20" VPOS="295" HPOS="219"/>
							<String ID="string_45" HPOS="239" VPOS="296" WIDTH="82" HEIGHT="28" WC="0.93" CONTENT="Bidrag"/><SP WIDTH="23" VPOS="296" HPOS="321"/>
							<String ID="string_46" HPOS="344" VPOS="296" WIDTH="34" HEIGHT="22" WC="0.93" CONTENT="till"/><SP WIDTH="15" VPOS="296" HPOS="378"/>
							<String ID="string_47" HPOS="393" VPOS="296" WIDTH="101" HEIGHT="22" WC="0.93" CONTENT="Finlands"/><SP WIDTH="18" VPOS="296" HPOS="494"/>
							<String ID="string_48" HPOS="512" VPOS="295" WIDTH="91" HEIGHT="23" WC="0.92" CONTENT="officiela"/><SP WIDTH="16" VPOS="295" HPOS="603"/>
							<String ID="string_49" HPOS="619" VPOS="296" WIDTH="103" HEIGHT="27" WC="0.96" CONTENT="statistik,"/><SP WIDTH="16" VPOS="296" HPOS="722"/>
							<String ID="string_50" HPOS="738" VPOS="296" WIDTH="150" HEIGHT="23" WC="0.95" CONTENT="innehållande"/>
						</TextLine>
						<TextLine ID="line_6" HPOS="62" VPOS="325" WIDTH="826" HEIGHT="26">
							<String ID="string_51" HPOS="62" VPOS="326" WIDTH="123" HEIGHT="21" WC="0.96" CONTENT="statistiska"/><SP WIDTH="22" VPOS="326" HPOS="185"/>
							<String ID="string_52" HPOS="207" VPOS="325" WIDTH="92" HEIGHT="21" WC="0.96" CONTENT="tabeller"/><SP WIDTH="19" VPOS="325" HPOS="299"/>
							<String ID="string_53" HPOS="318" VPOS="325" WIDTH="59" HEIGHT="22" WC="0.96" CONTENT="öfver"/><SP WIDTH="15" VPOS="325" HPOS="377"/>
							<String ID="string_54" HPOS="392" VPOS="325" WIDTH="74" HEIGHT="21" WC="0.96" CONTENT="blinda"/><SP WIDTH="14" VPOS="325" HPOS="466"/>
							<String ID="string_55" HPOS="480" VPOS="325" WIDTH="7" HEIGHT="21" WC="0.96" CONTENT="i"/><SP WIDTH="16" VPOS="325" HPOS="487"/>
							<String ID="string_56" HPOS="503" VPOS="325" WIDTH="96" HEIGHT="26" WC="0.96" CONTENT="Finland,"/><SP WIDTH="17" VPOS="325" HPOS="599"/>
							<String ID="string_57" HPOS="616" VPOS="327" WIDTH="57" HEIGHT="20" WC="0.96" CONTENT="samt"/><SP WIDTH="15" VPOS="327" HPOS="673"/>
							<String ID="string_58" HPOS="688" VPOS="327" WIDTH="33" HEIGHT="20" WC="0.96" CONTENT="att"/><SP WIDTH="14" VPOS="327" HPOS="721"/>
							<String ID="string_59" HPOS="735" VPOS="326" WIDTH="104" HEIGHT="22" WC="0.96" CONTENT="likaledes"/><SP WIDTH="17" VPOS="326" HPOS="839"/>
							<String ID="string_60" HPOS="856" VPOS="326" WIDTH="32" HEIGHT="21" WC="0.96" CONTENT="till"/>
						</TextLine>
						<TextLine ID="line_7" HPOS="62" VPOS="353" WIDTH="828" HEIGHT="28">
							<String ID="string_61" HPOS="62" VPOS="354" WIDTH="88" HEIGHT="22" WC="0.96" CONTENT="ståndet"/><SP WIDTH="22" VPOS="354" HPOS="150"/>
							<String ID="string_62" HPOS="172" VPOS="354" WIDTH="112" HEIGHT="22" WC="0.96" CONTENT="inkommit"/><SP WIDTH="21" VPOS="354" HPOS="284"/>
							<String ID="string_63" HPOS="305" VPOS="354" WIDTH="123" HEIGHT="22" WC="0.96" CONTENT="Berättelse"/><SP WIDTH="19" VPOS="354" HPOS="428"/>
							<String ID="string_64" HPOS="447" VPOS="360" WIDTH="34" HEIGHT="15" WC="0.96" CONTENT="om"/><SP WIDTH="19" VPOS="360" HPOS="481"/>
							<String ID="string_65" HPOS="500" VPOS="353" WIDTH="156" HEIGHT="28" WC="0.94" CONTENT="förvaltningen"/><SP WIDTH="19" VPOS="353" HPOS="656"/>
							<String ID="string_66" HPOS="675" VPOS="354" WIDTH="23" HEIGHT="22" WC="0.96" CONTENT="af"/><SP WIDTH="17" VPOS="354" HPOS="698"/>
							<String ID="string_67" HPOS="715" VPOS="354" WIDTH="101" HEIGHT="22" WC="0.95" CONTENT="Finlands"/><SP WIDTH="15" VPOS="354" HPOS="816"/>
							<String ID="string_68" HPOS="831" VPOS="354" WIDTH="59" HEIGHT="22" WC="0.96" CONTENT="bank"/>
						</TextLine>
						<TextLine ID="line_8" HPOS="61" VPOS="382" WIDTH="828" HEIGHT="29">
							<String ID="string_69" HPOS="61" VPOS="383" WIDTH="69" HEIGHT="22" WC="0.96" CONTENT="under"/><SP WIDTH="14" VPOS="383" HPOS="130"/>
							<String ID="string_70" HPOS="144" VPOS="383" WIDTH="51" HEIGHT="21" WC="0.96" CONTENT="dess"/><SP WIDTH="16" VPOS="383" HPOS="195"/>
							<String ID="string_71" HPOS="211" VPOS="382" WIDTH="42" HEIGHT="22" WC="0.96" CONTENT="den"/><SP WIDTH="16" VPOS="382" HPOS="253"/>
							<String ID="string_72" HPOS="269" VPOS="384" WIDTH="24" HEIGHT="20" WC="0.96" CONTENT="31"/><SP WIDTH="18" VPOS="384" HPOS="293"/>
							<String ID="string_73" HPOS="311" VPOS="383" WIDTH="120" HEIGHT="22" WC="0.96" CONTENT="December"/><SP WIDTH="12" VPOS="383" HPOS="431"/>
							<String ID="string_74" HPOS="443" VPOS="384" WIDTH="53" HEIGHT="20" WC="0.93" CONTENT="1876"/><SP WIDTH="12" VPOS="384" HPOS="496"/>
							<String ID="string_75" HPOS="508" VPOS="383" WIDTH="155" HEIGHT="27" WC="0.92" CONTENT="tilländalupna"/><SP WIDTH="11" VPOS="383" HPOS="663"/>
							<String ID="string_76" HPOS="674" VPOS="385" WIDTH="57" HEIGHT="20" WC="0.92" CONTENT="65:te"/><SP WIDTH="10" VPOS="385" HPOS="731"/>
							<String ID="string_77" HPOS="741" VPOS="384" WIDTH="148" HEIGHT="27" WC="0.91" CONTENT="redogörelse-"/>
						</TextLine>
						<TextLine ID="line_9" HPOS="62" VPOS="411" WIDTH="716" HEIGHT="29">
							<String ID="string_78" HPOS="62" VPOS="412" WIDTH="35" HEIGHT="26" WC="0.95" CONTENT="år;"/><SP WIDTH="15" VPOS="412" HPOS="97"/>
							<String ID="string_79" HPOS="112" VPOS="412" WIDTH="71" HEIGHT="23" WC="0.96" CONTENT="hvilka"/><SP WIDTH="14" VPOS="412" HPOS="183"/>
							<String ID="string_80" HPOS="197" VPOS="411" WIDTH="128" HEIGHT="29" WC="0.96" CONTENT="handlingar"/><SP WIDTH="14" VPOS="411" HPOS="325"/>
							<String ID="string_81" HPOS="339" VPOS="412" WIDTH="48" HEIGHT="22" WC="0.93" CONTENT="icke"/><SP WIDTH="15" VPOS="412" HPOS="387"/>
							<String ID="string_82" HPOS="402" VPOS="412" WIDTH="93" HEIGHT="27" WC="0.92" CONTENT="ansågos"/><SP WIDTH="15" VPOS="412" HPOS="495"/>
							<String ID="string_83" HPOS="510" VPOS="412" WIDTH="86" HEIGHT="27" WC="0.96" CONTENT="påkalla"/><SP WIDTH="15" VPOS="412" HPOS="596"/>
							<String ID="string_84" HPOS="611" VPOS="412" WIDTH="69" HEIGHT="27" WC="0.96" CONTENT="någon"/><SP WIDTH="17" VPOS="412" HPOS="680"/>
							<String ID="string_85" HPOS="697" VPOS="412" WIDTH="81" HEIGHT="28" WC="0.96" CONTENT="åtgärd."/>
						</TextLine>
					</TextBlock>
				</ComposedBlock>
				<ComposedBlock ID="cblock_2" HPOS="63" VPOS="468" WIDTH="835" HEIGHT="951">
					<TextBlock ID="block_2" HPOS="63" VPOS="468" WIDTH="827" HEIGHT="202">
						<TextLine ID="line_10" HPOS="130" VPOS="468" WIDTH="759" HEIGHT="24">
							<String ID="string_86" HPOS="130" VPOS="470" WIDTH="11" HEIGHT="21" WC="0.96" CONTENT="I"/><SP WIDTH="22" VPOS="470" HPOS="141"/>
							<String ID="string_87" HPOS="163" VPOS="468" WIDTH="101" HEIGHT="24" WC="0.93" CONTENT="afseende"/><SP WIDTH="24" VPOS="468" HPOS="264"/>
							<String ID="string_88" HPOS="288" VPOS="470" WIDTH="13" HEIGHT="21" WC="0.92" CONTENT="&amp;"/><SP WIDTH="21" VPOS="470" HPOS="301"/>
							<String ID="string_89" HPOS="322" VPOS="470" WIDTH="76" HEIGHT="22" WC="0.96" CONTENT="remiss"/><SP WIDTH="18" VPOS="470" HPOS="398"/>
							<String ID="string_90" HPOS="416" VPOS="470" WIDTH="33" HEIGHT="21" WC="0.96" CONTENT="till"/><SP WIDTH="15" VPOS="470" HPOS="449"/>
							<String ID="string_91" HPOS="464" VPOS="470" WIDTH="86" HEIGHT="21" WC="0.96" CONTENT="utskott"/><SP WIDTH="16" VPOS="470" HPOS="550"/>
							<String ID="string_92" HPOS="566" VPOS="470" WIDTH="32" HEIGHT="22" WC="0.96" CONTENT="lät"/><SP WIDTH="15" VPOS="470" HPOS="598"/>
							<String ID="string_93" HPOS="613" VPOS="470" WIDTH="50" HEIGHT="22" WC="0.93" CONTENT="herr"/><SP WIDTH="16" VPOS="470" HPOS="663"/>
							<String ID="string_94" HPOS="679" VPOS="470" WIDTH="210" HEIGHT="22" WC="0.91" CONTENT="Landtmarskalken"/>
						</TextLine>
						<TextLine ID="line_11" HPOS="63" VPOS="498" WIDTH="826" HEIGHT="28">
							<String ID="string_95" HPOS="63" VPOS="498" WIDTH="54" HEIGHT="22" WC="0.89" CONTENT="härå"/><SP WIDTH="15" VPOS="498" HPOS="117"/>
							<String ID="string_96" HPOS="132" VPOS="498" WIDTH="116" HEIGHT="28" WC="0.92" CONTENT="föredraga"/><SP WIDTH="15" VPOS="498" HPOS="248"/>
							<String ID="string_97" HPOS="263" VPOS="498" WIDTH="60" HEIGHT="22" WC="0.96" CONTENT="Hans"/><SP WIDTH="15" VPOS="498" HPOS="323"/>
							<String ID="string_98" HPOS="338" VPOS="498" WIDTH="121" HEIGHT="28" WC="0.96" CONTENT="Kejserliga"/><SP WIDTH="15" VPOS="498" HPOS="459"/>
							<String ID="string_99" HPOS="474" VPOS="499" WIDTH="114" HEIGHT="27" WC="0.96" CONTENT="Majestäts"/><SP WIDTH="16" VPOS="499" HPOS="588"/>
							<String ID="string_100" HPOS="604" VPOS="499" WIDTH="77" HEIGHT="27" WC="0.96" CONTENT="nådiga"/><SP WIDTH="15" VPOS="499" HPOS="681"/>
							<String ID="string_101" HPOS="696" VPOS="499" WIDTH="134" HEIGHT="27" WC="0.96" CONTENT="proposition"/><SP WIDTH="10" VPOS="499" HPOS="830"/>
							<String ID="string_102" HPOS="840" VPOS="499" WIDTH="49" HEIGHT="22" WC="0.96" CONTENT="med"/>
						</TextLine>
						<TextLine ID="line_12" HPOS="63" VPOS="527" WIDTH="827" HEIGHT="28">
							<String ID="string_103" HPOS="63" VPOS="527" WIDTH="81" HEIGHT="27" WC="0.96" CONTENT="förslag"/><SP WIDTH="24" VPOS="527" HPOS="144"/>
							<String ID="string_104" HPOS="168" VPOS="528" WIDTH="45" HEIGHT="21" WC="0.88" CONTENT="till:"/><SP WIDTH="26" VPOS="528" HPOS="213"/>
							<String ID="string_105" HPOS="239" VPOS="528" WIDTH="42" HEIGHT="26" WC="0.88" CONTENT="1:0)"/><SP WIDTH="23" VPOS="528" HPOS="281"/>
							<String ID="string_106" HPOS="304" VPOS="527" WIDTH="124" HEIGHT="28" WC="0.96" CONTENT="förordning"/><SP WIDTH="22" VPOS="527" HPOS="428"/>
							<String ID="string_107" HPOS="450" VPOS="528" WIDTH="111" HEIGHT="26" WC="0.93" CONTENT="angående"/><SP WIDTH="23" VPOS="528" HPOS="561"/>
							<String ID="string_108" HPOS="584" VPOS="528" WIDTH="123" HEIGHT="21" WC="0.91" CONTENT="bekännare"/><SP WIDTH="16" VPOS="528" HPOS="707"/>
							<String ID="string_109" HPOS="723" VPOS="528" WIDTH="22" HEIGHT="21" WC="0.96" CONTENT="af"/><SP WIDTH="13" VPOS="528" HPOS="745"/>
							<String ID="string_110" HPOS="758" VPOS="528" WIDTH="132" HEIGHT="22" WC="0.93" CONTENT="främmande"/>
						</TextLine>
						<TextLine ID="line_13" HPOS="63" VPOS="556" WIDTH="827" HEIGHT="28">
							<String ID="string_111" HPOS="63" VPOS="556" WIDTH="83" HEIGHT="22" WC="0.93" CONTENT="kristen"/><SP WIDTH="22" VPOS="556" HPOS="146"/>
							<String ID="string_112" HPOS="168" VPOS="556" WIDTH="93" HEIGHT="22" WC="0.91" CONTENT="troslära"/><SP WIDTH="26" VPOS="556" HPOS="261"/>
							<String ID="string_113" HPOS="287" VPOS="556" WIDTH="7" HEIGHT="22" WC="0.96" CONTENT="i"/><SP WIDTH="24" VPOS="556" HPOS="294"/>
							<String ID="string_114" HPOS="318" VPOS="556" WIDTH="90" HEIGHT="22" WC="0.96" CONTENT="Finland"/><SP WIDTH="16" VPOS="556" HPOS="408"/>
							<String ID="string_115" HPOS="424" VPOS="556" WIDTH="40" HEIGHT="22" WC="0.96" CONTENT="och"/><SP WIDTH="16" VPOS="556" HPOS="464"/>
							<String ID="string_116" HPOS="480" VPOS="556" WIDTH="62" HEIGHT="22" WC="0.96" CONTENT="deras"/><SP WIDTH="16" VPOS="556" HPOS="542"/>
							<String ID="string_117" HPOS="558" VPOS="556" WIDTH="173" HEIGHT="28" WC="0.93" CONTENT="religionsfrihet,"/><SP WIDTH="16" VPOS="556" HPOS="731"/>
							<String ID="string_118" HPOS="747" VPOS="558" WIDTH="44" HEIGHT="24" WC="0.92" CONTENT="2:0)"/><SP WIDTH="16" VPOS="558" HPOS="791"/>
							<String ID="string_119" HPOS="807" VPOS="557" WIDTH="83" HEIGHT="21" WC="0.91" CONTENT="förord-"/>
						</TextLine>
						<TextLine ID="line_14" HPOS="63" VPOS="585" WIDTH="827" HEIGHT="27">
							<String ID="string_120" HPOS="63" VPOS="585" WIDTH="51" HEIGHT="27" WC="0.96" CONTENT="ning"/><SP WIDTH="24" VPOS="585" HPOS="114"/>
							<String ID="string_121" HPOS="138" VPOS="585" WIDTH="112" HEIGHT="27" WC="0.96" CONTENT="angående"/><SP WIDTH="25" VPOS="585" HPOS="250"/>
							<String ID="string_122" HPOS="275" VPOS="585" WIDTH="143" HEIGHT="22" WC="0.95" CONTENT="icke-kristna"/><SP WIDTH="22" VPOS="585" HPOS="418"/>
							<String ID="string_123" HPOS="440" VPOS="586" WIDTH="170" HEIGHT="21" WC="0.96" CONTENT="trosbekännare"/><SP WIDTH="24" VPOS="586" HPOS="610"/>
							<String ID="string_124" HPOS="634" VPOS="586" WIDTH="39" HEIGHT="21" WC="0.96" CONTENT="och"/><SP WIDTH="26" VPOS="586" HPOS="673"/>
							<String ID="string_125" HPOS="699" VPOS="586" WIDTH="48" HEIGHT="22" WC="0.92" CONTENT="dem"/><SP WIDTH="22" VPOS="586" HPOS="747"/>
							<String ID="string_126" HPOS="769" VPOS="586" WIDTH="121" HEIGHT="26" WC="0.87" CONTENT="medgifven"/>
						</TextLine>
						<TextLine ID="line_15" HPOS="63" VPOS="614" WIDTH="824" HEIGHT="27">
							<String ID="string_127" HPOS="63" VPOS="614" WIDTH="173" HEIGHT="27" WC="0.96" CONTENT="religionsfrihet,"/><SP WIDTH="21" VPOS="614" HPOS="236"/>
							<String ID="string_128" HPOS="257" VPOS="614" WIDTH="39" HEIGHT="21" WC="0.93" CONTENT="och"/><SP WIDTH="21" VPOS="614" HPOS="296"/>
							<String ID="string_129" HPOS="317" VPOS="614" WIDTH="43" HEIGHT="26" WC="0.91" CONTENT="3:0)"/><SP WIDTH="20" VPOS="614" HPOS="360"/>
							<String ID="string_130" HPOS="380" VPOS="614" WIDTH="124" HEIGHT="27" WC="0.96" CONTENT="förordning"/><SP WIDTH="16" VPOS="614" HPOS="504"/>
							<String ID="string_131" HPOS="520" VPOS="621" WIDTH="34" HEIGHT="15" WC="0.96" CONTENT="om"/><SP WIDTH="17" VPOS="621" HPOS="554"/>
							<String ID="string_132" HPOS="571" VPOS="621" WIDTH="77" HEIGHT="15" WC="0.96" CONTENT="ansvar"/><SP WIDTH="15" VPOS="621" HPOS="648"/>
							<String ID="string_133" HPOS="663" VPOS="614" WIDTH="33" HEIGHT="22" WC="0.96" CONTENT="för"/><SP WIDTH="14" VPOS="614" HPOS="696"/>
							<String ID="string_134" HPOS="710" VPOS="615" WIDTH="41" HEIGHT="21" WC="0.96" CONTENT="den"/><SP WIDTH="11" VPOS="615" HPOS="751"/>
							<String ID="string_135" HPOS="762" VPOS="621" WIDTH="46" HEIGHT="15" WC="0.93" CONTENT="som"/><SP WIDTH="11" VPOS="621" HPOS="808"/>
							<String ID="string_136" HPOS="819" VPOS="614" WIDTH="68" HEIGHT="22" WC="0.91" CONTENT="olofli-"/>
						</TextLine>
						<TextLine ID="line_16" HPOS="64" VPOS="642" WIDTH="751" HEIGHT="28">
							<String ID="string_137" HPOS="64" VPOS="649" WIDTH="41" HEIGHT="21" WC="0.96" CONTENT="gen"/><SP WIDTH="15" VPOS="649" HPOS="105"/>
							<String ID="string_138" HPOS="120" VPOS="642" WIDTH="79" HEIGHT="22" WC="0.96" CONTENT="förmår"/><SP WIDTH="14" VPOS="642" HPOS="199"/>
							<String ID="string_139" HPOS="213" VPOS="643" WIDTH="72" HEIGHT="27" WC="0.96" CONTENT="någon"/><SP WIDTH="15" VPOS="643" HPOS="285"/>
							<String ID="string_140" HPOS="300" VPOS="643" WIDTH="32" HEIGHT="21" WC="0.93" CONTENT="till"/><SP WIDTH="16" VPOS="643" HPOS="332"/>
							<String ID="string_141" HPOS="348" VPOS="643" WIDTH="115" HEIGHT="27" WC="0.91" CONTENT="öfvergång"/><SP WIDTH="15" VPOS="643" HPOS="463"/>
							<String ID="string_142" HPOS="478" VPOS="643" WIDTH="47" HEIGHT="21" WC="0.96" CONTENT="från"/><SP WIDTH="17" VPOS="643" HPOS="525"/>
							<String ID="string_143" HPOS="542" VPOS="649" WIDTH="26" HEIGHT="16" WC="0.93" CONTENT="en"/><SP WIDTH="16" VPOS="649" HPOS="568"/>
							<String ID="string_144" HPOS="584" VPOS="643" WIDTH="93" HEIGHT="22" WC="0.90" CONTENT="troslära"/><SP WIDTH="14" VPOS="643" HPOS="677"/>
							<String ID="string_145" HPOS="691" VPOS="643" WIDTH="33" HEIGHT="21" WC="0.96" CONTENT="till"/><SP WIDTH="15" VPOS="643" HPOS="724"/>
							<String ID="string_146" HPOS="739" VPOS="649" WIDTH="76" HEIGHT="16" WC="0.96" CONTENT="annan."/>
						</TextLine>
					</TextBlock>
					<TextBlock ID="block_3" HPOS="64" VPOS="671" WIDTH="830" HEIGHT="432">
						<TextLine ID="line_17" HPOS="133" VPOS="671" WIDTH="758" HEIGHT="23">
							<String ID="string_147" HPOS="133" VPOS="671" WIDTH="10" HEIGHT="22" WC="0.96" CONTENT="I"/><SP WIDTH="21" VPOS="671" HPOS="143"/>
							<String ID="string_148" HPOS="164" VPOS="672" WIDTH="93" HEIGHT="21" WC="0.95" CONTENT="nämnda"/><SP WIDTH="23" VPOS="672" HPOS="257"/>
							<String ID="string_149" HPOS="280" VPOS="671" WIDTH="101" HEIGHT="22" WC="0.95" CONTENT="afseende"/><SP WIDTH="23" VPOS="671" HPOS="381"/>
							<String ID="string_150" HPOS="404" VPOS="672" WIDTH="72" HEIGHT="21" WC="0.96" CONTENT="anhöll"/><SP WIDTH="22" VPOS="672" HPOS="476"/>
							<String ID="string_151" HPOS="498" VPOS="672" WIDTH="51" HEIGHT="22" WC="0.93" CONTENT="herr"/><SP WIDTH="22" VPOS="672" HPOS="549"/>
							<String ID="string_152" HPOS="571" VPOS="672" WIDTH="137" HEIGHT="22" WC="0.91" CONTENT="Mechelin"/><SP WIDTH="16" VPOS="672" HPOS="708"/>
							<String ID="string_153" HPOS="724" VPOS="678" WIDTH="33" HEIGHT="16" WC="0.95" CONTENT="om"/><SP WIDTH="16" VPOS="678" HPOS="757"/>
							<String ID="string_154" HPOS="773" VPOS="672" WIDTH="63" HEIGHT="22" WC="0.95" CONTENT="ordet"/><SP WIDTH="15" VPOS="672" HPOS="836"/>
							<String ID="string_155" HPOS="851" VPOS="672" WIDTH="40" HEIGHT="21" WC="0.96" CONTENT="och"/>
						</TextLine>
						<TextLine ID="line_18" HPOS="64" VPOS="700" WIDTH="826" HEIGHT="28">
							<String ID="string_156" HPOS="64" VPOS="700" WIDTH="96" HEIGHT="28" WC="0.96" CONTENT="yttrade:"/><SP WIDTH="11" VPOS="700" HPOS="160"/>
							<String ID="string_157" HPOS="171" VPOS="701" WIDTH="34" HEIGHT="21" WC="0.96" CONTENT="Då"/><SP WIDTH="11" VPOS="701" HPOS="205"/>
							<String ID="string_158" HPOS="216" VPOS="700" WIDTH="141" HEIGHT="23" WC="0.96" CONTENT="förevarande"/><SP WIDTH="10" VPOS="700" HPOS="357"/>
							<String ID="string_159" HPOS="367" VPOS="701" WIDTH="80" HEIGHT="27" WC="0.96" CONTENT="nådiga"/><SP WIDTH="10" VPOS="701" HPOS="447"/>
							<String ID="string_160" HPOS="457" VPOS="701" WIDTH="136" HEIGHT="27" WC="0.96" CONTENT="proposition"/><SP WIDTH="10" VPOS="701" HPOS="593"/>
							<String ID="string_161" HPOS="603" VPOS="701" WIDTH="68" HEIGHT="27" WC="0.96" CONTENT="gäller"/><SP WIDTH="10" VPOS="701" HPOS="671"/>
							<String ID="string_162" HPOS="681" VPOS="701" WIDTH="89" HEIGHT="27" WC="0.96" CONTENT="ändring"/><SP WIDTH="11" VPOS="701" HPOS="770"/>
							<String ID="string_163" HPOS="781" VPOS="701" WIDTH="22" HEIGHT="21" WC="0.93" CONTENT="af"/><SP WIDTH="8" VPOS="701" HPOS="803"/>
							<String ID="string_164" HPOS="811" VPOS="701" WIDTH="79" HEIGHT="27" WC="0.91" CONTENT="grund-"/>
						</TextLine>
						<TextLine ID="line_19" HPOS="64" VPOS="729" WIDTH="827" HEIGHT="28">
							<String ID="string_165" HPOS="64" VPOS="730" WIDTH="41" HEIGHT="27" WC="0.95" CONTENT="lag,"/><SP WIDTH="26" VPOS="730" HPOS="105"/>
							<String ID="string_166" HPOS="131" VPOS="729" WIDTH="25" HEIGHT="22" WC="0.95" CONTENT="så"/><SP WIDTH="21" VPOS="729" HPOS="156"/>
							<String ID="string_167" HPOS="177" VPOS="729" WIDTH="69" HEIGHT="22" WC="0.95" CONTENT="borde"/><SP WIDTH="23" VPOS="729" HPOS="246"/>
							<String ID="string_168" HPOS="269" VPOS="729" WIDTH="41" HEIGHT="22" WC="0.96" CONTENT="den"/><SP WIDTH="22" VPOS="729" HPOS="310"/>
							<String ID="string_169" HPOS="332" VPOS="729" WIDTH="103" HEIGHT="28" WC="0.96" CONTENT="tydligen,"/><SP WIDTH="17" VPOS="729" HPOS="435"/>
							<String ID="string_170" HPOS="452" VPOS="730" WIDTH="67" HEIGHT="27" WC="0.93" CONTENT="enligt"/><SP WIDTH="21" VPOS="730" HPOS="519"/>
							<String ID="string_171" HPOS="540" VPOS="730" WIDTH="10" HEIGHT="26" WC="0.88" CONTENT="$"/><SP WIDTH="23" VPOS="730" HPOS="550"/>
							<String ID="string_172" HPOS="573" VPOS="732" WIDTH="26" HEIGHT="20" WC="0.96" CONTENT="34"/><SP WIDTH="20" VPOS="732" HPOS="599"/>
							<String ID="string_173" HPOS="619" VPOS="730" WIDTH="7" HEIGHT="21" WC="0.93" CONTENT="i"/><SP WIDTH="15" VPOS="730" HPOS="626"/>
							<String ID="string_174" HPOS="641" VPOS="730" WIDTH="250" HEIGHT="27" WC="0.91" CONTENT="Landtdagsordningen,"/>
						</TextLine>
						<TextLine ID="line_20" HPOS="64" VPOS="758" WIDTH="826" HEIGHT="28">
							<String ID="string_175" HPOS="64" VPOS="758" WIDTH="123" HEIGHT="22" WC="0.96" CONTENT="remitteras"/><SP WIDTH="22" VPOS="758" HPOS="187"/>
							<String ID="string_176" HPOS="209" VPOS="758" WIDTH="32" HEIGHT="21" WC="0.91" CONTENT="till"/><SP WIDTH="20" VPOS="758" HPOS="241"/>
							<String ID="string_177" HPOS="261" VPOS="758" WIDTH="161" HEIGHT="27" WC="0.91" CONTENT="Lagutskottet."/><SP WIDTH="30" VPOS="758" HPOS="422"/>
							<String ID="string_178" HPOS="452" VPOS="759" WIDTH="43" HEIGHT="21" WC="0.96" CONTENT="Det"/><SP WIDTH="20" VPOS="759" HPOS="495"/>
							<String ID="string_179" HPOS="515" VPOS="759" WIDTH="72" HEIGHT="21" WC="0.96" CONTENT="kunde"/><SP WIDTH="15" VPOS="759" HPOS="587"/>
							<String ID="string_180" HPOS="602" VPOS="759" WIDTH="127" HEIGHT="27" WC="0.96" CONTENT="visserligen"/><SP WIDTH="14" VPOS="759" HPOS="729"/>
							<String ID="string_181" HPOS="743" VPOS="758" WIDTH="147" HEIGHT="28" WC="0.96" CONTENT="ifrågasättas,"/>
						</TextLine>
						<TextLine ID="line_21" HPOS="64" VPOS="787" WIDTH="827" HEIGHT="22">
							<String ID="string_182" HPOS="64" VPOS="787" WIDTH="106" HEIGHT="22" WC="0.96" CONTENT="huruvida"/><SP WIDTH="21" VPOS="787" HPOS="170"/>
							<String ID="string_183" HPOS="191" VPOS="787" WIDTH="48" HEIGHT="22" WC="0.96" CONTENT="icke"/><SP WIDTH="18" VPOS="787" HPOS="239"/>
							<String ID="string_184" HPOS="257" VPOS="789" WIDTH="33" HEIGHT="20" WC="0.96" CONTENT="ett"/><SP WIDTH="18" VPOS="789" HPOS="290"/>
							<String ID="string_185" HPOS="308" VPOS="787" WIDTH="103" HEIGHT="22" WC="0.96" CONTENT="särskildt"/><SP WIDTH="18" VPOS="787" HPOS="411"/>
							<String ID="string_186" HPOS="429" VPOS="787" WIDTH="87" HEIGHT="22" WC="0.96" CONTENT="utskott"/><SP WIDTH="18" VPOS="787" HPOS="516"/>
							<String ID="string_187" HPOS="534" VPOS="787" WIDTH="33" HEIGHT="22" WC="0.96" CONTENT="för"/><SP WIDTH="16" VPOS="787" HPOS="567"/>
							<String ID="string_188" HPOS="583" VPOS="788" WIDTH="123" HEIGHT="21" WC="0.96" CONTENT="ändamålet"/><SP WIDTH="15" VPOS="788" HPOS="706"/>
							<String ID="string_189" HPOS="721" VPOS="794" WIDTH="50" HEIGHT="15" WC="0.92" CONTENT="vore"/><SP WIDTH="16" VPOS="794" HPOS="771"/>
							<String ID="string_190" HPOS="787" VPOS="787" WIDTH="104" HEIGHT="22" WC="0.92" CONTENT="erforder-"/>
						</TextLine>
						<TextLine ID="line_22" HPOS="65" VPOS="816" WIDTH="827" HEIGHT="28">
							<String ID="string_191" HPOS="65" VPOS="816" WIDTH="46" HEIGHT="27" WC="0.96" CONTENT="ligt,"/><SP WIDTH="24" VPOS="816" HPOS="111"/>
							<String ID="string_192" HPOS="135" VPOS="816" WIDTH="29" HEIGHT="21" WC="0.96" CONTENT="då"/><SP WIDTH="23" VPOS="816" HPOS="164"/>
							<String ID="string_193" HPOS="187" VPOS="816" WIDTH="37" HEIGHT="21" WC="0.96" CONTENT="det"/><SP WIDTH="23" VPOS="816" HPOS="224"/>
							<String ID="string_194" HPOS="247" VPOS="818" WIDTH="23" HEIGHT="19" WC="0.96" CONTENT="är"/><SP WIDTH="13" VPOS="818" HPOS="270"/>
							<String ID="string_195" HPOS="283" VPOS="823" WIDTH="27" HEIGHT="15" WC="0.96" CONTENT="en"/><SP WIDTH="15" VPOS="823" HPOS="310"/>
							<String ID="string_196" HPOS="325" VPOS="816" WIDTH="93" HEIGHT="21" WC="0.96" CONTENT="särskild"/><SP WIDTH="15" VPOS="816" HPOS="418"/>
							<String ID="string_197" HPOS="433" VPOS="823" WIDTH="68" HEIGHT="20" WC="0.96" CONTENT="grupp"/><SP WIDTH="17" VPOS="823" HPOS="501"/>
							<String ID="string_198" HPOS="518" VPOS="816" WIDTH="23" HEIGHT="22" WC="0.96" CONTENT="af"/><SP WIDTH="13" VPOS="816" HPOS="541"/>
							<String ID="string_199" HPOS="554" VPOS="816" WIDTH="140" HEIGHT="28" WC="0.96" CONTENT="lagstiftning,"/><SP WIDTH="17" VPOS="816" HPOS="694"/>
							<String ID="string_200" HPOS="711" VPOS="823" WIDTH="46" HEIGHT="15" WC="0.96" CONTENT="som"/><SP WIDTH="16" VPOS="823" HPOS="757"/>
							<String ID="string_201" HPOS="773" VPOS="816" WIDTH="38" HEIGHT="22" WC="0.96" CONTENT="det"/><SP WIDTH="14" VPOS="816" HPOS="811"/>
							<String ID="string_202" HPOS="825" VPOS="816" WIDTH="67" HEIGHT="27" WC="0.96" CONTENT="gäller"/>
						</TextLine>
						<TextLine ID="line_23" HPOS="66" VPOS="845" WIDTH="826" HEIGHT="28">
							<String ID="string_203" HPOS="66" VPOS="847" WIDTH="33" HEIGHT="19" WC="0.95" CONTENT="att"/><SP WIDTH="21" VPOS="847" HPOS="99"/>
							<String ID="string_204" HPOS="120" VPOS="845" WIDTH="40" HEIGHT="22" WC="0.96" CONTENT="här"/><SP WIDTH="23" VPOS="845" HPOS="160"/>
							<String ID="string_205" HPOS="183" VPOS="846" WIDTH="52" HEIGHT="26" WC="0.95" CONTENT="taga"/><SP WIDTH="21" VPOS="846" HPOS="235"/>
							<String ID="string_206" HPOS="256" VPOS="845" WIDTH="8" HEIGHT="21" WC="0.93" CONTENT="i"/><SP WIDTH="15" VPOS="845" HPOS="264"/>
							<String ID="string_207" HPOS="279" VPOS="845" WIDTH="161" HEIGHT="27" WC="0.91" CONTENT="öfvervägande."/><SP WIDTH="31" VPOS="845" HPOS="440"/>
							<String ID="string_208" HPOS="471" VPOS="845" WIDTH="73" HEIGHT="22" WC="0.85" CONTENT="Också"/><SP WIDTH="13" VPOS="845" HPOS="544"/>
							<String ID="string_209" HPOS="557" VPOS="847" WIDTH="65" HEIGHT="25" WC="0.92" CONTENT="utgör"/><SP WIDTH="15" VPOS="847" HPOS="622"/>
							<String ID="string_210" HPOS="637" VPOS="845" WIDTH="255" HEIGHT="28" WC="0.91" CONTENT="Landtdagsordningens"/>
						</TextLine>
						<TextLine ID="line_24" HPOS="66" VPOS="873" WIDTH="826" HEIGHT="29">
							<String ID="string_211" HPOS="66" VPOS="874" WIDTH="119" HEIGHT="27" WC="0.96" CONTENT="stadgande"/><SP WIDTH="22" VPOS="874" HPOS="185"/>
							<String ID="string_212" HPOS="207" VPOS="874" WIDTH="7" HEIGHT="21" WC="0.96" CONTENT="i"/><SP WIDTH="17" VPOS="874" HPOS="214"/>
							<String ID="string_213" HPOS="231" VPOS="876" WIDTH="26" HEIGHT="20" WC="0.92" CONTENT="30"/><SP WIDTH="16" VPOS="876" HPOS="257"/>
							<String ID="string_214" HPOS="273" VPOS="873" WIDTH="10" HEIGHT="29" WC="0.89" CONTENT="$"/><SP WIDTH="16" VPOS="873" HPOS="283"/>
							<String ID="string_215" HPOS="299" VPOS="874" WIDTH="112" HEIGHT="27" WC="0.96" CONTENT="angående"/><SP WIDTH="17" VPOS="874" HPOS="411"/>
							<String ID="string_216" HPOS="428" VPOS="874" WIDTH="103" HEIGHT="22" WC="0.96" CONTENT="särskildt"/><SP WIDTH="16" VPOS="874" HPOS="531"/>
							<String ID="string_217" HPOS="547" VPOS="875" WIDTH="86" HEIGHT="21" WC="0.96" CONTENT="utskott"/><SP WIDTH="14" VPOS="875" HPOS="633"/>
							<String ID="string_218" HPOS="647" VPOS="875" WIDTH="48" HEIGHT="21" WC="0.96" CONTENT="icke"/><SP WIDTH="15" VPOS="875" HPOS="695"/>
							<String ID="string_219" HPOS="710" VPOS="874" WIDTH="76" HEIGHT="22" WC="0.95" CONTENT="hinder"/><SP WIDTH="14" VPOS="874" HPOS="786"/>
							<String ID="string_220" HPOS="800" VPOS="873" WIDTH="33" HEIGHT="23" WC="0.93" CONTENT="för"/><SP WIDTH="16" VPOS="873" HPOS="833"/>
							<String ID="string_221" HPOS="849" VPOS="874" WIDTH="43" HEIGHT="22" WC="0.92" CONTENT="till-"/>
						</TextLine>
						<TextLine ID="line_25" HPOS="67" VPOS="902" WIDTH="825" HEIGHT="29">
							<String ID="string_222" HPOS="67" VPOS="903" WIDTH="102" HEIGHT="21" WC="0.92" CONTENT="sättande"/><SP WIDTH="20" VPOS="903" HPOS="169"/>
							<String ID="string_223" HPOS="189" VPOS="902" WIDTH="23" HEIGHT="22" WC="0.96" CONTENT="af"/><SP WIDTH="17" VPOS="902" HPOS="212"/>
							<String ID="string_224" HPOS="229" VPOS="903" WIDTH="78" HEIGHT="21" WC="0.96" CONTENT="sådant"/><SP WIDTH="15" VPOS="903" HPOS="307"/>
							<String ID="string_225" HPOS="322" VPOS="903" WIDTH="103" HEIGHT="21" WC="0.96" CONTENT="särskildt"/><SP WIDTH="14" VPOS="903" HPOS="425"/>
							<String ID="string_226" HPOS="439" VPOS="903" WIDTH="87" HEIGHT="22" WC="0.96" CONTENT="utskott"/><SP WIDTH="15" VPOS="903" HPOS="526"/>
							<String ID="string_227" HPOS="541" VPOS="903" WIDTH="63" HEIGHT="23" WC="0.96" CONTENT="äfven"/><SP WIDTH="15" VPOS="903" HPOS="604"/>
							<String ID="string_228" HPOS="619" VPOS="903" WIDTH="33" HEIGHT="23" WC="0.96" CONTENT="för"/><SP WIDTH="15" VPOS="903" HPOS="652"/>
							<String ID="string_229" HPOS="667" VPOS="903" WIDTH="82" HEIGHT="22" WC="0.93" CONTENT="sådana"/><SP WIDTH="13" VPOS="903" HPOS="749"/>
							<String ID="string_230" HPOS="762" VPOS="903" WIDTH="130" HEIGHT="28" WC="0.91" CONTENT="propositio-"/>
						</TextLine>
						<TextLine ID="line_26" HPOS="66" VPOS="931" WIDTH="827" HEIGHT="29">
							<String ID="string_231" HPOS="66" VPOS="938" WIDTH="44" HEIGHT="20" WC="0.96" CONTENT="ner,"/><SP WIDTH="21" VPOS="938" HPOS="110"/>
							<String ID="string_232" HPOS="131" VPOS="938" WIDTH="46" HEIGHT="16" WC="0.96" CONTENT="som"/><SP WIDTH="18" VPOS="938" HPOS="177"/>
							<String ID="string_233" HPOS="195" VPOS="932" WIDTH="108" HEIGHT="22" WC="0.96" CONTENT="innehålla"/><SP WIDTH="14" VPOS="932" HPOS="303"/>
							<String ID="string_234" HPOS="317" VPOS="932" WIDTH="91" HEIGHT="27" WC="0.96" CONTENT="ändring"/><SP WIDTH="15" VPOS="932" HPOS="408"/>
							<String ID="string_235" HPOS="423" VPOS="931" WIDTH="24" HEIGHT="23" WC="0.96" CONTENT="af"/><SP WIDTH="12" VPOS="931" HPOS="447"/>
							<String ID="string_236" HPOS="459" VPOS="932" WIDTH="107" HEIGHT="28" WC="0.96" CONTENT="grundlag"/><SP WIDTH="15" VPOS="932" HPOS="566"/>
							<String ID="string_237" HPOS="581" VPOS="932" WIDTH="41" HEIGHT="22" WC="0.95" CONTENT="och"/><SP WIDTH="15" VPOS="932" HPOS="622"/>
							<String ID="string_238" HPOS="637" VPOS="932" WIDTH="127" HEIGHT="28" WC="0.95" CONTENT="privilegier,"/><SP WIDTH="17" VPOS="932" HPOS="764"/>
							<String ID="string_239" HPOS="781" VPOS="938" WIDTH="48" HEIGHT="16" WC="0.96" CONTENT="men"/><SP WIDTH="15" VPOS="938" HPOS="829"/>
							<String ID="string_240" HPOS="844" VPOS="932" WIDTH="49" HEIGHT="22" WC="0.95" CONTENT="med"/>
						</TextLine>
						<TextLine ID="line_27" HPOS="67" VPOS="960" WIDTH="827" HEIGHT="28">
							<String ID="string_241" HPOS="67" VPOS="960" WIDTH="102" HEIGHT="22" WC="0.93" CONTENT="afseende"/><SP WIDTH="26" VPOS="960" HPOS="169"/>
							<String ID="string_242" HPOS="195" VPOS="961" WIDTH="13" HEIGHT="21" WC="0.91" CONTENT="å"/><SP WIDTH="24" VPOS="961" HPOS="208"/>
							<String ID="string_243" HPOS="232" VPOS="961" WIDTH="166" HEIGHT="27" WC="0.90" CONTENT="Lagutskottets"/><SP WIDTH="25" VPOS="961" HPOS="398"/>
							<String ID="string_244" HPOS="423" VPOS="961" WIDTH="124" HEIGHT="22" WC="0.96" CONTENT="nuvarande"/><SP WIDTH="25" VPOS="961" HPOS="547"/>
							<String ID="string_245" HPOS="572" VPOS="962" WIDTH="191" HEIGHT="26" WC="0.95" CONTENT="sammansättning"/><SP WIDTH="26" VPOS="962" HPOS="763"/>
							<String ID="string_246" HPOS="789" VPOS="961" WIDTH="39" HEIGHT="21" WC="0.96" CONTENT="och"/><SP WIDTH="25" VPOS="961" HPOS="828"/>
							<String ID="string_247" HPOS="853" VPOS="961" WIDTH="41" HEIGHT="21" WC="0.96" CONTENT="den"/>
						</TextLine>
						<TextLine ID="line_28" HPOS="68" VPOS="989" WIDTH="826" HEIGHT="28">
							<String ID="string_248" HPOS="68" VPOS="989" WIDTH="108" HEIGHT="22" WC="0.95" CONTENT="sannolikt"/><SP WIDTH="15" VPOS="989" HPOS="176"/>
							<String ID="string_249" HPOS="191" VPOS="991" WIDTH="59" HEIGHT="20" WC="0.96" CONTENT="stora"/><SP WIDTH="15" VPOS="991" HPOS="250"/>
							<String ID="string_250" HPOS="265" VPOS="990" WIDTH="138" HEIGHT="26" WC="0.96" CONTENT="svårigheten"/><SP WIDTH="16" VPOS="990" HPOS="403"/>
							<String ID="string_251" HPOS="419" VPOS="991" WIDTH="32" HEIGHT="20" WC="0.96" CONTENT="att"/><SP WIDTH="16" VPOS="991" HPOS="451"/>
							<String ID="string_252" HPOS="467" VPOS="990" WIDTH="150" HEIGHT="22" WC="0.95" CONTENT="åstadkomma"/><SP WIDTH="14" VPOS="990" HPOS="617"/>
							<String ID="string_253" HPOS="631" VPOS="991" WIDTH="32" HEIGHT="21" WC="0.96" CONTENT="ett"/><SP WIDTH="14" VPOS="991" HPOS="663"/>
							<String ID="string_254" HPOS="677" VPOS="990" WIDTH="45" HEIGHT="22" WC="0.96" CONTENT="lika"/><SP WIDTH="13" VPOS="990" HPOS="722"/>
							<String ID="string_255" HPOS="735" VPOS="990" WIDTH="98" HEIGHT="27" WC="0.93" CONTENT="lämpligt"/><SP WIDTH="16" VPOS="990" HPOS="833"/>
							<String ID="string_256" HPOS="849" VPOS="992" WIDTH="45" HEIGHT="19" WC="0.92" CONTENT="sär-"/>
						</TextLine>
						<TextLine ID="line_29" HPOS="68" VPOS="1018" WIDTH="826" HEIGHT="28">
							<String ID="string_257" HPOS="68" VPOS="1018" WIDTH="67" HEIGHT="22" WC="0.91" CONTENT="skildt"/><SP WIDTH="21" VPOS="1018" HPOS="135"/>
							<String ID="string_258" HPOS="156" VPOS="1018" WIDTH="87" HEIGHT="22" WC="0.96" CONTENT="utskott"/><SP WIDTH="18" VPOS="1018" HPOS="243"/>
							<String ID="string_259" HPOS="261" VPOS="1018" WIDTH="32" HEIGHT="22" WC="0.96" CONTENT="för"/><SP WIDTH="15" VPOS="1018" HPOS="293"/>
							<String ID="string_260" HPOS="308" VPOS="1018" WIDTH="70" HEIGHT="22" WC="0.93" CONTENT="denna"/><SP WIDTH="14" VPOS="1018" HPOS="378"/>
							<String ID="string_261" HPOS="392" VPOS="1018" WIDTH="81" HEIGHT="27" WC="0.90" CONTENT="vigtiga"/><SP WIDTH="15" VPOS="1018" HPOS="473"/>
							<String ID="string_262" HPOS="488" VPOS="1018" WIDTH="66" HEIGHT="28" WC="0.96" CONTENT="fråga,"/><SP WIDTH="17" VPOS="1018" HPOS="554"/>
							<String ID="string_263" HPOS="571" VPOS="1018" WIDTH="70" HEIGHT="22" WC="0.96" CONTENT="skulle"/><SP WIDTH="14" VPOS="1018" HPOS="641"/>
							<String ID="string_264" HPOS="655" VPOS="1019" WIDTH="37" HEIGHT="27" WC="0.96" CONTENT="jag"/><SP WIDTH="15" VPOS="1019" HPOS="692"/>
							<String ID="string_265" HPOS="707" VPOS="1019" WIDTH="27" HEIGHT="21" WC="0.96" CONTENT="be"/><SP WIDTH="16" VPOS="1019" HPOS="734"/>
							<String ID="string_266" HPOS="750" VPOS="1020" WIDTH="38" HEIGHT="25" WC="0.92" CONTENT="att,"/><SP WIDTH="17" VPOS="1020" HPOS="788"/>
							<String ID="string_267" HPOS="805" VPOS="1018" WIDTH="89" HEIGHT="22" WC="0.90" CONTENT="oaktadt"/>
						</TextLine>
						<TextLine ID="line_30" HPOS="69" VPOS="1046" WIDTH="825" HEIGHT="29">
							<String ID="string_268" HPOS="69" VPOS="1046" WIDTH="156" HEIGHT="28" WC="0.92" CONTENT="Lagutskottet"/><SP WIDTH="21" VPOS="1046" HPOS="225"/>
							<String ID="string_269" HPOS="246" VPOS="1047" WIDTH="39" HEIGHT="22" WC="0.96" CONTENT="har"/><SP WIDTH="22" VPOS="1047" HPOS="285"/>
							<String ID="string_270" HPOS="307" VPOS="1047" WIDTH="96" HEIGHT="22" WC="0.96" CONTENT="särdeles"/><SP WIDTH="20" VPOS="1047" HPOS="403"/>
							<String ID="string_271" HPOS="423" VPOS="1047" WIDTH="87" HEIGHT="27" WC="0.96" CONTENT="mycket"/><SP WIDTH="18" VPOS="1047" HPOS="510"/>
							<String ID="string_272" HPOS="528" VPOS="1048" WIDTH="95" HEIGHT="22" WC="0.96" CONTENT="ärenden"/><SP WIDTH="19" VPOS="1048" HPOS="623"/>
							<String ID="string_273" HPOS="642" VPOS="1048" WIDTH="29" HEIGHT="27" WC="0.96" CONTENT="på"/><SP WIDTH="15" VPOS="1048" HPOS="671"/>
							<String ID="string_274" HPOS="686" VPOS="1048" WIDTH="33" HEIGHT="26" WC="0.96" CONTENT="sig"/><SP WIDTH="14" VPOS="1048" HPOS="719"/>
							<String ID="string_275" HPOS="733" VPOS="1047" WIDTH="123" HEIGHT="27" WC="0.96" CONTENT="hänvisade,"/><SP WIDTH="16" VPOS="1047" HPOS="856"/>
							<String ID="string_276" HPOS="872" VPOS="1047" WIDTH="22" HEIGHT="22" WC="0.96" CONTENT="få"/>
						</TextLine>
						<TextLine ID="line_31" HPOS="67" VPOS="1075" WIDTH="402" HEIGHT="28">
							<String ID="string_277" HPOS="67" VPOS="1075" WIDTH="86" HEIGHT="23" WC="0.96" CONTENT="förorda"/><SP WIDTH="16" VPOS="1075" HPOS="153"/>
							<String ID="string_278" HPOS="169" VPOS="1076" WIDTH="76" HEIGHT="22" WC="0.96" CONTENT="remiss"/><SP WIDTH="15" VPOS="1076" HPOS="245"/>
							<String ID="string_279" HPOS="260" VPOS="1076" WIDTH="33" HEIGHT="21" WC="0.93" CONTENT="till"/><SP WIDTH="15" VPOS="1076" HPOS="293"/>
							<String ID="string_280" HPOS="308" VPOS="1076" WIDTH="161" HEIGHT="27" WC="0.92" CONTENT="Lagutskottet."/>
						</TextLine>
					</TextBlock>
					<TextBlock ID="block_4" HPOS="68" VPOS="1104" WIDTH="827" HEIGHT="114">
						<TextLine ID="line_32" HPOS="137" VPOS="1104" WIDTH="757" HEIGHT="28">
							<String ID="string_281" HPOS="137" VPOS="1104" WIDTH="72" HEIGHT="22" WC="0.96" CONTENT="Sedan"/><SP WIDTH="22" VPOS="1104" HPOS="209"/>
							<String ID="string_282" HPOS="231" VPOS="1104" WIDTH="151" HEIGHT="22" WC="0.96" CONTENT="diskussionen"/><SP WIDTH="21" VPOS="1104" HPOS="382"/>
							<String ID="string_283" HPOS="403" VPOS="1104" WIDTH="8" HEIGHT="22" WC="0.96" CONTENT="i"/><SP WIDTH="19" VPOS="1104" HPOS="411"/>
							<String ID="string_284" HPOS="430" VPOS="1104" WIDTH="71" HEIGHT="22" WC="0.96" CONTENT="denna"/><SP WIDTH="19" VPOS="1104" HPOS="501"/>
							<String ID="string_285" HPOS="520" VPOS="1104" WIDTH="67" HEIGHT="28" WC="0.96" CONTENT="fråga,"/><SP WIDTH="26" VPOS="1104" HPOS="587"/>
							<String ID="string_286" HPOS="613" VPOS="1105" WIDTH="110" HEIGHT="27" WC="0.92" CONTENT="angående"/><SP WIDTH="16" VPOS="1105" HPOS="723"/>
							<String ID="string_287" HPOS="739" VPOS="1104" WIDTH="91" HEIGHT="22" WC="0.92" CONTENT="allenast"/><SP WIDTH="16" VPOS="1104" HPOS="830"/>
							<String ID="string_288" HPOS="846" VPOS="1105" WIDTH="48" HEIGHT="21" WC="0.96" CONTENT="dess"/>
						</TextLine>
						<TextLine ID="line_33" HPOS="68" VPOS="1132" WIDTH="826" HEIGHT="29">
							<String ID="string_289" HPOS="68" VPOS="1133" WIDTH="76" HEIGHT="22" WC="0.96" CONTENT="remiss"/><SP WIDTH="16" VPOS="1133" HPOS="144"/>
							<String ID="string_290" HPOS="160" VPOS="1133" WIDTH="33" HEIGHT="22" WC="0.96" CONTENT="till"/><SP WIDTH="14" VPOS="1133" HPOS="193"/>
							<String ID="string_291" HPOS="207" VPOS="1134" WIDTH="93" HEIGHT="26" WC="0.93" CONTENT="utskott,"/><SP WIDTH="15" VPOS="1134" HPOS="300"/>
							<String ID="string_292" HPOS="315" VPOS="1133" WIDTH="107" HEIGHT="27" WC="0.90" CONTENT="afslutats,"/><SP WIDTH="16" VPOS="1133" HPOS="422"/>
							<String ID="string_293" HPOS="438" VPOS="1132" WIDTH="48" HEIGHT="23" WC="0.93" CONTENT="blef"/><SP WIDTH="13" VPOS="1132" HPOS="486"/>
							<String ID="string_294" HPOS="499" VPOS="1134" WIDTH="106" HEIGHT="26" WC="0.91" CONTENT="ståndets,"/><SP WIDTH="16" VPOS="1134" HPOS="605"/>
							<String ID="string_295" HPOS="621" VPOS="1134" WIDTH="29" HEIGHT="27" WC="0.96" CONTENT="på"/><SP WIDTH="10" VPOS="1134" HPOS="650"/>
							<String ID="string_296" HPOS="660" VPOS="1134" WIDTH="49" HEIGHT="22" WC="0.93" CONTENT="herr"/><SP WIDTH="10" VPOS="1134" HPOS="709"/>
							<String ID="string_297" HPOS="719" VPOS="1134" WIDTH="175" HEIGHT="21" WC="0.92" CONTENT="Landtmarskal-"/>
						</TextLine>
						<TextLine ID="line_34" HPOS="68" VPOS="1161" WIDTH="827" HEIGHT="29">
							<String ID="string_298" HPOS="68" VPOS="1162" WIDTH="54" HEIGHT="22" WC="0.95" CONTENT="kens"/><SP WIDTH="22" VPOS="1162" HPOS="122"/>
							<String ID="string_299" HPOS="144" VPOS="1161" WIDTH="162" HEIGHT="29" WC="0.96" CONTENT="framställning,"/><SP WIDTH="24" VPOS="1161" HPOS="306"/>
							<String ID="string_300" HPOS="330" VPOS="1162" WIDTH="83" HEIGHT="22" WC="0.96" CONTENT="fattade"/><SP WIDTH="20" VPOS="1162" HPOS="413"/>
							<String ID="string_301" HPOS="433" VPOS="1162" WIDTH="79" HEIGHT="26" WC="0.96" CONTENT="beslut,"/><SP WIDTH="13" VPOS="1162" HPOS="512"/>
							<String ID="string_302" HPOS="525" VPOS="1164" WIDTH="37" HEIGHT="20" WC="0.96" CONTENT="att"/><SP WIDTH="15" VPOS="1164" HPOS="562"/>
							<String ID="string_303" HPOS="577" VPOS="1162" WIDTH="112" HEIGHT="23" WC="0.96" CONTENT="remittera"/><SP WIDTH="14" VPOS="1162" HPOS="689"/>
							<String ID="string_304" HPOS="703" VPOS="1162" WIDTH="8" HEIGHT="22" WC="0.96" CONTENT="i"/><SP WIDTH="14" VPOS="1162" HPOS="711"/>
							<String ID="string_305" HPOS="725" VPOS="1162" WIDTH="62" HEIGHT="28" WC="0.93" CONTENT="fråga"/><SP WIDTH="14" VPOS="1162" HPOS="787"/>
							<String ID="string_306" HPOS="801" VPOS="1162" WIDTH="94" HEIGHT="22" WC="0.84" CONTENT="vararide"/>
						</TextLine>
						<TextLine ID="line_35" HPOS="68" VPOS="1190" WIDTH="451" HEIGHT="28">
							<String ID="string_307" HPOS="68" VPOS="1190" WIDTH="78" HEIGHT="28" WC="0.96" CONTENT="nådiga"/><SP WIDTH="14" VPOS="1190" HPOS="146"/>
							<String ID="string_308" HPOS="160" VPOS="1191" WIDTH="135" HEIGHT="27" WC="0.95" CONTENT="proposition"/><SP WIDTH="15" VPOS="1191" HPOS="295"/>
							<String ID="string_309" HPOS="310" VPOS="1191" WIDTH="33" HEIGHT="22" WC="0.93" CONTENT="till"/><SP WIDTH="15" VPOS="1191" HPOS="343"/>
							<String ID="string_310" HPOS="358" VPOS="1191" WIDTH="161" HEIGHT="27" WC="0.91" CONTENT="Lagutskottet."/>
						</TextLine>
					</TextBlock>
					<TextBlock ID="block_5" HPOS="137" VPOS="1248" WIDTH="620" HEIGHT="28">
						<TextLine ID="line_36" HPOS="137" VPOS="1248" WIDTH="620" HEIGHT="28">
							<String ID="string_311" HPOS="137" VPOS="1248" WIDTH="120" HEIGHT="28" WC="0.96" CONTENT="Föredrogs"/><SP WIDTH="17" VPOS="1248" HPOS="257"/>
							<String ID="string_312" HPOS="274" VPOS="1249" WIDTH="41" HEIGHT="21" WC="0.93" CONTENT="och"/><SP WIDTH="14" VPOS="1249" HPOS="315"/>
							<String ID="string_313" HPOS="329" VPOS="1248" WIDTH="116" HEIGHT="22" WC="0.92" CONTENT="bordlades"/><SP WIDTH="16" VPOS="1248" HPOS="445"/>
							<String ID="string_314" HPOS="461" VPOS="1249" WIDTH="33" HEIGHT="21" WC="0.96" CONTENT="till"/><SP WIDTH="14" VPOS="1249" HPOS="494"/>
							<String ID="string_315" HPOS="508" VPOS="1250" WIDTH="66" HEIGHT="20" WC="0.96" CONTENT="nästa"/><SP WIDTH="15" VPOS="1250" HPOS="574"/>
							<String ID="string_316" HPOS="589" VPOS="1248" WIDTH="168" HEIGHT="23" WC="0.95" CONTENT="sammanträde:"/>
						</TextLine>
					</TextBlock>
					<TextBlock ID="block_6" HPOS="69" VPOS="1277" WIDTH="829" HEIGHT="142">
						<TextLine ID="line_37" HPOS="138" VPOS="1277" WIDTH="759" HEIGHT="28">
							<String ID="string_317" HPOS="138" VPOS="1277" WIDTH="113" HEIGHT="22" WC="0.93" CONTENT="Allmänna"/><SP WIDTH="15" VPOS="1277" HPOS="251"/>
							<String ID="string_318" HPOS="266" VPOS="1278" WIDTH="214" HEIGHT="22" WC="0.92" CONTENT="Besvärsutskottets"/><SP WIDTH="15" VPOS="1278" HPOS="480"/>
							<String ID="string_319" HPOS="495" VPOS="1278" WIDTH="138" HEIGHT="22" WC="0.96" CONTENT="betänkande"/><SP WIDTH="15" VPOS="1278" HPOS="633"/>
							<String ID="string_320" HPOS="648" VPOS="1278" WIDTH="49" HEIGHT="22" WC="0.96" CONTENT="med"/><SP WIDTH="18" VPOS="1278" HPOS="697"/>
							<String ID="string_321" HPOS="715" VPOS="1278" WIDTH="114" HEIGHT="27" WC="0.96" CONTENT="anledning"/><SP WIDTH="11" VPOS="1278" HPOS="829"/>
							<String ID="string_322" HPOS="840" VPOS="1278" WIDTH="22" HEIGHT="22" WC="0.96" CONTENT="af"/><SP WIDTH="9" VPOS="1278" HPOS="862"/>
							<String ID="string_323" HPOS="871" VPOS="1284" WIDTH="26" HEIGHT="16" WC="0.96" CONTENT="en"/>
						</TextLine>
						<TextLine ID="line_38" HPOS="69" VPOS="1305" WIDTH="827" HEIGHT="28">
							<String ID="string_324" HPOS="69" VPOS="1305" WIDTH="57" HEIGHT="22" WC="0.92" CONTENT="inom"/><SP WIDTH="18" VPOS="1305" HPOS="126"/>
							<String ID="string_325" HPOS="144" VPOS="1306" WIDTH="163" HEIGHT="22" WC="0.91" CONTENT="Presteståndet"/><SP WIDTH="14" VPOS="1306" HPOS="307"/>
							<String ID="string_326" HPOS="321" VPOS="1306" WIDTH="65" HEIGHT="22" WC="0.96" CONTENT="väckt"/><SP WIDTH="7" VPOS="1306" HPOS="386"/>
							<String ID="string_327" HPOS="393" VPOS="1306" WIDTH="99" HEIGHT="27" WC="0.95" CONTENT="petition,"/><SP WIDTH="12" VPOS="1306" HPOS="492"/>
							<String ID="string_328" HPOS="504" VPOS="1312" WIDTH="34" HEIGHT="16" WC="0.95" CONTENT="om"/><SP WIDTH="11" VPOS="1312" HPOS="538"/>
							<String ID="string_329" HPOS="549" VPOS="1307" WIDTH="134" HEIGHT="21" WC="0.95" CONTENT="tillsättande"/><SP WIDTH="11" VPOS="1307" HPOS="683"/>
							<String ID="string_330" HPOS="694" VPOS="1306" WIDTH="22" HEIGHT="22" WC="0.96" CONTENT="af"/><SP WIDTH="11" VPOS="1306" HPOS="716"/>
							<String ID="string_331" HPOS="727" VPOS="1313" WIDTH="25" HEIGHT="15" WC="0.93" CONTENT="en"/><SP WIDTH="12" VPOS="1313" HPOS="752"/>
							<String ID="string_332" HPOS="764" VPOS="1307" WIDTH="132" HEIGHT="21" WC="0.91" CONTENT="statsarkeo-"/>
						</TextLine>
						<TextLine ID="line_39" HPOS="69" VPOS="1334" WIDTH="827" HEIGHT="29">
							<String ID="string_333" HPOS="69" VPOS="1334" WIDTH="46" HEIGHT="28" WC="0.96" CONTENT="log;"/><SP WIDTH="23" VPOS="1334" HPOS="115"/>
							<String ID="string_334" HPOS="138" VPOS="1335" WIDTH="42" HEIGHT="21" WC="0.93" CONTENT="och"/><SP WIDTH="15" VPOS="1335" HPOS="180"/>
							<String ID="string_335" HPOS="195" VPOS="1335" WIDTH="180" HEIGHT="22" WC="0.92" CONTENT="Statsutskottets"/><SP WIDTH="21" VPOS="1335" HPOS="375"/>
							<String ID="string_336" HPOS="396" VPOS="1336" WIDTH="138" HEIGHT="21" WC="0.96" CONTENT="betänkande"/><SP WIDTH="16" VPOS="1336" HPOS="534"/>
							<String ID="string_337" HPOS="550" VPOS="1336" WIDTH="7" HEIGHT="21" WC="0.96" CONTENT="i"/><SP WIDTH="16" VPOS="1336" HPOS="557"/>
							<String ID="string_338" HPOS="573" VPOS="1336" WIDTH="116" HEIGHT="27" WC="0.96" CONTENT="anledning"/><SP WIDTH="16" VPOS="1336" HPOS="689"/>
							<String ID="string_339" HPOS="705" VPOS="1335" WIDTH="22" HEIGHT="22" WC="0.93" CONTENT="af"/><SP WIDTH="12" VPOS="1335" HPOS="727"/>
							<String ID="string_340" HPOS="739" VPOS="1335" WIDTH="157" HEIGHT="28" WC="0.91" CONTENT="Borgarestån-"/>
						</TextLine>
						<TextLine ID="line_40" HPOS="70" VPOS="1363" WIDTH="828" HEIGHT="28">
							<String ID="string_341" HPOS="70" VPOS="1364" WIDTH="48" HEIGHT="21" WC="0.95" CONTENT="dets"/><SP WIDTH="22" VPOS="1364" HPOS="118"/>
							<String ID="string_342" HPOS="140" VPOS="1363" WIDTH="157" HEIGHT="28" WC="0.96" CONTENT="framställning"/><SP WIDTH="23" VPOS="1363" HPOS="297"/>
							<String ID="string_343" HPOS="320" VPOS="1370" WIDTH="34" HEIGHT="15" WC="0.96" CONTENT="om"/><SP WIDTH="15" VPOS="1370" HPOS="354"/>
							<String ID="string_344" HPOS="369" VPOS="1364" WIDTH="114" HEIGHT="27" WC="0.96" CONTENT="tryckning"/><SP WIDTH="16" VPOS="1364" HPOS="483"/>
							<String ID="string_345" HPOS="499" VPOS="1364" WIDTH="23" HEIGHT="21" WC="0.93" CONTENT="af"/><SP WIDTH="13" VPOS="1364" HPOS="522"/>
							<String ID="string_346" HPOS="535" VPOS="1364" WIDTH="103" HEIGHT="22" WC="0.91" CONTENT="ståndens"/><SP WIDTH="17" VPOS="1364" HPOS="638"/>
							<String ID="string_347" HPOS="655" VPOS="1364" WIDTH="243" HEIGHT="27" WC="0.91" CONTENT="diskussionsprotokoll"/>
						</TextLine>
						<TextLine ID="line_41" HPOS="70" VPOS="1391" WIDTH="264" HEIGHT="28">
							<String ID="string_348" HPOS="70" VPOS="1391" WIDTH="28" HEIGHT="28" WC="0.95" CONTENT="på"/><SP WIDTH="15" VPOS="1391" HPOS="98"/>
							<String ID="string_349" HPOS="113" VPOS="1392" WIDTH="78" HEIGHT="22" WC="0.96" CONTENT="allmän"/><SP WIDTH="16" VPOS="1392" HPOS="191"/>
							<String ID="string_350" HPOS="207" VPOS="1393" WIDTH="127" HEIGHT="22" WC="0.96" CONTENT="bekostnad."/>
						</TextLine>
					</TextBlock>
				</ComposedBlock>
				<GraphicalElement ID="cblock_3" HPOS="462" VPOS="1232" WIDTH="88" HEIGHT="3"></GraphicalElement >
				<ComposedBlock ID="cblock_4" HPOS="71" VPOS="1443" WIDTH="827" HEIGHT="77">
					<TextBlock ID="block_7" HPOS="71" VPOS="1443" WIDTH="827" HEIGHT="77">
						<TextLine ID="line_42" HPOS="139" VPOS="1443" WIDTH="759" HEIGHT="29">
							<String ID="string_351" HPOS="139" VPOS="1443" WIDTH="174" HEIGHT="24" WC="0.93" CONTENT="Sammanträdet"/><SP WIDTH="23" VPOS="1443" HPOS="313"/>
							<String ID="string_352" HPOS="336" VPOS="1443" WIDTH="77" HEIGHT="24" WC="0.90" CONTENT="afslöts"/><SP WIDTH="20" VPOS="1443" HPOS="413"/>
							<String ID="string_353" HPOS="433" VPOS="1445" WIDTH="54" HEIGHT="22" WC="0.92" CONTENT="härå"/><SP WIDTH="14" VPOS="1445" HPOS="487"/>
							<String ID="string_354" HPOS="501" VPOS="1445" WIDTH="93" HEIGHT="22" WC="0.93" CONTENT="klockan"/><SP WIDTH="17" VPOS="1445" HPOS="594"/>
							<String ID="string_355" HPOS="611" VPOS="1444" WIDTH="55" HEIGHT="23" WC="0.92" CONTENT="elfva"/><SP WIDTH="15" VPOS="1444" HPOS="666"/>
							<String ID="string_356" HPOS="681" VPOS="1444" WIDTH="40" HEIGHT="23" WC="0.93" CONTENT="och"/><SP WIDTH="15" VPOS="1444" HPOS="721"/>
							<String ID="string_357" HPOS="736" VPOS="1444" WIDTH="78" HEIGHT="28" WC="0.91" CONTENT="fyratio"/><SP WIDTH="16" VPOS="1444" HPOS="814"/>
							<String ID="string_358" HPOS="830" VPOS="1444" WIDTH="68" HEIGHT="22" WC="0.92" CONTENT="minu-"/>
						</TextLine>
						<TextLine ID="line_43" HPOS="71" VPOS="1472" WIDTH="228" HEIGHT="29">
							<String ID="string_359" HPOS="71" VPOS="1473" WIDTH="33" HEIGHT="21" WC="0.96" CONTENT="ter"/><SP WIDTH="14" VPOS="1473" HPOS="104"/>
							<String ID="string_360" HPOS="118" VPOS="1472" WIDTH="46" HEIGHT="23" WC="0.96" CONTENT="före"/><SP WIDTH="15" VPOS="1472" HPOS="164"/>
							<String ID="string_361" HPOS="179" VPOS="1473" WIDTH="120" HEIGHT="28" WC="0.96" CONTENT="middagen."/>
						</TextLine>
						<TextLine ID="line_44" HPOS="651" VPOS="1501" WIDTH="97" HEIGHT="19">
							<String ID="string_362" HPOS="651" VPOS="1502" WIDTH="22" HEIGHT="18" WC="0.95" CONTENT="In"/><SP WIDTH="12" VPOS="1502" HPOS="673"/>
							<String ID="string_363" HPOS="685" VPOS="1501" WIDTH="63" HEIGHT="18" WC="0.95" CONTENT="fidem:"/>
						</TextLine>
					</TextBlock>
				</ComposedBlock>
				<ComposedBlock ID="cblock_5" HPOS="567" VPOS="1535" WIDTH="262" HEIGHT="28">
					<TextBlock ID="block_8" HPOS="567" VPOS="1535" WIDTH="262" HEIGHT="28">
						<TextLine ID="line_45" HPOS="567" VPOS="1535" WIDTH="262" HEIGHT="28">
							<String ID="string_364" HPOS="567" VPOS="1535" WIDTH="70" HEIGHT="24" WC="0.96" CONTENT="Victor"/><SP WIDTH="15" VPOS="1535" HPOS="637"/>
							<String ID="string_365" HPOS="652" VPOS="1537" WIDTH="25" HEIGHT="22" WC="0.96" CONTENT="de"/><SP WIDTH="14" VPOS="1537" HPOS="677"/>
							<String ID="string_366" HPOS="691" VPOS="1537" WIDTH="21" HEIGHT="22" WC="0.96" CONTENT="la"/><SP WIDTH="17" VPOS="1537" HPOS="712"/>
							<String ID="string_367" HPOS="729" VPOS="1535" WIDTH="100" HEIGHT="28" WC="0.96" CONTENT="Chapelle."/>
						</TextLine>
					</TextBlock>
				</ComposedBlock>
			</PrintSpace>
		</Page>
	</Layout>
</alto>
