1109 1748
387 118 39 18 Den
435 111 35 23 13
487 118 93 19 Februari,
843 120 38 20 101

84 178 67 27 gjorts
170 178 33 22 för
222 178 270 28 undervisningsväsendet
508 180 40 22 och
563 180 174 27 folkbildningen.
768 182 44 21 Det
827 185 24 19 är
865 190 46 15 mer

84 208 28 20 än
133 206 110 27 naturligt,
261 208 32 20 att
314 208 21 22 vi
357 208 49 22 med
426 208 74 27 hvarje
520 209 24 21 år
559 210 86 21 komma
660 210 33 20 att
706 209 73 27 fortgå
793 210 74 23 vidare
882 213 28 26 på

84 234 60 23 detta
159 235 94 21 område.
283 235 43 23 Det
345 237 62 21 torde
427 236 35 21 väl
478 236 18 27 ej
512 237 61 27 dröja
587 238 64 27 länge
665 238 64 21 innan
745 239 42 21 den
802 239 33 21 tid
849 240 59 21 kom-

82 270 50 20 mer,
150 264 29 22 då
193 264 115 21 samhället
323 272 63 15 anser
401 265 34 27 sig
451 265 95 28 skyldigt
556 268 33 20 att
599 266 56 28 gifva
665 266 128 28 uppfostran
803 268 23 21 åt
836 268 72 27 hvarje

82 292 87 27 individ,
184 299 45 15 som
251 292 61 22 födes
334 294 58 22 inom
412 294 50 21 dess
482 295 93 21 område.
607 295 116 22 Skolornas
739 296 59 21 antal
813 296 95 22 kommer

82 322 91 22 sålunda
192 323 33 20 att
246 322 96 28 ständigt
361 323 60 21 ökas.
451 323 11 21 I
477 324 42 20 den
534 324 132 22 närvarande
681 324 181 28 undervisningen
876 326 31 20 in-

81 353 39 26 går
134 353 72 21 såsom
223 352 81 26 ganska
319 352 134 27 väsendtliga
468 352 185 28 bildningsmedel,
669 354 58 21 såväl
743 355 107 28 teckning,
862 362 45 15 som

82 382 53 27 sång
150 381 41 22 och
206 381 76 21 musik.
313 382 138 26 Teckningen
467 384 24 18 är
507 383 32 19 ett
553 382 86 27 mycket
649 383 74 26 nödigt
733 384 173 28 undervisnings-

82 413 62 19 ämne
158 411 7 21 i
181 410 43 22 alla
239 410 77 26 skolor,
333 410 90 22 emedan
439 410 42 21 den
496 410 67 27 gifver
577 410 86 22 handen
679 412 102 22 säkerhet
797 413 40 22 och
848 414 59 21 öfvar

82 442 57 25 ögat,
156 440 41 21 den
219 440 32 20 lär
273 445 36 15 oss
329 440 33 20 att
380 445 24 16 se
419 439 75 27 tingen
509 439 7 21 i
532 446 27 14 en
574 439 92 23 skönare
681 440 60 27 form,
758 442 60 22 öfvar
833 443 73 21 obser-

81 468 200 27 vationsförmägan,
295 468 24 27 ja
331 468 33 21 till
380 468 41 21 och
436 468 50 21 med
501 468 231 28 reflexionsförmägan.
763 471 34 21 Dä
812 472 41 21 den
874 472 32 21 in-

81 498 101 26 rättning,
199 504 46 14 som
260 497 49 21 herr
324 496 121 22 Schauman
459 496 8 21 i
483 496 33 22 sin
531 497 91 27 petition
638 497 86 27 äsyftar,
741 506 26 14 en
783 500 62 27 gäng,
860 507 46 15 som

79 528 38 26 jag
136 527 83 26 hoppas
239 526 40 21 och
294 528 23 18 är
333 525 124 28 öfvertygad
474 532 40 19 om,
531 526 96 21 kommer
642 526 32 21 till
690 527 70 27 ständ,
777 530 24 19 är
817 529 36 21 det
868 536 36 15 na-

81 556 81 27 turligt,
180 556 32 20 att
234 554 23 22 af
277 554 27 22 de
321 554 73 22 hvilka
415 554 113 21 derstädes
547 554 86 22 komma
649 557 32 19 att
696 556 84 27 ätnjuta
795 558 109 21 undervis-

81 585 55 27 ning,
154 585 27 21 de
196 590 46 15 mer
256 583 118 27 begäfvade
389 584 123 25 naturerna,
530 583 26 21 de
572 590 45 14 som
633 583 62 22 hafva
705 584 42 22 fätt
757 586 70 20 denna
838 586 66 26 guda-

81 614 71 27 gnista
168 619 46 15 som
230 612 18 27 ej
266 614 23 19 är
303 612 74 27 hvarje
393 612 74 26 dödlig
483 612 76 27 gifven,
576 612 135 27 naturligtvis
727 614 62 21 skola
803 614 65 22 blifva
878 616 26 21 de

80 643 67 21 första
169 642 7 21 i
200 641 64 26 ledet,
281 640 73 22 hvilka
376 640 61 21 skola
456 642 53 25 göra
530 640 41 21 den
589 640 70 22 finska
677 641 92 22 konsten
784 642 77 27 heder;
878 644 26 21 de

81 671 60 22 skola
156 670 65 22 blifva
234 669 95 27 verkliga
344 669 111 27 originella
470 669 135 26 konstnärer,
623 682 24 2 —
664 677 48 14 men
727 671 74 21 ibland
811 671 93 22 flertalet

80 700 23 22 af
117 700 54 25 dem,
187 699 73 21 hvilka
275 699 57 20 inom
348 698 69 21 denna
432 698 118 27 inrättning
566 698 86 22 komma
663 700 32 20 att
704 699 75 27 pröfva
789 700 47 21 sina
846 701 56 21 kraf-

80 731 40 24 ter,
136 728 55 22 skall
207 727 74 22 säkert
295 727 92 26 mången
403 727 79 26 talang,
498 727 88 26 månget
602 727 62 27 anlag
680 728 18 27 ej
714 728 71 21 känna
801 729 47 21 sina
858 730 44 21 vin-

80 765 38 20 gar
139 757 64 22 hafva
225 756 116 26 tillräcklig
359 755 53 28 flygt
431 755 34 22 för
484 757 33 20 att
535 756 72 27 uppnå
627 756 37 21 det
681 756 70 22 ideala
770 758 73 26 målet,
863 759 39 21 och

79 786 64 22 likväl
165 786 40 21 har
223 785 42 21 han
285 785 56 21 dock
359 785 56 20 varit
432 785 7 20 i
454 784 84 21 tillfälle
554 786 33 19 att
602 785 112 22 derstädes
731 786 80 22 erhålla
827 793 26 15 en
868 794 34 14 ar-

79 813 220 24 tistiskt-akademisk
313 813 103 27 bildning,
432 813 117 26 tillräcklig
564 813 33 21 för
612 815 33 20 att
660 815 53 25 göra
727 814 78 22 honom
820 816 82 27 mäktig

79 846 33 20 att
133 844 66 21 verka
220 843 33 21 för
270 842 103 21 konstens
389 842 107 21 intressen
512 842 29 27 på
556 842 69 27 någon
641 842 126 27 lärareplats
783 844 57 21 inom
855 845 46 21 lan-

79 874 48 21 dets
143 873 77 26 många
235 871 104 22 läroverk.
357 883 24 3 —
398 871 47 21 Den
461 871 108 21 estetiska
585 871 39 21 och
640 871 99 22 tekniska
752 872 98 28 bildning
859 873 42 21 han

78 903 57 21 inom
158 902 41 21 den
221 900 96 28 åsyftade
332 900 67 26 högre
418 900 144 21 konstskolan
582 900 209 27 (konstakademien)
809 902 91 26 erhållit,

78 931 56 21 skall
150 930 54 22 dock
219 930 52 21 bära
287 929 42 27 god
343 928 59 22 frukt
417 929 28 26 på
460 928 43 22 den
518 928 56 27 plats
587 928 37 22 der
634 929 42 21 han
686 929 96 21 kommer
792 932 33 19 att
835 930 66 22 verka

79 960 40 21 och
134 959 75 22 säkert
222 958 113 21 framkalla
351 957 39 21 och
406 957 102 21 utveckla
522 958 77 26 många
614 958 94 26 gryende
718 958 69 27 anlag,
799 960 57 20 samt
866 960 34 20 så-

78 988 66 22 lunda
165 987 50 21 lifva
235 987 71 21 sinnet
324 986 33 22 för
372 986 38 21 det
425 986 68 21 sköna
508 986 41 21 och
564 984 33 24 för
611 986 174 22 konstintresset.
816 988 10 20 I
841 988 59 21 kort-

77 1018 46 20 het:
146 1019 59 19 utom
228 1016 27 21 de
274 1017 60 19 stora
353 1014 133 27 talangerna,
503 1014 73 22 hvilka
595 1015 73 21 kunna
683 1015 64 21 blifva
763 1022 26 14 en
803 1017 97 27 prydnad

77 1046 33 22 för
126 1046 49 21 vårt
193 1044 50 22 land
258 1044 41 21 och
312 1043 65 22 häfda
392 1044 49 20 dess
458 1050 64 15 namn
538 1044 73 20 ibland
626 1044 27 21 de
669 1044 132 22 civiliserade
816 1044 82 23 folkens

78 1074 64 27 antal,
158 1074 73 21 hvilka
253 1073 69 21 denna
344 1072 98 22 akademi
469 1072 56 22 skall
549 1078 120 21 uppamma,
689 1072 25 22 så
732 1073 56 21 skall
808 1074 91 21 derifrån

78 1103 61 22 äfven
154 1103 53 26 utgå
221 1102 41 21 den
277 1103 60 19 stora
351 1107 72 15 massa
437 1100 23 22 af
472 1101 78 26 lärare,
567 1107 44 15 som
626 1102 53 20 våra
693 1101 38 21 allt
745 1108 46 15 mer
805 1102 39 21 och
854 1108 46 16 mer

77 1131 127 28 tilltagande
227 1130 72 22 skolor
313 1129 98 27 beböfva,
431 1129 40 22 och
489 1130 64 21 dessa
568 1130 70 22 lärare
653 1130 61 21 skola
729 1130 28 21 då
770 1130 66 22 blifva
850 1130 50 22 fullt

77 1167 79 21 mogna
171 1160 38 21 sitt
223 1159 50 21 kall.
296 1158 118 22 Dessutom
428 1158 98 22 kommer
541 1158 74 22 säkert
631 1164 26 16 en
667 1158 67 22 sådan
744 1158 105 27 akademi,
861 1166 37 15 an-

77 1190 94 26 tagligen
186 1188 71 22 såsom
275 1187 75 27 hvarje
370 1187 104 26 akademi,
491 1189 34 19 att
540 1187 59 21 bilda
614 1187 33 27 sig
663 1194 26 14 en
705 1194 53 20 egen
777 1188 68 26 skola,
858 1188 40 22 och

76 1218 93 22 konsten
190 1217 70 22 måste
282 1216 57 22 inom
358 1216 74 27 hvarje
451 1216 75 21 nation
544 1222 51 15 vara
616 1216 95 22 nationel
727 1216 52 22 eller
794 1216 63 22 hafva
872 1224 26 14 en

76 1248 44 21 viss
137 1246 139 28 anstrykning
293 1244 65 26 deraf,
370 1244 40 22 och
422 1244 63 22 äfven
501 1245 60 21 detta
576 1247 24 19 är
615 1246 32 20 ett
661 1244 66 22 motiv
741 1244 33 22 för
789 1252 26 14 en
831 1246 67 21 sådan

76 1276 93 21 anstalts
184 1274 129 22 inrättande.
342 1273 63 21 Hvad
416 1273 39 27 jag
468 1275 76 20 nämnt
560 1279 34 16 om
608 1273 71 22 lärare
693 1273 7 21 i
716 1274 99 27 teckning
831 1274 67 27 gäller

76 1304 62 22 äfven
160 1303 34 23 för
214 1304 70 20 lärare
305 1302 8 22 i
336 1302 53 27 sång
407 1302 41 22 och
465 1302 79 26 musik,
559 1302 77 22 hvaraf
649 1302 62 22 äfven
725 1302 85 22 landets
826 1302 72 22 skolor

76 1336 37 19 äro
128 1333 8 21 i
151 1334 56 20 stort
220 1331 71 23 behof.
321 1332 42 26 Jag
377 1330 96 23 anhåller
489 1330 72 22 derför
579 1332 32 20 att
626 1331 7 21 i
648 1330 120 22 hufvudsak
782 1331 22 21 få
818 1332 28 26 på
862 1332 36 21 det

75 1363 108 20 varmaste
205 1360 140 27 understödja
366 1360 146 27 petitionären
534 1359 8 21 i
563 1360 54 21 hans
639 1359 35 22 väl
689 1360 130 21 motiverade
836 1360 61 21 och
885 1355 17 36 i

74 1391 77 26 många
166 1389 114 22 afseender
295 1389 64 27 högst
373 1388 194 27 behjertansvärda
580 1387 97 28 petition.

144 1418 78 23 Grefve
245 1417 151 28 Cronhjelm
419 1417 72 21 anhöll
515 1418 33 21 att
566 1417 29 26 på
610 1417 37 21 det
661 1418 107 20 varmaste
783 1416 22 22 få
819 1416 77 22 under-

74 1448 71 27 stödja
158 1447 51 22 herr
224 1447 131 21 Schaumans
371 1445 97 27 petition.

142 1476 56 22 Herr
213 1475 95 22 Taube:
334 1475 56 21 Herr
401 1473 134 23 Schaumans
546 1474 183 27 petitionsförslag
740 1480 35 15 om
785 1480 26 16 en
821 1473 75 22 konst-

75 1505 109 22 akademis
209 1504 120 21 inrättande
351 1503 40 21 hos
415 1508 43 21 oss,
474 1503 42 22 bör
538 1503 66 21 också
622 1503 111 22 betraktas
753 1509 26 14 ur
800 1503 97 22 materiel

75 1533 114 28 synpunkt,
205 1533 55 21 huru
274 1533 60 26 långt
349 1533 28 20 än
391 1531 105 22 materien
512 1531 69 27 ligger
595 1531 46 22 från
657 1531 54 22 skön
726 1531 70 22 konst.
813 1543 26 3 —
855 1531 42 28 Jag
