1109 1748
237 118 40 20 190
555 120 40 18 Den
611 119 12 18 6
638 120 54 18 Mars.

207 183 167 21 kommunernas
390 182 81 22 ombud
487 182 41 22 och
543 182 36 22 vid
593 183 235 27 kommunalstämmor,
845 183 25 21 så
885 184 33 21 att
928 183 110 27 ingenting

208 212 89 21 hindrar
319 214 34 19 att
374 211 7 21 i
403 211 43 27 god
469 211 39 26 tid,
528 212 3 20 i
550 212 94 26 Januari,
660 212 103 22 Februari
788 212 37 22 det
844 212 131 27 föregående
991 212 47 21 året

209 242 98 26 upptaga
322 240 82 27 frågan,
422 240 40 21 och
478 246 49 15 man
543 241 85 21 således
643 240 33 22 får
691 241 31 21 tid
737 242 34 20 att
786 241 94 21 anställa
894 241 51 22 flere
954 241 84 21 auktio-

209 276 40 15 ner
272 270 13 20 å
306 269 45 27 rad,
375 268 36 22 vid
431 268 74 22 hvilka
520 268 38 22 det
573 270 103 26 slutligen
691 270 35 21 väl
741 270 68 21 borde
824 269 80 23 infinna
920 270 32 27 sig
968 270 70 26 någon

210 298 122 28 spekulant,
349 298 24 21 så
389 299 33 19 att
435 298 38 26 jag
488 296 33 22 för
535 298 44 21 min
594 298 35 22 del
643 298 33 22 får
690 299 109 27 tillstyrka
814 300 33 20 att
862 299 118 21 utskottets
996 298 42 22 för-

210 328 48 26 slag
273 328 6 20 i
296 326 11 28 $
322 328 12 20 2
351 326 67 22 måtte
435 326 138 22 oförändradt
589 328 97 26 antagas.

280 356 56 21 Herr
351 362 41 14 von
407 355 126 21 Hellens:
549 356 43 26 Jag
607 356 38 22 ber
661 358 32 19 att
709 356 78 22 endast
801 356 22 21 få
838 357 103 21 anmärka
949 358 45 20 mot
1002 356 37 21 det

211 384 124 27 föreslagna
354 384 131 27 stadgandet
499 384 7 20 i
522 384 10 27 $
549 386 19 25 2,
585 391 46 15 som
645 385 119 21 innehåller
780 386 33 20 att
827 385 132 27 kronofogde
972 386 67 26 jemte

212 413 80 21 ombud
315 412 48 22 från
378 412 99 27 samtlige
493 412 127 23 kommuner
633 415 57 20 inom
705 414 93 21 häradet
813 413 75 28 pröfva
902 414 102 22 behofvet
1019 414 21 21 af

211 442 134 27 häradspost
360 443 56 19 samt
431 443 98 25 uppgöra
544 442 104 28 förslaget
663 443 33 21 till
712 442 51 22 dess
779 442 117 22 ordnande.
926 443 113 21 Utskottet

212 473 64 25 säger
298 470 125 27 visserligen
438 471 29 26 på
482 472 32 20 ett
529 471 64 21 ställe
608 472 7 20 i
630 471 155 27 betänkandet,
801 473 33 19 att
849 472 107 21 utskottet
972 472 68 21 håller

212 500 53 26 före,
281 501 32 20 att
332 500 37 21 det
383 499 49 21 icke
447 499 43 21 kan
506 498 21 22 få
542 500 52 21 bero
611 500 22 21 af
647 500 54 26 dem,
718 500 73 21 hvilka
806 500 151 27 presterandet
972 500 22 22 af
1008 502 32 20 ett

213 528 90 22 allmänt
325 528 77 22 besvär
425 528 87 27 åligger,
534 530 33 20 att
581 529 121 21 bestämma
717 531 39 19 när
772 529 38 21 det
825 529 55 21 skall
895 531 88 25 utgöras
999 530 40 21 och

213 559 40 19 när
274 557 55 21 icke.
359 557 50 21 Men
433 556 41 22 den
493 556 123 28 föreslagna
631 558 108 26 lagtexten
755 558 62 21 leder
831 558 56 21 dock
903 558 87 26 derhän,
1008 560 32 19 att

213 586 155 21 kommunerna
390 586 86 21 komma
497 586 7 21 i
528 586 75 28 sjelfva
625 587 76 21 verket
716 588 33 20 att
763 586 123 22 bestämma
901 593 34 15 om
950 587 89 21 härads-

213 616 51 25 post
287 615 55 21 skall
364 616 88 25 utgöras
476 614 52 21 eller
548 615 54 21 icke.
632 615 130 27 Paragrafen
778 615 118 22 innehåller
911 616 7 20 i
933 616 39 20 sitt
986 616 54 21 slut-

213 645 96 20 moment
324 643 113 26 nemligen,
454 645 32 19 att
502 643 26 21 de
543 643 86 28 förslag,
646 650 46 15 som
707 645 117 26 uppgöras,
841 644 61 21 skola
917 644 6 21 i
940 644 100 21 afseende

215 673 12 20 å
249 671 100 28 pröfning
364 672 41 21 och
419 671 140 22 fastställelse
575 672 100 22 insändas
691 673 33 20 till
740 674 140 25 guvernören.
911 673 130 27 Betydelsen

215 700 23 22 af
252 701 65 21 dessa
332 701 39 21 ord
388 700 111 27 ,pröfning
508 701 40 21 och
556 700 153 23 fastställelse"
719 703 24 19 är
752 701 55 22 efter
815 701 90 22 allmänt
913 702 127 26 antagande,

215 731 33 20 att
263 731 133 25 guvernören
410 729 86 27 pröfvar
511 729 103 28 förslaget
630 730 40 21 och
685 730 102 27 antingen
796 729 118 22 fastställer
922 730 119 22 detsamma

216 759 53 21 eller
291 759 68 21 nekar
381 758 32 21 sin
436 757 140 22 fastställelse
592 759 57 26 derä,
665 765 50 15 men
729 759 44 21 kan
788 759 48 21 icke
852 760 52 25 göra
919 759 69 27 någon
1004 761 37 19 än-

216 787 62 27 dring
301 787 6 21 i
329 787 108 26 förslaget.
468 787 43 21 Det
532 787 122 27 föreslagna
677 787 131 28 stadgandet
822 787 70 22 skulle
904 787 25 28 ju
944 788 7 21 i
966 787 76 28 sjelfva

215 817 77 21 verket
305 816 50 21 leda
369 816 82 21 derhän
466 817 38 25 att,
522 822 34 15 om
571 816 140 22 kommunens
727 816 81 21 ombud
823 817 59 20 sätta
896 816 33 27 sig
944 818 58 20 emot
1010 817 31 21 in-

216 845 101 22 rättande
339 844 22 21 af
381 845 132 26 häradspost
535 845 41 21 och
591 845 94 22 förklara
700 845 41 22 den
757 845 48 21 icke
821 851 51 15 vara
887 845 99 27 behöflig,
1002 851 39 21 gu-

216 875 105 21 vernören
344 873 18 27 ej
385 873 42 21 kan
449 873 23 22 fä
487 873 67 22 sädan
569 876 50 25 post
634 874 33 21 till
683 874 70 22 ständ.
784 874 50 22 Men
850 874 27 21 dä
892 873 37 22 det
944 873 97 23 otvifvel-

218 903 71 27 aktigt
305 905 24 19 är
342 902 138 27 nödvändigt,
497 904 33 19 att
544 904 134 26 guvernören
693 903 55 21 skall
765 909 41 20 ega
820 903 60 21 makt
888 902 79 28 afgöra,
976 903 65 21 huru-

218 931 49 22 vida
289 931 131 27 häradspost
435 930 101 22 behöfves
552 932 53 21 eller
626 932 54 26 icke,
697 932 70 21 skulle
779 932 38 26 jag
832 931 110 22 vördsamt
957 932 85 26 föreslä,

221 962 32 20 att
269 960 66 21 orden
353 960 86 26 ,pröfva
453 960 102 21 behofvet
570 960 23 21 af
606 960 143 28 häradspost*
766 960 68 22 måtte
849 960 47 22 från
911 960 11 28 S
938 962 12 20 2
966 961 58 27 utgå.

288 989 97 21 Friherre
401 988 109 22 Linder:
532 989 42 27 Jag
588 989 40 21 har
643 989 77 27 begärt
735 989 70 26 ordet,
820 988 34 22 för
868 990 33 20 att
915 989 87 22 bemöta
1018 996 26 14 en

219 1018 66 22 aktad
301 1018 79 21 talares
396 1018 118 26 pästäende
530 1024 40 20 om,
587 1020 33 19 att
634 1018 48 22 icke
691 1018 26 22 de
726 1018 257 26 entreprenadauktioner
993 1024 50 16 vore

219 1047 90 27 nyttiga,
333 1052 45 16 som
400 1052 29 15 nu
447 1046 85 22 komme
548 1048 33 20 att
595 1046 86 28 införas,
698 1053 48 15 men
762 1046 40 22 har
817 1046 69 22 blifvit
898 1046 146 22 förekommen

220 1076 23 20 af
263 1076 50 20 herr
335 1082 41 15 von
400 1074 94 22 Alfthan.
524 1074 152 28 Postföringen
691 1076 39 20 har
746 1075 13 21 &
774 1075 44 21 min
833 1077 35 19 ort
882 1076 55 21 varit
951 1076 29 27 pä
994 1076 50 26 läng

219 1105 32 20 tid
273 1104 104 27 uppläten
394 1104 29 27 pä
439 1104 147 27 entreprenad,
601 1110 50 16 men
666 1106 53 20 utan
734 1104 114 26 äliggande
863 1104 33 22 för
910 1104 135 27 postföraren

220 1135 33 19 att
267 1132 98 22 anskaffa
379 1132 86 28 borgen,
483 1133 39 21 och
537 1133 104 21 vidhäller
654 1133 37 27 jag
706 1133 57 21 hvad
776 1132 39 28 jag
829 1132 59 22 förut
902 1133 7 21 i
924 1134 70 20 denna
1004 1133 40 21 sak

220 1164 74 25 yttrat.
325 1162 41 21 Vid
389 1162 26 21 de
438 1162 263 26 entreprenadauktioner,
725 1168 47 15 som
790 1162 29 26 pä
833 1162 42 21 min
891 1163 34 20 ort
940 1163 37 25 egt
991 1168 53 19 rum,

221 1191 40 21 har
283 1190 102 26 inträffat,
409 1192 32 19 att
456 1190 63 27 ingen
535 1191 56 21 enda
605 1196 79 21 person
699 1190 83 22 anmält
797 1190 39 27 sig,
852 1192 52 20 utan
919 1190 127 22 kronoläns-

221 1226 93 14 mannen
337 1219 40 21 och
399 1218 147 28 kronofogden
569 1219 64 21 hafva
655 1218 41 22 fått
711 1218 98 22 anskaffa
824 1219 98 21 enskilda
936 1225 109 21 personer,

221 1248 102 26 lämpliga
338 1247 33 22 för
385 1247 125 27 postföring.
541 1247 77 22 Derför
633 1249 45 20 tror
691 1248 43 26 jag,
752 1249 33 19 att
799 1248 106 27 yrkandet
919 1248 28 27 på
955 1248 91 26 borgens

223 1276 138 22 anskaffande
384 1276 55 21 skall
457 1276 49 22 leda
521 1276 86 27 derhän,
625 1278 38 25 att,
680 1276 132 22 åtminstone
827 1276 29 27 på
870 1276 43 22 min
928 1278 40 25 ort,
984 1276 63 27 ingen

223 1306 55 20 skall
292 1306 86 20 komma
393 1304 106 22 tillstädes
516 1305 32 21 till
564 1305 116 22 auktionen
695 1307 61 19 utom
771 1305 77 27 någon,
865 1311 46 15 som
919 1307 58 19 emot
984 1305 63 21 orim-

222 1334 41 26 ligt
277 1334 44 26 hög
335 1333 60 27 afgift
411 1333 74 27 åtager
504 1334 33 26 sig
551 1333 154 28 postföringen,
723 1334 41 21 och
780 1340 34 15 om
830 1334 38 21 det
881 1333 33 22 för
928 1334 121 21 häraderna

224 1365 24 18 är
271 1362 98 27 lämpligt
387 1363 32 20 att
433 1362 74 21 betala
521 1364 25 19 ut
561 1362 26 21 så
600 1365 60 18 stora
675 1368 102 20 summor,
793 1362 82 21 lemnar
886 1362 38 27 jag
938 1362 87 26 derhän,
1041 1362 7 21 i

224 1391 118 28 synnerhet
357 1397 45 14 som
418 1391 51 21 våra
483 1391 138 21 kommunala
635 1391 118 28 utskylder,
769 1390 73 22 hvilka
857 1391 57 27 stiga
929 1391 24 21 år
961 1391 45 21 från
1018 1391 30 26 år,

225 1420 123 27 derigenom
363 1419 34 21 väl
413 1419 83 22 komme
512 1421 33 20 att
560 1419 65 22 blifva
639 1419 106 28 betydligt
761 1421 77 20 större.

293 1449 56 20 Herr
364 1448 188 27 Björkenheim:
569 1449 47 21 Den
627 1448 138 27 uppfattning
776 1447 23 22 af
806 1448 243 22 kommunalombudens

224 1478 45 20 rätt
288 1477 7 21 i
317 1477 60 21 detta
395 1476 43 27 fall,
455 1483 46 15 som
516 1477 23 22 af
552 1477 51 22 herr
617 1483 42 15 von
673 1477 89 22 Hellens
778 1476 46 22 blef
836 1477 126 21 framhållen
978 1477 72 22 såsom

225 1505 145 22 innebärande
386 1511 26 16 en
427 1506 54 21 väda
496 1505 32 22 för
543 1505 241 28 häradspostföringens
797 1505 93 27 framtid,
906 1505 39 22 har
952 1505 47 22 icke
1013 1506 37 21 de-

224 1535 43 21 lats
284 1534 23 22 af
319 1534 119 22 utskottets
453 1534 117 27 pluralitet.
594 1535 42 22 Det
651 1534 61 23 fanns
728 1535 35 22 väl
779 1535 71 21 röster
865 1535 56 21 inom
936 1534 114 27 utskottet,
