1109 1748
406 106 40 18 Den
465 104 26 19 27
508 106 53 18 Mars,
825 106 41 21 357

71 170 72 22 derest
161 170 43 22 han
219 169 32 22 för
267 169 108 28 tjenstefel
390 168 70 22 blefve
477 168 23 22 af
514 170 133 26 guvernören
661 168 47 22 från
723 169 33 22 sin
771 169 123 29 befattning

71 198 61 22 skild.
162 199 125 21 Utskottets
303 198 80 27 förslag
399 199 32 19 att
446 198 90 26 indraga
550 198 259 27 kronofogdetjensterna,
821 199 73 22 hvilka

70 228 66 26 enligt
156 228 49 21 dess
223 227 137 22 förmenande
379 229 38 19 äro
433 226 99 27 onödiga,
549 229 56 19 samt
621 229 32 19 att
667 227 48 21 med
731 227 27 21 de
771 227 122 27 besparade

70 256 87 22 lönerna
175 256 92 22 betäcka
286 262 26 16 en
334 256 35 22 del
389 254 23 22 af
428 255 152 22 länsmännens
600 256 69 22 ökade
685 255 98 28 aflöning,
799 256 43 22 kan
854 256 39 28 jag

68 285 47 22 icke
131 285 56 27 gilla.
214 285 40 21 Om
270 285 25 21 de
311 286 40 20 249
367 284 105 26 länsmän,
489 290 47 16 som
550 284 69 22 finnas
631 285 31 21 uti
672 284 79 27 landet,
763 291 50 15 vore
821 285 71 27 jemnt

68 313 110 23 fördelade
192 314 29 27 på
235 314 74 27 hvarje
323 314 42 26 län,
381 313 69 21 skulle
466 313 54 21 hvar
534 315 111 25 guvernör,
662 314 73 21 derest
749 314 143 27 kronofogde-

69 342 117 27 tjensterna
201 342 69 22 blefve
285 342 111 26 indragna,
411 341 22 22 få
447 341 76 22 utöfva
538 342 71 21 direkt
624 342 93 22 kontroll
728 342 59 22 öfver
797 344 25 20 31
834 343 58 21 läns-

67 374 55 24 män,
145 372 83 20 hvilkas
251 370 206 28 tjenstebefattning,
481 370 74 27 sedan,
579 370 66 28 enligt
667 371 118 22 utskottets
803 371 87 28 förslag,

67 400 194 27 kronouppbörden
281 400 39 22 och
341 399 233 22 exekutionsväsendet
589 399 69 22 blifvit
673 400 13 20 å
701 400 48 22 dem
765 400 125 28 öfverförda,

67 435 49 15 vore
136 429 60 27 långt
215 435 59 15 mera
293 428 111 22 invecklad
420 430 27 19 än
462 427 33 22 för
512 428 36 22 det
563 428 139 22 närvarande.
732 429 39 21 Att
785 431 105 25 guvernö-

67 464 61 15 rerne
150 458 19 27 ej
193 458 70 21 skulle
284 458 79 26 kunna,
379 457 29 27 på
430 458 45 20 sätt
497 457 77 27 nödigt
593 459 30 25 är,
645 456 113 23 öfvervaka
773 458 25 21 så
812 458 79 28 många

66 487 135 27 tjenstemän,
220 487 57 22 helst
292 486 51 22 flere
359 486 24 21 af
397 486 48 21 dem
460 492 52 15 vore
527 486 87 21 bosatta
629 487 28 20 20
672 486 13 21 &
701 488 25 20 30
742 487 37 21 mil
793 486 48 22 från
856 494 34 15 re-

66 515 157 27 sidensstaden,
247 518 24 19 är
293 514 89 22 alldeles
404 514 114 28 påtagligt.
548 514 42 28 Jag
611 521 62 15 anser
692 514 83 23 derföre
791 522 26 15 en
832 522 58 22 myn-

66 544 74 26 dighet
159 544 91 22 emellan
273 545 134 25 guvernören
422 544 41 21 och
477 544 142 21 länsmannen
634 550 51 15 vara
700 543 23 22 af
735 544 102 22 behofvet
851 545 38 27 på-

65 573 77 26 kallad,
164 573 40 21 och
223 572 33 22 får
274 572 84 22 således
379 574 52 20 äran
449 572 34 22 för
497 572 159 28 Ridderskapet
671 572 40 22 och
726 572 69 22 Adeln
809 572 81 23 föreslå

66 604 32 18 att
116 602 119 21 utskottets
258 602 142 25 betänkande,
422 600 71 22 såvidt
514 601 120 21 detsamma
653 603 60 20 rörer
727 602 127 27 indragning
868 602 24 22 af

64 629 257 29 kronofogdetjensterna,
337 630 48 21 icke
399 629 36 22 må
450 629 33 22 till
498 629 70 28 någon
585 630 76 27 åtgärd
675 629 116 23 föranleda.

132 658 55 23 Herr
206 659 153 28 Jägerhorn:
381 658 72 22 Sedan
472 658 76 22 herrar
563 665 41 15 von
619 658 87 22 Alfthan
721 659 40 21 och
776 659 113 22 Molander

64 687 105 28 vidlyftigt
191 688 40 21 och
253 687 83 22 sakrikt
357 688 67 27 yttrat
446 687 33 27 sig
494 687 7 21 i
518 687 61 22 detta
601 689 68 24 ämne,
691 687 40 22 har
745 688 59 27 jag
798 683 14 36 i
821 688 67 22 saken

63 717 110 26 ingenting
189 717 73 21 dervid
277 718 33 20 att
324 716 93 27 tillägga.
447 716 43 27 Jag
506 716 70 21 skulle
591 717 78 21 endast
682 716 7 21 i
703 716 68 22 likhet
781 717 49 22 med
838 717 50 22 herr

64 745 72 22 Taube
156 752 51 15 anse
223 747 33 20 att
270 745 140 22 förevarande
424 745 98 27 petition,
538 744 46 22 ifall
599 745 42 22 den
656 745 96 22 kommer
767 745 33 22 till
815 746 71 27 stånd,

64 774 68 21 skulle
148 773 141 23 öfverlemnas
304 774 32 21 till
351 773 130 27 behandling
497 773 23 22 af
533 774 101 27 antingen
651 774 41 21 den
699 773 87 28 komité,
797 780 46 16 som
854 774 33 22 för

62 803 131 22 närvarande
209 803 97 22 handhar
321 802 74 27 frågan
410 809 34 15 om
455 809 26 15 en
493 803 79 21 allmän
581 803 155 27 lönereglering
747 803 40 22 och
799 803 87 22 dermed

62 831 88 22 förenad
166 839 69 14 annan
250 832 106 27 reglering
371 831 23 22 af
407 831 217 28 tjensteåligganden,
641 831 52 22 eller
701 838 26 15 en
737 838 70 15 annan
817 832 69 22 sådan

62 861 48 21 med
136 861 90 27 specielt
241 860 101 22 afseende
358 861 13 21 å
384 859 163 29 ifrågavarande
563 861 96 27 tjenster.
689 861 94 21 Likvisst
798 861 36 21 vill
847 861 39 27 jag

62 890 110 21 framhålla
191 892 56 20 ännu
268 891 32 21 ett
319 896 39 20 par
373 889 192 27 omständigheter,
581 896 46 15 som
639 890 39 27 jag
692 892 46 19 tror
751 890 49 21 icke
815 890 70 22 blifvit

61 919 57 21 inom
132 919 159 27 Ridderskapet
307 918 40 22 och
362 918 68 22 Adeln
445 918 86 28 belysta
546 918 32 22 uti
593 918 140 22 förevarande
748 920 67 20 ämne.
841 919 44 21 Det

61 950 23 19 är
99 947 131 23 beträffande
246 949 67 20 sättet
328 948 32 20 att
375 947 79 21 afsätta
468 947 141 22 länsmännen
624 946 46 22 från
685 947 100 27 tjensten,
803 948 81 21 hvilket

61 983 28 15 nu
99 976 128 22 tillkommer
238 978 164 25 guvernörerne,
413 978 53 19 utan
477 977 34 20 att
520 976 71 27 någon
601 976 133 22 besvärsrätt
745 978 58 20 emot
814 976 69 22 denna

60 1006 76 26 åtgärd
150 1007 25 19 är
189 1006 8 20 i
211 1005 64 27 lagen
289 1004 126 27 medgifven.
440 1005 43 21 Det
497 1011 39 15 var
550 1005 92 21 nämndt
657 1006 32 20 att
703 1005 7 21 i
725 1005 159 27 konungariket

60 1034 93 27 Sverige,
175 1033 93 23 derifrån
286 1034 21 21 vi
321 1033 63 22 hafva
398 1034 84 21 hemtat
497 1034 75 24 mångt
587 1034 41 21 och
642 1034 85 27 mycket
743 1036 66 19 annat
823 1034 59 27 godt,

58 1070 49 14 man
122 1062 67 22 finner
211 1069 27 15 en
262 1063 41 26 lag,
324 1062 105 27 nemligen
451 1062 332 27 landshöfdinge-instruktionen
809 1062 23 22 af
859 1063 24 21 år

61 1094 53 20 1855
132 1092 7 21 i
159 1098 81 15 samma
259 1091 61 27 syfte,
341 1093 32 19 att
397 1091 24 21 så
437 1092 60 20 snart
517 1098 27 14 en
558 1091 97 21 länsman
669 1090 90 23 förlorar
773 1091 109 22 landshöf-

59 1121 87 27 dingens
162 1120 129 26 förtroende,
307 1120 25 21 så
345 1120 43 21 kan
403 1120 69 21 denne
487 1121 61 20 utom
563 1122 66 20 annat
643 1120 32 21 till
690 1120 40 22 och
745 1120 49 22 med
802 1120 80 22 afsätta

59 1150 77 21 honom
150 1148 47 22 från
213 1149 100 27 tjensten,
329 1155 48 15 men
393 1148 7 22 i
415 1155 26 15 en
452 1148 94 28 följande
557 1148 101 28 paragraf
667 1148 22 22 af
697 1155 82 15 samma
787 1149 94 21 instruk-

58 1178 45 22 tion
118 1178 45 22 står
179 1178 36 21 det
231 1179 32 20 att
277 1178 78 21 besvär
370 1176 58 23 öfver
443 1184 26 15 en
485 1178 68 21 sådan
564 1177 188 27 landshöfdingens
764 1178 76 26 åtgärd
850 1177 32 22 får

58 1206 84 23 anföras
157 1207 7 21 i
181 1207 40 21 den
236 1206 95 27 ordning,
348 1212 47 16 som
409 1206 7 21 i
431 1206 73 28 dylika
518 1206 37 22 fall
571 1209 24 19 är
610 1206 102 22 särskildt
726 1206 109 27 bestämd;
846 1206 34 22 så-

57 1236 66 22 lunda
142 1236 69 21 skulle
223 1236 38 27 jag
276 1242 51 15 anse
343 1237 32 19 att
391 1241 34 15 om
441 1235 67 21 också
523 1236 144 26 guvernörens
683 1235 104 27 rättighet
803 1236 32 20 att
850 1234 31 22 af-

57 1265 67 21 skeda
138 1264 97 22 länsmän
249 1264 48 21 från
312 1264 94 28 tjensten
420 1264 126 26 bibehålles,
563 1264 36 22 det
615 1264 117 27 stadgande
747 1263 68 23 borde
830 1264 49 22 med

56 1292 149 28 upphäfvande
221 1292 23 22 af
259 1295 52 19 1831
329 1293 34 21 års
378 1292 126 28 förordning
519 1293 168 26 åstadkommas,
703 1295 32 19 att
743 1293 78 21 besvär
831 1293 48 21 der-

56 1322 58 22 öfver
128 1322 33 21 får
176 1322 7 21 i
198 1322 50 26 laga
263 1322 88 26 ordning
367 1321 91 22 anföras.
488 1322 48 21 Den
552 1322 67 21 andra
633 1322 186 26 omständigheten
833 1322 47 21 åter

56 1351 90 26 anginge
164 1351 152 21 länsmännens
335 1350 163 21 löneförmåner.
529 1350 39 21 Att
589 1351 27 20 de
633 1350 91 22 behöfva
738 1350 102 27 förhöjas,
856 1353 24 18 är

56 1379 161 27 otvifvelaktigt,
234 1385 48 15 men
297 1378 134 27 förhöjandet
446 1379 68 21 borde
525 1379 39 21 ske
575 1378 54 23 efter
639 1379 57 21 hand
707 1379 39 21 och
757 1379 7 20 i
774 1384 106 15 samman-

52 1409 57 26 hang
123 1408 50 22 med
188 1408 191 27 omgestaltningen
395 1407 22 22 af
430 1408 41 21 den
487 1408 169 21 administrativa
671 1406 167 29 tjenstgöringen
852 1407 30 27 på

54 1437 148 28 landsbygden
222 1437 7 21 i
245 1437 121 25 allmänhet,
382 1436 85 22 hvartill
483 1437 29 20 då
526 1436 73 22 kunde
614 1437 52 21 höra
681 1436 65 22 bland
762 1437 65 20 annat
842 1436 38 21 det

54 1468 32 19 att
102 1466 100 27 antingen
217 1465 140 27 kronofogde-
374 1465 51 22 eller
439 1464 292 29 häradsskrifvartjensterne
746 1465 84 21 komme
846 1466 33 20 att

53 1495 109 26 indragas;
182 1494 55 22 först
257 1494 28 21 då
303 1499 50 16 vore
372 1493 130 28 tidpunkten
522 1494 49 21 inne
597 1496 32 19 att
649 1494 66 21 tänka
736 1493 29 28 på
787 1499 26 15 en
834 1499 44 16 om-

53 1523 107 28 reglering
171 1523 22 22 af
205 1523 150 22 länsmännens
371 1522 164 27 löneförmåner,
552 1523 89 22 emedan
654 1523 38 28 jag
705 1522 47 22 icke
763 1523 45 20 tror
819 1522 59 23 detta
