1109 1748
425 104 40 16 Den
481 102 26 18 27
524 104 53 17 Mars.
850 104 40 20 363

92 168 51 20 utan
163 166 291 28 äterbetalmngsskyldighet
473 166 96 22 lemnadt
588 165 109 23 räntefritt
708 166 42 26 lån,
766 166 84 23 hvilket
861 169 57 21 stån-

92 196 37 21 det
143 194 134 23 förbehållits
295 197 43 20 rätt
357 196 33 21 att
408 194 21 22 få
445 194 118 27 återgälda.
598 196 43 21 För
665 195 254 28 riddarhusbyggnadens

92 224 118 27 möblering
232 223 39 21 har
293 224 111 22 dessutom
427 223 98 27 utgifvits
546 224 97 27 omkring
664 223 75 27 10,300
760 224 67 22 mark.
865 225 55 21 Hela

92 253 121 22 kostnaden
232 252 33 22 för
282 252 127 28 byggnaden
426 252 67 28 jemte
514 252 82 22 möbler
615 254 64 26 utgör
699 252 85 22 således
805 254 115 26 rätteligen

93 284 90 24 405,509
204 281 65 21 mark.
299 281 126 23 Emellertid
445 281 38 21 har
503 281 160 27 Ridderskapet
682 281 39 21 och
739 282 70 21 Adeln
824 282 37 22 vid
875 282 45 27 ple-

92 318 51 14 num
159 311 41 21 den
225 312 23 19 11
266 310 50 21 Juni
333 312 61 24 1872,
410 310 29 26 på
454 310 80 26 förslag
550 310 23 21 af
587 310 71 22 Stats-
674 310 40 22 och
728 311 192 21 Ekonomiutskot-

94 342 38 24 tet,
149 338 47 22 från
211 338 81 22 hvilket
307 339 90 22 ärendet
412 339 27 21 då
455 338 32 22 till
503 339 87 21 ståndet
600 339 117 26 inkommit,
729 339 114 23 förklarat:
856 339 21 29 a)
889 342 32 19 att

93 368 242 27 riddarhusbyggnaden
353 368 49 21 med
422 367 71 21 dertill
514 368 96 21 hörande
629 368 82 21 möbler
731 368 40 22 och
790 369 131 22 inventarier

94 397 70 22 skulle
187 396 114 22 öfverlåtas
323 396 33 22 till
379 396 132 26 Ständerna;
534 396 24 25 b)
578 398 33 20 att
630 396 214 27 dispositionsrätten
863 398 59 22 öfver

94 426 134 21 riddarsalen
244 425 39 21 och
299 425 42 21 alla
357 426 26 20 de
397 425 29 27 på
441 427 73 19 vestra
529 425 61 21 sidan
605 424 23 22 af
641 425 128 27 uppgången
783 426 8 22 i
804 428 68 21 andra
884 426 37 22 vå-

95 454 77 27 ningen
190 454 91 27 belägna
299 454 82 22 lokaler
396 454 68 27 jemte
479 460 47 15 rum
542 454 33 22 för
589 454 161 22 vaktmästaren
765 455 71 22 skulle
851 456 70 21 förbe-

95 483 69 22 hållas
182 483 157 27 Ridderskapet
357 483 40 21 och
415 483 76 26 Adeln,
511 483 49 21 med
579 483 41 21 den
639 483 152 27 inskränkning
805 484 66 22 likväl
889 486 33 20 att

95 512 134 22 riddarsalen
250 511 55 27 finge
324 512 109 27 begagnas
453 512 33 20 till
510 512 26 22 de
557 512 269 27 ständersammanträden,
848 519 46 15 som
914 513 7 21 i

96 542 27 20 47
139 540 11 28 8
165 540 20 22 af
200 540 233 28 landtdagsordningen
449 540 146 27 omförmälas;
612 541 21 26 c)
649 542 32 20 att
695 540 145 22 lösesumman
852 542 69 22 skulle

95 570 130 22 bestämmas
241 570 32 20 till
289 571 90 25 232,800
395 569 61 21 mark
471 569 33 22 för
518 569 137 28 fastigheten,
671 571 56 19 samt
741 569 33 22 för
789 570 82 22 möbler
882 571 40 21 och

96 598 135 26 inventarier,
247 598 49 22 med
311 600 27 20 30
354 598 27 25 %
396 598 73 22 rabatt
485 598 23 21 af
522 598 62 22 deras
598 598 128 27 inköpspris,
737 598 32 21 till
781 600 63 25 7,200
854 600 66 26 mark,

97 627 52 22 eller
168 627 139 21 tillsammans
328 627 33 21 till
379 628 92 25 240,000
491 627 68 26 mark,
579 627 86 21 hvilken
681 633 82 15 summa
778 627 55 22 dock
849 628 71 21 kunde

96 656 85 21 innestä
204 657 57 20 emot
282 658 12 19 5
311 656 26 25 %
354 657 62 20 ränta
432 655 53 22 eller
503 657 76 25 12,000
594 656 60 21 mark
670 662 34 15 om
719 656 56 26 äret;
793 656 22 26 d)
831 658 33 20 att
879 657 43 21 alla

97 685 112 27 utskylder
228 686 56 20 samt
303 684 118 22 kostnader
440 684 33 22 för
491 685 113 21 underhäll
620 685 40 21 och
677 684 180 28 eldningsämnen,
873 686 48 21 med

97 720 64 19 mera,
183 713 70 22 skulle
269 713 82 22 drabba
365 713 128 22 ständernas
508 719 160 21 gemensamma
678 713 119 27 tillgångar,
809 714 113 22 hvarutom

97 742 87 22 ståndet
202 742 100 27 slutligen
317 742 35 21 vid
366 741 152 23 öfverlåtelsen
533 742 68 21 fästat
617 742 36 22 det
667 742 74 27 vilkor,
759 745 32 18 att
806 743 116 22 ständerna

98 771 68 22 skulle
182 770 110 27 öfvertaga
310 771 41 21 den
370 771 35 21 vid
426 773 112 19 1863—64
557 771 35 21 års
611 771 102 26 landtdag
728 771 100 22 beslutna
843 771 79 22 förbin-

98 800 73 21 delsen
195 801 32 20 att
246 800 32 21 till
294 799 135 22 Statsverket
444 800 113 27 ätergälda
573 799 154 22 ofvanberörda
742 800 34 21 län
793 799 22 22 af
833 803 89 24 152,000

97 829 67 26 mark,
187 829 49 21 med
250 828 73 27 afdrag
339 828 22 21 af
373 829 212 27 hyreskostnaderna
600 829 35 21 vid
651 829 65 26 sagde
731 829 103 27 landtdag
848 829 33 22 för
896 829 26 22 de

98 857 68 27 öfriga
181 857 91 22 ständen
291 857 40 22 och
349 857 146 22 kostnaderna
511 857 59 23 säväl
585 857 33 22 för
632 857 147 23 riddarhusets
794 857 129 23 förändrade

98 886 112 27 inredning
232 887 7 21 i
255 886 39 22 och
309 886 32 22 för
354 886 139 27 landidagen,
510 893 47 15 som
573 887 40 21 ock
628 886 33 22 för
677 887 26 21 de
718 886 33 22 för
761 893 82 15 samma
858 888 64 21 ända-

98 916 42 21 mål
156 915 122 22 anskaffade
293 915 87 22 möbler.

167 944 72 22 Jemte
262 944 98 21 anmälan
379 945 33 20 att
432 944 206 27 Föreningsbanken
653 944 6 21 i
675 944 94 27 Finland,
786 951 45 15 som
848 951 75 21 genom

99 973 102 21 kontrakt
217 972 23 22 af
253 973 40 21 den
310 975 11 19 5
338 973 58 21 Mars
414 974 61 25 1874,
491 974 29 26 på
535 974 30 20 tio
581 973 34 21 års
631 973 32 21 tid
677 973 48 26 hyrt
739 974 41 21 den
794 974 66 26 lokal,
871 974 52 21 ban-

99 1002 41 21 ken
162 1008 30 15 nu
214 1002 94 26 innehar,
333 1002 49 21 sökt
400 1002 40 21 och
455 1002 76 21 vunnit
546 1002 124 27 inteckning
685 1002 31 21 uti
737 1002 137 22 riddarhuset
891 1003 33 21 till

100 1030 102 22 säkerhet
224 1030 33 22 för
278 1030 117 22 beståndet
410 1030 23 22 af
446 1031 68 27 sagde
529 1031 110 26 kontrakt,
656 1037 47 15 men
723 1032 32 20 att
774 1031 150 22 riddarhusets

100 1059 67 27 öfriga
189 1060 149 27 hyresgästers
359 1059 120 27 afflyttning
501 1061 25 20 är
547 1060 109 21 beroende
679 1060 27 26 på
727 1060 142 27 uppsägning,
885 1060 39 22 har

100 1088 237 26 Riddarhusutskottet,
365 1088 7 21 i
399 1088 102 22 afseende
528 1088 14 22 å
564 1089 37 21 det
623 1095 29 14 nu
673 1088 145 28 föreliggande
845 1091 77 25 ämnet,

101 1118 53 20 trott
177 1117 32 27 sig
228 1117 53 21 böra
299 1116 118 27 framhålla,
433 1117 104 21 hurusom
551 1116 144 28 uppförandet
709 1117 23 21 af
745 1119 33 20 ett
791 1120 133 24 gemensamt

101 1146 130 22 ständerhus
259 1146 52 21 eller
338 1152 26 15 en
387 1146 232 27 ständerhuskomplex
644 1145 33 22 för
700 1146 159 27 Ridderskapet
884 1146 39 22 och

100 1174 75 27 Adeln,
198 1181 46 15 som
266 1175 67 21 redan
347 1181 50 21 eger
413 1181 25 15 en
458 1175 93 27 beqväm
571 1174 41 22 och
627 1175 88 21 ståndet
729 1175 74 27 värdig
817 1175 59 21 lokal
891 1175 33 22 för

101 1204 46 21 sina
170 1204 178 26 sammanträden,
373 1203 47 21 icke
441 1205 24 19 är
487 1204 7 20 i
514 1204 45 21 lika
579 1204 52 26 grad
652 1203 23 22 af
690 1203 101 23 behofvet
806 1204 117 27 påkalladt,

101 1238 47 16 som
162 1232 33 22 för
211 1232 26 22 de
253 1232 67 27 öfriga
335 1234 32 20 tre
383 1232 98 26 stånden,
497 1232 74 22 hvilka
585 1232 92 27 nödgats
692 1233 67 21 under
769 1232 155 28 landtdagarne

100 1261 58 21 hålla
173 1261 90 27 tillgodo
279 1262 49 21 med
343 1261 81 21 sådana
439 1268 46 14 mer
501 1261 53 22 eller
569 1261 83 21 mindre
667 1261 183 27 ändamålsenliga
864 1262 60 21 loka-

100 1290 38 26 ler,
161 1296 47 16 som
231 1290 54 21 stått
307 1292 33 19 att
354 1290 61 27 hyra;
432 1296 49 15 men
497 1290 29 21 då
541 1290 202 22 åstadkommandet
757 1290 23 21 af
793 1292 32 20 ett
840 1296 84 21 gemen-

101 1320 56 20 samt
180 1318 135 27 ständerhus,
336 1319 79 27 jemväl
437 1318 34 22 för
491 1319 167 21 underlättande
679 1318 22 22 af
713 1319 213 22 kommunikationen

102 1347 91 22 emellan
211 1348 98 25 stånden,
330 1347 39 22 hos
388 1347 110 22 utskottet
514 1348 75 21 vunnit
605 1348 142 26 erkännande,
763 1348 40 21 har
817 1348 109 22 utskottet

101 1377 72 20 ansett
197 1376 32 27 sig
251 1376 53 22 böra
321 1375 78 22 föreslå
418 1376 162 27 Ridderskapet
596 1376 40 21 och
651 1376 68 21 Adeln
735 1378 32 19 att
782 1376 7 21 i
803 1376 122 27 möjligaste

101 1405 68 21 måtto
185 1404 134 27 tillmötesgå
334 1405 25 21 de
376 1404 67 27 öfriga
459 1405 104 22 ståndens
580 1405 130 27 önskningar
724 1405 32 21 uti
771 1405 93 20 nämnda
872 1405 54 21 hän-

102 1434 85 21 seende.
218 1434 61 21 Dock
293 1434 40 21 har
351 1433 110 22 utskottet
476 1435 56 20 trott
548 1433 61 22 detta
619 1433 186 28 tillmötesgående
815 1433 47 22 icke
872 1433 54 22 böra

101 1463 124 21 utsträckas
242 1463 55 21 ända
313 1462 86 26 derhän,
415 1464 33 19 att
464 1463 88 22 ståndet
567 1463 69 21 skulle
652 1462 55 21 afstå
723 1463 33 21 sin
770 1462 105 26 beqväma
886 1463 40 22 och

101 1491 128 27 välbelägna
243 1491 98 27 byggnad
356 1491 32 20 för
404 1492 33 20 att
451 1491 51 21 med
518 1492 27 21 de
561 1491 68 27 öfriga
645 1491 90 22 stånden
751 1490 87 27 deltaga
852 1491 7 21 i
872 1498 53 21 upp-

102 1519 88 22 förande
212 1519 23 22 af
255 1526 26 15 en
303 1527 28 20 ny
352 1520 107 27 byggnad,
481 1520 50 21 med
549 1519 84 23 lokaler
647 1519 32 23 för
695 1520 41 22 alla
750 1520 47 29 fyra
811 1520 71 28 stånd,
898 1521 28 28 på
