1109 1748
261 119 41 20 306
569 120 40 18 Den
625 119 26 19 23
667 121 54 17 Mars.

233 183 126 23 förhindrad
378 183 40 22 och
439 183 38 21 det
492 182 124 23 föranleder
631 184 32 21 till
679 185 46 21 stor
741 184 127 21 ekonomisk
882 183 78 22 förlust
975 183 34 21 vid
1026 184 36 21 så-

233 213 56 21 dana
305 212 104 26 tillfällen,
426 212 27 21 då
468 212 131 21 vattenbrist
613 212 122 22 förefinnes.
766 213 43 21 Det
820 215 24 19 är
853 213 18 27 ej
880 213 69 21 heller
957 212 63 27 sagdt
1029 214 32 20 att

233 242 134 27 ångqvarnar
386 240 72 23 derför
479 240 61 22 skola
555 242 79 26 uppstå
651 242 36 21 vid
707 242 72 27 dylika
795 241 105 28 tillfällen,
916 241 40 23 och
969 241 38 27 jag
1022 241 39 22 ber

234 272 33 20 att
282 270 23 22 få
319 270 74 22 förena
408 270 44 26 mig
467 269 50 21 med
533 270 120 22 utskottets
668 270 102 28 yrkande.

303 299 98 22 Friherre
421 304 41 16 von
477 298 79 27 Born,
572 299 87 21 Viktor:
682 300 43 20 Det
741 301 24 19 är
780 298 33 22 för
829 300 33 20 att
877 298 141 28 understödja
1034 306 26 15 en

233 328 64 27 åsigt,
313 328 86 21 hvilken
414 327 78 21 hittills
508 327 48 22 icke
571 327 70 23 blifvit
655 328 140 26 understödd,
813 334 47 16 som
872 328 38 28 jag
926 328 90 22 anhållit
1026 334 34 16 om

234 358 69 26 ordet,
324 356 106 27 nemligen
450 356 51 21 herr
523 356 85 22 Taubes
629 356 62 28 åsigt.
722 357 32 21 De
773 356 65 22 flesta
853 357 75 26 talare,
945 364 45 14 som
1006 363 54 21 upp-

233 386 66 26 trädt,
316 384 63 22 hafva
398 385 65 27 yrkat
482 385 29 27 på
531 386 123 21 återremiss
669 386 7 20 i
691 387 32 20 ett
738 386 112 21 bestämdt
865 386 61 27 syfte,
944 386 39 22 och
1000 386 60 21 detta

234 414 55 28 syfte
311 414 40 22 har
371 413 100 28 angifvits
491 420 57 21 vara,
565 416 33 20 att
619 414 7 22 i
642 414 155 28 sammanhang
811 415 50 21 med
877 415 70 21 denna
962 415 98 27 proposi-

233 444 58 21 tions
314 443 121 29 antagande
457 443 95 21 inlemna
575 450 26 15 en
622 444 92 26 petition
737 450 35 15 om
797 443 118 28 aflyftande
940 444 23 21 af
984 450 75 20 qvarn-

233 472 94 22 skatten.
351 471 67 23 Afven
437 472 39 28 jag
491 478 63 16 anser
570 472 37 22 det
621 479 52 15 vara
687 472 141 28 fördelaktigt
839 474 33 20 att
882 472 90 22 afskaffa
983 479 75 20 qvarn-

233 502 94 26 skatten,
350 508 49 15 men
417 501 43 21 icke
480 507 77 21 genom
579 502 33 20 att
635 501 78 27 aflyfta
737 501 51 26 den;
812 503 22 25 ty
858 503 32 19 att
912 502 101 26 borttaga
1032 508 26 15 en

233 530 66 27 skatt,
322 536 46 16 som
387 530 81 27 åligger
487 536 27 15 en
536 530 109 27 fastighet,
662 532 24 19 är
708 531 33 20 att
765 530 57 27 gifva
837 530 142 27 fastighetens
996 537 64 21 egare

233 566 27 14 en
275 559 76 21 skänk.
381 559 67 21 Detta
463 558 122 22 förfarande
600 559 72 21 kunde
688 559 111 21 dessutom
811 559 105 27 åberopas
928 560 72 20 såsom
1009 566 49 20 pre-

230 588 94 27 judikat,
341 588 28 20 då
383 594 49 15 man
447 587 116 22 framdeles
577 588 84 21 kanske
675 588 36 20 vill
726 587 81 22 föreslå
822 587 143 23 afskaffandet
978 588 22 22 af
1008 589 50 21 vida

233 618 70 19 större
326 616 90 27 skatter,
433 616 128 27 exempelvis
585 616 163 27 grundskatten.
779 616 116 27 Aflösning
914 616 24 21 af
956 623 26 15 en
999 618 59 20 skatt

233 651 64 16 anser
314 645 38 27 jag
370 645 98 21 deremot
482 651 52 15 vara
550 645 88 21 alldeles
654 645 71 27 riktig,
742 645 41 21 och
798 651 50 15 man
864 645 72 22 kunde
951 645 107 28 medgifva

233 675 33 20 ett
280 674 71 27 billigt
371 673 173 28 aflösningssätt,
560 674 138 27 hvarigenom
714 674 37 21 det
767 674 70 21 skulle
853 673 64 22 blifva
933 674 32 21 för
980 681 76 20 qvarn-

233 709 79 20 egaren
335 703 81 27 ganska
438 703 48 26 lätt,
507 704 33 20 att
561 703 57 21 inom
641 703 66 26 några
727 703 24 20 år
771 702 80 27 frigöra
870 703 33 27 sig
920 702 47 22 från
987 704 70 21 denna

233 732 66 21 skatt.
321 743 28 4 —
371 731 31 22 På
425 731 37 22 det
483 731 120 27 grundidén
625 731 7 21 i
655 731 41 22 den
719 731 62 27 åsigt,
799 737 46 16 som
868 731 50 22 herr
933 732 73 22 Taube
1021 734 34 19 ut-

232 760 61 27 talat,
314 761 67 21 måtte
404 760 87 22 komma
510 760 69 21 under
601 760 139 27 omröstning,
762 760 71 22 skulle
853 761 38 26 jag
908 760 79 22 föreslå
1007 761 49 22 herr

232 789 80 27 Taube,
333 795 34 16 om
387 789 42 21 han
447 789 49 22 icke
515 789 35 22 vill
569 789 74 22 förena
661 789 33 27 sig
709 795 34 15 om
759 789 124 22 återremiss
899 789 7 21 i
922 789 54 28 syfte
993 789 23 22 af
1029 797 26 15 en

231 818 92 27 petition
338 824 35 15 om
389 818 164 27 qvarnskattens
571 818 117 27 aflösande,
704 818 48 21 icke
768 817 127 28 aflyftande.

300 847 99 22 Friherre
413 853 42 15 von
470 846 82 27 Troil,
569 846 21 22 S.
607 847 43 21 W.:
673 847 42 26 Jag
729 846 97 27 begärde
842 847 62 22 ordet
920 847 77 22 endast
1006 848 49 21 med

232 876 114 27 anledning
367 876 22 21 af
409 876 50 21 herr
479 876 163 27 Björkenheims
662 876 107 27 yttrande,
791 877 32 20 att
843 882 49 15 man
912 876 47 22 icke
978 883 77 21 genom

230 905 115 21 konstlade
364 904 70 22 medel
451 904 68 22 borde
539 905 53 21 söka
609 904 52 28 höja
680 911 26 15 en
721 904 100 22 industri.
852 905 42 21 För
908 905 42 21 min
966 906 35 21 del
1016 905 38 22 fin-

230 940 39 15 ner
281 934 38 27 jag
335 940 26 15 en
377 934 70 21 skatts
464 933 118 27 aflyftande
597 934 48 21 icke
659 940 52 15 vara
720 934 67 26 något
797 934 118 26 konstladt,
924 936 52 19 utan
987 936 67 20 tvärt-

231 968 34 16 om
285 965 32 19 ett
336 962 83 28 ganska
438 962 104 27 naturligt
560 962 70 22 medel
645 962 33 22 för
693 964 33 20 att
740 962 52 27 höja
807 968 27 16 en
849 962 97 27 industri,
956 963 40 21 och
1011 964 43 21 kan

229 991 48 22 icke
293 992 86 21 skatten
394 993 79 25 genast
487 990 95 28 aflyftas,
599 991 24 21 sä
638 991 40 21 bör
692 997 49 15 man
758 991 131 21 ätminstone
905 993 52 25 göra
972 992 39 21 allt
1021 992 33 22 för

229 1022 34 20 att
285 1020 38 22 det
345 1020 56 22 skall
423 1020 72 22 kunna
515 1020 38 22 ske
573 1020 25 21 sä
617 1019 43 22 fort
683 1026 46 15 som
749 1020 90 27 möjligt,
855 1020 7 21 i
878 1020 74 22 stället
966 1020 32 23 för
1014 1023 38 25 att,

229 1050 72 21 säsom
316 1050 74 21 herrar
405 1050 140 25 reservanter,
561 1048 97 22 försvära
674 1048 60 22 detta
750 1048 128 28 aflyftande.

296 1078 56 22 Herr
366 1078 140 22 Mechelin:
529 1078 42 26 Jag
585 1078 64 21 utber
663 1077 44 27 mig
722 1077 57 21 blott
794 1079 33 19 att
841 1078 7 20 i
862 1078 88 22 korthet
960 1080 46 20 mot
1015 1078 36 22 fri-

227 1107 63 22 herre
307 1113 42 16 von
363 1107 58 21 Born
436 1106 22 22 fä
472 1106 119 26 framhälla,
608 1107 33 20 att
655 1112 49 15 man
719 1106 36 21 vid
770 1108 99 20 närmare
884 1107 132 27 granskning
1031 1107 23 22 af

228 1142 26 16 en
277 1136 70 22 skatts
369 1134 155 27 beskaffenhet,
541 1135 42 22 den
605 1135 35 21 mä
661 1141 52 15 vara
732 1134 87 22 hvilken
840 1141 46 15 som
904 1135 63 27 helst,
988 1136 62 22 torde

226 1165 54 21 böra
295 1165 95 22 erkänna
405 1166 32 20 att
454 1164 37 21 det
505 1170 50 15 vore
571 1170 26 15 en
615 1163 109 22 irrationel
739 1165 43 25 väg
797 1165 34 20 att
846 1163 80 22 föreslå
942 1164 109 28 aflösning

227 1193 23 22 af
268 1194 129 22 densamma.
427 1194 44 20 Det
491 1194 23 20 är
534 1192 118 22 detsamma
668 1198 45 16 som
729 1194 34 19 att
777 1192 95 22 förklara
887 1194 33 20 att
935 1194 73 21 staten
1022 1194 29 27 pä

225 1223 70 26 grund
315 1222 23 22 af
355 1222 128 27 eganderätt
497 1221 84 27 uppbär
596 1221 92 21 skatten.
719 1221 43 21 Det
778 1221 55 21 enda
848 1221 108 27 naturliga
971 1224 25 19 är
1010 1224 38 25 att,

226 1257 34 15 om
276 1257 49 15 man
339 1250 68 22 finner
422 1257 27 15 en
464 1250 60 22 skatt
538 1250 28 27 pä
581 1251 32 20 ett
629 1250 52 22 eller
696 1251 66 20 annat
776 1251 45 20 sätt
831 1250 109 27 olämplig,
952 1250 96 28 afskaffa,

225 1279 77 28 aflyfta
322 1280 134 25 densamma;
480 1278 40 22 och
540 1278 57 22 hvad
617 1278 26 22 de
658 1278 175 27 betänkligheter
846 1278 140 28 vidkommer,
1002 1286 47 15 som

223 1308 51 22 herr
295 1308 74 22 Taube
391 1308 123 26 framhällit,
531 1308 51 21 eller
601 1309 32 19 att
651 1307 37 21 det
707 1307 44 21 kan
770 1307 51 21 leda
839 1307 33 21 till
888 1309 33 19 att
936 1308 27 21 de
979 1308 69 22 skatt-

223 1337 97 27 skyldige
335 1336 22 22 få
372 1337 79 27 ökning
466 1336 28 27 pä
510 1338 65 19 annat
589 1336 50 26 håll,
655 1336 77 21 medan
749 1342 148 20 gvarnegaren
913 1336 41 22 blir
964 1336 84 23 befriad

222 1365 47 22 från
285 1366 65 26 skatt,
367 1366 24 21 så
407 1368 24 19 är
446 1364 78 22 sådant
537 1364 126 27 visserligen
678 1365 110 26 tänkbart,
804 1371 50 15 men
870 1370 34 15 om
920 1366 127 25 qvarnskat-

221 1396 49 20 tens
286 1393 120 28 aflyftande
421 1394 51 21 sker
487 1394 15 20 t.
519 1399 31 16 ex.
566 1393 29 27 på
609 1399 26 16 en
651 1393 38 27 tid,
706 1393 27 21 då
750 1393 50 21 dess
815 1393 79 27 belopp
910 1393 48 22 icke
974 1396 24 19 är
1014 1394 32 22 för

221 1423 132 22 statsverket
373 1422 140 27 erforderligt,
530 1421 25 22 så
574 1422 42 21 kan
636 1422 33 21 väl
691 1421 107 28 svårligen
813 1422 87 21 komma
914 1422 7 21 i
936 1422 62 27 fråga
1014 1425 33 19 att

220 1452 69 21 tillika
304 1451 83 22 instifta
402 1458 26 15 en
444 1457 28 21 ny
487 1451 65 26 skatt,
569 1450 86 22 hvilken
669 1451 28 21 då
711 1451 49 21 icke
775 1450 70 22 heller
860 1457 51 15 vore
924 1451 34 21 för
972 1453 73 20 staten

219 1480 99 28 behöflig.
348 1481 44 21 Det
413 1480 115 27 vigtigaste
548 1479 11 28 i
579 1479 70 22 denna
668 1479 59 27 fråga
748 1481 24 20 är
791 1479 49 22 icke
856 1479 42 22 den
913 1481 49 20 rent
976 1479 68 23 finan-

219 1509 62 22 ciella
303 1509 61 22 sidan
387 1509 22 21 af
430 1509 72 21 saken.
532 1507 69 22 Afven
621 1514 33 15 om
675 1514 159 21 qvarnegarene
854 1508 48 22 icke
921 1508 72 22 känna
1012 1509 33 28 sig

218 1537 122 28 betungade
359 1537 22 22 af
399 1538 86 21 skatten
506 1537 40 21 och
566 1536 62 23 äfven
643 1543 34 15 om
692 1537 182 22 konsumenterne
890 1537 24 21 af
927 1537 53 22 bröd
996 1537 48 23 icke
