<?xml version="1.0" encoding="UTF-8"?>
<alto xmlns="http://www.loc.gov/standards/alto/ns-v3#" xmlns:xlink="http://www.w3.org/1999/xlink" xmlns:xsi="http://www.w3.org/2001/XMLSchema-instance" xsi:schemaLocation="http://www.loc.gov/standards/alto/ns-v3# http://www.loc.gov/alto/v3/alto-3-0.xsd">
	<Description>
		<MeasurementUnit>pixel</MeasurementUnit>
		<sourceImageInformation>
			<fileName>/tmp/tess_bx4o_1p8_input.PNG</fileName>
		</sourceImageInformation>
		<OCRProcessing ID="OCR_0">
			<ocrProcessingStep>
				<processingSoftware>
					<softwareName>tesseract 5.3.4</softwareName>
				</processingSoftware>
			</ocrProcessingStep>
		</OCRProcessing>
	</Description>
	<Layout>
		<Page WIDTH="1109" HEIGHT="1748" PHYSICAL_IMG_NR="0" ID="page_0">
			<PrintSpace HPOS="0" VPOS="0" WIDTH="1109" HEIGHT="1748">
				<ComposedBlock ID="cblock_0" HPOS="401" VPOS="126" WIDTH="485" HEIGHT="24">
					<TextBlock ID="block_0" HPOS="401" VPOS="126" WIDTH="485" HEIGHT="24">
						<TextLine ID="line_0" HPOS="401" VPOS="126" WIDTH="485" HEIGHT="24">
							<String ID="string_0" HPOS="401" VPOS="129" WIDTH="40" HEIGHT="18" WC="0.96" CONTENT="Den"/><SP WIDTH="16" VPOS="129" HPOS="441"/>
							<String ID="string_1" HPOS="457" VPOS="126" WIDTH="26" HEIGHT="21" WC="0.94" CONTENT="29"/><SP WIDTH="17" VPOS="126" HPOS="483"/>
							<String ID="string_2" HPOS="500" VPOS="129" WIDTH="82" HEIGHT="19" WC="0.29" CONTENT="Januari."/><SP WIDTH="279" VPOS="129" HPOS="582"/>
							<String ID="string_3" HPOS="861" VPOS="129" WIDTH="25" HEIGHT="21" WC="0.94" CONTENT="11"/>
						</TextLine>
					</TextBlock>
				</ComposedBlock>
				<ComposedBlock ID="cblock_1" HPOS="86" VPOS="191" WIDTH="833" HEIGHT="57">
					<TextBlock ID="block_1" HPOS="86" VPOS="191" WIDTH="833" HEIGHT="57">
						<TextLine ID="line_1" HPOS="86" VPOS="191" WIDTH="833" HEIGHT="27">
							<String ID="string_4" HPOS="86" VPOS="192" WIDTH="142" HEIGHT="26" WC="0.96" CONTENT="medlemmar,"/><SP WIDTH="16" VPOS="192" HPOS="228"/>
							<String ID="string_5" HPOS="244" VPOS="192" WIDTH="28" HEIGHT="26" WC="0.96" CONTENT="på"/><SP WIDTH="15" VPOS="192" HPOS="272"/>
							<String ID="string_6" HPOS="287" VPOS="191" WIDTH="50" HEIGHT="22" WC="0.93" CONTENT="herr"/><SP WIDTH="14" VPOS="191" HPOS="337"/>
							<String ID="string_7" HPOS="351" VPOS="191" WIDTH="220" HEIGHT="23" WC="0.91" CONTENT="Landtmarskalkens"/><SP WIDTH="16" VPOS="191" HPOS="571"/>
							<String ID="string_8" HPOS="587" VPOS="192" WIDTH="113" HEIGHT="26" WC="0.93" CONTENT="anmodan,"/><SP WIDTH="16" VPOS="192" HPOS="700"/>
							<String ID="string_9" HPOS="716" VPOS="192" WIDTH="106" HEIGHT="22" WC="0.92" CONTENT="åtskildes"/><SP WIDTH="16" VPOS="192" HPOS="822"/>
							<String ID="string_10" HPOS="838" VPOS="193" WIDTH="33" HEIGHT="23" WC="0.96" CONTENT="för"/><SP WIDTH="15" VPOS="193" HPOS="871"/>
							<String ID="string_11" HPOS="886" VPOS="194" WIDTH="33" HEIGHT="21" WC="0.96" CONTENT="att"/>
						</TextLine>
						<TextLine ID="line_2" HPOS="87" VPOS="220" WIDTH="746" HEIGHT="28">
							<String ID="string_12" HPOS="87" VPOS="226" WIDTH="26" HEIGHT="16" WC="0.93" CONTENT="en"/><SP WIDTH="15" VPOS="226" HPOS="113"/>
							<String ID="string_13" HPOS="128" VPOS="222" WIDTH="61" HEIGHT="26" WC="0.92" CONTENT="qvart"/><SP WIDTH="15" VPOS="222" HPOS="189"/>
							<String ID="string_14" HPOS="204" VPOS="220" WIDTH="45" HEIGHT="22" WC="0.96" CONTENT="före"/><SP WIDTH="16" VPOS="220" HPOS="249"/>
							<String ID="string_15" HPOS="265" VPOS="220" WIDTH="90" HEIGHT="22" WC="0.96" CONTENT="nämnde"/><SP WIDTH="16" VPOS="220" HPOS="355"/>
							<String ID="string_16" HPOS="371" VPOS="220" WIDTH="113" HEIGHT="27" WC="0.96" CONTENT="klockslag"/><SP WIDTH="19" VPOS="220" HPOS="484"/>
							<String ID="string_17" HPOS="503" VPOS="220" WIDTH="47" HEIGHT="22" WC="0.96" CONTENT="åter"/><SP WIDTH="15" VPOS="220" HPOS="550"/>
							<String ID="string_18" HPOS="565" VPOS="221" WIDTH="79" HEIGHT="22" WC="0.93" CONTENT="samlas"/><SP WIDTH="17" VPOS="221" HPOS="644"/>
							<String ID="string_19" HPOS="661" VPOS="221" WIDTH="13" HEIGHT="21" WC="0.92" CONTENT="å"/><SP WIDTH="14" VPOS="221" HPOS="674"/>
							<String ID="string_20" HPOS="688" VPOS="220" WIDTH="145" HEIGHT="23" WC="0.96" CONTENT="riddarhuset."/>
						</TextLine>
					</TextBlock>
				</ComposedBlock>
				<ComposedBlock ID="cblock_2" HPOS="86" VPOS="300" WIDTH="834" HEIGHT="607">
					<TextBlock ID="block_2" HPOS="190" VPOS="300" WIDTH="323" HEIGHT="28">
						<TextLine ID="line_3" HPOS="190" VPOS="300" WIDTH="323" HEIGHT="28">
							<String ID="string_21" HPOS="190" VPOS="301" WIDTH="86" HEIGHT="21" WC="0.95" CONTENT="Samma"/><SP WIDTH="15" VPOS="301" HPOS="276"/>
							<String ID="string_22" HPOS="291" VPOS="301" WIDTH="42" HEIGHT="27" WC="0.96" CONTENT="dag"/><SP WIDTH="14" VPOS="301" HPOS="333"/>
							<String ID="string_23" HPOS="347" VPOS="300" WIDTH="28" HEIGHT="22" WC="0.95" CONTENT="kl."/><SP WIDTH="20" VPOS="300" HPOS="375"/>
							<String ID="string_24" HPOS="395" VPOS="302" WIDTH="40" HEIGHT="25" WC="0.40" CONTENT="1,2"/><SP WIDTH="16" VPOS="302" HPOS="435"/>
							<String ID="string_25" HPOS="451" VPOS="308" WIDTH="17" HEIGHT="14" WC="0.95" CONTENT="e."/><SP WIDTH="17" VPOS="308" HPOS="468"/>
							<String ID="string_26" HPOS="485" VPOS="308" WIDTH="28" HEIGHT="14" WC="0.96" CONTENT="m."/>
						</TextLine>
					</TextBlock>
					<TextBlock ID="block_3" HPOS="87" VPOS="329" WIDTH="833" HEIGHT="143">
						<TextLine ID="line_4" HPOS="155" VPOS="329" WIDTH="764" HEIGHT="28">
							<String ID="string_27" HPOS="155" VPOS="330" WIDTH="71" HEIGHT="22" WC="0.92" CONTENT="Sedan"/><SP WIDTH="16" VPOS="330" HPOS="226"/>
							<String ID="string_28" HPOS="242" VPOS="329" WIDTH="158" HEIGHT="28" WC="0.91" CONTENT="Ridderskapet"/><SP WIDTH="15" VPOS="329" HPOS="400"/>
							<String ID="string_29" HPOS="415" VPOS="330" WIDTH="41" HEIGHT="22" WC="0.93" CONTENT="och"/><SP WIDTH="15" VPOS="330" HPOS="456"/>
							<String ID="string_30" HPOS="471" VPOS="330" WIDTH="70" HEIGHT="21" WC="0.93" CONTENT="Adeln"/><SP WIDTH="14" VPOS="330" HPOS="541"/>
							<String ID="string_31" HPOS="555" VPOS="330" WIDTH="96" HEIGHT="27" WC="0.93" CONTENT="samlats,"/><SP WIDTH="14" VPOS="330" HPOS="651"/>
							<String ID="string_32" HPOS="665" VPOS="330" WIDTH="86" HEIGHT="27" WC="0.92" CONTENT="afgingo"/><SP WIDTH="16" VPOS="330" HPOS="751"/>
							<String ID="string_33" HPOS="767" VPOS="331" WIDTH="27" HEIGHT="21" WC="0.96" CONTENT="de"/><SP WIDTH="16" VPOS="331" HPOS="794"/>
							<String ID="string_34" HPOS="810" VPOS="331" WIDTH="33" HEIGHT="21" WC="0.96" CONTENT="till"/><SP WIDTH="16" VPOS="331" HPOS="843"/>
							<String ID="string_35" HPOS="859" VPOS="332" WIDTH="60" HEIGHT="21" WC="0.96" CONTENT="stora"/>
						</TextLine>
						<TextLine ID="line_5" HPOS="88" VPOS="358" WIDTH="830" HEIGHT="29">
							<String ID="string_36" HPOS="88" VPOS="359" WIDTH="153" HEIGHT="27" WC="0.92" CONTENT="deputationen"/><SP WIDTH="16" VPOS="359" HPOS="241"/>
							<String ID="string_37" HPOS="257" VPOS="358" WIDTH="91" HEIGHT="22" WC="0.92" CONTENT="utsedde"/><SP WIDTH="15" VPOS="358" HPOS="348"/>
							<String ID="string_38" HPOS="363" VPOS="359" WIDTH="140" HEIGHT="21" WC="0.96" CONTENT="medlemmar"/><SP WIDTH="15" VPOS="359" HPOS="503"/>
							<String ID="string_39" HPOS="518" VPOS="358" WIDTH="22" HEIGHT="22" WC="0.96" CONTENT="af"/><SP WIDTH="19" VPOS="358" HPOS="540"/>
							<String ID="string_40" HPOS="559" VPOS="359" WIDTH="89" HEIGHT="22" WC="0.96" CONTENT="ståndet"/><SP WIDTH="14" VPOS="359" HPOS="648"/>
							<String ID="string_41" HPOS="662" VPOS="359" WIDTH="33" HEIGHT="21" WC="0.96" CONTENT="till"/><SP WIDTH="14" VPOS="359" HPOS="695"/>
							<String ID="string_42" HPOS="709" VPOS="359" WIDTH="118" HEIGHT="28" WC="0.96" CONTENT="kejserliga"/><SP WIDTH="15" VPOS="359" HPOS="827"/>
							<String ID="string_43" HPOS="842" VPOS="360" WIDTH="76" HEIGHT="22" WC="0.96" CONTENT="slottet"/>
						</TextLine>
						<TextLine ID="line_6" HPOS="87" VPOS="387" WIDTH="833" HEIGHT="27">
							<String ID="string_44" HPOS="87" VPOS="388" WIDTH="33" HEIGHT="21" WC="0.96" CONTENT="för"/><SP WIDTH="14" VPOS="388" HPOS="120"/>
							<String ID="string_45" HPOS="134" VPOS="389" WIDTH="32" HEIGHT="20" WC="0.96" CONTENT="att"/><SP WIDTH="20" VPOS="389" HPOS="166"/>
							<String ID="string_46" HPOS="186" VPOS="388" WIDTH="7" HEIGHT="20" WC="0.96" CONTENT="i"/><SP WIDTH="16" VPOS="388" HPOS="193"/>
							<String ID="string_47" HPOS="209" VPOS="387" WIDTH="94" HEIGHT="27" WC="0.96" CONTENT="enlighet"/><SP WIDTH="22" VPOS="387" HPOS="303"/>
							<String ID="string_48" HPOS="325" VPOS="388" WIDTH="48" HEIGHT="21" WC="0.93" CONTENT="med"/><SP WIDTH="24" VPOS="388" HPOS="373"/>
							<String ID="string_49" HPOS="397" VPOS="388" WIDTH="158" HEIGHT="26" WC="0.90" CONTENT="ceremonielet,"/><SP WIDTH="25" VPOS="388" HPOS="555"/>
							<String ID="string_50" HPOS="580" VPOS="388" WIDTH="86" HEIGHT="21" WC="0.96" CONTENT="anhålla"/><SP WIDTH="23" VPOS="388" HPOS="666"/>
							<String ID="string_51" HPOS="689" VPOS="394" WIDTH="33" HEIGHT="15" WC="0.95" CONTENT="om"/><SP WIDTH="23" VPOS="394" HPOS="722"/>
							<String ID="string_52" HPOS="745" VPOS="389" WIDTH="129" HEIGHT="21" WC="0.95" CONTENT="utsättande"/><SP WIDTH="22" VPOS="389" HPOS="874"/>
							<String ID="string_53" HPOS="896" VPOS="389" WIDTH="24" HEIGHT="21" WC="0.96" CONTENT="af"/>
						</TextLine>
						<TextLine ID="line_7" HPOS="87" VPOS="416" WIDTH="829" HEIGHT="28">
							<String ID="string_54" HPOS="87" VPOS="417" WIDTH="41" HEIGHT="27" WC="0.96" CONTENT="dag"/><SP WIDTH="16" VPOS="417" HPOS="128"/>
							<String ID="string_55" HPOS="144" VPOS="416" WIDTH="40" HEIGHT="22" WC="0.96" CONTENT="och"/><SP WIDTH="15" VPOS="416" HPOS="184"/>
							<String ID="string_56" HPOS="199" VPOS="416" WIDTH="73" HEIGHT="21" WC="0.96" CONTENT="timme"/><SP WIDTH="19" VPOS="416" HPOS="272"/>
							<String ID="string_57" HPOS="291" VPOS="416" WIDTH="32" HEIGHT="21" WC="0.93" CONTENT="för"/><SP WIDTH="22" VPOS="416" HPOS="323"/>
							<String ID="string_58" HPOS="345" VPOS="416" WIDTH="143" HEIGHT="28" WC="0.92" CONTENT="landtdagens"/><SP WIDTH="24" VPOS="416" HPOS="488"/>
							<String ID="string_59" HPOS="512" VPOS="416" WIDTH="119" HEIGHT="27" WC="0.96" CONTENT="högtidliga"/><SP WIDTH="16" VPOS="416" HPOS="631"/>
							<String ID="string_60" HPOS="647" VPOS="416" WIDTH="113" HEIGHT="28" WC="0.96" CONTENT="öppnande"/><SP WIDTH="20" VPOS="416" HPOS="760"/>
							<String ID="string_61" HPOS="780" VPOS="419" WIDTH="57" HEIGHT="20" WC="0.89" CONTENT="samt"/><SP WIDTH="23" VPOS="419" HPOS="837"/>
							<String ID="string_62" HPOS="860" VPOS="418" WIDTH="56" HEIGHT="22" WC="0.89" CONTENT="äter-"/>
						</TextLine>
						<TextLine ID="line_8" HPOS="89" VPOS="444" WIDTH="510" HEIGHT="28">
							<String ID="string_63" HPOS="89" VPOS="446" WIDTH="69" HEIGHT="21" WC="0.93" CONTENT="vände"/><SP WIDTH="17" VPOS="446" HPOS="158"/>
							<String ID="string_64" HPOS="175" VPOS="444" WIDTH="54" HEIGHT="22" WC="0.93" CONTENT="efter"/><SP WIDTH="14" VPOS="444" HPOS="229"/>
							<String ID="string_65" HPOS="243" VPOS="445" WIDTH="70" HEIGHT="27" WC="0.92" CONTENT="nägon"/><SP WIDTH="16" VPOS="445" HPOS="313"/>
							<String ID="string_66" HPOS="329" VPOS="445" WIDTH="65" HEIGHT="21" WC="0.92" CONTENT="stund"/><SP WIDTH="16" VPOS="445" HPOS="394"/>
							<String ID="string_67" HPOS="410" VPOS="445" WIDTH="33" HEIGHT="21" WC="0.93" CONTENT="till"/><SP WIDTH="15" VPOS="445" HPOS="443"/>
							<String ID="string_68" HPOS="458" VPOS="445" WIDTH="141" HEIGHT="21" WC="0.92" CONTENT="riddarsalen."/>
						</TextLine>
					</TextBlock>
					<TextBlock ID="block_4" HPOS="86" VPOS="473" WIDTH="830" HEIGHT="201">
						<TextLine ID="line_9" HPOS="155" VPOS="473" WIDTH="761" HEIGHT="28">
							<String ID="string_69" HPOS="155" VPOS="474" WIDTH="100" HEIGHT="27" WC="0.92" CONTENT="Verklige"/><SP WIDTH="22" VPOS="474" HPOS="255"/>
							<String ID="string_70" HPOS="277" VPOS="474" WIDTH="119" HEIGHT="21" WC="0.92" CONTENT="statsrädet"/><SP WIDTH="19" VPOS="474" HPOS="396"/>
							<String ID="string_71" HPOS="415" VPOS="473" WIDTH="73" HEIGHT="27" WC="0.93" CONTENT="grefve"/><SP WIDTH="15" VPOS="473" HPOS="488"/>
							<String ID="string_72" HPOS="503" VPOS="474" WIDTH="92" HEIGHT="21" WC="0.96" CONTENT="Mauritz"/><SP WIDTH="20" VPOS="474" HPOS="595"/>
							<String ID="string_73" HPOS="615" VPOS="474" WIDTH="111" HEIGHT="22" WC="0.96" CONTENT="Wladimir"/><SP WIDTH="11" VPOS="474" HPOS="726"/>
							<String ID="string_74" HPOS="737" VPOS="474" WIDTH="91" HEIGHT="23" WC="0.93" CONTENT="Armfelt"/><SP WIDTH="16" VPOS="474" HPOS="828"/>
							<String ID="string_75" HPOS="844" VPOS="475" WIDTH="72" HEIGHT="22" WC="0.90" CONTENT="infann"/>
						</TextLine>
						<TextLine ID="line_10" HPOS="88" VPOS="502" WIDTH="828" HEIGHT="30">
							<String ID="string_76" HPOS="88" VPOS="503" WIDTH="32" HEIGHT="27" WC="0.93" CONTENT="sig"/><SP WIDTH="16" VPOS="503" HPOS="120"/>
							<String ID="string_77" HPOS="136" VPOS="502" WIDTH="93" HEIGHT="22" WC="0.92" CONTENT="derefter"/><SP WIDTH="15" VPOS="502" HPOS="229"/>
							<String ID="string_78" HPOS="244" VPOS="503" WIDTH="31" HEIGHT="21" WC="0.92" CONTENT="uti"/><SP WIDTH="16" VPOS="503" HPOS="275"/>
							<String ID="string_79" HPOS="291" VPOS="502" WIDTH="133" HEIGHT="22" WC="0.92" CONTENT="riddarsalen"/><SP WIDTH="21" VPOS="502" HPOS="424"/>
							<String ID="string_80" HPOS="445" VPOS="503" WIDTH="40" HEIGHT="21" WC="0.93" CONTENT="och"/><SP WIDTH="15" VPOS="503" HPOS="485"/>
							<String ID="string_81" HPOS="500" VPOS="502" WIDTH="145" HEIGHT="28" WC="0.92" CONTENT="tillkännagaf"/><SP WIDTH="12" VPOS="502" HPOS="645"/>
							<String ID="string_82" HPOS="657" VPOS="504" WIDTH="34" HEIGHT="20" WC="0.93" CONTENT="att"/><SP WIDTH="13" VPOS="504" HPOS="691"/>
							<String ID="string_83" HPOS="704" VPOS="503" WIDTH="143" HEIGHT="28" WC="0.92" CONTENT="landtdagens"/><SP WIDTH="16" VPOS="503" HPOS="847"/>
							<String ID="string_84" HPOS="863" VPOS="504" WIDTH="53" HEIGHT="28" WC="0.92" CONTENT="hög-"/>
						</TextLine>
						<TextLine ID="line_11" HPOS="89" VPOS="532" WIDTH="826" HEIGHT="28">
							<String ID="string_85" HPOS="89" VPOS="532" WIDTH="75" HEIGHT="27" WC="0.91" CONTENT="tidliga"/><SP WIDTH="23" VPOS="532" HPOS="164"/>
							<String ID="string_86" HPOS="187" VPOS="532" WIDTH="111" HEIGHT="26" WC="0.90" CONTENT="öppnande"/><SP WIDTH="16" VPOS="532" HPOS="298"/>
							<String ID="string_87" HPOS="314" VPOS="538" WIDTH="37" HEIGHT="14" WC="0.96" CONTENT="var"/><SP WIDTH="22" VPOS="538" HPOS="351"/>
							<String ID="string_88" HPOS="373" VPOS="532" WIDTH="23" HEIGHT="21" WC="0.93" CONTENT="af"/><SP WIDTH="21" VPOS="532" HPOS="396"/>
							<String ID="string_89" HPOS="417" VPOS="532" WIDTH="228" HEIGHT="26" WC="0.92" CONTENT="Generalguvernören"/><SP WIDTH="22" VPOS="532" HPOS="645"/>
							<String ID="string_90" HPOS="667" VPOS="533" WIDTH="70" HEIGHT="20" WC="0.92" CONTENT="utsatt"/><SP WIDTH="20" VPOS="533" HPOS="737"/>
							<String ID="string_91" HPOS="757" VPOS="532" WIDTH="32" HEIGHT="22" WC="0.92" CONTENT="till"/><SP WIDTH="19" VPOS="532" HPOS="789"/>
							<String ID="string_92" HPOS="808" VPOS="533" WIDTH="3" HEIGHT="21" WC="0.92" CONTENT="i"/><SP WIDTH="16" VPOS="533" HPOS="811"/>
							<String ID="string_93" HPOS="827" VPOS="539" WIDTH="88" HEIGHT="21" WC="0.92" CONTENT="morgon"/>
						</TextLine>
						<TextLine ID="line_12" HPOS="87" VPOS="560" WIDTH="829" HEIGHT="28">
							<String ID="string_94" HPOS="87" VPOS="562" WIDTH="41" HEIGHT="20" WC="0.96" CONTENT="den"/><SP WIDTH="8" VPOS="562" HPOS="128"/>
							<String ID="string_95" HPOS="136" VPOS="562" WIDTH="26" HEIGHT="20" WC="0.93" CONTENT="27"/><SP WIDTH="9" VPOS="562" HPOS="162"/>
							<String ID="string_96" HPOS="171" VPOS="560" WIDTH="142" HEIGHT="22" WC="0.91" CONTENT="innevarande"/><SP WIDTH="16" VPOS="560" HPOS="313"/>
							<String ID="string_97" HPOS="329" VPOS="560" WIDTH="89" HEIGHT="22" WC="0.96" CONTENT="Januari"/><SP WIDTH="15" VPOS="560" HPOS="418"/>
							<String ID="string_98" HPOS="433" VPOS="562" WIDTH="57" HEIGHT="20" WC="0.93" CONTENT="samt"/><SP WIDTH="10" VPOS="562" HPOS="490"/>
							<String ID="string_99" HPOS="500" VPOS="561" WIDTH="75" HEIGHT="27" WC="0.90" CONTENT="inbjöd"/><SP WIDTH="13" VPOS="561" HPOS="575"/>
							<String ID="string_100" HPOS="588" VPOS="561" WIDTH="50" HEIGHT="21" WC="0.90" CONTENT="herr"/><SP WIDTH="17" VPOS="561" HPOS="638"/>
							<String ID="string_101" HPOS="655" VPOS="561" WIDTH="209" HEIGHT="23" WC="0.91" CONTENT="Landtmarskalken"/><SP WIDTH="11" VPOS="561" HPOS="864"/>
							<String ID="string_102" HPOS="875" VPOS="562" WIDTH="41" HEIGHT="22" WC="0.96" CONTENT="och"/>
						</TextLine>
						<TextLine ID="line_13" HPOS="88" VPOS="589" WIDTH="828" HEIGHT="29">
							<String ID="string_103" HPOS="88" VPOS="590" WIDTH="97" HEIGHT="21" WC="0.92" CONTENT="ständets"/><SP WIDTH="17" VPOS="590" HPOS="185"/>
							<String ID="string_104" HPOS="202" VPOS="590" WIDTH="135" HEIGHT="21" WC="0.96" CONTENT="medlemmar"/><SP WIDTH="16" VPOS="590" HPOS="337"/>
							<String ID="string_105" HPOS="353" VPOS="591" WIDTH="32" HEIGHT="20" WC="0.93" CONTENT="att"/><SP WIDTH="22" VPOS="591" HPOS="385"/>
							<String ID="string_106" HPOS="407" VPOS="590" WIDTH="93" HEIGHT="21" WC="0.92" CONTENT="nämnde"/><SP WIDTH="26" VPOS="590" HPOS="500"/>
							<String ID="string_107" HPOS="526" VPOS="590" WIDTH="47" HEIGHT="26" WC="0.96" CONTENT="dag,"/><SP WIDTH="24" VPOS="590" HPOS="573"/>
							<String ID="string_108" HPOS="597" VPOS="589" WIDTH="54" HEIGHT="22" WC="0.93" CONTENT="efter"/><SP WIDTH="24" VPOS="589" HPOS="651"/>
							<String ID="string_109" HPOS="675" VPOS="590" WIDTH="72" HEIGHT="21" WC="0.91" CONTENT="slutad"/><SP WIDTH="23" VPOS="590" HPOS="747"/>
							<String ID="string_110" HPOS="770" VPOS="590" WIDTH="146" HEIGHT="28" WC="0.91" CONTENT="gudstjenst"/><SP WIDTH="-12" VPOS="590" HPOS="916"/>
							<String ID="string_111" HPOS="904" VPOS="585" WIDTH="16" HEIGHT="37" WC="0.94" CONTENT="i"/>
						</TextLine>
						<TextLine ID="line_14" HPOS="86" VPOS="618" WIDTH="830" HEIGHT="27">
							<String ID="string_112" HPOS="86" VPOS="618" WIDTH="86" HEIGHT="22" WC="0.96" CONTENT="Nikolai"/><SP WIDTH="22" VPOS="618" HPOS="172"/>
							<String ID="string_113" HPOS="194" VPOS="618" WIDTH="87" HEIGHT="27" WC="0.93" CONTENT="kyrkan,"/><SP WIDTH="16" VPOS="618" HPOS="281"/>
							<String ID="string_114" HPOS="297" VPOS="618" WIDTH="80" HEIGHT="21" WC="0.92" CONTENT="infinna"/><SP WIDTH="19" VPOS="618" HPOS="377"/>
							<String ID="string_115" HPOS="396" VPOS="618" WIDTH="33" HEIGHT="27" WC="0.96" CONTENT="sig"/><SP WIDTH="15" VPOS="618" HPOS="429"/>
							<String ID="string_116" HPOS="444" VPOS="618" WIDTH="7" HEIGHT="21" WC="0.93" CONTENT="i"/><SP WIDTH="15" VPOS="618" HPOS="451"/>
							<String ID="string_117" HPOS="466" VPOS="618" WIDTH="117" HEIGHT="27" WC="0.93" CONTENT="kejserliga"/><SP WIDTH="16" VPOS="618" HPOS="583"/>
							<String ID="string_118" HPOS="599" VPOS="618" WIDTH="76" HEIGHT="22" WC="0.92" CONTENT="slottet"/><SP WIDTH="15" VPOS="618" HPOS="675"/>
							<String ID="string_119" HPOS="690" VPOS="618" WIDTH="32" HEIGHT="22" WC="0.97" CONTENT="för"/><SP WIDTH="16" VPOS="618" HPOS="722"/>
							<String ID="string_120" HPOS="738" VPOS="620" WIDTH="32" HEIGHT="20" WC="0.93" CONTENT="att"/><SP WIDTH="15" VPOS="620" HPOS="770"/>
							<String ID="string_121" HPOS="785" VPOS="619" WIDTH="79" HEIGHT="22" WC="0.92" CONTENT="bivista"/><SP WIDTH="14" VPOS="619" HPOS="864"/>
							<String ID="string_122" HPOS="878" VPOS="620" WIDTH="38" HEIGHT="21" WC="0.91" CONTENT="be-"/>
						</TextLine>
						<TextLine ID="line_15" HPOS="87" VPOS="647" WIDTH="228" HEIGHT="27">
							<String ID="string_123" HPOS="87" VPOS="647" WIDTH="64" HEIGHT="22" WC="0.92" CONTENT="rörde"/><SP WIDTH="15" VPOS="647" HPOS="151"/>
							<String ID="string_124" HPOS="166" VPOS="647" WIDTH="149" HEIGHT="27" WC="0.90" CONTENT="högtidlighet."/>
						</TextLine>
					</TextBlock>
					<TextBlock ID="block_5" HPOS="87" VPOS="675" WIDTH="831" HEIGHT="172">
						<TextLine ID="line_16" HPOS="156" VPOS="675" WIDTH="760" HEIGHT="28">
							<String ID="string_125" HPOS="156" VPOS="676" WIDTH="70" HEIGHT="21" WC="0.93" CONTENT="Sedan"/><SP WIDTH="20" VPOS="676" HPOS="226"/>
							<String ID="string_126" HPOS="246" VPOS="676" WIDTH="50" HEIGHT="21" WC="0.91" CONTENT="herr"/><SP WIDTH="21" VPOS="676" HPOS="296"/>
							<String ID="string_127" HPOS="317" VPOS="675" WIDTH="209" HEIGHT="22" WC="0.92" CONTENT="Landtmarskalken"/><SP WIDTH="23" VPOS="675" HPOS="526"/>
							<String ID="string_128" HPOS="549" VPOS="678" WIDTH="118" HEIGHT="25" WC="0.93" CONTENT="uppmanat"/><SP WIDTH="22" VPOS="678" HPOS="667"/>
							<String ID="string_129" HPOS="689" VPOS="676" WIDTH="169" HEIGHT="33" WC="0.85" CONTENT="Ridderskapets"/><SP WIDTH="17" VPOS="676" HPOS="858"/>
							<String ID="string_130" HPOS="875" VPOS="677" WIDTH="41" HEIGHT="21" WC="0.96" CONTENT="och"/>
						</TextLine>
						<TextLine ID="line_17" HPOS="87" VPOS="705" WIDTH="830" HEIGHT="27">
							<String ID="string_131" HPOS="87" VPOS="705" WIDTH="80" HEIGHT="22" WC="0.92" CONTENT="Adelns"/><SP WIDTH="16" VPOS="705" HPOS="167"/>
							<String ID="string_132" HPOS="183" VPOS="705" WIDTH="137" HEIGHT="21" WC="0.96" CONTENT="medlemmar"/><SP WIDTH="14" VPOS="705" HPOS="320"/>
							<String ID="string_133" HPOS="334" VPOS="706" WIDTH="33" HEIGHT="20" WC="0.96" CONTENT="att"/><SP WIDTH="15" VPOS="706" HPOS="367"/>
							<String ID="string_134" HPOS="382" VPOS="705" WIDTH="6" HEIGHT="20" WC="0.93" CONTENT="i"/><SP WIDTH="16" VPOS="705" HPOS="388"/>
							<String ID="string_135" HPOS="404" VPOS="711" WIDTH="89" HEIGHT="20" WC="0.95" CONTENT="morgon"/><SP WIDTH="16" VPOS="711" HPOS="493"/>
							<String ID="string_136" HPOS="509" VPOS="705" WIDTH="29" HEIGHT="21" WC="0.93" CONTENT="kl."/><SP WIDTH="18" VPOS="705" HPOS="538"/>
							<String ID="string_137" HPOS="556" VPOS="705" WIDTH="56" HEIGHT="26" WC="0.59" CONTENT="1/,12"/><SP WIDTH="16" VPOS="705" HPOS="612"/>
							<String ID="string_138" HPOS="628" VPOS="705" WIDTH="37" HEIGHT="32" WC="0.97" CONTENT="pä"/><SP WIDTH="7" VPOS="705" HPOS="665"/>
							<String ID="string_139" HPOS="672" VPOS="705" WIDTH="68" HEIGHT="26" WC="0.93" CONTENT="dagen"/><SP WIDTH="16" VPOS="705" HPOS="740"/>
							<String ID="string_140" HPOS="756" VPOS="705" WIDTH="80" HEIGHT="22" WC="0.96" CONTENT="samlas"/><SP WIDTH="16" VPOS="705" HPOS="836"/>
							<String ID="string_141" HPOS="852" VPOS="705" WIDTH="7" HEIGHT="21" WC="0.93" CONTENT="i"/><SP WIDTH="15" VPOS="705" HPOS="859"/>
							<String ID="string_142" HPOS="874" VPOS="706" WIDTH="43" HEIGHT="21" WC="0.93" CONTENT="rid-"/>
						</TextLine>
						<TextLine ID="line_18" HPOS="88" VPOS="733" WIDTH="830" HEIGHT="28">
							<String ID="string_143" HPOS="88" VPOS="734" WIDTH="99" HEIGHT="22" WC="0.92" CONTENT="darsalen"/><SP WIDTH="24" VPOS="734" HPOS="187"/>
							<String ID="string_144" HPOS="211" VPOS="733" WIDTH="32" HEIGHT="22" WC="0.95" CONTENT="för"/><SP WIDTH="23" VPOS="733" HPOS="243"/>
							<String ID="string_145" HPOS="266" VPOS="735" WIDTH="32" HEIGHT="20" WC="0.95" CONTENT="att"/><SP WIDTH="23" VPOS="735" HPOS="298"/>
							<String ID="string_146" HPOS="321" VPOS="740" WIDTH="24" HEIGHT="15" WC="0.93" CONTENT="en"/><SP WIDTH="22" VPOS="740" HPOS="345"/>
							<String ID="string_147" HPOS="367" VPOS="735" WIDTH="62" HEIGHT="26" WC="0.92" CONTENT="gvart"/><SP WIDTH="23" VPOS="735" HPOS="429"/>
							<String ID="string_148" HPOS="452" VPOS="734" WIDTH="74" HEIGHT="21" WC="0.91" CONTENT="timme"/><SP WIDTH="24" VPOS="734" HPOS="526"/>
							<String ID="string_149" HPOS="550" VPOS="733" WIDTH="95" HEIGHT="22" WC="0.94" CONTENT="derefter"/><SP WIDTH="15" VPOS="733" HPOS="645"/>
							<String ID="string_150" HPOS="660" VPOS="733" WIDTH="7" HEIGHT="22" WC="0.92" CONTENT="i"/><SP WIDTH="14" VPOS="733" HPOS="667"/>
							<String ID="string_151" HPOS="681" VPOS="734" WIDTH="125" HEIGHT="27" WC="0.93" CONTENT="procession"/><SP WIDTH="16" VPOS="734" HPOS="806"/>
							<String ID="string_152" HPOS="822" VPOS="734" WIDTH="49" HEIGHT="27" WC="0.84" CONTENT="afgä"/><SP WIDTH="15" VPOS="734" HPOS="871"/>
							<String ID="string_153" HPOS="886" VPOS="735" WIDTH="32" HEIGHT="20" WC="0.95" CONTENT="till"/>
						</TextLine>
						<TextLine ID="line_19" HPOS="87" VPOS="762" WIDTH="828" HEIGHT="28">
							<String ID="string_154" HPOS="87" VPOS="763" WIDTH="82" HEIGHT="27" WC="0.94" CONTENT="kyrkan"/><SP WIDTH="16" VPOS="763" HPOS="169"/>
							<String ID="string_155" HPOS="185" VPOS="764" WIDTH="56" HEIGHT="20" WC="0.93" CONTENT="samt"/><SP WIDTH="16" VPOS="764" HPOS="241"/>
							<String ID="string_156" HPOS="257" VPOS="762" WIDTH="164" HEIGHT="27" WC="0.73" CONTENT="tillkännagifvit"/><SP WIDTH="15" VPOS="762" HPOS="421"/>
							<String ID="string_157" HPOS="436" VPOS="764" WIDTH="33" HEIGHT="19" WC="0.96" CONTENT="att"/><SP WIDTH="18" VPOS="764" HPOS="469"/>
							<String ID="string_158" HPOS="487" VPOS="769" WIDTH="34" HEIGHT="14" WC="0.92" CONTENT="om"/><SP WIDTH="19" VPOS="769" HPOS="521"/>
							<String ID="string_159" HPOS="540" VPOS="763" WIDTH="94" HEIGHT="26" WC="0.96" CONTENT="Måndag"/><SP WIDTH="15" VPOS="763" HPOS="634"/>
							<String ID="string_160" HPOS="649" VPOS="763" WIDTH="42" HEIGHT="21" WC="0.95" CONTENT="den"/><SP WIDTH="16" VPOS="763" HPOS="691"/>
							<String ID="string_161" HPOS="707" VPOS="765" WIDTH="25" HEIGHT="19" WC="0.93" CONTENT="29"/><SP WIDTH="17" VPOS="765" HPOS="732"/>
							<String ID="string_162" HPOS="749" VPOS="763" WIDTH="81" HEIGHT="21" WC="0.96" CONTENT="dennes"/><SP WIDTH="16" VPOS="763" HPOS="830"/>
							<String ID="string_163" HPOS="846" VPOS="763" WIDTH="28" HEIGHT="21" WC="0.95" CONTENT="kl."/><SP WIDTH="17" VPOS="763" HPOS="874"/>
							<String ID="string_164" HPOS="891" VPOS="766" WIDTH="24" HEIGHT="19" WC="0.95" CONTENT="11"/>
						</TextLine>
						<TextLine ID="line_20" HPOS="87" VPOS="791" WIDTH="830" HEIGHT="28">
							<String ID="string_165" HPOS="87" VPOS="792" WIDTH="13" HEIGHT="21" WC="0.85" CONTENT="f."/><SP WIDTH="17" VPOS="792" HPOS="100"/>
							<String ID="string_166" HPOS="117" VPOS="799" WIDTH="26" HEIGHT="14" WC="0.95" CONTENT="m."/><SP WIDTH="17" VPOS="799" HPOS="143"/>
							<String ID="string_167" HPOS="160" VPOS="791" WIDTH="34" HEIGHT="22" WC="0.96" CONTENT="val"/><SP WIDTH="15" VPOS="791" HPOS="194"/>
							<String ID="string_168" HPOS="209" VPOS="791" WIDTH="24" HEIGHT="21" WC="0.93" CONTENT="af"/><SP WIDTH="14" VPOS="791" HPOS="233"/>
							<String ID="string_169" HPOS="247" VPOS="791" WIDTH="106" HEIGHT="22" WC="0.95" CONTENT="elektorer"/><SP WIDTH="21" VPOS="791" HPOS="353"/>
							<String ID="string_170" HPOS="374" VPOS="794" WIDTH="57" HEIGHT="19" WC="0.93" CONTENT="inom"/><SP WIDTH="23" VPOS="794" HPOS="431"/>
							<String ID="string_171" HPOS="454" VPOS="791" WIDTH="89" HEIGHT="22" WC="0.96" CONTENT="ståndet"/><SP WIDTH="22" VPOS="791" HPOS="543"/>
							<String ID="string_172" HPOS="565" VPOS="791" WIDTH="86" HEIGHT="22" WC="0.96" CONTENT="komme"/><SP WIDTH="22" VPOS="791" HPOS="651"/>
							<String ID="string_173" HPOS="673" VPOS="793" WIDTH="33" HEIGHT="20" WC="0.90" CONTENT="att"/><SP WIDTH="23" VPOS="793" HPOS="706"/>
							<String ID="string_174" HPOS="729" VPOS="792" WIDTH="111" HEIGHT="27" WC="0.93" CONTENT="anställas,"/><SP WIDTH="23" VPOS="792" HPOS="840"/>
							<String ID="string_175" HPOS="863" VPOS="799" WIDTH="54" HEIGHT="20" WC="0.92" CONTENT="upp-"/>
						</TextLine>
						<TextLine ID="line_21" HPOS="88" VPOS="821" WIDTH="430" HEIGHT="26">
							<String ID="string_176" HPOS="88" VPOS="821" WIDTH="67" HEIGHT="21" WC="0.93" CONTENT="hörde"/><SP WIDTH="16" VPOS="821" HPOS="155"/>
							<String ID="string_177" HPOS="171" VPOS="821" WIDTH="167" HEIGHT="21" WC="0.96" CONTENT="sammanträdet"/><SP WIDTH="15" VPOS="821" HPOS="338"/>
							<String ID="string_178" HPOS="353" VPOS="821" WIDTH="29" HEIGHT="21" WC="0.93" CONTENT="kl."/><SP WIDTH="17" VPOS="821" HPOS="382"/>
							<String ID="string_179" HPOS="399" VPOS="821" WIDTH="40" HEIGHT="26" WC="0.3" CONTENT="&#39;/23"/><SP WIDTH="18" VPOS="821" HPOS="439"/>
							<String ID="string_180" HPOS="457" VPOS="827" WIDTH="18" HEIGHT="14" WC="0.96" CONTENT="e."/><SP WIDTH="16" VPOS="827" HPOS="475"/>
							<String ID="string_181" HPOS="491" VPOS="827" WIDTH="27" HEIGHT="14" WC="0.96" CONTENT="m."/>
						</TextLine>
					</TextBlock>
					<TextBlock ID="block_6" HPOS="576" VPOS="848" WIDTH="274" HEIGHT="59">
						<TextLine ID="line_22" HPOS="681" VPOS="848" WIDTH="98" HEIGHT="19">
							<String ID="string_182" HPOS="681" VPOS="849" WIDTH="20" HEIGHT="17" WC="0.93" CONTENT="In"/><SP WIDTH="14" VPOS="849" HPOS="701"/>
							<String ID="string_183" HPOS="715" VPOS="848" WIDTH="64" HEIGHT="19" WC="0.92" CONTENT="fidem:"/>
						</TextLine>
						<TextLine ID="line_23" HPOS="576" VPOS="878" WIDTH="274" HEIGHT="29">
							<String ID="string_184" HPOS="576" VPOS="878" WIDTH="71" HEIGHT="21" WC="0.95" CONTENT="Victor"/><SP WIDTH="16" VPOS="878" HPOS="647"/>
							<String ID="string_185" HPOS="663" VPOS="878" WIDTH="25" HEIGHT="22" WC="0.96" CONTENT="de"/><SP WIDTH="17" VPOS="878" HPOS="688"/>
							<String ID="string_186" HPOS="705" VPOS="878" WIDTH="21" HEIGHT="22" WC="0.96" CONTENT="la"/><SP WIDTH="17" VPOS="878" HPOS="726"/>
							<String ID="string_187" HPOS="743" VPOS="878" WIDTH="107" HEIGHT="29" WC="0.96" CONTENT="Chapelle."/>
						</TextLine>
					</TextBlock>
				</ComposedBlock>
				<ComposedBlock ID="cblock_3" HPOS="229" VPOS="1011" WIDTH="540" HEIGHT="29">
					<TextBlock ID="block_7" HPOS="229" VPOS="1011" WIDTH="540" HEIGHT="29">
						<TextLine ID="line_24" HPOS="229" VPOS="1011" WIDTH="540" HEIGHT="29">
							<String ID="string_188" HPOS="229" VPOS="1012" WIDTH="45" HEIGHT="22" WC="0.96" CONTENT="Den"/><SP WIDTH="17" VPOS="1012" HPOS="274"/>
							<String ID="string_189" HPOS="291" VPOS="1012" WIDTH="30" HEIGHT="22" WC="0.96" CONTENT="29"/><SP WIDTH="16" VPOS="1012" HPOS="321"/>
							<String ID="string_190" HPOS="337" VPOS="1011" WIDTH="88" HEIGHT="24" WC="0.92" CONTENT="Januari"/><SP WIDTH="18" VPOS="1011" HPOS="425"/>
							<String ID="string_191" HPOS="443" VPOS="1011" WIDTH="97" HEIGHT="23" WC="0.96" CONTENT="klockan"/><SP WIDTH="18" VPOS="1011" HPOS="540"/>
							<String ID="string_192" HPOS="558" VPOS="1012" WIDTH="15" HEIGHT="22" WC="0.91" CONTENT="II"/><SP WIDTH="16" VPOS="1012" HPOS="573"/>
							<String ID="string_193" HPOS="589" VPOS="1011" WIDTH="180" HEIGHT="29" WC="0.91" CONTENT="föremiddagen."/>
						</TextLine>
					</TextBlock>
				</ComposedBlock>
				<ComposedBlock ID="cblock_4" HPOS="88" VPOS="1064" WIDTH="832" HEIGHT="343">
					<TextBlock ID="block_8" HPOS="88" VPOS="1064" WIDTH="832" HEIGHT="114">
						<TextLine ID="line_25" HPOS="157" VPOS="1064" WIDTH="761" HEIGHT="26">
							<String ID="string_194" HPOS="157" VPOS="1064" WIDTH="55" HEIGHT="22" WC="0.93" CONTENT="Herr"/><SP WIDTH="10" VPOS="1064" HPOS="212"/>
							<String ID="string_195" HPOS="222" VPOS="1064" WIDTH="205" HEIGHT="22" WC="0.92" CONTENT="Landtmarskalken"/><SP WIDTH="12" VPOS="1064" HPOS="427"/>
							<String ID="string_196" HPOS="439" VPOS="1064" WIDTH="100" HEIGHT="26" WC="0.92" CONTENT="öppnade"/><SP WIDTH="16" VPOS="1064" HPOS="539"/>
							<String ID="string_197" HPOS="555" VPOS="1064" WIDTH="170" HEIGHT="21" WC="0.91" CONTENT="sammanträdet"/><SP WIDTH="13" VPOS="1064" HPOS="725"/>
							<String ID="string_198" HPOS="738" VPOS="1064" WIDTH="49" HEIGHT="21" WC="0.92" CONTENT="med"/><SP WIDTH="16" VPOS="1064" HPOS="787"/>
							<String ID="string_199" HPOS="803" VPOS="1064" WIDTH="115" HEIGHT="23" WC="0.92" CONTENT="tillkänna-"/>
						</TextLine>
						<TextLine ID="line_26" HPOS="88" VPOS="1092" WIDTH="830" HEIGHT="28">
							<String ID="string_200" HPOS="88" VPOS="1092" WIDTH="100" HEIGHT="28" WC="0.92" CONTENT="gifvande"/><SP WIDTH="15" VPOS="1092" HPOS="188"/>
							<String ID="string_201" HPOS="203" VPOS="1095" WIDTH="33" HEIGHT="19" WC="0.96" CONTENT="att"/><SP WIDTH="15" VPOS="1095" HPOS="236"/>
							<String ID="string_202" HPOS="251" VPOS="1094" WIDTH="27" HEIGHT="20" WC="0.96" CONTENT="de"/><SP WIDTH="15" VPOS="1094" HPOS="278"/>
							<String ID="string_203" HPOS="293" VPOS="1092" WIDTH="33" HEIGHT="22" WC="0.93" CONTENT="för"/><SP WIDTH="15" VPOS="1092" HPOS="326"/>
							<String ID="string_204" HPOS="341" VPOS="1093" WIDTH="72" HEIGHT="26" WC="0.92" CONTENT="adliga"/><SP WIDTH="15" VPOS="1093" HPOS="413"/>
							<String ID="string_205" HPOS="428" VPOS="1094" WIDTH="87" HEIGHT="20" WC="0.92" CONTENT="ätterna"/><SP WIDTH="13" VPOS="1094" HPOS="515"/>
							<String ID="string_206" HPOS="528" VPOS="1092" WIDTH="40" HEIGHT="22" WC="0.96" CONTENT="N:o"/><SP WIDTH="11" VPOS="1092" HPOS="568"/>
							<String ID="string_207" HPOS="579" VPOS="1095" WIDTH="27" HEIGHT="19" WC="0.96" CONTENT="52"/><SP WIDTH="11" VPOS="1095" HPOS="606"/>
							<String ID="string_208" HPOS="617" VPOS="1099" WIDTH="42" HEIGHT="15" WC="0.96" CONTENT="von"/><SP WIDTH="10" VPOS="1099" HPOS="659"/>
							<String ID="string_209" HPOS="669" VPOS="1092" WIDTH="83" HEIGHT="22" WC="0.96" CONTENT="Becker"/><SP WIDTH="16" VPOS="1092" HPOS="752"/>
							<String ID="string_210" HPOS="768" VPOS="1093" WIDTH="41" HEIGHT="21" WC="0.96" CONTENT="och"/><SP WIDTH="14" VPOS="1093" HPOS="809"/>
							<String ID="string_211" HPOS="823" VPOS="1094" WIDTH="41" HEIGHT="21" WC="0.96" CONTENT="N:o"/><SP WIDTH="12" VPOS="1094" HPOS="864"/>
							<String ID="string_212" HPOS="876" VPOS="1096" WIDTH="42" HEIGHT="20" WC="0.96" CONTENT="248"/>
						</TextLine>
						<TextLine ID="line_27" HPOS="88" VPOS="1121" WIDTH="832" HEIGHT="27">
							<String ID="string_213" HPOS="88" VPOS="1128" WIDTH="41" HEIGHT="15" WC="0.92" CONTENT="von"/><SP WIDTH="17" VPOS="1128" HPOS="129"/>
							<String ID="string_214" HPOS="146" VPOS="1122" WIDTH="109" HEIGHT="21" WC="0.92" CONTENT="Guvenius"/><SP WIDTH="14" VPOS="1122" HPOS="255"/>
							<String ID="string_215" HPOS="269" VPOS="1123" WIDTH="88" HEIGHT="25" WC="0.92" CONTENT="uttagne"/><SP WIDTH="11" VPOS="1123" HPOS="357"/>
							<String ID="string_216" HPOS="368" VPOS="1121" WIDTH="124" HEIGHT="27" WC="0.91" CONTENT="poletterna"/><SP WIDTH="9" VPOS="1121" HPOS="492"/>
							<String ID="string_217" HPOS="501" VPOS="1121" WIDTH="71" HEIGHT="22" WC="0.89" CONTENT="blifvit"/><SP WIDTH="10" VPOS="1121" HPOS="572"/>
							<String ID="string_218" HPOS="582" VPOS="1121" WIDTH="146" HEIGHT="22" WC="0.91" CONTENT="äterlemnade"/><SP WIDTH="11" VPOS="1121" HPOS="728"/>
							<String ID="string_219" HPOS="739" VPOS="1123" WIDTH="56" HEIGHT="20" WC="0.96" CONTENT="samt"/><SP WIDTH="10" VPOS="1123" HPOS="795"/>
							<String ID="string_220" HPOS="805" VPOS="1124" WIDTH="33" HEIGHT="19" WC="0.96" CONTENT="att"/><SP WIDTH="11" VPOS="1124" HPOS="838"/>
							<String ID="string_221" HPOS="849" VPOS="1122" WIDTH="71" HEIGHT="22" WC="0.96" CONTENT="denna"/>
						</TextLine>
						<TextLine ID="line_28" HPOS="90" VPOS="1150" WIDTH="828" HEIGHT="28">
							<String ID="string_222" HPOS="90" VPOS="1151" WIDTH="41" HEIGHT="27" WC="0.96" CONTENT="dag"/><SP WIDTH="11" VPOS="1151" HPOS="131"/>
							<String ID="string_223" HPOS="142" VPOS="1150" WIDTH="22" HEIGHT="22" WC="0.96" CONTENT="af"/><SP WIDTH="8" VPOS="1150" HPOS="164"/>
							<String ID="string_224" HPOS="172" VPOS="1150" WIDTH="94" HEIGHT="28" WC="0.93" CONTENT="följande"/><SP WIDTH="15" VPOS="1150" HPOS="266"/>
							<String ID="string_225" HPOS="281" VPOS="1150" WIDTH="215" HEIGHT="22" WC="0.86" CONTENT="ständsmedlemmar"/><SP WIDTH="14" VPOS="1150" HPOS="496"/>
							<String ID="string_226" HPOS="510" VPOS="1150" WIDTH="95" HEIGHT="27" WC="0.91" CONTENT="poletter"/><SP WIDTH="13" VPOS="1150" HPOS="605"/>
							<String ID="string_227" HPOS="618" VPOS="1150" WIDTH="70" HEIGHT="22" WC="0.96" CONTENT="blifvit"/><SP WIDTH="9" VPOS="1150" HPOS="688"/>
							<String ID="string_228" HPOS="697" VPOS="1151" WIDTH="92" HEIGHT="26" WC="0.93" CONTENT="uttagna"/><SP WIDTH="9" VPOS="1151" HPOS="789"/>
							<String ID="string_229" HPOS="798" VPOS="1151" WIDTH="120" HEIGHT="27" WC="0.92" CONTENT="nemligen"/><SP WIDTH="-9" VPOS="1151" HPOS="918"/>
							<String ID="string_230" HPOS="909" VPOS="1146" WIDTH="13" HEIGHT="37" WC="0.90" CONTENT=":"/>
						</TextLine>
					</TextBlock>
					<TextBlock ID="block_9" HPOS="104" VPOS="1179" WIDTH="815" HEIGHT="28">
						<TextLine ID="line_29" HPOS="104" VPOS="1179" WIDTH="815" HEIGHT="28">
							<String ID="string_231" HPOS="104" VPOS="1180" WIDTH="71" HEIGHT="26" WC="0.95" CONTENT="adliga"/><SP WIDTH="16" VPOS="1180" HPOS="175"/>
							<String ID="string_232" HPOS="191" VPOS="1181" WIDTH="59" HEIGHT="20" WC="0.96" CONTENT="ätten"/><SP WIDTH="15" VPOS="1181" HPOS="250"/>
							<String ID="string_233" HPOS="265" VPOS="1180" WIDTH="40" HEIGHT="20" WC="0.96" CONTENT="N:o"/><SP WIDTH="46" VPOS="1180" HPOS="305"/>
							<String ID="string_234" HPOS="351" VPOS="1181" WIDTH="17" HEIGHT="19" WC="0.63" CONTENT="1."/><SP WIDTH="16" VPOS="1181" HPOS="368"/>
							<String ID="string_235" HPOS="384" VPOS="1179" WIDTH="69" HEIGHT="27" WC="0.96" CONTENT="Boije,"/><SP WIDTH="19" VPOS="1179" HPOS="453"/>
							<String ID="string_236" HPOS="472" VPOS="1179" WIDTH="54" HEIGHT="21" WC="0.96" CONTENT="Karl"/><SP WIDTH="17" VPOS="1179" HPOS="526"/>
							<String ID="string_237" HPOS="543" VPOS="1179" WIDTH="82" HEIGHT="26" WC="0.96" CONTENT="Anders"/><SP WIDTH="16" VPOS="1179" HPOS="625"/>
							<String ID="string_238" HPOS="641" VPOS="1179" WIDTH="101" HEIGHT="26" WC="0.93" CONTENT="Herman,"/><SP WIDTH="16" VPOS="1179" HPOS="742"/>
							<String ID="string_239" HPOS="758" VPOS="1180" WIDTH="161" HEIGHT="27" WC="0.52" CONTENT="possessionat;"/>
						</TextLine>
					</TextBlock>
					<TextBlock ID="block_10" HPOS="134" VPOS="1207" WIDTH="785" HEIGHT="85">
						<TextLine ID="line_30" HPOS="134" VPOS="1207" WIDTH="784" HEIGHT="29">
							<String ID="string_240" HPOS="134" VPOS="1225" WIDTH="10" HEIGHT="9" WC="0.55" CONTENT="”"/><SP WIDTH="69" VPOS="1225" HPOS="144"/>
							<String ID="string_241" HPOS="213" VPOS="1225" WIDTH="9" HEIGHT="9" WC="0.86" CONTENT="»"/><SP WIDTH="41" VPOS="1225" HPOS="222"/>
							<String ID="string_242" HPOS="263" VPOS="1208" WIDTH="40" HEIGHT="22" WC="0.67" CONTENT="Nio"/><SP WIDTH="17" VPOS="1208" HPOS="303"/>
							<String ID="string_243" HPOS="320" VPOS="1210" WIDTH="47" HEIGHT="19" WC="0.95" CONTENT="155."/><SP WIDTH="15" VPOS="1210" HPOS="367"/>
							<String ID="string_244" HPOS="382" VPOS="1214" WIDTH="42" HEIGHT="15" WC="0.93" CONTENT="von"/><SP WIDTH="15" VPOS="1214" HPOS="424"/>
							<String ID="string_245" HPOS="439" VPOS="1208" WIDTH="93" HEIGHT="26" WC="0.92" CONTENT="Zansen,"/><SP WIDTH="13" VPOS="1208" HPOS="532"/>
							<String ID="string_246" HPOS="545" VPOS="1214" WIDTH="77" HEIGHT="20" WC="0.93" CONTENT="genom"/><SP WIDTH="8" VPOS="1214" HPOS="622"/>
							<String ID="string_247" HPOS="630" VPOS="1207" WIDTH="123" HEIGHT="28" WC="0.96" CONTENT="fullmäktig"/><SP WIDTH="11" VPOS="1207" HPOS="753"/>
							<String ID="string_248" HPOS="764" VPOS="1214" WIDTH="41" HEIGHT="15" WC="0.93" CONTENT="von"/><SP WIDTH="10" VPOS="1214" HPOS="805"/>
							<String ID="string_249" HPOS="815" VPOS="1208" WIDTH="103" HEIGHT="28" WC="0.92" CONTENT="Kremer,"/>
						</TextLine>
						<TextLine ID="line_31" HPOS="384" VPOS="1236" WIDTH="535" HEIGHT="29">
							<String ID="string_250" HPOS="384" VPOS="1236" WIDTH="101" HEIGHT="22" WC="0.96" CONTENT="Wilhelm"/><SP WIDTH="15" VPOS="1236" HPOS="485"/>
							<String ID="string_251" HPOS="500" VPOS="1236" WIDTH="107" HEIGHT="27" WC="0.93" CONTENT="Theodor,"/><SP WIDTH="16" VPOS="1236" HPOS="607"/>
							<String ID="string_252" HPOS="623" VPOS="1236" WIDTH="188" HEIGHT="28" WC="0.91" CONTENT="öfverstelöjtnant"/><SP WIDTH="14" VPOS="1236" HPOS="811"/>
							<String ID="string_253" HPOS="825" VPOS="1238" WIDTH="41" HEIGHT="21" WC="0.93" CONTENT="och"/><SP WIDTH="16" VPOS="1238" HPOS="866"/>
							<String ID="string_254" HPOS="882" VPOS="1238" WIDTH="37" HEIGHT="27" WC="0.92" CONTENT="fly-"/>
						</TextLine>
						<TextLine ID="line_32" HPOS="385" VPOS="1266" WIDTH="147" HEIGHT="26">
							<String ID="string_255" HPOS="385" VPOS="1266" WIDTH="147" HEIGHT="26" WC="0.57" CONTENT="geladjutant;"/>
						</TextLine>
					</TextBlock>
					<TextBlock ID="block_11" HPOS="132" VPOS="1293" WIDTH="771" HEIGHT="29">
						<TextLine ID="line_33" HPOS="132" VPOS="1293" WIDTH="771" HEIGHT="29">
							<String ID="string_256" HPOS="132" VPOS="1312" WIDTH="10" HEIGHT="9" WC="0.40" CONTENT="a"/><SP WIDTH="69" VPOS="1312" HPOS="142"/>
							<String ID="string_257" HPOS="211" VPOS="1311" WIDTH="10" HEIGHT="10" WC="0.88" CONTENT="»"/><SP WIDTH="40" VPOS="1311" HPOS="221"/>
							<String ID="string_258" HPOS="261" VPOS="1295" WIDTH="40" HEIGHT="21" WC="0.80" CONTENT="N:o"/><SP WIDTH="18" VPOS="1295" HPOS="301"/>
							<String ID="string_259" HPOS="319" VPOS="1296" WIDTH="47" HEIGHT="19" WC="0.93" CONTENT="165."/><SP WIDTH="15" VPOS="1296" HPOS="366"/>
							<String ID="string_260" HPOS="381" VPOS="1294" WIDTH="165" HEIGHT="27" WC="0.91" CONTENT="Pippingsköld,"/><SP WIDTH="15" VPOS="1294" HPOS="546"/>
							<String ID="string_261" HPOS="561" VPOS="1293" WIDTH="64" HEIGHT="23" WC="0.96" CONTENT="Josef"/><SP WIDTH="12" VPOS="1293" HPOS="625"/>
							<String ID="string_262" HPOS="637" VPOS="1294" WIDTH="69" HEIGHT="21" WC="0.96" CONTENT="Adam"/><SP WIDTH="15" VPOS="1294" HPOS="706"/>
							<String ID="string_263" HPOS="721" VPOS="1294" WIDTH="103" HEIGHT="27" WC="0.96" CONTENT="Joachim,"/><SP WIDTH="14" VPOS="1294" HPOS="824"/>
							<String ID="string_264" HPOS="838" VPOS="1295" WIDTH="65" HEIGHT="27" WC="0.7" CONTENT="prof."/><SP WIDTH="-9" VPOS="1295" HPOS="903"/>
							<String ID="string_265" HPOS="894" VPOS="1289" WIDTH="13" HEIGHT="37" WC="0.7" CONTENT=";"/>
						</TextLine>
					</TextBlock>
					<TextBlock ID="block_12" HPOS="134" VPOS="1322" WIDTH="785" HEIGHT="29">
						<TextLine ID="line_34" HPOS="134" VPOS="1322" WIDTH="785" HEIGHT="29">
							<String ID="string_266" HPOS="134" VPOS="1340" WIDTH="8" HEIGHT="9" WC="0.76" CONTENT="3"/><SP WIDTH="70" VPOS="1340" HPOS="142"/>
							<String ID="string_267" HPOS="212" VPOS="1340" WIDTH="9" HEIGHT="10" WC="0.91" CONTENT="»"/><SP WIDTH="41" VPOS="1340" HPOS="221"/>
							<String ID="string_268" HPOS="262" VPOS="1324" WIDTH="41" HEIGHT="20" WC="0.77" CONTENT="N:o"/><SP WIDTH="17" VPOS="1324" HPOS="303"/>
							<String ID="string_269" HPOS="320" VPOS="1325" WIDTH="48" HEIGHT="19" WC="0.96" CONTENT="207."/><SP WIDTH="16" VPOS="1325" HPOS="368"/>
							<String ID="string_270" HPOS="384" VPOS="1323" WIDTH="97" HEIGHT="27" WC="0.96" CONTENT="Pipping,"/><SP WIDTH="17" VPOS="1323" HPOS="481"/>
							<String ID="string_271" HPOS="498" VPOS="1323" WIDTH="72" HEIGHT="21" WC="0.96" CONTENT="Johan"/><SP WIDTH="15" VPOS="1323" HPOS="570"/>
							<String ID="string_272" HPOS="585" VPOS="1322" WIDTH="88" HEIGHT="27" WC="0.93" CONTENT="Fridolf,"/><SP WIDTH="13" VPOS="1322" HPOS="673"/>
							<String ID="string_273" HPOS="686" VPOS="1322" WIDTH="233" HEIGHT="29" WC="0.92" CONTENT="referendariesekret.;"/>
						</TextLine>
					</TextBlock>
					<TextBlock ID="block_13" HPOS="134" VPOS="1351" WIDTH="687" HEIGHT="27">
						<TextLine ID="line_35" HPOS="134" VPOS="1351" WIDTH="687" HEIGHT="27">
							<String ID="string_274" HPOS="134" VPOS="1369" WIDTH="9" HEIGHT="9" WC="0.89" CONTENT="»"/><SP WIDTH="70" VPOS="1369" HPOS="143"/>
							<String ID="string_275" HPOS="213" VPOS="1368" WIDTH="9" HEIGHT="9" WC="0.91" CONTENT="»"/><SP WIDTH="41" VPOS="1368" HPOS="222"/>
							<String ID="string_276" HPOS="263" VPOS="1352" WIDTH="40" HEIGHT="21" WC="0.85" CONTENT="N:o"/><SP WIDTH="16" VPOS="1352" HPOS="303"/>
							<String ID="string_277" HPOS="319" VPOS="1354" WIDTH="49" HEIGHT="19" WC="0.96" CONTENT="243."/><SP WIDTH="16" VPOS="1354" HPOS="368"/>
							<String ID="string_278" HPOS="384" VPOS="1352" WIDTH="78" HEIGHT="25" WC="0.96" CONTENT="Arppe,"/><SP WIDTH="17" VPOS="1352" HPOS="462"/>
							<String ID="string_279" HPOS="479" VPOS="1351" WIDTH="68" HEIGHT="22" WC="0.96" CONTENT="Adolf"/><SP WIDTH="13" VPOS="1351" HPOS="547"/>
							<String ID="string_280" HPOS="560" VPOS="1352" WIDTH="93" HEIGHT="25" WC="0.93" CONTENT="Edvard,"/><SP WIDTH="18" VPOS="1352" HPOS="653"/>
							<String ID="string_281" HPOS="671" VPOS="1352" WIDTH="95" HEIGHT="21" WC="0.96" CONTENT="statsråd"/><SP WIDTH="15" VPOS="1352" HPOS="766"/>
							<String ID="string_282" HPOS="781" VPOS="1352" WIDTH="40" HEIGHT="21" WC="0.96" CONTENT="och"/>
						</TextLine>
					</TextBlock>
					<TextBlock ID="block_14" HPOS="134" VPOS="1379" WIDTH="593" HEIGHT="28">
						<TextLine ID="line_36" HPOS="134" VPOS="1379" WIDTH="593" HEIGHT="28">
							<String ID="string_283" HPOS="134" VPOS="1397" WIDTH="9" HEIGHT="10" WC="0.68" CONTENT="N"/><SP WIDTH="70" VPOS="1397" HPOS="143"/>
							<String ID="string_284" HPOS="213" VPOS="1397" WIDTH="9" HEIGHT="9" WC="0.91" CONTENT="»"/><SP WIDTH="41" VPOS="1397" HPOS="222"/>
							<String ID="string_285" HPOS="263" VPOS="1381" WIDTH="40" HEIGHT="20" WC="0.81" CONTENT="N:o"/><SP WIDTH="16" VPOS="1381" HPOS="303"/>
							<String ID="string_286" HPOS="319" VPOS="1381" WIDTH="48" HEIGHT="20" WC="0.95" CONTENT="247."/><SP WIDTH="16" VPOS="1381" HPOS="367"/>
							<String ID="string_287" HPOS="383" VPOS="1380" WIDTH="120" HEIGHT="26" WC="0.95" CONTENT="Hackman,"/><SP WIDTH="16" VPOS="1380" HPOS="503"/>
							<String ID="string_288" HPOS="519" VPOS="1379" WIDTH="108" HEIGHT="27" WC="0.93" CONTENT="Wilhelm,"/><SP WIDTH="16" VPOS="1379" HPOS="627"/>
							<String ID="string_289" HPOS="643" VPOS="1380" WIDTH="84" HEIGHT="21" WC="0.95" CONTENT="konsul."/>
						</TextLine>
					</TextBlock>
				</ComposedBlock>
				<ComposedBlock ID="cblock_5" HPOS="89" VPOS="1460" WIDTH="830" HEIGHT="85">
					<TextBlock ID="block_15" HPOS="89" VPOS="1460" WIDTH="830" HEIGHT="85">
						<TextLine ID="line_37" HPOS="158" VPOS="1460" WIDTH="761" HEIGHT="29">
							<String ID="string_290" HPOS="158" VPOS="1461" WIDTH="40" HEIGHT="21" WC="0.93" CONTENT="Till"/><SP WIDTH="13" VPOS="1461" HPOS="198"/>
							<String ID="string_291" HPOS="211" VPOS="1461" WIDTH="107" HEIGHT="27" WC="0.93" CONTENT="justering"/><SP WIDTH="15" VPOS="1461" HPOS="318"/>
							<String ID="string_292" HPOS="333" VPOS="1461" WIDTH="112" HEIGHT="27" WC="0.92" CONTENT="upplästes"/><SP WIDTH="16" VPOS="1461" HPOS="445"/>
							<String ID="string_293" HPOS="461" VPOS="1460" WIDTH="42" HEIGHT="22" WC="0.93" CONTENT="och"/><SP WIDTH="16" VPOS="1460" HPOS="503"/>
							<String ID="string_294" HPOS="519" VPOS="1460" WIDTH="125" HEIGHT="28" WC="0.92" CONTENT="godkändes"/><SP WIDTH="16" VPOS="1460" HPOS="644"/>
							<String ID="string_295" HPOS="660" VPOS="1462" WIDTH="53" HEIGHT="21" WC="0.93" CONTENT="utan"/><SP WIDTH="16" VPOS="1462" HPOS="713"/>
							<String ID="string_296" HPOS="729" VPOS="1461" WIDTH="141" HEIGHT="28" WC="0.92" CONTENT="anmärkning"/><SP WIDTH="13" VPOS="1461" HPOS="870"/>
							<String ID="string_297" HPOS="883" VPOS="1462" WIDTH="36" HEIGHT="22" WC="0.96" CONTENT="det"/>
						</TextLine>
						<TextLine ID="line_38" HPOS="89" VPOS="1489" WIDTH="830" HEIGHT="28">
							<String ID="string_298" HPOS="89" VPOS="1490" WIDTH="35" HEIGHT="21" WC="0.93" CONTENT="vid"/><SP WIDTH="16" VPOS="1490" HPOS="124"/>
							<String ID="string_299" HPOS="140" VPOS="1490" WIDTH="97" HEIGHT="21" WC="0.92" CONTENT="ständets"/><SP WIDTH="16" VPOS="1490" HPOS="237"/>
							<String ID="string_300" HPOS="253" VPOS="1489" WIDTH="128" HEIGHT="28" WC="0.92" CONTENT="föregäende"/><SP WIDTH="16" VPOS="1489" HPOS="381"/>
							<String ID="string_301" HPOS="397" VPOS="1489" WIDTH="162" HEIGHT="22" WC="0.92" CONTENT="sammanträde"/><SP WIDTH="15" VPOS="1489" HPOS="559"/>
							<String ID="string_302" HPOS="574" VPOS="1489" WIDTH="41" HEIGHT="22" WC="0.96" CONTENT="den"/><SP WIDTH="14" VPOS="1489" HPOS="615"/>
							<String ID="string_303" HPOS="629" VPOS="1491" WIDTH="27" HEIGHT="20" WC="0.96" CONTENT="26"/><SP WIDTH="12" VPOS="1491" HPOS="656"/>
							<String ID="string_304" HPOS="668" VPOS="1490" WIDTH="7" HEIGHT="21" WC="0.96" CONTENT="i"/><SP WIDTH="11" VPOS="1490" HPOS="675"/>
							<String ID="string_305" HPOS="686" VPOS="1490" WIDTH="70" HEIGHT="21" WC="0.93" CONTENT="denna"/><SP WIDTH="14" VPOS="1490" HPOS="756"/>
							<String ID="string_306" HPOS="770" VPOS="1490" WIDTH="78" HEIGHT="22" WC="0.93" CONTENT="mänad"/><SP WIDTH="10" VPOS="1490" HPOS="848"/>
							<String ID="string_307" HPOS="858" VPOS="1490" WIDTH="61" HEIGHT="23" WC="0.92" CONTENT="förda"/>
						</TextLine>
						<TextLine ID="line_39" HPOS="89" VPOS="1519" WIDTH="114" HEIGHT="26">
							<String ID="string_308" HPOS="89" VPOS="1519" WIDTH="114" HEIGHT="26" WC="0.92" CONTENT="protokoll."/>
						</TextLine>
					</TextBlock>
				</ComposedBlock>
				<GraphicalElement ID="cblock_6" HPOS="1097" VPOS="1101" WIDTH="11" HEIGHT="445"></GraphicalElement >
			</PrintSpace>
		</Page>
	</Layout>
</alto>
