1109 1748
419 117 40 17 Den
475 115 12 19 2
504 117 93 18 Februari.
870 117 27 20 23

99 181 57 22 finna
171 181 158 29 tjenstehjonen
344 183 28 26 på
386 182 39 23 råd
441 188 34 16 om
491 182 27 22 de
534 182 110 27 verkligen
666 180 64 22 hafva
751 181 50 27 laga
823 182 47 21 skäl
894 184 32 20 att

99 217 52 15 vara
172 210 141 22 missbelåtna
328 212 48 21 med
392 211 148 25 orlofssedeln,
552 212 52 20 utan
620 212 33 20 att
668 216 77 21 genom
761 210 70 21 denna
839 206 12 36 &
872 211 53 21 lika-

100 246 46 15 som
169 240 140 27 uppmuntras
333 239 76 23 dertill.
439 240 42 27 Jag
500 239 50 22 ville
566 246 28 15 nu
608 238 114 23 hemställa
737 244 33 16 om
787 238 38 22 det
840 239 19 27 ej
875 246 51 16 vore

99 269 82 27 nödigt,
197 270 33 20 att
245 268 26 21 de
287 269 164 27 anmärkningar
470 269 40 27 jag
532 268 63 28 gjort,
619 268 70 22 skulle
704 268 6 20 i
726 267 200 29 protokollsutdrag

99 297 21 22 fä
135 296 102 28 medfölja
251 296 115 22 remissens
383 297 173 22 öfverlemnande
571 297 32 21 till
619 296 160 28 Lagutskottet,
795 296 28 27 pä
839 296 37 22 det
894 299 32 19 att

99 338 27 3 —
142 327 28 21 dä
191 325 62 27 fräga
275 326 84 26 engäng
381 326 70 22 blifvit
472 326 66 22 väckt
560 332 34 15 om
616 325 154 27 legostadgans
793 326 26 20 sä
837 325 89 22 allmänt

99 354 152 28 Ofverklagade
266 354 176 28 bristfälligheter
457 367 26 3 —
501 356 72 26 steget
588 354 32 22 till
635 354 129 27 förbättring
785 354 69 22 måtte
876 354 50 22 med

100 390 37 16 ens
152 383 50 22 fullt
216 384 95 26 uttagas.

167 412 58 22 Enär
239 412 64 26 ingen
319 412 73 22 vidare
407 412 72 22 anhöll
495 418 35 16 om
546 412 69 26 ordet,
631 411 134 23 framställde
777 412 50 22 herr
844 412 81 21 Landt-

99 441 136 21 marskalken
255 440 32 22 till
303 441 86 22 ständet
403 441 134 28 proposition
554 447 40 20 om,
613 440 106 22 huruvida
734 440 79 28 nädiga
827 441 98 27 proposi-

99 470 73 22 tionen
188 469 69 23 skulle
276 470 121 22 remitteras
421 470 31 22 till
475 470 162 28 Lagutskottet,
661 470 85 21 hvilken
768 469 158 28 framställning

98 499 49 22 med
163 498 88 22 allmänt
263 498 96 28 jakande
373 499 139 23 besvarades.

166 556 85 27 Nädiga
272 556 160 27 propositionen
455 557 42 21 N:o
522 558 32 25 10,
578 556 111 28 angäende
711 556 98 22 enskilda
831 557 93 27 tjenares

96 585 105 28 jäfvighet
216 586 33 20 att
263 585 75 27 vittna,
354 586 150 22 remitterades
521 585 63 23 äfven
599 585 32 21 till
647 585 159 27 Lagutskottet.

166 642 41 22 Vid
224 641 151 29 föredragning
390 643 23 22 af
427 643 40 22 den
483 643 94 28 följande
600 642 79 28 nädiga
700 642 162 27 propositionen
884 643 41 21 N:o

100 673 33 25 11,
157 671 111 28 angäende
291 671 109 22 ordnande
419 671 24 22 af
461 671 195 28 skjutshällningen
679 671 40 22 och
741 671 184 28 gästgifverierna,

98 701 106 26 begärdes
221 700 62 22 ordet
298 700 30 21 af:

166 729 99 22 Friherre
287 735 41 15 von
351 729 79 27 Troil,
454 729 87 22 Samuel
564 729 96 26 Werner,
684 735 46 16 som
753 729 58 27 afgaf
831 729 94 28 följande

97 758 109 28 yttrande:
229 757 42 22 Vid
293 757 129 28 föregäende
444 758 96 27 lantdag,
565 759 26 20 dä
613 757 75 28 frägan
709 764 34 15 om
765 757 121 22 ordnandet
904 758 23 21 af

98 787 340 28 skjutshällnings-skyldigheten
460 787 91 26 förevar,
575 787 40 21 har
638 787 61 21 detta
714 786 79 22 ärende
808 786 69 22 blifvit
892 793 32 15 re-

96 816 119 26 mitteradt,
231 816 54 21 först
299 815 31 22 till
353 816 228 27 grundlagsutskottet
603 815 40 22 och
667 815 67 22 sedan
756 815 31 22 till
810 815 115 22 Ekonomi-

96 845 115 21 utskottet.
242 843 41 22 Vid
307 845 69 21 denna
395 845 104 27 landtdag
516 847 24 19 är
557 845 48 22 icke
628 845 73 21 beslut
723 844 80 21 fattadt
826 851 34 15 om
883 845 42 20 till-

97 873 112 22 sättandet
224 873 23 21 af
260 873 66 27 nägot
348 873 211 28 grundlagsutskott,
582 876 53 19 utan
658 873 62 22 torde
735 873 155 27 Lagutskottet
904 873 22 22 fä

97 902 169 27 omhändertaga
281 902 27 22 de
331 902 128 27 funktioner,
481 909 45 15 som
549 902 227 28 grundlagsutskottet
797 902 59 22 förut
876 902 48 22 full-

96 932 62 26 gjort.
189 932 52 25 Här,
257 931 6 21 i
280 930 41 22 den
337 938 28 14 nu
380 931 148 28 föreliggande
544 932 169 27 propositionen,
728 931 143 21 förekommer
884 931 40 21 lik-

95 961 55 21 visst
171 960 126 28 ytterligare
319 959 61 28 fräga
402 966 34 16 om
456 960 76 27 anslag
548 960 32 21 till
597 960 120 27 ersättning
733 960 32 21 för
780 960 27 21 de
822 960 101 26 lägenhe-

96 991 39 24 ter,
151 989 73 21 hvilka
239 988 82 22 härtills
337 989 56 21 varit
415 988 96 22 befriade
533 989 47 21 frän
603 988 319 28 hällskjutsnings-skyldighet,

96 1018 40 22 och
151 1018 72 21 hvilka
237 1017 127 27 lägenheter
381 1019 32 21 ett
428 1018 52 21 slikt
500 1024 54 15 onus
577 1018 114 21 framdeles
715 1017 68 22 skulle
806 1017 116 22 ähvälfvas.

95 1047 76 21 Denna
186 1046 61 27 fräga
261 1048 25 19 är
301 1046 136 28 naturligtvis
453 1046 24 22 af
493 1046 68 22 sädan
584 1046 155 26 beskaffenhet,
764 1048 33 19 att
819 1046 42 22 den
884 1046 39 22 bör

96 1075 23 22 af
133 1075 170 22 Statsutskottet
318 1075 141 27 handläggas.
483 1076 34 21 Dä
528 1075 119 22 emellertid
662 1075 75 27 frägan
753 1081 33 15 om
803 1075 120 27 ersättning

95 1104 32 21 till
143 1104 65 22 dessa
229 1103 137 27 lägenheters
389 1104 138 22 innehafvare
543 1104 136 27 naturligtvis
695 1104 48 22 icke
757 1104 42 21 kan
815 1104 86 21 komma
916 1104 6 21 i

95 1133 66 27 fråga,
177 1133 64 21 innan
257 1132 161 28 propositionen
433 1133 7 21 i
457 1132 65 28 öfrigt
538 1134 31 20 uti
586 1133 26 21 de
629 1132 98 22 enskilda
747 1133 91 21 stånden
854 1132 68 22 blifvit

95 1162 107 26 godkänd,
219 1161 69 21 skulle
301 1162 38 26 jag
353 1162 159 21 vördsammast
526 1162 117 22 hemställa
661 1168 34 15 om
711 1162 18 26 ej
746 1161 47 21 skäl
807 1160 115 23 förefinnes

95 1192 33 20 att
143 1191 32 21 till
191 1197 26 15 en
232 1190 76 27 början
323 1190 112 22 remittera
449 1190 74 28 frågan
540 1191 32 21 till
587 1192 143 20 sammansatt
741 1190 56 27 Lag-
813 1190 39 21 och
863 1190 57 21 Eko-

94 1220 149 25 nomiutskott,
268 1219 33 21 för
321 1220 32 20 att
373 1219 100 27 derefter,
489 1220 8 21 i
512 1219 105 23 händelse
640 1219 161 27 propositionen
824 1219 96 27 godkän-

94 1255 45 19 nes,
155 1248 120 22 behandlas
291 1247 22 22 af
326 1248 177 22 Statsutskottet.

161 1277 56 21 Herr
232 1276 202 26 Nordenskiöld,
451 1277 50 21 Carl
516 1276 74 22 Adolf:
613 1277 34 21 Då
662 1276 163 28 ifrågavarande
841 1276 79 27 nådiga

92 1306 134 27 proposition
249 1305 120 27 uppställer
391 1306 72 21 såsom
485 1306 161 27 grundprincip,
670 1307 33 20 att
718 1305 200 27 skjutshållningen,

93 1335 24 21 så
131 1335 46 21 vidt
191 1334 84 27 möjligt
289 1336 30 24 är,
336 1334 55 22 skall
406 1334 80 22 lindras
502 1334 33 22 för
550 1334 161 27 lägenheterna,
727 1334 39 22 och
782 1334 70 21 tillika
864 1340 54 21 upp-

93 1364 75 21 ställer
190 1364 72 20 såsom
284 1362 79 27 högsta
384 1363 48 26 mål,
456 1365 33 19 att
505 1363 61 22 detta
581 1363 68 27 dryga
664 1370 53 14 onus
733 1363 69 21 skulle
817 1362 47 22 helt
878 1362 41 22 och

92 1392 67 21 hållet
182 1391 83 28 aflyftas
288 1391 47 22 från
356 1391 162 27 lägenheterna,
542 1392 25 21 så
588 1391 108 23 förefaller
719 1391 37 22 det
770 1391 44 27 mig
829 1397 46 15 som
891 1397 26 15 en

92 1420 136 27 motsägelse,
245 1420 28 21 dä
291 1419 41 22 den
347 1420 79 27 nådiga
446 1420 162 27 propositionen
630 1421 123 25 innehåller,
778 1421 33 20 att
833 1426 26 15 en
882 1419 36 22 hel

91 1450 58 21 klass
172 1448 133 28 lägenheter,
328 1449 73 21 hvilka
422 1449 84 21 härtills
529 1449 56 21 varit
600 1449 7 21 i
623 1449 107 22 urminnes
750 1449 56 21 tider
820 1447 97 23 befriade

90 1478 46 22 från
152 1477 172 27 hällskjutsning,
341 1477 62 22 skola
418 1477 115 22 framdeles
549 1477 86 22 komma
651 1480 33 19 att
695 1477 44 22 deri
754 1477 94 27 deltaga,
859 1483 58 15 nem-

90 1507 57 27 ligen
164 1506 90 22 säterier
269 1508 57 19 samt
341 1506 33 21 rå-
391 1505 39 22 och
445 1506 156 27 rörshemman,
617 1507 125 26 visserligen
759 1508 44 19 mot
819 1512 26 15 en
860 1505 56 22 före-

90 1536 74 27 slagen
180 1535 126 27 ersättning,
322 1541 48 15 men
386 1541 26 15 en
428 1535 127 27 ersättning,
571 1541 46 16 som
633 1537 24 20 är
672 1535 87 22 alldeles
776 1534 94 28 ensidigt
879 1535 37 21 be-
