1109 1748
436 108 40 17 Den
494 106 24 18 17
535 106 59 24 April.
846 107 41 20 457

92 170 34 22 del
147 170 71 22 tidens
241 169 120 28 fordringar
376 176 51 15 vara
442 170 88 26 sådana,
547 171 33 20 att
595 170 7 22 i
618 170 61 22 detta
694 169 102 23 afseende
811 177 50 15 man
877 171 40 21 och

92 199 79 27 qvinna
192 198 47 22 helt
261 198 40 21 och
323 198 68 22 hållet
412 199 53 21 böra
483 198 114 22 likställas.
627 199 80 21 Derom
722 198 39 22 har
775 200 67 20 redan
857 199 61 27 fråga

91 228 77 22 väckts
189 227 40 21 hos
253 233 42 21 oss,
319 228 38 21 allt
380 228 66 21 sedan
468 228 77 27 början
567 227 23 22 af
605 228 122 21 1860-talet
741 228 40 21 och
797 228 121 22 successivt

91 256 92 28 fortgått
205 256 90 21 sålunda
317 258 33 20 att
371 256 163 27 propositionen
555 256 8 21 i
586 258 73 20 ämnet
681 263 29 15 nu
724 256 120 28 föreligger.
876 257 41 21 Vid

92 287 87 20 senaste
195 286 158 21 sammanträde
370 284 63 22 hafva
448 287 79 20 nästan
543 285 42 21 alla
601 285 68 22 talare
683 286 68 28 hyllat
767 286 69 21 denna
852 286 63 26 åsigt,

90 320 49 15 men
162 320 27 15 en
211 314 68 21 talare
294 314 39 21 har
348 314 121 26 framhållit,
486 316 34 19 att
534 314 160 28 Ridderskapet
709 314 40 22 och
763 314 70 22 Adeln
848 314 68 28 möjli-

91 349 41 21 gen
155 342 138 28 äfventyrade
314 343 47 21 sina
383 343 128 21 kommande
532 343 150 21 medlemmars
698 342 96 28 förmåga
809 345 39 25 att,
864 346 53 18 utan

91 371 86 25 arvode,
192 371 51 27 fylla
258 371 47 21 sina
319 372 82 26 platser
415 372 29 27 på
459 372 62 21 detta
535 378 47 15 rum
599 372 72 21 såsom
678 372 79 22 folkets
765 374 151 26 representan-

90 402 40 24 ter,
151 400 2 21 i
169 400 102 22 händelse
286 407 49 15 man
351 400 40 22 och
407 401 78 27 qvinna
499 401 8 21 i
523 401 42 21 allo
580 400 108 22 likställas
704 401 134 23 beträftande
853 402 63 21 deras

90 428 94 22 arfsrätt.
215 429 46 21 Mot
277 429 60 22 detta
351 430 99 27 yttrande
465 430 40 21 har
521 436 26 15 en
562 436 71 15 annan
648 430 67 21 talare
729 430 81 26 afgifvit
825 432 32 20 ett
865 436 51 22 gen-

90 458 62 26 mäle,
176 457 99 28 syftande
297 458 82 22 derhän
401 460 32 20 att
449 458 179 28 sjelfförvärfvadt
644 458 135 22 ekonomiskt
795 459 121 22 oberoende

90 486 49 22 vida
161 493 46 15 mer
229 489 28 19 än
279 486 60 23 ärfda
358 487 105 22 millioner
485 488 67 21 alstra
569 488 41 21 den
625 487 103 27 politiska
743 487 174 28 sjelfständighet

91 515 40 22 och
146 514 143 29 frimodighet,
305 522 47 15 som
367 516 140 27 ovilkorligen
522 518 65 26 utgör
601 516 162 27 grundvilkoret
777 516 34 22 för
826 518 32 20 ett
868 519 48 19 vär-

91 544 47 27 digt
160 544 116 22 utöfvande
299 544 24 22 af
343 544 38 22 det
403 544 131 28 sjelfskrifna
555 545 321 27 nationalrepresentantkallet.
906 546 10 21 I

91 573 61 21 detta
173 574 101 26 yttrande
296 574 125 22 instämmer
433 574 38 27 jag
486 574 89 22 alldeles
591 574 134 27 obetingadt.
755 574 34 22 Dä
803 574 33 22 för
851 574 65 27 öfrigt

89 602 112 27 principen
219 602 24 21 af
256 608 26 15 en
297 602 142 27 likställighet
453 603 8 21 i
476 603 161 26 ifrägavarande
653 603 101 22 afseende
770 603 59 21 säväl
844 603 7 21 i
866 609 49 21 pro-

88 630 129 27 positionen,
241 637 47 15 som
309 630 7 22 i
331 631 153 27 betänkandet,
500 631 83 22 hvilket
597 631 97 28 godkänt
708 632 168 27 propositionen,
892 634 24 19 är

88 659 148 28 konsegvent
247 659 130 28 genomförd,
403 660 40 21 har
461 661 39 27 jag
515 661 93 21 rörande
624 661 71 21 denna
710 660 34 22 del
759 661 111 26 ingenting
885 661 30 22 vi-

90 688 51 21 dare
164 689 33 20 att
219 688 95 27 tillägga,
338 691 27 19 än
388 691 33 19 att
433 689 38 28 jag
485 689 33 22 uti
534 689 42 22 den
591 689 121 28 föreslagna
727 689 96 28 lydelsen
838 689 24 22 af
876 691 12 20 2
904 689 11 28 $

90 719 26 19 10
138 717 49 27 kap
211 717 25 22 G.
259 717 24 22 B.
305 717 70 22 funnit
391 719 32 20 ett
437 718 83 27 tillägg,
536 724 47 16 som
596 719 38 26 jag
648 718 33 22 för
697 718 41 21 min
754 718 35 22 del
805 720 45 20 tror
865 725 51 15 vara

87 745 130 28 fullkomligt
239 746 134 27 öfverflödigt
395 747 58 21 att
450 741 13 38 i
475 747 42 22 den
540 754 42 21 nya
603 747 64 27 lagen
690 747 86 22 införas.
807 747 108 27 Tillägget

88 774 70 27 lyder:
177 775 90 26 ,varder
281 775 69 22 under
365 776 144 27 äktenskapet
524 776 106 27 egendom
645 783 78 20 genom
738 776 62 27 gäfva
815 776 53 22 eller
882 778 33 20 te-

89 805 107 20 stamente
219 804 32 21 till
275 811 40 15 ena
329 805 78 21 maken
422 805 69 26 gifven
506 805 50 21 med
571 805 76 27 vilkor,
665 807 32 19 att
713 805 40 21 den
768 805 79 22 honom
862 805 53 22 eller

88 832 70 22 henne
174 833 94 22 enskildt
283 833 86 22 tillhöra
385 834 61 25 skall,
466 834 3 21 i
485 834 41 21 den
542 834 106 27 egendom
663 834 60 27 njute
739 834 41 21 den
796 834 66 21 andra
870 841 44 14 ma-

88 861 41 22 ken
152 861 19 28 ej
195 861 68 23 heller
281 861 118 28 giftorätt*.
430 863 43 21 Det
487 862 68 23 finnes
571 869 27 16 en
613 863 80 21 allmän
707 863 144 27 rättsprincip,
868 869 46 16 som

88 891 117 27 genomgär
219 891 42 21 alla
276 891 87 22 länders
377 891 167 28 lagstiftningar,
553 892 40 22 och
605 892 70 22 denna
682 892 81 27 princip
771 892 70 28 lyder:
860 892 54 26 ,för-

88 919 39 21 ord
149 919 63 28 bryta
233 920 56 27 lag*.
319 920 76 22 Denna
416 921 140 27 rättsprincip
572 921 67 21 finnes
655 921 55 21 visst
724 921 47 21 icke
786 922 49 20 med
851 922 64 21 dessa

89 948 39 21 ord
143 948 70 22 införd
236 949 7 21 i
268 950 55 20 1734
347 950 34 21 ärs
401 950 42 26 lag,
461 950 68 21 sädan
544 950 43 21 den
602 950 23 22 af
638 951 77 26 regent
731 950 40 22 och
786 950 89 22 ständer
890 952 25 20 är

88 978 101 26 antagen,
205 984 49 15 men
269 978 32 21 till
317 984 80 16 samma
412 979 36 27 lag
463 981 24 19 är
502 978 75 28 fogadt
593 980 32 20 ett
640 979 85 27 bihang,
742 985 46 15 som
796 979 119 21 innehäller

88 1006 27 21 de
131 1012 16 15 s.
164 1006 21 21 k.
202 1006 192 28 domarereglorna.
413 1008 237 27 16:de-domareregeln
658 1008 69 27 lyder:
746 1008 169 26 ,Allmänneliga

89 1034 104 22 ordseder
215 1036 80 21 brukas
311 1036 44 21 ofta
369 1035 34 23 för
417 1036 41 27 lag,
475 1036 72 22 hvilka
562 1038 38 20 äro
617 1037 66 21 också
697 1036 56 28 lag".
783 1036 48 22 Den
846 1036 68 28 fjerde

88 1063 23 21 af
130 1064 65 21 dessa
216 1065 103 21 ordseder
333 1065 128 22 innehåller:
479 1064 86 27 ,förörd
580 1066 63 27 bryta
657 1066 56 26 lag".
744 1065 39 22 Om
799 1066 7 20 i
821 1067 33 20 ett
868 1066 46 26 lag-

88 1092 147 28 stiftningsfall
256 1093 103 22 särskildt
381 1094 40 21 bör
439 1096 107 26 upptagas
563 1096 32 20 att
610 1094 73 22 förord
696 1094 73 28 bryter
783 1094 42 27 lag,
842 1094 72 22 såsom

87 1121 7 21 i
110 1121 61 21 detta
185 1121 96 27 föresläs,
297 1122 62 22 torde
374 1125 79 19 nästan
467 1123 7 21 i
489 1123 74 27 hvarje
579 1130 27 20 ny
621 1123 42 27 lag,
672 1123 133 22 beträffande
814 1123 98 27 civilrätt,

87 1151 33 20 ett
142 1150 68 26 dylikt
225 1151 120 27 stadgande
360 1152 53 21 böra
427 1152 61 27 ingä;
505 1158 49 16 men
570 1152 27 22 dä
612 1152 110 27 principen
739 1154 23 19 är
777 1152 81 22 erkänd
874 1152 40 22 och

86 1178 40 22 hos
150 1185 35 15 oss
208 1180 85 22 uttalad
314 1180 7 21 i
342 1180 26 22 de
383 1181 93 21 nämnda
492 1181 195 27 domarereglorna,
702 1181 72 21 hvilka
790 1181 72 26 ocksä,
879 1187 34 15 om

86 1207 47 21 icke
149 1207 51 27 ofta,
218 1208 55 22 dock
287 1209 71 27 nägon
373 1210 56 26 gäng
437 1209 69 22 finnas
514 1210 247 27 äberopade
642 1203 14 38 i
664 1210 96 27 domslut,
771 1210 24 21 sä
803 1210 67 21 häller
876 1210 37 27 jag

85 1235 46 23 före
154 1238 33 20 att
196 1237 37 21 det
241 1237 22 21 af
269 1238 44 26 mig
321 1238 113 22 anmärkta
441 1239 98 27 tillägget
547 1239 84 21 saklöst
638 1239 43 21 kan
689 1238 106 27 bortfalla,
805 1239 40 21 och
854 1239 60 21 detta

84 1264 7 21 i
102 1265 173 28 lagstiftningens
283 1267 98 21 intresse.
392 1280 25 2 —
427 1268 62 21 Hvad
499 1268 47 21 äter
553 1269 37 20 rör
597 1268 167 26 lagstadgandet
772 1274 34 15 om
814 1274 98 20 morgon-

84 1293 69 27 gäfva,
170 1294 42 22 kan
226 1295 38 27 jag
275 1296 45 21 deri
328 1296 47 22 icke
383 1296 44 22 lika
436 1296 127 28 obetingadt
571 1297 115 21 instämma
694 1303 36 15 som
747 1297 6 21 i
762 1296 106 28 förslaget
878 1302 34 16 om

84 1322 99 27 giftorätt
199 1323 54 22 efter
267 1324 112 22 landsrätt.
396 1325 75 22 Detär
485 1326 8 20 i
506 1325 153 27 jemlikhetens
669 1326 40 21 och
717 1326 115 21 rättvisans
842 1332 68 20 namn,

84 1357 46 15 som
143 1352 39 27 jag
197 1352 96 22 förordat
307 1353 45 21 lika
367 1353 98 27 giftorätt
481 1354 40 21 och
537 1354 96 21 arfsrätt.
661 1354 9 21 I
679 1354 180 21 sammaintresse
866 1354 45 21 mä-

83 1381 34 20 ste
130 1380 39 27 jag
185 1380 95 28 afstyrka
289 1382 26 21 de
323 1381 122 28 föreslagna
453 1383 150 27 stadgandena
610 1383 133 22 beträffande
752 1382 158 28 morgongäiva.

82 1408 154 28 Morgongäfva
256 1410 139 22 tillerkänner
413 1412 107 27 nemligen
540 1412 93 27 gvinnan
652 1412 7 21 i
679 1412 144 27 äktenskapet
842 1413 69 20 större

82 1437 136 28 rättigheter,
235 1441 28 19 än
278 1446 90 15 mannen
384 1439 55 22 efter
456 1441 41 21 den
513 1447 42 21 nya
569 1441 64 26 lagen
648 1441 85 21 komme
749 1442 33 20 att
793 1447 45 20 ega.
869 1440 42 27 Jag

82 1467 62 26 tager
158 1467 45 27 mig
217 1467 91 23 friheten
324 1469 108 26 anmärka,
449 1471 33 20 att
496 1469 7 21 i
520 1471 32 20 ett
568 1469 71 27 ständ,
656 1470 38 21 der
710 1469 122 22 diskussion
843 1469 67 22 redan

80 1493 102 29 föregätt,
206 1497 72 21 säsom
301 1497 46 22 skäl
366 1497 33 22 för
417 1498 162 21 bibehällandet
595 1498 23 21 af
631 1497 278 28 morgongäfvo-institutet,

81 1523 78 24 sädant
178 1525 37 22 det
233 1532 28 15 nu
280 1525 89 23 föresläs
389 1526 7 21 i
412 1533 27 16 en
453 1527 117 22 förändrad
585 1526 61 28 form,
663 1526 82 23 anförts
760 1528 33 21 att
809 1526 79 28 spräng
902 1527 8 22 i
