1109 1748
440 110 38 17 Den
495 108 26 18 23
538 110 53 18 Mars,
853 110 41 20 333

98 174 38 21 der
156 174 37 21 det
211 172 97 27 tidevarf,
328 172 61 22 hvari
403 172 21 21 vi
438 172 63 26 lefva,
519 173 37 21 det
571 172 39 22 har
625 179 27 16 en
667 173 70 20 större
752 172 119 27 betydelse,
888 179 34 15 om

97 202 148 22 universitetet
267 202 108 27 uppbäres
399 200 22 22 af
442 201 74 24 folket,
541 204 27 19 än
591 208 34 15 om
644 201 37 21 det
697 201 88 21 stöddes
802 200 23 22 af
838 201 83 27 bispen.

98 231 57 22 Herr
171 231 108 21 Snellman
295 231 39 21 har
349 231 73 21 vidare
438 230 106 26 anmärkt,
562 232 33 20 att
610 231 37 21 det
662 236 50 15 vore
727 229 42 23 väl.
785 236 34 15 om
836 230 42 21 den
888 232 34 19 ut-

97 262 69 26 vägen
188 260 72 21 kunde
283 260 77 21 anlitas
384 260 33 20 att
439 259 151 21 universitetet
605 259 56 27 finge
676 258 105 28 rättighet
796 260 33 20 att
844 259 78 21 inkalla

97 289 135 28 professorer
247 288 84 22 förutan
348 289 64 21 dessa
426 288 86 27 vanliga
527 288 124 27 specimina,
667 294 46 15 som
728 288 7 20 i
750 288 78 26 mänga
839 287 83 22 afseen-

98 319 42 21 den
161 318 74 21 kunna
251 324 52 15 vara
321 317 64 27 högst
401 316 121 28 olämpliga.
553 317 27 21 Ja
596 316 61 22 detta
671 322 50 16 vore
738 323 27 15 en
780 319 46 19 stor
841 316 79 26 fördel;

98 354 48 14 men
168 346 61 22 äfven
245 346 70 22 dertill
330 345 103 23 behöfves
449 345 129 27 penningar!
595 345 140 27 Ingenstädes
751 348 24 18 är
790 345 133 22 inkallandet

98 376 125 22 utveckladt
245 375 66 27 högre
335 377 26 25 än
376 374 7 21 i
399 374 114 28 Tyskland.
544 374 80 28 Hvarje
639 374 128 22 universitet
782 375 38 21 der
836 374 40 22 och
892 374 29 22 äf-

98 411 41 16 ven
154 404 155 22 universiteten
324 404 7 21 i
347 403 112 22 Österrike
474 403 53 21 täfla
543 409 34 15 om
593 402 62 22 attfä
669 403 26 21 de
706 403 63 21 bästa
779 403 141 27 förmägorna,

99 434 41 21 och
154 433 85 22 urvalet
254 435 23 19 är
292 434 56 20 stort
362 438 55 20 nog:
434 432 37 22 der
487 434 37 20 äro
540 432 99 22 nationer
653 432 29 27 pä
697 433 27 19 40
740 432 13 21 &
768 434 26 20 50
810 432 111 22 millioner.

98 463 50 21 Men
169 462 38 22 der
224 462 76 27 bjuder
315 468 49 15 man
380 460 62 22 äfven
457 461 24 21 ät
496 461 26 21 de
538 461 143 21 utmärktaste
697 460 161 27 professorerne
874 461 47 22 icke

97 493 38 25 ett,
151 491 37 21 två
203 490 51 22 eller
269 492 32 20 tre
317 492 70 24 tusen,
403 492 53 19 utan
472 496 44 20 sex,
533 490 33 27 sju
582 490 52 22 eller
649 490 46 20 åtta
709 491 64 20 tusen
789 490 80 27 thaler;
881 490 40 21 och

97 520 90 21 sälunda
202 519 61 27 fiytta
279 520 25 20 de
319 519 46 21 frän
382 520 31 20 ett
429 519 32 21 till
477 520 33 20 ett
525 521 65 19 annat
597 518 134 27 universitet,
741 518 51 22 eller
801 521 77 19 stanna
887 525 34 15 om

97 550 65 26 gaget
177 548 60 22 ökas.
261 548 40 27 Jag
317 550 45 19 tror
373 549 32 20 att
420 554 77 20 genom
514 548 69 21 denna
599 549 71 25 utväg,
687 553 46 15 som
748 548 51 21 herr
813 548 108 21 Snellman

96 578 191 25 rekommenderat,
305 577 24 21 sä
344 577 52 27 godt
411 583 46 15 som
472 576 112 27 ingenting
602 582 88 21 vunnes,
705 582 35 15 om
755 576 48 22 icke
819 577 102 27 anslagen

99 606 68 21 skulle
187 606 59 21 ökas.
276 606 56 21 Herr
347 606 108 21 Snellman
471 605 94 22 nämnde
581 605 67 26 äfven,
664 605 146 27 märkvärdigt
823 612 49 20 nog,
888 607 33 20 att

96 635 70 21 vädan
189 634 64 27 deraf,
277 636 32 20 att
332 641 26 14 en
378 633 117 28 professur,
512 636 31 19 ett
563 633 212 28 professorsembete,
800 634 70 27 nägon
889 634 31 21 tid

97 664 45 21 stär
164 663 63 28 ledig,
251 665 32 20 ett
305 663 53 22 eller
377 669 40 21 par
435 663 30 26 är,
487 663 32 21 till
535 663 41 21 och
591 663 49 21 med
655 663 30 21 tio
701 663 30 26 är,
748 669 46 15 som
809 663 41 21 här
865 663 55 21 varit

96 692 66 27 fallet,
177 693 23 27 ja
215 699 45 15 mer
275 694 27 19 än
318 692 36 26 tio,
371 692 48 21 icke
434 698 52 15 vore
502 692 97 21 särdeles
616 693 51 20 stor:
685 698 26 15 en
727 698 69 15 annan
810 691 110 28 professor

96 721 42 22 kan
153 722 26 21 sä
193 721 38 22 der
245 727 26 16 en
286 722 91 26 passant
391 720 83 22 förestä
490 721 41 21 den
546 721 71 27 lediga
631 720 139 28 professuren
786 721 52 21 eller
854 721 66 21 ocksä

97 757 25 14 en
143 756 66 22 yngre
228 750 83 26 docent,
328 756 33 15 om
377 750 38 21 det
429 749 75 27 finnes,
520 749 51 28 fylla
585 749 211 28 professorsplatsen.
826 750 50 21 Men
892 750 26 21 dä

96 785 50 16 vore
170 779 37 21 det
223 779 25 27 ju
269 779 48 21 skäl
332 780 33 20 att
379 779 48 21 icke
442 778 64 22 hafva
521 779 67 26 nägra
603 778 134 27 professorer
752 778 46 27 alls,
815 780 52 20 utan
882 785 36 15 en-

96 808 50 21 dast
160 814 73 21 yngre,
249 809 60 20 extra
324 807 77 22 lärare.
426 807 75 22 Vädan
518 809 23 20 är
548 807 80 28 mycket
636 807 67 27 stor,
701 803 9 36 i
714 807 115 28 synnerhet
839 808 28 27 pä
877 807 42 22 alla

96 837 27 21 de
138 837 108 26 omräden,
263 837 38 21 der
315 836 48 21 icke
378 837 79 21 endast
472 837 38 20 det
519 836 168 27 vetenskapliga,
700 836 42 21 den
752 837 118 20 teoretiska
882 836 35 21 de-

95 866 41 26 len,
157 867 52 20 utan
228 865 61 23 äfven
305 865 40 22 den
360 865 114 27 praktiska
489 865 64 22 afses,
585 865 73 22 Skulle
674 865 70 22 denna
758 865 82 28 princip
856 865 61 28 följas

96 895 57 21 inom
177 895 40 21 den
239 894 132 22 medicinska
389 894 128 27 fakulteten,
534 894 25 22 sä
575 896 23 20 är
612 894 70 22 vädan
697 894 6 21 i
720 896 82 25 ögonen
817 894 99 22 fallande.

96 924 48 21 Den
159 926 24 19 är
197 924 47 21 icke
255 923 67 21 heller
332 923 90 27 ringare,
434 929 35 15 om
479 924 42 21 den
532 923 75 22 blifver
617 923 58 27 regel
686 923 56 21 inom
753 923 41 21 den
803 923 112 27 juridiska,

97 954 45 20 tror
161 953 44 27 jag.
235 952 128 28 Beklagligt,
387 952 73 22 derom
483 954 25 20 är
526 952 55 22 intet
600 952 79 26 tvifvel,
695 952 40 21 har
751 952 54 21 varit
820 954 32 19 att
866 952 51 22 flere

96 981 81 27 gänger
191 981 7 21 i
214 981 41 21 den
270 981 132 21 medicinska
417 980 120 22 fakulteten
554 982 37 20 det
604 980 100 28 inträffat,
717 983 32 19 att
759 982 44 20 rätt
813 980 103 27 oerfarne,

96 1010 68 21 ehuru
179 1010 122 26 teoretiskt,
318 1010 159 27 vetenskapligt
491 1010 53 27 högt
558 1010 87 21 bildade
653 1016 104 21 personer
767 1010 57 21 mäst
834 1012 83 19 utnäm-

95 1044 38 16 nas
153 1038 32 22 till
205 1038 134 28 professorer
354 1038 39 22 och
408 1040 33 20 att
455 1039 49 21 icke
520 1039 59 21 äldre
595 1038 80 22 funnits
691 1038 135 27 berättigade
842 1045 76 21 genom

95 1068 70 27 nägon
183 1067 74 28 längre
276 1068 86 27 praktik
381 1067 34 22 för
432 1068 147 21 lärarekallet.
609 1068 56 21 Herr
683 1068 108 21 Snellman
807 1068 39 21 har
862 1069 54 25 sagt,

95 1103 49 15 men
166 1096 39 28 jag
231 1098 46 20 tror
298 1096 64 28 ingen
391 1096 131 22 understödt
551 1097 80 21 honom
657 1096 56 26 deri,
736 1096 68 22 ehuru
827 1102 27 16 en
877 1096 40 22 och

95 1132 70 15 annan
180 1125 106 22 måhända
300 1126 77 21 tänker
391 1125 50 27 lika,
457 1127 34 20 att
505 1126 120 21 utskottets
641 1125 136 22 betänkande
789 1125 69 21 skulle
868 1125 50 27 vilja

96 1154 46 22 äter
162 1154 96 22 etablera
277 1154 27 22 de
322 1154 71 27 gamla
411 1154 179 28 adjunkturerna;
607 1154 40 22 och
662 1154 42 22 han
719 1154 39 22 har
773 1154 73 21 vidare
862 1156 54 25 sagt,

95 1185 33 19 att
150 1183 81 21 sädana
251 1183 114 27 adjunkter
379 1183 48 21 icke
442 1182 22 22 fä
479 1184 68 26 nägra
563 1183 96 22 ähörare.
690 1183 43 21 Det
748 1185 24 19 är
787 1188 26 16 en
829 1182 89 28 ofantlig

95 1212 84 21 skilnad
194 1212 90 22 emellan
299 1212 38 21 det
351 1212 86 27 förslag,
455 1218 47 16 som
518 1212 109 22 utskottet
641 1212 8 21 i
659 1212 39 21 sitt
708 1212 136 21 betänkande
854 1211 63 22 fram-

94 1240 81 28 lägger,
192 1241 39 21 och
246 1240 143 22 förhållandet
398 1241 50 21 med
463 1241 27 21 de
506 1241 71 27 gamla
585 1240 221 28 adjunkturerna;
777 1236 27 36 mä
813 1247 49 15 man
870 1240 48 22 icke

94 1270 44 21 läta
159 1269 86 22 förvilla
264 1270 33 26 sig
317 1269 22 22 af
357 1271 32 20 ett
403 1270 70 21 under
489 1272 32 19 ett
536 1270 101 26 muntligt
651 1269 100 28 föredrag
766 1269 82 27 hastigt
863 1269 55 22 fäldt

93 1298 107 28 yttrande,
224 1300 33 20 att
278 1298 107 28 nemligen
408 1299 64 21 desse
490 1298 75 22 fordne
589 1298 114 28 adjunkter
717 1298 48 22 icke
779 1298 57 27 fingo
852 1299 66 26 nägra

94 1327 89 21 ähörare
203 1327 83 22 derföre
305 1329 34 20 att
358 1328 27 20 de
401 1327 64 27 ingen
480 1329 75 25 sträng
569 1327 266 28 föreläsningsskyldighet
849 1327 67 26 hade;

94 1357 23 26 ty
136 1362 49 15 man
208 1356 70 21 mäste
301 1356 96 21 erkänna
413 1358 38 24 att,
474 1362 34 15 om
524 1357 26 21 de
567 1356 66 21 ocksä
648 1356 89 21 alldeles
752 1356 47 21 icke
815 1355 102 22 föreläste

93 1385 40 20 och
147 1384 51 27 inga
213 1385 89 21 ähörare
323 1385 60 26 egde,
401 1385 27 20 de
444 1385 85 21 ändock
544 1385 75 28 gjorde
635 1391 42 20 nog
693 1384 32 22 för
741 1385 32 21 sin
788 1385 36 20 lön
838 1383 22 21 af
876 1385 41 20 300

93 1413 61 22 rubel
177 1413 81 22 silfver!
282 1413 94 22 Inrättas
400 1413 98 22 deremot
514 1414 140 27 adjunkturer
669 1413 52 22 eller
737 1415 59 20 extra
811 1412 106 22 ordinarie

93 1441 150 28 professioner,
260 1442 73 22 säsom
345 1441 109 22 utskottet
469 1443 7 20 i
491 1443 40 21 sitt
546 1443 135 21 betänkande
697 1441 117 27 föreslagit,
825 1441 41 21 blir
875 1441 42 22 för-

93 1471 112 21 hällandet
220 1472 32 20 ett
266 1470 145 23 himmelsvidt
426 1471 63 21 olika.
513 1471 11 22 I
539 1471 41 22 och
595 1471 49 21 med
660 1471 119 22 detsamma
793 1469 124 23 innehafva-

93 1506 51 15 rene
160 1499 24 22 af
197 1500 48 21 dem
261 1501 62 25 göras
340 1499 97 28 skyldige
453 1501 34 20 att
501 1499 101 28 föreläsa,
615 1499 39 22 och
665 1500 48 21 icke
724 1499 76 22 endast
811 1498 43 27 det,
865 1501 52 20 utan

94 1527 62 23 äfven
177 1528 135 27 berättigade
335 1528 40 21 och
395 1527 99 29 skyldige
514 1530 33 20 att
562 1528 127 27 examinera,
705 1529 47 21 icke
767 1527 62 27 blott,
846 1528 71 22 såsom
