1109 1748
427 106 40 18 Den
484 104 12 18 6
512 107 55 17 Mars,
844 106 40 21 169

154 170 71 21 Dessa
246 169 198 27 protokollsutdrag
467 168 78 26 blefvo,
563 169 72 21 såsom
650 168 49 22 icke
712 168 152 24 föranledande
880 170 32 22 till

86 198 69 28 någon
169 198 82 27 åtgärd,
260 197 63 27 lagda
331 198 32 22 till
370 196 172 28 Ridderskapets
552 197 39 21 och
607 197 81 22 Adelns
705 196 67 28 öfriga
779 198 132 28 handlingar.

154 284 41 22 Till
222 284 123 22 diskussion
372 283 159 22 öfverlemnade
557 283 51 22 herr
630 284 207 21 Landtmarskalken
859 284 53 22 härå

86 313 226 22 Ekonomiutskottets
327 313 35 21 vid
378 314 87 20 senaste
482 313 159 21 sammanträde
649 312 118 27 bordlagda
774 313 138 22 betänkande

84 342 41 22 N:o
149 344 18 24 1,
183 342 49 21 med
255 342 113 26 anledning
383 341 23 22 af
419 341 80 27 nådiga
513 341 164 27 propositionen
693 342 40 21 N:o
751 344 32 25 16,
799 343 111 27 angående

85 371 97 27 grunden
197 370 33 22 för
244 370 171 28 tolagsafgiftens
431 370 145 22 beräknande.

95 407 2 2 i
154 400 55 21 Herr
231 399 166 27 Furuhjelm,
412 399 53 27 Elis,
489 399 68 21 utbad
573 399 33 27 sig
621 399 62 22 ordet
699 400 40 21 och
753 401 95 27 yttrade:
864 401 48 22 Den

85 429 79 27 nådiga
186 428 162 27 propositionen
370 428 7 21 i
400 430 73 20 ämnet
487 428 40 21 har
542 428 127 26 visserligen
685 428 151 29 tillmötesgätt
851 432 60 20 stän-

87 458 76 21 dernas
186 457 36 22 vid
245 459 87 20 senaste
347 457 103 27 landtdag
465 457 99 21 uttalade
581 457 82 21 önskan
678 457 133 23 beträffande
827 460 41 21 den
885 460 27 21 dä

86 486 128 22 förändrade
237 486 97 27 grunden
353 486 33 22 för
401 486 172 27 tolagsafgiftens
589 486 148 27 beräknande;
753 494 48 14 men
817 488 13 21 å
845 489 67 21 andra

86 515 61 22 sidan
169 514 68 23 finner
259 522 49 14 man
327 515 50 21 med
393 521 25 15 en
434 515 43 21 viss
493 514 118 27 förväning,
628 516 33 20 att
675 516 126 27 regeringen
816 517 29 26 pä
860 518 51 21 obe-

86 544 72 22 stämd
173 544 32 21 tid
221 544 78 22 önskat
313 544 74 27 förnya
401 544 117 21 initiativet
532 544 7 20 i
555 544 70 21 denna
640 544 217 28 beskattningsfräga.
878 546 34 22 Då

87 572 118 23 emellertid
225 573 97 21 området
336 572 33 22 för
384 573 129 22 ständernas
530 572 247 28 sjelfbeskattningsrätt
791 574 28 27 på
835 581 76 15 senare

85 602 32 21 tid
132 602 116 26 undergått
262 602 51 21 flere
328 602 125 27 betänkliga
468 601 186 27 inskränkningar,
670 602 69 21 måste
748 603 37 21 det
792 610 52 14 vara
852 605 59 20 stän-

86 631 76 21 dernas
186 630 122 28 skyldighet
323 632 33 19 att
371 631 53 21 söka
439 630 77 21 hindra
531 630 145 27 uppkomsten
693 631 22 21 af
728 637 26 15 en
768 632 79 26 praxis,
864 639 47 15 som

86 659 68 22 skulle
178 659 110 28 äfventyra
303 665 27 16 en
345 659 22 21 af
380 659 71 22 finska
465 659 79 21 folkets
561 659 125 28 dyrbaraste
703 660 39 21 och
757 660 24 21 af
794 662 117 21 monarken

86 689 35 22 vid
144 688 124 27 upprepade
291 688 98 21 tillfällen
411 687 128 22 bekräftade
561 688 135 27 rättigheter.
726 689 41 26 Jag
782 689 42 22 kan
841 690 71 22 derför

85 717 47 22 icke
155 719 66 20 annat
243 719 27 19 än
290 717 107 27 tillstyrka
419 717 58 21 bifall
494 717 32 21 till
542 717 42 21 den
600 717 34 21 del
649 717 23 21 af
684 717 226 24 Ekonomiutskottets

85 746 86 27 förslag,
186 753 47 14 som
248 748 69 25 säger,
333 747 33 20 att
382 745 132 27 ,ständerna
528 746 115 27 godkänna
658 746 159 23 bibehällandet
833 748 23 21 af
870 749 41 21 den

85 782 30 15 nu
137 775 98 27 gällande
259 775 96 27 grunden
377 775 33 21 för
425 775 100 26 tolagens
541 775 139 21 beräknande
695 776 48 21 med
758 775 105 23 förbehäll
878 779 33 20 att

86 805 123 20 densamma
224 803 68 22 blefve
308 803 99 28 gällande
423 804 78 21 endast
516 803 55 22 intill
587 804 108 27 utgängen
711 804 22 21 af
746 805 24 20 är
787 807 61 25 1882,
864 805 46 23 före

84 833 86 22 hvilken
191 833 32 21 tid
245 833 117 21 ständerna
381 833 46 21 äter
442 833 87 21 komma
544 834 33 20 att
592 833 158 22 sammanträda
765 834 40 21 och
820 834 90 28 förnyad

84 862 133 27 proposition
232 862 62 22 torde
309 862 85 21 komma
407 863 32 20 att
455 861 49 22 dem
519 861 143 27 föreläggas*.
678 862 50 22 Men
742 862 56 22 hvad
813 863 97 23 bibehäl-

84 891 73 21 landet
180 890 23 22 af
224 893 11 19 3
251 897 63 15 mom.
331 890 22 22 af
366 890 164 28 ifrägavarande
546 890 81 28 förslag
641 891 138 27 vidkommer,
796 898 64 16 anser
872 893 38 27 jag

84 922 175 20 reservanternes
283 920 56 26 äsigt
359 926 51 15 vara
425 920 42 21 den
482 920 85 26 riktiga,
584 921 22 26 ty
622 920 27 20 dä
665 920 106 27 städerna,
787 921 67 27 enligt
870 924 12 19 6
898 922 11 27 &

83 949 7 21 i
105 948 121 28 Kejserliga
240 948 150 28 förordningen
405 948 24 22 af
442 948 41 22 den
499 950 13 20 8
528 948 121 22 December
665 950 61 26 1873,
743 956 39 20 ega
789 950 121 22 bestämma

84 978 110 26 angäende
210 978 161 26 användningen
387 977 23 21 af
423 977 48 21 sina
486 977 126 27 inkomster,
629 978 62 21 torde
706 984 26 15 en
748 979 88 26 speciell
851 980 37 26 lag
902 980 8 21 i

83 1006 140 23 förevarande
244 1006 37 22 fall
304 1006 102 22 innebära
427 1007 31 21 ett
474 1006 139 22 erkännande
628 1006 23 21 af
663 1007 137 27 regeringens
816 1010 45 20 rätt
876 1010 33 20 att

84 1036 53 27 ånyo
160 1035 95 27 ensidigt
277 1036 67 20 ordna
367 1037 31 19 ett
413 1034 196 27 rättsförhällande,
627 1041 47 15 som
690 1038 23 18 är
728 1036 128 22 tillkommet
872 1044 36 20 ge-

83 1071 49 15 nom
146 1064 57 22 bäda
217 1064 179 22 statsmakternas
415 1064 137 22 medverkan.
583 1064 39 21 Att
637 1064 48 22 äter
697 1064 211 28 ingvarteringstola-

84 1100 39 20 gen
140 1095 24 19 är
180 1099 26 15 en
222 1093 103 21 städerna
339 1093 22 21 af
375 1093 59 21 älder
449 1093 162 21 tillkommande
626 1093 101 27 inkomst,
743 1094 68 21 ehuru
826 1094 83 22 kronan

83 1122 68 22 under
165 1122 87 21 kortare
267 1122 100 27 perioder
381 1121 124 22 förbehällit
520 1122 33 26 sig
561 1122 202 27 tillgodonjutandet
772 1123 65 27 deraf,
847 1124 62 22 torde

83 1158 51 15 vara
150 1157 27 15 en
191 1151 79 21 utredd
285 1151 40 21 sak
340 1150 40 22 och
396 1150 94 27 framgär
505 1150 66 22 bland
586 1152 65 20 annat
667 1150 61 22 äfven
744 1158 25 14 ur
785 1153 11 19 6
811 1153 97 25 punkten

82 1180 7 21 i
104 1180 77 26 Kongl.
197 1180 114 27 Majestäts
327 1179 119 22 resolution
461 1179 30 27 pä
507 1179 114 22 städernas
635 1179 79 22 besvär
729 1180 22 21 af
765 1180 41 22 den
819 1183 25 19 16
864 1182 44 21 Ok-

82 1209 62 21 tober
168 1210 61 24 1723,
253 1208 38 22 der
312 1208 37 22 det
370 1208 73 22 heter:
468 1208 260 28 ,ingvarteringstolagen
750 1210 35 20 mä
807 1211 102 21 städerna

83 1237 74 27 sjelfve
180 1236 21 22 få
223 1238 98 26 uppbära
343 1237 40 21 och
406 1237 32 21 till
461 1237 64 22 deras
542 1244 54 20 egen
611 1239 62 25 nyttä
688 1238 102 26 använda,
808 1240 52 20 utan
876 1241 33 20 att

82 1266 130 26 densamma,
228 1268 59 20 tvärt
302 1267 57 21 emot
375 1266 50 21 dess
442 1266 110 27 egentliga
568 1266 108 27 egenskap
693 1266 40 22 och
749 1267 113 23 städernas
870 1268 37 22 be-

81 1295 94 27 villning,
200 1295 49 21 dem
263 1295 32 21 till
311 1294 68 22 skada
393 1295 41 21 och
448 1295 124 27 prejudice,
589 1295 76 27 Kongl.
681 1296 102 27 Majestät
798 1297 40 21 och
853 1298 55 21 Kro-

82 1330 41 15 nan
145 1324 72 22 vidare
239 1324 36 21 mä
290 1324 106 22 beräknas
413 1324 52 22 eller
480 1324 117 22 framdeles
611 1324 33 21 till
660 1324 65 22 andre
741 1324 80 22 tarfvar
836 1326 72 27 dispo-

80 1353 84 22 neras*.

148 1381 57 22 Herr
220 1387 41 16 von
271 1381 154 27 Haartman,
442 1381 86 22 Viktor:
545 1381 37 22 Uti
591 1387 28 15 nu
629 1380 146 29 föreliggande
782 1382 125 28 landtdags-

80 1410 133 28 proposition
235 1410 40 21 har
297 1410 106 27 styrelsen
425 1410 127 27 visserligen
566 1409 117 28 föreslagit,
700 1412 33 19 att
748 1411 160 27 tolagsafgiften

81 1439 69 22 skulle
166 1439 109 27 uppbäras
291 1439 118 21 tillsvidare
425 1438 52 22 eller
493 1439 56 21 intill
565 1439 49 21 dess
631 1439 73 22 derom
719 1439 133 22 annorlunda
866 1441 42 22 kan

80 1468 66 21 varda
169 1467 131 22 förordnadt.
331 1468 42 21 För
391 1467 44 22 min
450 1467 36 22 del
502 1470 46 19 tror
560 1467 39 27 jag
615 1467 54 22 dock
684 1468 53 26 icke,
754 1470 33 19 att
802 1469 106 26 styrelsen

80 1496 67 22 fästat
169 1497 71 26 nägon
264 1496 108 28 synnerlig
394 1497 47 26 vigt
463 1496 82 26 dervid,
562 1497 53 20 utan
630 1499 24 18 är
667 1497 37 26 jag
719 1496 48 22 fullt
783 1496 125 29 öfvertygad

80 1526 33 21 att
128 1525 107 28 styrelsen
250 1525 47 22 icke
313 1525 39 21 har
367 1525 67 27 nägot
449 1527 34 20 att
499 1525 102 22 anmärka
617 1525 74 22 derest
706 1526 115 21 ständerna
836 1526 71 24 förbe-
