1109 1748
239 105 41 19 456
532 106 41 18 Den
591 105 24 18 17
632 105 59 23 April.

209 168 47 22 ladt
270 168 66 28 hyser
351 175 82 15 samma
447 169 63 27 åsigt,
526 175 47 15 som
587 169 115 26 utskottet,
718 169 93 21 rörande
819 176 103 15 mannens
931 169 39 22 och
980 169 58 27 qvin-

209 204 54 15 nans
278 197 45 22 lika
336 198 149 27 berättigande
501 198 32 20 till
549 198 34 21 arf
597 198 40 21 och
652 197 105 28 giftorätt.
787 198 42 27 Jag
845 200 24 19 är
884 198 48 22 fullt
947 198 92 27 öfverty-

209 227 43 27 gad
275 232 34 16 om
333 228 32 20 att
382 226 27 22 de
425 226 86 27 åsigter,
528 232 46 16 som
589 227 68 21 under
673 228 88 20 senaste
776 226 87 28 plenum
878 226 124 22 framhöllos
1018 226 23 22 af

209 255 90 22 friherre
323 262 40 15 von
386 256 64 25 Born,
473 255 48 22 icke
537 255 62 22 skola
613 255 58 22 finna
685 256 91 27 mycken
791 256 108 27 genklang
914 256 64 22 bland
994 262 43 20 oss,

209 290 49 16 men
271 284 38 27 jag
324 283 49 22 fann
389 284 7 21 i
410 284 119 22 utskottets
545 284 138 22 betänkande
699 291 26 15 en
741 284 139 26 reservation,
897 285 62 27 gjord
976 284 62 22 aftre

209 313 120 22 ledamöter
351 312 23 22 af
386 312 170 27 Bondeständet,
573 314 38 20 der
626 313 63 22 desse
704 315 137 20 reservanter
856 314 42 21 sist
913 314 40 21 och
968 313 68 22 slutli-

209 348 42 21 gen
267 342 62 27 yrkat
344 342 35 26 pä,
395 343 32 19 att
443 348 34 15 om
491 342 117 21 ständerna
623 344 46 20 mot
684 342 63 22 deras
764 342 56 26 äsigt
835 348 29 16 nu
872 342 70 22 skulle
950 348 87 22 genom-

207 370 48 22 föra
271 371 70 21 denna
356 370 123 28 förändring
493 371 8 21 i
517 370 138 28 arfslagarne,
672 377 26 15 en
713 371 135 27 underdänig
863 371 91 27 petition
969 371 67 22 borde

209 401 64 25 göras
289 405 34 15 om
340 399 90 27 ändring
445 399 22 21 af
480 400 74 27 lagens
571 400 118 26 stadgande
704 400 7 20 i
728 400 38 21 det
781 399 62 28 syfte,
859 402 33 19 att
908 400 68 22 denna
991 400 45 27 lag-

208 428 126 27 förändring
357 434 34 16 om
413 428 88 22 arfsrätt
523 428 48 22 icke
594 428 69 22 skulle
683 428 86 22 komma
785 430 32 20 att
831 428 99 22 medföra
944 429 92 27 menliga

208 457 139 27 rubbningar.
378 457 10 21 I
403 458 161 21 reservationen
579 456 68 23 finner
661 464 49 15 man
726 459 34 20 att
775 458 42 21 den
831 458 99 26 petition,
946 464 46 15 som
1002 464 34 15 re-

208 488 139 20 servanterne
363 486 102 26 förordat,
481 486 70 22 skulle
560 486 90 22 omfatta
658 488 215 20 testamentsrättens
881 486 155 22 utsträckande

209 515 62 21 äfven
295 515 32 21 till
351 514 112 28 arfvejord.
493 515 113 22 Utskottet
628 515 40 21 har
690 515 97 27 godkänt
807 516 70 20 denna
891 515 93 27 princip;
1001 517 35 19 ut-

209 544 84 21 skottet
315 550 64 15 anser
399 546 34 19 att
455 545 201 20 testamentsrätten
677 544 8 21 i
701 544 60 22 detta
777 543 103 23 afseende
895 544 39 22 bör
949 544 85 26 ändras,

207 579 50 15 men
279 573 109 21 utskottet
409 572 40 22 har
464 573 47 21 icke
526 573 7 21 i
548 573 68 21 likhet
631 572 49 22 med
695 575 164 19 reservanterne
874 575 72 19 ansett
961 572 23 22 af
996 574 39 21 nö-

209 602 40 21 den
273 603 33 20 att
327 601 131 27 petitionens
481 601 54 21 form
550 602 67 27 väljes
632 601 33 22 för
681 603 32 20 att
727 601 34 22 för
775 602 61 21 Hans
851 602 103 27 Majestät
968 602 64 21 fram-

208 630 67 27 lägga
285 629 127 22 ständernas
421 630 69 27 äsigt
483 625 9 36 i
500 630 61 21 detta
570 629 43 22 fall.
629 630 74 21 Under
711 630 82 21 sädana
800 629 148 22 förhällanden
957 631 39 21 och
1005 630 27 22 dä

205 659 38 27 jag
266 659 49 21 icke
337 659 72 21 kunde
424 660 55 24 veta,
495 659 106 21 huruvida
618 659 65 21 dessa
698 660 33 21 tre
745 661 137 20 reservanter
896 661 136 26 represente-

206 687 53 22 rade
277 687 101 27 antingen
401 687 48 22 hela
470 687 165 22 Bondeständet
657 687 52 22 eller
729 694 27 15 en
772 687 156 28 öfvervägande
943 688 89 27 plurali-

206 718 33 20 tet
261 717 58 20 inom
342 716 125 26 detsamma,
483 716 25 21 sä
523 716 71 21 anhöll
607 717 38 27 jag
661 723 33 15 om
710 716 160 27 bordläggning
885 716 22 22 af
921 717 89 21 ärendet
1025 717 7 21 i

206 745 145 27 förhoppning
373 746 32 20 att
423 745 175 22 Bondeständets
620 745 73 22 beslut
708 745 70 22 skulle
792 751 52 16 vara
858 745 86 27 fattadt,
961 745 71 22 förrän

205 775 21 21 vi
243 774 54 27 ånyo
313 774 178 21 sammanträdde.
521 774 42 27 Jag
578 774 80 21 uttalar
673 775 72 26 öppet,
761 780 35 15 om
811 773 62 23 äfven
887 774 50 21 med
946 774 46 22 fara
1000 776 32 20 att

207 803 66 22 också
294 805 45 19 mot
361 803 44 26 mig
423 809 26 15 en
464 803 135 26 beskyllning
613 802 34 22 för
662 803 188 27 osjelfständighet
864 803 8 21 i
887 803 81 27 åsigter
984 803 47 22 der-

205 832 46 21 före
274 831 55 22 skall
352 831 87 27 uttalas,
463 833 33 20 att
512 837 33 16 om
561 831 164 22 Bondeståndet
739 833 78 20 nästan
833 832 111 27 enhälligt,
960 832 71 22 förrän

206 861 67 27 något
288 861 71 21 beslut
373 861 40 21 här
428 860 7 22 i
449 859 75 29 frågan
538 860 84 26 fattats,
641 862 87 20 stannat
743 861 7 21 i
766 867 82 15 samma
864 861 57 27 åsigt
936 867 46 16 som
996 868 34 15 re-

206 891 145 25 servanterne,
371 890 24 26 ja
417 889 61 21 äfven
501 896 33 15 om
557 890 165 22 Bondeståndet
737 890 48 27 gått
799 890 81 27 längre,
898 896 34 15 om
946 890 85 22 Bonde-

206 919 89 22 ståndet
316 918 83 22 fordrat
421 920 32 20 att
476 918 64 22 dessa
561 920 77 20 tvenne
659 918 186 28 lagförändringar
860 919 70 21 skulle
946 926 85 20 gemen-

206 950 57 20 samt
285 948 125 25 behandlas,
434 948 32 20 att
482 947 84 21 således
582 946 74 28 frågan
672 954 34 15 om
721 947 111 22 införande
848 948 23 21 af
883 948 45 21 lika
943 948 89 22 arfsrätt

207 977 70 21 skulle
297 977 62 21 anstå
382 976 32 21 till
437 976 49 21 dess
509 976 262 27 testamentsrättigheten
786 976 70 22 blifvit
871 977 109 27 utvidgad,
996 979 35 19 ut-

205 1006 84 21 sträckt
311 1006 7 20 i
341 1006 38 20 det
399 1004 62 28 syfte,
486 1011 45 15 som
546 1005 41 21 här
601 1007 24 19 är
640 1005 7 21 i
662 1005 66 27 fråga,
744 1006 25 21 så
783 1005 57 22 hade
853 1006 38 27 jag
905 1007 68 20 rättat
988 1006 43 21 min

204 1036 47 20 röst
267 1034 99 22 derefter.
396 1034 175 21 Bondeståndets
586 1034 73 21 beslut
674 1036 24 19 är
713 1036 58 20 ännu
785 1034 48 22 icke
844 1034 85 26 fattadt,
938 1041 49 15 men
998 1036 34 20 att

205 1064 64 21 döma
285 1063 22 21 af
321 1063 37 21 det
372 1063 79 26 beslut,
470 1062 59 22 hvari
545 1062 88 22 ståndet
648 1064 87 20 stannat
749 1063 8 21 i
771 1062 87 28 frågans
874 1063 67 21 första
958 1064 40 25 del,
1007 1066 24 19 är

205 1093 37 21 det
250 1092 105 27 antagligt
363 1093 38 25 att,
411 1098 34 14 om
453 1091 61 22 äfven
522 1094 174 19 reservanternes
712 1092 81 27 äsigter
800 1091 70 22 blefve
879 1092 105 27 gällande,
994 1093 37 21 det

206 1122 55 21 dock
269 1121 84 21 komme
369 1122 32 20 att
411 1120 39 22 ske
458 1122 46 20 mot
512 1126 25 16 en
546 1120 209 28 aktningsbjudande
761 1121 119 26 minoritet;
896 1121 25 21 sä
930 1123 32 19 att
971 1122 59 20 stän-

204 1150 37 22 det
249 1150 85 21 säledes
342 1150 44 21 icke
398 1149 101 27 enhälligt
513 1150 96 20 kommer
617 1151 32 20 att
657 1150 49 20 dela
715 1150 26 21 de
757 1150 87 26 äsigter,
862 1156 46 15 som
924 1150 23 21 af
960 1156 69 16 reser-

203 1181 104 20 vanterne
322 1178 98 22 uttalats.
451 1178 73 22 Under
539 1178 82 22 sädana
637 1178 185 27 omständigheter
836 1178 96 22 kommer
945 1179 38 27 jag
993 1186 35 20 nu,

204 1208 27 22 dä
249 1208 38 27 jag
309 1208 48 21 icke
375 1207 72 22 vidare
467 1209 24 19 är
509 1207 123 27 berättigad
652 1209 33 19 att
699 1207 80 27 begära
795 1207 95 27 uppskof
903 1208 7 20 i
926 1207 102 27 beslutet,

203 1239 32 19 att
258 1238 61 20 rösta
340 1236 33 21 för
389 1237 32 20 ett
436 1236 126 26 obetingadt
577 1236 121 27 antagande
713 1236 24 21 af
749 1236 119 21 utskottets
882 1236 144 22 betänkande.

271 1265 57 21 Herr
350 1265 124 27 Pipping,
497 1264 100 22 Fredrik:
628 1265 37 21 Uti
687 1264 137 28 inledningen
845 1265 32 21 till
893 1265 41 21 den
952 1266 76 26 nädiga

202 1294 168 28 propositionen,
393 1300 46 14 som
459 1300 29 14 nu
511 1293 114 27 föreligger
641 1294 32 20 till
688 1294 123 21 diskussion
825 1294 57 21 inom
898 1294 60 21 detta
973 1294 52 28 hög-

200 1324 73 26 lofliga
288 1323 70 25 ständ,
374 1322 119 22 rubriceras
511 1322 26 22 de
553 1322 120 27 ändringar,
690 1328 46 16 som
752 1324 37 20 äro
803 1322 122 28 föreslagna
940 1324 33 20 att
988 1324 38 21 ske

201 1354 6 20 i
231 1352 100 27 gällande
346 1352 41 26 lag,
405 1351 44 21 dels
466 1352 71 20 såsom
553 1351 91 26 ändring
659 1351 31 21 uti
706 1351 73 27 lagens
795 1351 134 27 stadganden
946 1352 79 21 beträf-

200 1381 65 22 fande
281 1380 62 27 gifto-
359 1379 41 22 och
416 1379 88 22 arfsrätt
519 1379 55 22 efter
588 1379 113 27 landsrätt,
712 1380 45 21 dels
769 1380 41 21 ock
826 1380 73 21 säsom
914 1380 90 28 ändring
1018 1381 7 21 i

199 1409 162 23 föreskrifterna
381 1415 34 15 om
434 1407 158 28 morgongäfva,
612 1408 41 22 och
673 1409 40 20 sist
731 1409 72 21 säsoin
823 1409 111 26 ändring
924 1403 12 36 i
951 1409 41 22 den
1007 1416 17 15 s.

199 1440 20 21 k.
240 1439 36 28 jus
299 1437 198 28 representationis,
518 1437 52 22 eller
584 1437 146 28 syskonbarns
746 1438 104 26 rättighet
866 1440 32 19 att
913 1438 63 21 träda
992 1439 32 21 till

198 1468 37 26 arf,
252 1467 112 26 samtidigt
378 1466 50 22 med
444 1466 41 22 den
501 1466 88 21 aflidnes
606 1466 85 27 syskon.
722 1466 61 22 Hvad
798 1466 76 27 frägan
889 1473 34 14 om
940 1466 83 22 likstäl-

196 1497 68 27 lighet
285 1496 23 21 af
329 1496 77 27 gvinna
421 1495 48 22 med
484 1501 50 15 man
549 1495 32 21 uti
596 1495 132 27 rättigheten
743 1497 33 20 att
791 1497 51 25 taga
857 1495 37 27 arf,
911 1495 110 22 äfvensom

195 1525 134 24 beträffande
349 1524 98 28 giktorätt
465 1523 62 23 äfven
548 1523 54 22 efter
619 1523 114 28 landsrätt,
753 1525 25 21 sä
797 1530 65 17 anser
878 1524 37 28 jag
929 1524 34 23 för
978 1525 43 22 min
