1109 1748
257 123 42 20 420
554 126 40 17 Den
612 124 24 19 10
652 126 59 22 April.

228 188 127 22 societeten.
385 188 56 21 Herr
457 187 121 23 Schauman
593 188 99 22 framhöll
708 188 101 27 slutligen
825 189 32 20 att
868 187 185 27 statsarkeologen

228 223 77 21 genom
328 217 33 21 sin
385 217 301 21 embetsmannaverksamhet
705 217 69 22 skulle
795 223 51 15 vara
865 217 81 21 mindre
966 216 86 27 lämplig

228 247 33 20 att
279 246 105 21 anställas
404 246 35 21 vid
457 246 258 27 vetenskapssocieteten.
737 246 42 26 Jag
794 246 39 20 ber
849 248 31 19 att
896 246 21 21 få
932 244 74 23 anföra
1020 247 33 19 att

227 274 61 22 Hans
309 274 104 28 Majestät
427 274 98 22 beslutat
540 276 33 20 att
587 274 164 22 föreståndaren
765 274 34 22 för
813 275 239 26 magnetisk-meteoro-

227 303 87 27 logiska
333 303 171 21 observatorium
519 302 114 23 framdeles
648 304 97 21 kommer
760 305 34 19 att
809 303 103 22 anställas
929 303 34 21 vid
978 305 74 19 veten-

227 332 195 27 skapssocieteten,
447 332 40 21 och
507 334 33 19 att
557 338 34 16 om
610 333 69 21 denna
694 332 182 27 vetenskapsman
892 332 108 27 verkligen
1015 332 37 21 vill

227 360 97 28 uppfylla
344 360 56 22 hvad
423 360 41 22 den
484 367 65 21 nyare
565 362 154 26 meteorologin
734 360 86 22 kräfver
836 360 21 22 af
872 367 26 15 en
914 361 67 21 sådan
996 360 55 22 före-

227 390 108 26 ståndare,
355 390 98 21 kommer
467 389 42 22 han
524 396 43 21 nog
582 392 32 20 att
629 390 64 22 hafva
709 397 26 15 en
753 390 299 21 embetsmannaverksamhet

225 418 131 28 fullkomligt
370 418 45 22 lika
429 418 127 27 vidsträckt,
572 419 83 21 kanske
662 418 159 23 vidsträcktare
831 421 28 19 än
870 419 41 21 den
922 419 128 26 arkeologen

226 447 42 21 kan
284 447 87 21 komma
386 449 33 19 att
433 447 70 22 hafva.
526 448 156 27 Meteorologin
699 450 24 20 är
737 448 7 21 i
759 448 68 27 sjelva
842 448 75 21 verket
932 454 24 14 en
966 448 85 26 mycket

225 482 46 16 mer
293 476 99 28 praktisk
413 476 120 28 vetenskap
552 479 27 19 än
600 477 129 27 arkeologin.
759 476 42 28 Jag
816 476 42 22 kan
874 476 48 22 med
938 476 113 27 anledning

225 504 65 23 häraf
310 505 48 21 icke
381 505 114 21 underlåta
519 507 32 19 att
570 506 91 27 påpeka,
678 508 33 19 att
734 512 34 14 om
785 505 117 22 ständerna
918 506 78 26 antoge
1014 505 37 21 det

227 534 167 27 ifrågavarande
416 534 212 28 petitionsförslaget
652 535 7 21 i
682 534 224 22 öfverensstämmelse
929 534 49 21 med
994 534 56 21 hvad

226 562 93 22 föreslås
342 563 7 21 i
371 569 63 15 mom.
459 562 20 28 c)
504 563 22 21 af
542 563 113 21 Allmänna
672 563 215 22 Besvärsutskottets
906 563 142 26 betänkande,

226 592 70 21 skulle
315 591 117 22 ständerna
449 592 48 21 icke
514 592 77 21 endast
605 592 75 28 frångå
696 593 41 21 den
752 592 24 21 af
792 593 54 20 1872
862 592 34 21 års
913 592 88 21 ständer
1015 593 35 19 ut-

225 620 73 21 talade
314 620 63 27 åsigt,
394 622 33 19 att
442 620 84 21 landets
542 621 164 27 vetenskapliga
720 620 83 22 krafter
818 620 48 21 icke
882 620 52 21 böra
945 620 103 27 splittras,

225 650 53 20 utan
298 649 118 21 ständerna
436 649 70 22 skulle
522 649 103 28 derjemte
641 649 118 28 uppfordra
775 649 125 27 regeringen
916 651 32 19 att
963 649 87 27 vidtaga

225 684 27 15 en
275 678 82 27 åtgärd,
380 677 86 22 hvilken
487 684 51 15 vore
560 679 115 26 principelt
697 679 110 21 stridande
829 680 46 19 mot
891 679 40 20 den
948 678 101 27 vidtagna

225 707 111 26 åtgärden,
358 708 33 20 att
409 713 26 15 en
455 707 133 27 meteorolog
603 707 40 22 bör
658 707 103 22 anställas
777 707 36 21 vid
828 707 221 26 vetenskapssociete-

225 737 43 20 ten.
298 735 45 22 Det
361 737 24 20 är
399 735 106 28 nemligen
521 736 58 21 klart
594 738 32 19 att
641 742 33 16 om
691 743 49 14 man
757 742 63 15 anser
836 737 33 20 att
883 735 87 22 ledaren
986 735 22 22 af
1022 735 27 22 de

224 764 181 27 meteorologiska
425 765 103 21 arbetena
547 765 40 21 bör
609 765 104 22 anställas
732 764 36 22 vid
788 764 257 27 vetenskapssocieteten,

225 793 25 22 så
272 793 43 22 kan
332 799 49 16 man
400 793 75 22 anföra
493 793 44 22 lika
556 794 73 21 starka
648 794 46 21 skäl
714 794 33 21 för
766 795 33 20 att
814 793 129 27 arkeologen
958 793 39 22 bör
1011 793 36 21 vid

225 822 119 22 societeten
367 822 110 24 anställas,
501 822 39 21 och
563 823 36 21 det
621 829 50 15 vore
699 822 95 28 tydligen
820 822 170 27 principvidrigt,
1012 828 34 15 om

224 857 49 16 man
297 851 70 21 skulle
389 851 90 22 hänföra
501 851 40 22 den
563 857 40 16 ena
618 851 33 22 till
666 851 259 27 vetenskapssocieteten,
942 857 48 15 men
1006 851 40 21 den

224 880 67 22 andra
305 880 54 22 icke.

293 909 56 21 Herr
369 909 156 26 Schauman,
546 909 25 21 B.
591 910 32 21 O.:
639 910 42 26 Jag
695 909 58 22 hade
769 909 135 27 naturligtvis
920 909 54 21 intet
990 910 57 20 emot

225 938 41 22 den
289 938 23 21 af
333 938 108 21 utskottet
463 938 121 27 föreslagna
601 938 84 22 lönlösa
700 938 174 26 kommissionen,
891 944 33 15 om
938 938 37 26 jag
990 938 56 21 blott

223 967 68 21 visste
313 967 67 27 något
402 967 24 21 så
443 969 40 19 när
499 967 55 21 huru
571 967 68 21 denna
654 968 86 20 komme
756 968 33 20 att
804 973 24 15 se
844 968 24 20 ut
884 967 39 21 och
939 966 23 22 af
974 966 72 22 hvilka

223 1002 105 21 personer
351 996 41 21 den
414 996 84 21 komme
521 997 33 20 att
574 996 68 22 bestå.
672 996 63 22 Hade
755 996 109 21 utskottet
883 996 63 26 helst,
968 996 26 20 då
1010 996 37 20 det

223 1024 49 22 ville
287 1024 96 22 likställa
399 1025 69 21 denna
482 1024 139 22 kommission
637 1026 48 20 med
701 1026 42 20 den
759 1024 129 27 statistiska,
905 1024 75 27 antydt
996 1024 52 22 eller

223 1055 82 25 utsagt,
321 1053 71 21 hvilka
407 1056 49 18 män
471 1054 6 20 i
493 1053 56 22 kraft
565 1053 22 22 af
600 1054 39 21 sitt
655 1054 84 22 embete
755 1054 70 21 skulle
840 1060 51 14 vara
904 1053 101 27 lämpliga
1015 1054 33 20 att

224 1082 52 22 sitta
291 1082 7 21 i
314 1082 70 21 denna
399 1082 138 22 kommission
553 1082 53 22 eller
620 1082 6 22 i
643 1082 64 28 öfrigt
721 1084 81 24 nämnt,
819 1082 73 21 hvilka
906 1082 140 26 vetenskaps-

223 1113 50 19 män
289 1111 38 21 der
341 1111 66 21 borde
423 1111 103 27 placeras,
543 1112 25 20 så
575 1111 55 22 hade
639 1112 47 21 icke
695 1112 71 21 denna
773 1111 139 21 kommission
920 1111 56 21 varit
984 1112 32 20 ett
1024 1111 24 21 så

224 1140 116 21 sväfvande
355 1139 89 22 föremål
460 1140 33 22 för
508 1140 79 21 tanken
603 1146 46 16 som
665 1147 35 20 nu,
709 1143 24 25 ty
742 1140 29 21 då
778 1146 49 15 man
835 1140 82 21 känner
924 1140 55 20 huru
987 1140 61 26 ringa

223 1168 42 22 den
280 1168 161 28 vetenskapliga
454 1168 164 22 verksamheten
633 1169 7 22 i
655 1169 76 22 landet
746 1171 25 19 är
787 1168 39 22 och
842 1170 33 20 att
885 1168 42 22 alla
936 1174 46 16 mer
997 1168 51 22 eller

222 1197 83 22 mindre
316 1198 109 21 utmärkta
432 1198 186 27 vetenskapsmän,
627 1198 26 22 de
661 1198 36 21 må
704 1198 130 28 sysselsätta
843 1198 33 26 sig
883 1198 48 20 med
940 1197 107 27 arkeologi

224 1226 53 22 eller
292 1226 54 26 icke,
362 1226 70 22 blifvit
446 1226 86 22 invalda
546 1227 32 21 till
594 1226 119 22 ledamöter
729 1227 7 21 i
750 1226 256 27 vetenskapssocieteten,
1023 1226 25 21 så

223 1258 37 18 vet
279 1255 38 27 jag
339 1255 54 27 icke,
416 1255 73 22 hvilka
508 1255 125 27 lämpligare
653 1261 105 22 personer
773 1255 75 21 funnes
865 1256 32 20 att
912 1255 78 21 sätta
984 1251 12 36 i
1006 1255 41 21 den

223 1284 123 26 föreslagna
361 1284 173 22 kommissionen.
557 1284 43 22 Det
615 1284 40 22 har
669 1284 70 22 blifvit
756 1284 104 26 anmärkt,
877 1285 32 19 att
924 1284 41 20 den
980 1283 66 22 histo-

224 1312 180 27 risk-filologiska
419 1313 112 21 sektionen
546 1313 47 21 icke
610 1313 69 22 skulle
690 1313 73 27 lämpa
774 1313 33 27 sig
817 1314 32 20 att
860 1312 112 22 bedömma
983 1312 64 22 dessa

222 1342 33 21 till
277 1340 186 28 fornforskningen
485 1342 95 21 hörande
603 1344 83 24 ämnen,
710 1341 73 23 derför
806 1343 32 19 att
862 1341 37 21 der
918 1340 61 22 äfven
995 1341 51 21 sitta

222 1370 103 27 filologer,
350 1370 72 21 hvilka
444 1370 47 21 icke
509 1370 127 22 förutsättas
652 1370 64 22 hafva
731 1370 123 21 kännedom
870 1375 33 16 om
918 1370 128 21 hithörande

222 1399 71 21 saker.
316 1398 34 22 Nu
366 1400 24 20 är
405 1399 37 21 det
457 1399 55 21 dock
527 1398 60 22 fallet
603 1401 32 20 att
651 1406 26 15 en
692 1399 76 27 filolog
782 1399 42 21 kan
841 1398 63 21 hafva
918 1398 44 21 lika
976 1400 70 19 varmt

220 1427 93 22 intresse
333 1427 40 22 och
389 1427 66 27 insigt
469 1428 8 20 i
491 1427 130 28 arkeologin,
636 1430 53 19 utan
705 1429 34 21 att
754 1433 51 16 vara
821 1427 115 27 specialist,
953 1427 39 21 och
1008 1428 38 21 det

221 1459 24 18 är
265 1456 7 21 i
286 1456 133 22 närvarande
435 1457 63 20 stund
514 1458 31 20 ett
560 1456 83 22 faktum
659 1459 33 19 att
707 1463 28 16 en
749 1457 96 21 ledamot
860 1455 22 22 af
897 1455 40 22 den
953 1456 92 21 nämnda

220 1485 119 26 sektionen,
363 1485 85 22 hvilken
471 1485 63 22 sitter
552 1485 37 22 der
611 1486 29 26 på
662 1485 71 28 grund
749 1485 24 22 af
786 1485 33 22 sin
835 1484 169 27 språkkunskap,
1021 1487 23 19 är

219 1520 26 15 en
260 1513 23 22 af
297 1514 26 21 de
338 1515 107 21 varmaste
460 1516 79 19 vänner
554 1514 32 21 till
595 1515 124 27 arkeologin
732 1514 40 22 och
783 1513 123 22 tillochmed
917 1513 127 22 ordförande

219 1543 7 20 i
241 1542 271 28 fornminnesföreningen;
528 1543 85 22 således
630 1543 44 22 låta
690 1544 27 21 de
734 1543 57 22 båda
805 1542 238 27 vetenskapsgrenarne
