1109 1748
235 121 44 20 254
535 122 41 18 Den
593 121 24 18 16
634 122 54 18 Mars.

206 184 205 24 öfverskottsmedel
434 185 49 21 med
506 186 77 26 80,000
606 185 67 22 mark.
704 185 39 21 Att
766 184 69 23 under
858 191 26 15 en
904 184 82 28 period,
1007 185 28 21 då

207 214 107 23 ordinarie
329 214 205 22 statsinkomsterna
548 214 72 21 lemna
634 214 121 22 öfverskott
767 214 40 21 och
817 214 85 22 säledes
913 214 74 21 mäkta
996 213 38 22 be-

207 244 70 22 strida
291 250 46 15 mer
351 246 28 19 än
395 243 27 21 de
437 242 96 22 normala
540 242 123 28 utgifterna,
672 242 48 22 från
729 242 129 22 ständernas
866 243 48 21 sida
920 242 74 22 bifalla
1002 242 33 22 till

207 272 74 28 hvarje
297 274 60 20 extra
373 272 76 26 anslag
464 278 46 15 som
525 272 99 26 begäres,
640 278 51 16 vore
708 271 37 22 det
761 278 81 15 samma
857 278 47 16 som
914 273 32 21 att
956 271 79 27 bevilja

210 302 77 26 anslag
309 301 32 21 till
363 300 376 22 öfverskotts-statsmedelsfonden.
771 300 50 22 Men
843 302 33 20 att
898 300 32 23 för
958 300 78 22 sådant

208 330 101 22 ändamål
329 330 86 22 belasta
437 331 60 20 extra
524 329 198 28 statsregleringen,
745 336 52 15 vore
820 330 67 27 enligt
908 330 43 22 min
969 328 66 23 tanke

207 359 97 22 hvarken
317 358 128 22 välbetänkt
461 359 52 21 eller
528 360 49 20 rätt.

277 388 57 21 Herr
357 386 175 23 Silfversvan:
555 387 76 22 Ehuru
651 388 38 27 jag
711 387 7 21 i
736 386 79 28 många
834 387 60 22 delar
908 387 63 28 gillar
985 387 51 22 herr

208 416 137 28 Lagerborgs
368 416 63 26 äsigt,
454 416 43 22 kan
512 416 38 28 jag
566 416 56 22 dock
636 416 49 22 icke
700 416 116 22 instämma
830 416 50 22 med
894 416 78 22 honom
988 416 47 22 der-

209 446 38 26 uti,
271 446 34 21 att
327 445 37 21 det
386 451 51 15 vore
459 445 127 22 välbetänkt
605 447 32 19 att
656 445 85 21 minska
756 445 27 21 de
798 447 93 25 400,000
906 445 66 26 mark,
989 450 47 16 som

209 475 83 22 lemnas
315 474 32 21 till
369 474 155 22 kommunerna
546 473 48 23 utaf
610 474 195 22 bränvinsmedlen.
834 474 44 22 Det
898 476 23 20 är
939 474 55 22 visst
1010 480 26 15 en

210 503 93 28 gammal
317 503 58 22 känd
391 503 45 26 sak,
453 504 32 20 att
499 503 42 21 lätt
556 502 134 23 förvärfvade
703 502 72 22 medel
783 503 40 21 lätt
831 503 92 27 pluttras
931 503 55 26 bort,
996 502 40 22 och

209 532 117 22 kanhända
343 532 146 27 nägonstädes
510 532 25 21 sä
550 532 47 27 gätt
612 532 33 21 till
660 532 36 21 vid
711 532 152 22 användandet
878 531 22 23 af
914 532 64 22 dessa
992 532 43 21 till-

210 562 61 22 skott
290 561 33 21 till
341 561 165 22 kommunernas
525 561 72 27 kassa,
618 568 48 14 men
686 561 7 21 i
709 560 118 22 allmänhet
841 560 40 22 har
895 567 49 15 man
958 561 29 27 pä
1002 566 34 16 se-

210 597 52 15 nare
284 590 57 21 tider
362 590 76 26 funnit,
461 591 32 21 att
514 590 41 21 den
570 590 57 27 äsigt
642 590 71 27 börjat
729 590 54 26 göra
798 590 33 27 sig
847 590 99 27 gällande
962 591 32 20 att
1010 590 26 21 de

211 620 25 21 sä
254 618 86 22 kallade
359 618 248 27 bränvinspenningarne
626 618 7 21 i
648 618 90 22 främsta
753 621 93 19 rummet
860 619 54 21 böra
928 618 108 22 användas

211 648 33 21 till
259 647 209 28 folkupplysningen,
485 647 40 22 och
540 647 29 22 dä
583 647 75 28 tycker
671 647 44 28 jag,
732 647 38 22 det
779 653 52 16 vore
842 649 58 20 orätt
910 649 33 20 att
952 647 85 22 minska

211 677 54 22 dem.
297 676 76 21 Säsom
392 683 60 14 varm
472 678 41 20 vän
531 675 22 22 af
568 676 129 27 jordbruket
715 679 24 19 är
751 676 39 27 jag
806 675 23 22 af
842 676 42 22 den
899 676 89 27 äsigten,
1005 677 33 20 att

212 706 39 21 allt
265 705 57 22 hvad
337 711 49 15 man
399 705 33 22 för
445 705 129 27 jordbruket
588 708 43 19 kan
647 706 52 26 göra
713 705 8 21 i
735 704 183 28 uppoffringsväg,
930 705 107 22 äterkom-

211 741 46 15 mer
272 734 48 22 med
336 735 67 20 ränta.
427 734 74 21 Likväl
517 734 69 22 skulle
601 734 37 27 jag
652 735 66 26 tycka
733 735 34 20 att
782 734 47 21 icke
843 734 116 21 ständerna
968 733 69 22 borde

212 763 61 22 anslå
290 763 68 27 några
373 764 60 20 extra
447 763 77 26 medel,
541 763 28 21 dä
584 763 37 22 det
635 763 68 22 finnes
719 763 117 26 tillgångar
849 763 40 21 hos
905 762 133 22 statsverket

211 793 34 21 till
260 793 33 20 att
307 791 98 22 bestrida
420 791 83 22 sädana
517 791 97 28 utgifter,
630 794 52 19 utan
698 798 65 15 anser
776 792 38 27 jag
829 793 33 20 att
877 792 105 27 styrelsen
996 791 41 22 och

212 821 132 22 statsverket
358 820 101 22 hushälla
474 821 56 26 bäst,
545 827 34 15 om
590 821 26 21 de
627 821 142 27 understödja
779 820 257 27 landtbrukssällskapen.

212 851 33 20 De
260 849 77 27 medel,
352 855 47 16 som
413 849 83 22 lemnas
512 849 32 22 till
560 849 64 22 dessa
639 850 102 28 sällskap,
759 849 62 22 skola
831 849 43 22 öka
884 849 58 22 säväl
952 849 84 22 landets

211 878 101 23 välständ
334 884 47 16 som
403 878 143 22 statsverkets
562 879 119 22 inkomster
696 880 25 20 sä
735 878 139 28 väsendtligt,
891 880 33 20 att
939 878 25 22 de
980 878 57 22 äter-

212 908 87 22 komma
321 908 24 21 sä
367 907 32 21 till
421 907 83 27 kapital
527 914 46 15 som
592 910 68 19 ränta.
690 908 31 22 Ur
741 907 69 22 sädan
827 907 109 28 synpunkt
950 907 36 23 vill
999 907 38 27 jag

213 936 140 28 understödja
369 936 180 22 Statsutskottets
565 937 142 21 betänkande.

281 966 57 21 Herr
357 965 99 22 Taube:
472 965 42 27 Jag
528 966 40 21 har
583 966 55 27 tagit
652 966 44 27 mig
710 965 95 23 friheten
820 966 32 21 att
868 967 56 20 ännu
940 972 25 16 en
981 966 57 27 gäng

212 995 82 27 begära
315 994 69 26 ordet,
407 993 33 22 för
462 996 33 20 att
514 996 99 26 motsäga
631 995 50 22 herr
701 995 143 27 Lagerborgs,
864 1001 34 16 om
914 996 38 27 jag
966 996 26 22 sä
1005 996 33 22 fär

213 1026 59 24 säga,
289 1022 150 22 amendement
453 1023 32 21 till
500 1024 79 27 nädiga
592 1024 169 27 propositionen,
779 1025 107 27 nemligen
898 1025 50 22 herr
958 1025 80 27 Lager-

212 1053 65 27 borgs
293 1051 81 28 förslag
389 1053 33 21 att
436 1059 29 15 nu
480 1052 162 28 ifrägavarande
658 1056 77 24 80,000
744 1054 62 21 mark
821 1054 49 22 icke
888 1054 69 22 skulle
974 1056 63 25 tagas

213 1082 46 21 från
281 1080 194 28 bränvinsmedlen,
496 1083 52 21 utan
567 1082 55 22 ifrån
642 1083 37 22 det
699 1083 24 21 är
739 1084 56 20 1872
811 1082 113 23 bestämda
940 1083 98 27 anslaget

212 1110 34 22 för
262 1110 161 22 kommunerna.
453 1110 42 28 Jag
510 1112 85 26 yttrade
610 1111 33 22 för
659 1118 26 15 en
701 1112 67 21 stund
783 1112 74 27 sedan,
874 1113 33 20 att
918 1112 38 28 jag
970 1112 68 27 ansäg

213 1140 38 21 det
272 1145 52 16 vara
346 1138 75 22 oklokt
443 1140 32 20 att
493 1140 132 27 bortpluttra
643 1140 7 22 i
665 1140 48 22 smä
727 1140 76 28 anslag
819 1146 27 16 en
860 1141 70 21 större
944 1147 93 20 summa;

213 1168 67 27 enligt
294 1168 50 21 herr
357 1167 135 28 Lagerborgs
506 1168 81 28 förslag
597 1169 69 22 skulle
677 1169 34 21 väl
721 1169 50 22 icke
782 1169 67 27 nägot
859 1168 47 23 frän
916 1170 42 21 den
968 1170 70 21 större

213 1196 126 22 återstoden
354 1196 23 22 af
389 1197 188 22 bränvinsmedlen
590 1198 150 27 bortpluttras,
757 1204 50 16 men
821 1198 37 22 det
873 1198 102 22 komme
959 1192 10 38 i
986 1198 52 22 stäl-

213 1226 32 21 let
259 1227 34 20 att
307 1225 57 27 gälla
379 1225 165 23 kommunernas
560 1227 63 21 andel
638 1227 7 21 i
661 1227 106 27 anslaget.
791 1226 41 22 Om
848 1227 36 21 det
898 1226 82 28 bidrag,
992 1233 47 15 som

212 1255 155 21 kommunerna
389 1261 29 15 nu
438 1255 84 27 ätnjuta
548 1254 47 23 frän
613 1256 198 26 bränvinsskatten,
830 1256 78 22 verkar
922 1256 117 27 nägonting

213 1284 58 26 godt,
287 1282 83 22 hvilket
384 1283 21 22 vi
421 1284 62 21 skola
498 1284 89 28 hoppas,
604 1284 28 22 dä
647 1284 33 27 de,
695 1284 74 22 säsom
781 1284 35 28 jag
826 1284 56 22 hade
893 1286 51 20 äran
954 1286 84 26 nämna,

213 1312 104 22 användts
333 1311 33 21 till
380 1311 129 23 folkskolors
525 1312 119 28 underhäll,
661 1313 26 22 sä
701 1320 51 15 vore
769 1313 38 22 det
821 1312 47 23 fara
878 1313 68 27 värdt,
958 1315 33 19 att
1002 1314 38 21 det

213 1341 69 21 skulle
301 1340 66 22 verka
385 1340 111 28 ingenting
511 1342 58 26 godt,
586 1348 34 15 om
636 1342 37 22 det
688 1342 125 22 minskades
829 1342 33 22 till
878 1344 56 19 ännu
949 1342 89 22 mindre.

212 1370 43 26 Jag
271 1375 108 21 upprepar
394 1369 71 22 derför
481 1371 56 20 ännu
553 1370 43 21 min
611 1370 123 28 tillstyrkan
744 1371 35 21 till
790 1371 122 27 antagande
922 1370 23 22 af
954 1370 85 22 utskot-

212 1400 45 20 tets
279 1397 144 27 betänkande,
446 1398 7 21 i
476 1399 41 21 den
536 1398 143 29 förhoppning
698 1401 33 20 att
745 1399 129 28 regeringen
889 1405 48 21 nog,
952 1399 28 27 pä
995 1401 45 20 sätt

213 1427 63 22 äfven
291 1426 68 22 andra
373 1427 68 21 talare
456 1427 50 27 hyst
521 1427 58 28 äsigt
594 1434 41 20 om,
651 1428 55 22 skall
721 1428 60 23 finna
795 1428 70 22 medel
881 1429 33 20 att
923 1427 115 28 tillgodose

211 1455 264 28 landtbrukssällskapens
492 1456 99 27 stigande
605 1456 72 23 behof.

280 1484 57 22 Herr
351 1484 206 27 Pippingsköld:
577 1485 117 27 Angäende
712 1485 156 28 lämpligheten
888 1485 52 22 eller
959 1485 80 28 olämp-

211 1513 96 27 ligheten
327 1512 22 22 af
368 1515 54 20 1872
442 1513 34 22 års
497 1514 99 21 ständers
611 1514 74 22 beslut
699 1515 7 22 i
722 1515 77 27 frågan
814 1515 39 22 har
866 1515 38 27 jag
919 1514 121 28 egentligen

211 1542 49 21 icke
279 1543 67 26 yttrat
364 1542 54 27 mig;
434 1542 106 23 måhända
558 1543 39 22 har
613 1543 39 27 jag
672 1544 99 28 uttryckt
786 1543 44 28 mig
846 1543 76 27 oklart,
939 1543 43 22 min
996 1550 44 15 me-
