1109 1748
223 111 40 20 112
521 113 40 17 Den
576 111 27 19 20
619 112 92 18 Februari.

194 175 149 28 omarbetning
358 175 22 22 af
393 175 100 28 gällande
508 175 136 28 lagstiftning
658 176 91 21 rörande
761 175 96 22 såkallad
867 175 90 27 förlags-
968 175 53 22 eller

192 204 213 28 fabriksinteckning,
423 206 57 20 samt
495 211 27 15 en
538 204 23 21 af
573 204 51 22 herr
638 205 83 27 Nybom
736 204 121 22 framställd
872 204 98 28 petition,
986 210 35 15 om

193 232 69 22 sådan
277 233 90 27 ändring
381 234 8 20 i
403 233 236 27 landtdagsordningen
655 235 33 20 att
701 233 108 22 valrätten
825 234 41 22 och
881 232 141 23 valbarheten

193 262 33 21 till
247 262 186 26 Borgareståndet
455 262 71 22 blefve
548 262 109 22 utsträckt
679 262 32 22 till
730 262 28 22 de
773 262 84 22 klasser
872 262 22 22 af
908 262 112 22 städernas

192 291 136 25 innevånare,
345 291 79 26 hvilka,
441 296 76 22 genom
532 290 153 28 förordningen
708 290 23 22 af
745 291 42 21 den
802 293 13 19 8
829 291 121 22 December
966 292 54 20 1873

193 320 112 26 angående
319 319 255 27 kommunalförvaltning
583 320 8 20 i
601 320 56 27 stad,
674 320 75 22 vunnit
760 321 93 21 rösträtt
868 320 2 21 i
880 320 140 22 kommunens

194 348 191 28 angelägenheter;

262 376 24 22 af
306 383 82 15 samma
410 377 43 27 dag
475 377 80 27 derom,
576 378 33 20 att
626 378 33 21 till
673 377 216 27 Jernvägsutskottet
904 377 70 22 blifvit
987 383 34 15 re-

192 406 103 21 mitterad
313 412 26 15 en
359 405 23 22 af
398 405 51 22 herr
470 406 109 27 Lindberg
601 406 107 22 inlemnad
723 406 98 28 petition,
838 412 35 16 om
888 406 134 27 anläggande

192 435 23 21 af
235 441 27 15 en
285 434 78 22 bibana
385 435 47 21 från
453 434 80 22 Simola
548 435 82 21 station
645 435 35 22 vid
696 435 32 22 S:t
744 434 277 28 Petersburg—Riihimäki

189 464 92 26 jernväg
296 463 33 21 till
344 463 188 22 Willmanstrands
548 464 59 26 stad;

262 492 23 21 af
303 498 82 15 samma
407 492 42 27 dag
465 498 34 16 om
514 492 77 22 remiss
607 492 32 22 till
655 493 113 21 Allmänna
783 492 203 22 Besvärsutskottet
1001 491 23 22 af

193 523 79 19 tvenne
287 521 124 27 petitioner,
427 521 127 27 inlemnade,
571 522 40 21 den
628 528 40 15 ena
683 521 24 21 af
719 522 76 21 herrar
810 522 108 21 Snellman
934 521 40 21 och
985 520 37 22 Ol-

193 550 53 26 soni,
271 556 33 15 om
327 550 122 21 inrättande
465 550 6 20 i
487 550 119 27 Uleåborgs
629 551 50 21 stad
701 550 23 21 af
742 552 33 20 ett
797 550 127 28 sjuklassigt
938 550 84 27 lyceum

192 579 50 21 med
264 578 83 22 finskan
370 579 32 21 till
424 578 237 28 undervisningsspräk,
685 579 40 21 och
748 579 42 21 den
806 579 66 21 andra
892 579 23 21 af
931 578 49 22 herr
995 578 20 22 K.

194 608 25 21 G.
231 608 58 26 Berg
305 608 79 25 derom,
400 609 33 19 att
449 607 41 22 den
505 608 58 21 invid
579 607 117 22 Sordavala
711 608 49 21 stad
771 608 68 21 under
848 614 64 15 namn
923 607 22 21 af
953 608 16 21 1.
981 607 40 22 Sii-

193 637 57 20 toins
269 635 106 22 folkskola
394 636 134 27 grundlagda
547 636 173 27 undervisnings-
737 636 41 21 och
793 635 229 34 uppfostringsanstalt

193 665 71 22 blefve
276 665 108 21 ombildad
393 665 32 21 till
434 666 32 20 ett
473 664 135 27 fullständigt
616 664 66 22 finskt
689 665 333 26 folkskolelärare-seminarium;

263 694 56 21 Frän
334 693 165 22 Bondeständet
514 693 23 22 af
550 694 41 21 den
609 695 24 20 13
651 694 80 22 dennes
747 693 217 28 tillkännagifvande
955 689 12 36 ;

263 724 33 19 att
320 722 32 21 till
377 722 170 22 Statsutskottet
568 722 132 22 remitterats
724 729 27 15 en
774 722 23 22 af
816 723 206 26 landtdagsmannen

194 751 57 22 Keto
267 750 94 28 ingifven
376 751 97 27 petition,
488 751 93 21 rörande
595 751 134 27 uppförande
745 751 24 21 af
783 753 32 19 ett
829 751 141 26 ständerhus;

265 782 32 19 att
312 780 32 21 till
359 780 113 21 Allmänna
481 779 204 22 Besvärsutskottet
695 779 70 22 blifvit
775 780 159 21 remmitterade
944 782 78 20 tvenne

194 809 123 27 petitioner,
339 809 41 20 den
396 815 40 15 ena
452 808 23 21 af
487 809 210 26 landtdagsmannen
712 809 93 26 Mäkelä,
821 809 92 21 rörande
928 808 94 28 klyfning

194 837 23 22 af
230 837 307 28 provincialläkaredistrikten
552 837 8 21 i
574 837 80 27 landet,
671 838 40 21 och
727 837 42 22 den
785 838 66 21 andra
866 837 23 22 af
896 837 126 28 landtdags-

193 873 92 15 mannen
304 866 145 26 Hannuksela,
471 866 90 22 rörande
580 866 205 27 provincialläkares
805 866 122 28 skyldighet
946 867 33 21 att
994 866 28 22 bo

194 896 6 20 i
223 896 81 21 midten
327 895 22 21 af
370 896 111 20 distriktet
504 897 56 19 samt
578 896 29 26 pä
625 896 113 21 bestämda
761 895 56 22 tider
833 902 127 20 genomresa
976 895 46 22 det-

195 931 92 20 samma;

263 954 33 20 att
311 952 32 22 till
358 952 155 28 Lagutskottet
522 953 133 21 remitterats
666 960 26 14 en
704 952 23 22 af
734 953 210 27 landtdagsmannen
954 952 66 22 Sved-

193 983 54 26 berg
265 981 93 27 ingifven
377 982 98 26 petition,
494 988 34 14 om
546 981 150 27 upphäfvande
715 981 23 22 af
752 984 11 19 5
781 981 11 28 &
808 983 12 19 2
836 982 50 26 kap.
902 982 26 21 G.
943 982 24 21 B.
985 988 36 15 an-

193 1012 75 26 tingen
283 1011 7 21 i
306 1011 49 21 dess
378 1010 74 22 helhet
475 1010 73 22 eller
540 1006 15 36 i
565 1010 26 22 de
611 1010 66 27 delar,
698 1016 46 16 som
763 1010 115 22 innefattat
896 1010 78 22 förbud
989 1010 33 22 för

193 1046 94 16 mannen
309 1040 33 20 att
360 1038 52 28 gifta
430 1039 33 27 sig
480 1039 49 21 med
549 1039 34 21 sin
601 1038 79 23 aflidne
699 1039 91 21 broders
807 1039 55 21 enka
877 1039 52 22 eller
944 1039 78 21 aflidna

194 1070 89 20 hustrus
307 1068 76 27 syster,
408 1067 108 22 äfvensom
539 1067 11 28 8
573 1069 12 20 7
608 1068 8 21 i
639 1074 81 15 samma
742 1068 89 27 kapitel,
855 1068 25 21 sä
894 1068 46 22 vidt
956 1068 66 27 angår

195 1098 78 27 gvinna
289 1097 7 21 i
312 1096 113 22 enahanda
439 1096 124 28 svågerlag;

264 1128 33 19 att
321 1125 32 21 till
376 1125 214 21 Ekonomiutskottet
612 1124 70 23 blifvit
704 1125 140 21 remitterade
866 1124 94 34 följande
984 1131 38 16 sex

194 1155 127 27 petitioner:
346 1154 43 27 1:0)
410 1153 23 22 af
446 1154 206 27 landtdagsmannen
670 1154 97 26 Nohteri,
791 1160 34 15 om
845 1153 91 28 ändring
954 1154 8 21 i
977 1154 45 26 gäl-

194 1184 64 22 lande
281 1182 135 28 stadganden
438 1182 91 22 rörande
552 1182 75 22 starka
648 1182 103 28 dryckers
774 1182 137 28 försäljning;
934 1182 44 27 2:0)
1002 1182 22 22 af

195 1212 208 26 landtdagsmannen
427 1211 97 22 Sivenius
543 1212 7 20 i
566 1211 112 21 enahanda
698 1211 67 28 syfte;
789 1210 44 29 3:0)
857 1210 21 22 af
899 1210 123 28 landtdags-

195 1244 92 18 männen
305 1240 34 21 Illi
358 1240 40 21 och
416 1240 90 21 Kuisma
527 1242 138 25 gemensamt,
686 1246 35 16 om
743 1240 88 27 ätgärds
847 1240 128 26 vidtagande
990 1240 33 21 till

195 1269 175 23 förekommande
390 1268 23 22 af
428 1268 126 28 försäljning
574 1268 47 22 utaf
633 1268 86 28 färgadt
733 1268 100 27 bränvin;
856 1268 46 28 4:0)
917 1268 22 22 af
952 1268 70 22 landt-

196 1299 147 27 dagsmannen
362 1297 111 22 Karlstedt
496 1297 22 21 af
539 1298 112 21 enahanda
672 1298 105 32 innehäll;
802 1286 44 38 5:0)
862 1296 23 22 af
898 1297 124 27 landtdags-

195 1334 92 15 mannen
310 1326 145 26 Hannuksela,
479 1332 34 15 om
535 1326 155 27 inskränkning
705 1326 7 21 i
727 1326 134 27 rättigheten
884 1328 33 19 att
933 1325 89 28 försälja

194 1356 97 25 bränvin,
311 1355 21 21 öl
351 1355 40 21 och
409 1354 116 22 utländska
544 1355 157 27 spritdrycker;
725 1357 57 19 samt
803 1355 43 26 6:0)
862 1354 22 21 af
897 1354 125 27 landtdags-

194 1391 92 15 mannen
301 1383 118 26 Meurman,
439 1383 91 22 rörande
549 1383 109 27 ätskilliga
673 1383 117 27 ändringar
804 1383 7 21 i
826 1383 196 27 bränvinslagstift-

194 1419 90 20 ningen;

231 1420 14 20 s
263 1441 41 22 och
323 1441 69 21 skulle
411 1441 99 26 samtliga
526 1441 64 22 dessa
605 1440 208 27 protokollsutdrag,
830 1441 72 21 säsom
917 1441 47 21 icke
979 1440 42 22 för-

193 1471 119 22 anledande
327 1469 32 21 till
374 1469 71 28 nägon
460 1469 72 22 vidare
548 1470 83 26 ätgärd,
647 1469 75 28 läggas
738 1469 33 22 till
787 1469 161 27 handlingarna.
