1109 1748
223 109 41 19 432
531 110 40 18 Den
589 108 24 19 13
629 109 59 24 April.

193 172 209 22 Landtmarskalken
417 172 35 22 vid
468 174 87 20 senaste
571 173 158 21 sammanträde
744 171 96 28 föreslog
855 173 33 21 att
903 171 117 23 diskussio-

193 208 43 15 nen
252 201 70 22 skulle
337 201 96 26 afslutas,
450 201 131 22 besvarades
597 201 104 27 förslaget
715 201 126 27 visserligen
850 201 49 21 med
909 200 53 28 ,ja*,
972 206 48 16 men

194 232 34 20 att
243 230 67 22 också
327 231 59 27 ,nej*
403 230 80 22 hördes
498 230 43 21 kan
552 230 38 28 jag
597 231 78 27 intyga.
693 230 109 27 Derjemte
811 230 36 21 vill
854 230 39 27 jag
900 229 57 22 fästa
967 235 54 21 upp-

193 259 176 22 märksamheten
391 259 36 21 vid
450 259 37 21 det
509 259 125 27 betänkliga
649 259 32 21 uti
697 260 32 20 ett
743 259 78 21 sädant
836 259 79 26 beslut,
931 258 90 22 emedan

196 288 38 22 det
251 288 44 21 kan
310 288 133 22 förekomma
457 288 8 20 i
481 289 32 20 ett
528 294 77 16 senare
620 288 100 27 yttrande
735 294 27 14 en
778 288 89 21 alldeles
882 294 28 21 ny
926 288 94 21 omstän-

195 317 82 27 dighet,
301 323 46 15 som
361 317 35 21 väl
411 316 103 22 behöfver
529 317 140 27 vederläggas
687 316 40 22 och
743 322 46 16 som
805 323 77 21 genom
898 318 32 20 ett
944 316 78 22 sädant

193 346 75 22 beslut
282 346 48 21 icke
345 346 42 20 kan
402 344 65 23 blifva
481 345 124 27 vederlagd,
623 346 39 21 och
678 346 37 21 det
731 347 23 19 är
762 345 110 27 verkligen
881 345 82 27 ganska
971 345 50 21 obe-

194 375 85 27 hagligt
301 374 33 22 för
357 374 55 26 dem,
429 374 73 22 hvilka
517 374 70 22 blifvit
601 374 136 28 replikerade
752 374 29 27 pä
796 376 32 20 ett
844 376 51 25 sätt,
912 380 45 16 som
972 380 49 15 man

195 404 90 21 alldeles
301 403 47 21 icke
363 403 41 21 kan
421 403 120 27 godkänna,
558 405 33 19 att
606 404 82 26 nödgas
704 404 53 26 tiga.

263 432 99 21 Friherre
384 438 42 15 von
448 432 82 27 Troil,
547 432 86 22 Samuel
654 432 99 22 Werner:
783 432 42 27 Jag
840 432 36 21 vill
893 432 47 21 icke
954 431 68 21 inläta

195 461 45 27 mig
262 461 7 21 i
292 460 70 28 nägon
384 461 128 27 utläggning
528 467 34 15 om
577 460 130 28 lagligheten
723 460 54 22 eller
792 460 145 28 olagligheten
952 459 23 22 af
989 462 33 20 att

195 496 78 21 genom
290 496 27 15 en
332 490 134 21 diskussions
482 489 138 22 förklarande
635 489 33 22 för
683 489 100 27 afslutad,
799 490 71 26 nägon
886 489 135 22 ständsmed-

194 519 43 22 lem
253 519 70 21 skulle
338 518 99 22 beröfvas
451 518 132 28 rättigheten
598 520 33 20 att
645 520 58 26 yttra
718 518 33 27 sig
767 518 31 22 uti
813 518 87 22 hvilken
907 518 61 27 fräga
975 524 46 15 som

194 548 65 24 helst,
284 554 49 15 men
355 548 56 21 hvad
434 554 47 15 som
497 550 24 19 är
536 548 75 21 säkert
626 550 24 19 är
665 549 33 20 att
713 548 41 21 den
769 547 32 21 uti
818 547 61 21 detta
894 546 37 22 fall
946 547 75 21 veder-

195 578 67 26 tagna
283 576 72 28 praxis
378 576 40 22 har
433 576 86 28 mycket
534 576 47 22 skäl
596 576 33 22 för
645 576 44 28 sig;
705 576 38 21 det
757 576 143 22 förekommer
915 576 105 26 nemligen

195 606 85 27 ganska
302 605 45 22 ofta
369 607 32 19 att
423 605 67 26 nägra
512 605 139 22 medlemmar
673 606 77 20 endast
765 607 97 24 upptaga
877 605 97 20 ständets
989 605 32 21 tid

195 635 49 21 med
268 635 32 20 att
322 634 107 27 replikera
447 634 126 26 hvarandra,
591 633 40 22 och
647 633 28 22 dä
690 634 67 21 saken
772 633 33 22 för
821 633 65 27 öfrigt
900 633 70 22 blifvit
984 633 37 22 be-

195 663 91 27 hörigen
309 663 177 25 slutdiskuterad,
503 663 62 21 torde
581 663 87 21 ständet
683 663 35 21 väl
733 661 64 22 hafva
811 662 106 27 rättighet
932 664 32 19 att
979 662 42 21 för-

195 692 62 21 klara
281 691 34 27 sig
337 691 32 22 för
392 691 41 22 den
449 691 83 27 gängen
549 698 52 15 anse
617 691 151 22 diskussionen
783 691 53 22 böra
852 690 97 22 afslutas.
980 691 42 27 Jag

195 721 126 22 hemställer
337 720 117 21 emellertid
471 720 105 21 huruvida
591 720 47 21 skäl
654 719 114 23 förefinnes
785 721 32 20 att
833 726 29 15 nu
876 719 55 22 fatta
947 719 74 22 defini-

196 750 41 21 tivt
259 749 73 22 beslut
353 749 8 21 i
384 749 41 22 den
445 749 22 21 af
480 749 50 21 herr
546 749 121 21 Schauman
682 749 137 27 uppkastade
833 749 82 26 frägan,
932 748 90 22 emedan

197 779 68 26 enligt
280 778 43 21 min
338 778 65 21 tanke
419 778 72 27 hvarje
508 778 68 27 dylikt
591 778 72 21 beslut
677 778 40 21 bör
732 777 22 22 in
769 784 51 15 casu
836 777 72 22 fattas.

266 807 57 21 Herr
337 807 208 21 Landtmarskalken
559 807 50 21 ville
625 806 61 22 äfven
695 807 32 20 till
736 806 160 27 Ridderskapet
905 806 40 21 och
954 806 68 22 Adeln

198 835 135 27 Ofverlemna,
349 835 104 22 huruvida
468 835 48 22 icke
532 835 40 22 den
588 842 29 15 nu
632 836 7 21 i
654 835 75 28 frågan
743 835 113 22 förefallna
872 835 150 22 diskussionen

197 865 72 22 kunde
281 871 51 15 vara
347 864 205 28 tillfyllestgörande,
568 866 52 20 utan
636 865 33 21 att
684 867 32 19 ett
731 864 103 22 särskildt
843 863 70 23 beslut
928 863 22 22 af
964 864 58 22 stän-

199 894 37 22 det
251 893 94 23 behöfde
358 894 66 21 fattas
440 894 40 21 och
487 893 50 22 med
545 894 114 26 klubbslag
667 893 106 27 befästas;
789 893 89 22 hvarvid
886 894 50 20 herr
943 893 80 22 Landt-

197 922 137 22 marskalken
347 922 78 28 jemväl
440 922 97 22 uttalade
553 922 42 22 den
609 922 148 28 förhoppning,
774 924 33 19 att
815 922 158 27 Ridderskapet
983 922 40 22 och

197 952 70 21 Adeln
290 952 61 21 torde
373 951 64 22 hafva
460 951 80 26 erfarit,
565 951 37 21 det
623 951 42 21 han
685 952 80 27 ytterst
781 951 67 21 sällan
863 952 108 26 begagnat
986 951 38 22 det

197 980 163 28 ifrågavarande
375 982 68 20 sättet
457 980 33 22 för
506 986 26 16 en
548 980 134 22 diskussions
691 980 130 26 afslutande,
833 980 41 22 och
884 980 98 22 förmälte
991 981 33 26 sig

197 1010 51 27 vilja
271 1010 54 21 söka
347 1009 25 21 sä
393 1009 86 27 mycket
497 1016 46 15 som
559 1009 83 27 möjligt
657 1009 94 21 undvika
768 1008 72 28 dylika
854 1008 169 28 undantagsfalls

197 1038 146 28 upprepande.

268 1067 73 22 Sedan
362 1066 159 27 Ridderskapet
543 1066 41 22 och
607 1066 68 22 Adeln
697 1066 92 22 instämt
810 1066 7 22 i
832 1066 51 22 herr
897 1066 127 22 Landtmar-

199 1096 103 22 skalkens
326 1096 56 26 äsigt
398 1102 33 15 om
447 1095 173 27 obehöfligheten
635 1095 22 22 af
671 1097 32 20 att
718 1096 8 20 i
741 1095 76 27 frägan
831 1095 56 22 fatta
902 1097 32 20 ett
950 1095 74 22 defini-

199 1125 41 21 tivt
262 1125 78 26 beslut,
363 1124 127 22 hemställde
513 1124 50 22 herr
585 1124 210 22 Landtmarskalken
810 1124 49 22 med
875 1124 113 27 anledning
1003 1124 23 22 af

200 1154 37 21 det
253 1153 22 22 af
289 1154 72 21 herrar
376 1153 150 27 Björkenheim
542 1153 41 21 och
597 1153 107 22 Mechelin
719 1153 79 21 väckta
812 1153 105 27 förslaget
925 1153 31 21 till
965 1154 58 20 stän-

200 1183 43 26 det,
267 1182 104 22 huruvida
386 1182 37 22 det
437 1182 96 22 önskade
548 1182 33 21 till
597 1182 38 21 sitt
649 1182 7 21 i
671 1182 76 27 frägan
761 1188 34 15 om
811 1188 26 15 en
853 1182 170 27 statsarkeologs

200 1212 134 21 anställande
356 1211 81 21 fattade
459 1211 73 21 beslut
545 1212 53 26 göra
613 1211 37 21 det
665 1211 76 27 tillägg
756 1213 33 19 att
803 1217 76 21 genom
895 1211 129 27 protokolls-

199 1240 80 27 utdrag
301 1240 88 27 inbjuda
403 1240 140 22 medständen
559 1241 32 20 att
605 1240 8 20 i
628 1240 60 22 detta
703 1240 169 27 Ridderskapets
888 1240 41 22 och
944 1240 79 22 Adelns

199 1269 74 22 beslut
289 1269 32 27 sig
335 1268 80 22 förena.

270 1298 75 21 Denna
366 1297 49 22 herr
437 1297 219 21 Landtmarskalkens
679 1296 158 28 framställning
858 1297 130 22 besvarades
1004 1296 23 23 af

201 1327 88 21 ständet
311 1326 48 22 med
378 1326 87 21 allmänt
478 1326 28 27 ja,
523 1326 32 21 till
570 1325 52 29 följd
637 1326 76 22 hvaraf
726 1326 127 28 inbjudning
868 1326 33 21 till
916 1326 108 22 medstän-

201 1356 40 21 den
257 1356 84 21 komme
357 1357 33 19 att
405 1354 54 27 afgä.

270 1441 142 22 Meddelande
435 1442 32 20 att
489 1441 88 22 ständet
598 1441 35 22 vid
656 1441 61 21 detta
740 1441 158 21 sammanträde
920 1439 56 23 hade
992 1443 33 20 att

201 1472 84 19 emotse
306 1469 181 22 öfverlemnandet
510 1469 23 22 af
553 1476 26 15 en
602 1476 28 21 ny
652 1470 65 27 nädig
740 1469 140 28 proposition,
897 1470 64 27 utsäg
975 1470 50 21 herr

201 1498 208 23 Landtmarskalken
431 1499 31 20 till
485 1499 139 22 medlemmar
645 1499 7 21 i
675 1499 42 21 den
741 1498 132 27 deputation,
897 1504 46 16 som
958 1498 67 23 borde

201 1529 110 26 emottaga
333 1528 41 21 den
395 1527 121 28 Kejserliga
538 1528 105 22 Senatens
666 1527 102 27 ledamot,
791 1527 86 22 hvilken
892 1527 85 22 komme
992 1529 34 20 att
