1109 1748
411 117 40 18 Den
468 115 25 19 16
510 117 55 18 Mars,
820 118 48 27 245

70 180 40 28 del,
131 180 38 28 jag
191 175 82 59 pågrka
296 180 41 22 den
360 179 80 28 nådiga
462 179 173 28 propositionens
651 179 164 27 godkännande,
832 181 66 22 likväl

69 209 68 22 under
160 210 43 21 den
227 209 150 27 förutsättning,
395 208 40 22 och
451 208 51 22 med
518 208 37 22 det
570 208 75 26 vilkor,
661 209 33 20 att
707 208 128 27 regeringen
850 209 48 23 icke

69 238 67 22 heller
151 236 116 23 framdeles
283 237 36 22 vill
334 237 143 27 undandraga
493 236 86 22 landets
594 236 159 27 hushållnings-
769 237 41 22 och
825 237 72 22 landt-

68 266 163 26 brukssällskap
240 265 40 22 och
287 265 7 21 i
302 265 118 23 allmänhet
427 265 142 22 landtbruket
577 266 40 21 och
626 266 50 21 dess
685 265 124 27 binäringar
817 266 80 22 detun-

70 295 93 27 derstöd,
181 301 46 15 som
243 294 47 22 dem
305 294 106 22 härintills
423 294 22 21 af
454 294 109 22 ordinarie
573 294 127 22 statsmedel
710 294 90 22 kommit
810 294 34 22 till
855 294 41 23 del.

136 352 157 22 Diskussionen
313 352 6 21 i
335 352 75 26 frågan
425 351 85 22 afbröts
527 351 46 27 här,
590 352 90 21 emedan
696 352 98 22 anmälan
809 352 86 28 gjordes

70 382 72 22 derom
158 383 33 19 att
207 381 40 21 den
262 381 93 21 väntade
371 380 199 22 senatsledamoten
585 380 32 22 till
625 381 138 23 riddarhuset
770 382 125 22 ankommit.

136 410 131 26 Emottagen
289 409 35 22 vid
338 409 96 22 inträdet
449 409 41 22 och
506 409 133 27 beledsagad
654 409 23 22 af
690 410 98 22 ståndets
805 410 90 28 deputa-

69 440 51 26 tion,
135 438 124 22 företrädde
271 438 105 22 Senatorn
391 438 104 22 Forsman
512 438 40 22 och
569 438 156 23 öfverlemnade
741 440 13 20 å
768 440 60 22 Hans
844 441 51 27 Kej-

69 468 78 28 serliga
161 468 114 26 Majestäts
290 469 81 25 vägnar
385 466 94 28 följande
496 467 78 27 nådiga
588 467 167 27 propositioner:

137 503 34 15 om
179 496 128 22 utfärdande
316 496 23 22 af
345 503 27 20 ny
379 495 128 27 författning
514 496 91 21 rörande
613 496 100 28 flottning
721 496 22 22 af
749 497 146 28 skogsalster;

137 525 110 27 angående
269 525 124 21 inrättande
409 524 22 22 af
445 531 27 15 en
488 524 79 22 allmän
582 525 183 27 pensionsanstalt
779 526 34 22 för
827 526 67 22 befäl-

68 554 90 22 hafvare
174 554 40 22 och
230 556 65 19 annat
310 554 78 27 sjöfolk
404 554 29 26 på
447 553 71 22 finska
533 553 162 29 handelsfartyg
710 561 27 15 m.
753 561 28 15 m.

137 583 111 27 angående
263 582 101 22 framtida
379 582 157 28 förvaltningen
553 582 23 22 af
589 582 150 28 Längmanska
755 585 139 21 testaments-

68 612 89 26 fonden;
174 613 56 20 samt

137 647 35 15 om
186 641 83 21 inlösen
283 639 22 22 af
319 639 200 28 donationsgodsen
534 639 7 22 i
557 639 89 28 Wiborg
661 640 41 22 och
713 641 33 21 S:t
753 641 90 22 Michels
852 642 42 22 län.

137 669 72 22 Sedan
224 669 50 22 herr
281 669 209 22 Landtmarskalken
505 669 13 20 å
533 669 99 21 ståndets
641 671 80 25 vägnar
730 669 97 22 framfört
836 671 58 21 stån-

70 699 47 21 dets
139 697 160 23 vördnadsfulla
322 697 136 28 tacksägelse
473 697 34 22 för
523 697 26 22 de
565 699 124 26 emottagna
704 698 79 27 nådiga
797 700 97 26 proposi-

69 727 103 27 tionerna,
189 727 98 22 afträdde
301 727 50 22 herr
367 727 111 21 Senatorn.

137 784 156 23 Diskussionen
308 783 113 22 fortsattes
437 784 49 21 med
502 785 33 20 att
551 784 62 21 ordet
628 785 109 22 lemnades
753 785 24 21 åt

136 814 51 21 herr
208 813 142 26 Mechelin,
375 819 46 16 som
443 813 95 27 yttrade:
562 813 55 21 Herr
632 813 111 22 Molander
758 814 41 21 har
813 814 82 22 lemnat

70 843 40 22 den
125 842 129 28 upplysning
269 842 6 21 i
292 842 70 21 denna
377 841 66 28 fråga,
462 843 32 20 att
510 842 36 21 det
561 849 29 14 nu
605 841 22 22 af
641 843 116 21 ständerna
765 843 83 22 äskade
857 850 37 15 an-

69 872 70 27 slaget
162 871 23 22 af
206 873 76 25 80,000
305 871 61 21 mark
388 870 33 22 för
436 870 253 28 landtbrukssällskapen
703 878 52 15 vore
771 871 76 23 afsedd
862 873 33 21 att

68 901 58 22 bilda
149 907 27 15 en
198 900 125 28 ytterligare
338 900 90 26 tillgång
443 900 33 21 för
492 900 115 26 desamma,
624 900 40 21 och
680 902 33 19 att
729 900 37 22 det
781 900 47 22 icke
844 908 50 15 vore

69 930 112 27 meningen
204 931 33 19 att
259 928 84 22 derföre
357 928 92 27 indraga
464 928 37 22 det
516 935 29 15 nu
560 928 23 22 af
595 929 106 22 ordinarie
717 930 128 21 statsmedel
860 931 34 20 ut-

70 958 82 28 gående
175 958 97 27 anslaget
294 957 33 22 för
346 963 82 15 samma
444 957 106 21 ändamål.
581 958 41 26 Jag
637 958 39 21 ber
691 959 32 20 att
738 957 22 22 få
775 958 120 27 framhålla,

70 989 33 20 att
118 987 107 22 utskottet
241 987 6 21 i
263 986 39 22 sitt
317 986 138 22 betänkande
471 986 29 27 på
515 986 67 22 slutet
596 986 66 22 också
676 986 39 22 har
724 986 80 22 uttalat
813 987 33 27 sig
856 994 38 14 un-

70 1017 37 21 der
122 1016 69 22 sådan
205 1015 160 27 förutsättning,
383 1016 33 20 att
432 1015 37 21 det
484 1015 71 27 gällde
571 1016 32 20 ett
618 1015 92 22 tillskott
725 1015 32 21 till
772 1016 57 21 hvad
845 1016 50 21 säll-

70 1046 81 26 skapen
166 1044 59 22 förut
243 1044 100 27 åtnjutit;
360 1044 40 21 och
416 1044 110 21 utskottet
541 1044 39 21 har
596 1044 73 22 dervid
684 1043 123 28 framhållit,
823 1044 73 22 hvilka

70 1074 139 27 olägenheter
231 1078 47 16 som
300 1073 69 21 måste
385 1072 86 28 uppstå,
488 1078 34 16 om
538 1074 33 20 ett
586 1073 90 27 specielt
691 1073 156 21 statsändamål
863 1073 32 21 åt-

70 1104 71 26 njuter
163 1108 27 16 en
213 1108 82 15 summa
317 1101 48 21 från
385 1101 106 22 ordinarie
508 1101 133 27 statsmedel,
657 1108 25 15 en
698 1108 71 16 annan
784 1101 54 22 ifrån
855 1102 41 21 den

70 1130 168 24 extraordinarie
260 1130 116 27 budgeten.
407 1130 56 22 Herr
485 1130 112 22 Molander
619 1130 40 21 har
681 1131 81 21 erinrat
785 1137 40 20 om,
842 1130 54 22 att
885 1126 14 36 i

70 1160 88 28 Sverige
178 1159 253 27 landtbrukssällskapen
447 1158 123 23 äfvenledes
585 1159 105 21 tilldelats
704 1159 110 27 betydliga
829 1160 66 20 stats-

70 1188 126 27 understöd,
213 1188 40 22 och
269 1189 32 20 att
317 1188 65 21 dessa
397 1188 121 22 understöd
533 1188 61 22 äfven
611 1188 38 21 der
663 1188 52 27 utgå
729 1188 47 21 från
786 1188 111 22 bränvins-

71 1219 92 21 skatten.
181 1230 26 2 —
223 1217 41 27 Jag
279 1216 82 22 tillåter
375 1216 44 28 mig
434 1217 49 21 med
499 1216 115 28 anledring
628 1216 63 22 häraf
704 1217 81 21 betona
801 1216 41 23 den
854 1223 43 15 om-

72 1246 158 28 ständigheten,
253 1246 33 21 att
308 1246 192 26 statsregleringen
523 1246 7 20 i
553 1245 88 27 Sverige
665 1248 24 18 är
703 1245 67 22 ställd
784 1246 29 26 på
828 1252 70 15 annan

71 1276 69 28 grund
163 1278 27 18 än
213 1275 39 21 hos
276 1280 42 21 oss,
342 1274 41 21 och
398 1276 33 19 att
447 1276 32 20 ett
495 1274 115 22 anvisande
626 1274 23 21 af
661 1274 77 27 medel,
754 1274 96 22 hörande
866 1274 32 22 till

72 1306 41 21 den
137 1303 169 23 extraordinarie
321 1302 117 28 budgeten,
456 1303 38 21 der
509 1303 48 21 icke
573 1303 68 21 skulle
658 1309 41 21 ega
713 1309 54 20 rum,
784 1304 72 21 derest
872 1309 26 16 en

72 1333 93 23 särskild
180 1332 118 22 hufvuddel
314 1331 22 22 af
350 1332 41 21 den
407 1332 106 22 ordinarie
528 1332 110 27 budgeten
653 1332 70 21 skulle
738 1332 47 21 från
801 1332 32 27 sig
840 1332 59 22 bilda

72 1362 126 22 öfverskott.
229 1361 43 21 Det
287 1361 69 21 måste
371 1360 34 22 väl
421 1362 77 25 utgöra
514 1361 39 21 den
569 1361 92 21 ledande
676 1361 111 26 principen
797 1360 33 21 för
840 1362 58 20 stän-

72 1391 78 22 dernas
166 1390 73 21 beslut
253 1390 7 21 i
276 1390 29 26 på
320 1390 48 21 dem
384 1389 156 22 ankommande
556 1389 163 28 anslagsfrågor,
736 1391 33 20 att
776 1389 78 27 bevilja
862 1395 36 15 an-

72 1420 54 27 slag,
142 1425 51 16 vare
210 1419 32 26 sig
257 1419 28 26 på
301 1417 108 28 egentliga
423 1418 198 27 bevillningsmedel
637 1418 52 22 eller
703 1418 195 26 bränvinsskatten,

73 1449 76 22 endast
171 1448 8 21 i
203 1447 79 22 sådant
304 1447 43 26 fall,
369 1448 33 19 att
417 1447 144 21 statsverkets
577 1447 106 22 ordinarie
699 1447 114 27 tillgångar
829 1446 70 21 dertill

72 1477 48 22 icke
141 1477 80 25 förslå;
238 1476 41 21 och
295 1476 61 21 detta
371 1475 70 22 måste
455 1475 34 22 väl
505 1475 48 22 icke
568 1475 56 22 blott
639 1482 51 15 vara
705 1482 26 15 en
747 1475 80 22 erkänd
842 1475 57 26 prin-

72 1506 41 27 cip,
137 1507 54 20 utan
213 1504 66 22 lända
295 1504 117 22 ständerna
433 1504 31 21 till
484 1503 150 27 efterrättelse,
651 1505 27 21 då
693 1504 7 21 i
715 1506 27 19 36
758 1503 11 28 $
785 1503 22 22 af
819 1503 81 22 Landt-

74 1534 174 27 dagsordningen
265 1535 33 20 ett
313 1533 77 21 sådant
405 1535 46 20 sätt
466 1534 32 21 att
513 1533 27 27 gå
555 1532 88 29 tillväga
651 1535 23 20 är
682 1531 141 24 föreskrifvet.
839 1532 62 25 Hvad
