1109 1748
249 126 28 20 84
532 124 40 18 Den
590 122 25 18 10
630 123 93 19 Februari.

220 191 76 22 fordna
313 188 127 23 moderland
454 186 113 27 hitkomst,
582 186 244 28 bildhuggarekonsten,
841 193 47 16 som
904 186 75 23 dittills
995 188 55 22 varit

221 227 26 15 en
270 220 25 21 sä
318 219 52 27 godt
389 224 46 15 som
453 216 73 22 okänd
541 215 76 27 planta
631 216 7 21 i
653 216 48 21 värt
715 215 58 22 land.
805 216 91 28 Mejseln
911 216 93 22 fattades
1020 224 29 14 nu

221 249 40 22 ock
277 248 22 22 af
313 254 26 16 en
355 244 167 29 ungdomsstark
537 244 56 22 finsk
607 244 68 27 hand;
692 244 108 28 exemplet
815 251 56 16 vann
886 244 108 28 efterföljd
1008 246 40 21 och

219 279 58 21 inom
295 277 64 27 tjugu
377 276 24 21 är
418 276 40 20 har
478 280 27 16 en
518 273 54 21 liten
587 279 69 21 grupp
673 273 22 21 af
707 273 115 22 inhemske
837 274 142 28 bildhuggare
994 280 54 21 upp-

219 306 96 23 kommit.
346 304 67 22 Äfven
428 304 71 21 denna
515 302 49 21 ädla
578 302 66 22 konst
658 302 39 21 har
711 302 78 22 vunnit
803 302 89 22 fotfäste
907 303 29 27 pä
945 302 39 22 vär
991 302 56 28 jord;

220 337 41 21 den
281 334 74 22 antika
373 334 40 21 och
433 332 43 22 den
491 331 70 22 finska
575 331 98 27 mythens
689 331 107 27 gestalter
810 331 65 22 hafva
889 332 57 21 visat
960 331 34 27 sig
1008 331 40 22 här

219 365 7 21 i
237 365 38 21 allt
286 364 92 21 skönare
392 362 86 24 former,
495 360 25 22 sä
534 360 35 22 väl
584 360 7 21 i
606 360 47 27 gips
669 366 47 15 som
726 360 7 20 i
743 366 103 21 marmor;
864 360 73 22 derom
951 360 96 22 vittnade

218 394 29 27 pä
269 394 32 20 ett
323 391 110 23 hedrande
455 391 46 20 sätt
524 388 41 22 den
589 390 59 20 stora
663 388 108 22 allmänna
786 389 148 27 expositionen
949 389 98 22 sistlidne

219 428 100 16 sommar.

287 451 67 21 Detta
371 449 39 21 har
423 448 37 27 jag
475 446 59 22 velat
550 446 73 22 anföra
638 446 33 22 för
686 447 33 20 att
734 445 54 28 visa,
805 446 38 22 det
858 453 50 15 man
923 446 66 22 redan
1004 446 42 22 kan

217 480 45 21 tala
285 485 34 15 om
342 484 26 15 en
390 476 55 22 finsk
464 476 72 26 konst,
558 481 46 16 som
625 474 76 28 skjutit
723 481 44 21 upp
791 476 68 21 under
873 476 27 22 de
916 477 74 20 senast
1004 475 42 22 för-

217 509 68 21 flutna
299 507 74 22 trettio
389 506 52 21 åren
455 505 7 21 i
477 504 69 22 finska
561 503 208 27 Konstföreningens
785 504 76 28 skygd.
891 505 75 21 Denna
982 504 64 22 konst

216 538 40 21 har
263 536 126 27 visserligen
397 534 62 22 äfven
467 532 70 23 blifvit
544 532 135 22 understödd
687 532 22 22 af
715 533 128 27 regeringen
853 534 69 21 under
930 534 27 20 de
965 533 81 22 femton

217 567 55 21 sista
289 566 56 25 åren,
362 564 45 21 dels
424 568 77 22 genom
518 562 37 21 det
571 561 76 26 anslag
662 561 23 21 af
693 562 136 26 statsmedel,
842 564 12 20 8
866 562 12 21 &
891 564 75 24 12,000
977 563 67 27 mark,

217 602 46 14 som
282 594 70 22 blifvit
369 591 104 28 beviljadt
491 590 202 27 konstföreningens
712 590 109 27 ritskolor,
843 591 40 21 och
899 591 27 21 de
941 591 103 22 likaledes

217 623 22 22 af
259 622 122 28 Kejserliga
403 621 94 22 Senaten
520 619 105 27 beviljade
648 618 161 27 täflingsprisen
824 620 7 20 i
848 620 26 21 de
894 619 57 22 olika
970 620 74 21 konst-

216 652 140 25 brancherna,
376 650 45 21 dels
441 655 77 21 genom
534 648 27 21 de
576 647 114 27 frikostiga
704 647 177 28 resestipendier,
898 648 72 21 hvilka
985 649 59 21 bort-

216 681 71 27 gifvits
307 680 24 21 &t
345 685 65 22 yngre
423 678 137 25 konstnärer,
577 676 23 21 ät
616 676 96 27 omkring
728 677 75 21 trettio
818 677 81 28 mälare
915 677 41 21 och
971 677 73 28 skulp-

215 711 60 20 törer
297 708 22 22 af
339 709 68 26 begge
429 707 72 21 könen
521 705 70 22 under
606 705 65 21 dessa
685 704 82 22 femton
783 705 30 22 är.
844 705 67 22 Äfven
926 706 53 21 böra
994 707 49 21 med

216 737 136 23 tacksamhet
367 737 124 21 omnämnas
509 735 26 21 de
545 733 188 28 penningegåfvor,
745 733 192 28 konstföreningen
947 735 31 21 tid
990 734 54 23 efter

216 773 70 16 annan
304 766 49 22 med
373 765 100 22 afseende
489 763 13 21 å
518 763 51 22 dess
586 763 88 26 knappa
696 762 117 28 tillgångar
834 763 42 22 fått
898 765 110 25 emottaga
1023 763 22 22 af

216 797 32 20 sin
263 796 56 26 höge
334 794 142 27 beskyddare,
496 792 28 21 H.
539 792 26 21 K.
581 791 27 22 H.
625 791 133 22 Storfursten
774 791 169 28 Thronföljaren.
973 793 70 21 Dessa

215 824 119 22 understöd
348 822 64 23 hafva
426 822 8 21 i
449 822 35 21 sin
498 821 50 21 män
563 820 56 22 varit
633 820 86 27 mycket
733 819 125 28 hugnande,
874 827 49 16 men
937 821 29 27 pä
982 821 60 22 detta

215 855 44 20 sätt
274 854 43 21 kan
333 852 37 22 det
385 851 47 22 icke
446 851 8 20 i
469 849 94 28 längden
577 848 97 22 fortfara.
704 849 44 21 Det
764 851 25 19 är
803 855 29 16 nu
847 849 43 28 hög
904 849 32 22 tid
951 850 29 27 pä
995 850 46 27 och,

215 883 66 27 enligt
295 882 44 21 min
354 881 62 26 äsigt,
433 881 83 20 statens
532 878 113 26 oafvisliga
659 878 55 26 pligt
729 879 34 20 att
777 880 51 25 taga
843 878 70 22 finska
927 879 92 21 konsten
1035 880 7 21 i

215 912 32 21 sin
271 910 84 22 direkta
377 909 58 26 vård,
455 908 34 22 för
509 909 32 20 att
559 907 84 27 skydda
658 906 42 22 den
714 908 47 20 mot
776 907 43 21 alla
833 908 151 26 oberäkneliga
999 908 42 22 till-

215 940 127 26 fälligheter,
358 938 33 22 för
406 939 33 20 att
453 937 81 21 bereda
550 936 27 22 de
592 935 78 27 mänga
685 935 210 28 konstnärsanlagen
911 936 82 22 tillfälle
1009 939 33 19 att

213 970 40 20 här
274 968 85 22 hemma
379 967 74 21 kunna
475 965 82 22 erhålla
579 970 26 16 en
628 964 138 27 grundligare
789 965 39 21 och
848 971 59 15 mera
921 966 121 27 mångsidig

213 996 174 28 underbyggnad,
407 996 65 20 innan
492 994 26 22 de
533 993 86 27 begifva
634 993 34 27 sig
683 993 123 22 utomlands
822 993 34 22 för
870 994 33 21 sin
919 994 73 22 vidare
1007 996 33 20 ut-

213 1026 102 27 bildning,
339 1026 56 20 samt
417 1024 33 22 för
473 1024 34 21 att
528 1024 71 25 öppna
615 1022 23 20 ät
654 1022 130 21 ätminstone
800 1022 68 27 nägra
883 1022 23 22 af
918 1023 52 22 vära
984 1025 56 20 mest

212 1054 145 23 framstående
377 1054 88 21 artister
485 1050 164 28 stadigvarande
669 1050 88 27 platser,
778 1051 38 22 der
835 1051 27 21 de
876 1051 8 21 i
899 1051 33 22 sin
952 1058 86 16 manna-

213 1084 60 22 ålder
293 1089 61 15 mera
376 1081 144 28 obekymrade
541 1080 74 21 kunna
636 1079 66 22 verka
720 1080 7 20 i
743 1079 39 22 sitt
803 1079 55 22 fack.
887 1080 11 22 I
918 1081 36 21 det
972 1081 66 27 högre

212 1112 105 26 läroverk,
338 1112 37 27 jag
394 1118 29 14 nu
442 1109 92 22 föreslär
552 1110 33 20 att
602 1108 98 27 inrättas,
719 1108 41 22 har
773 1108 38 28 jag
826 1109 63 21 tänkt
903 1109 44 27 mig
962 1109 76 22 ätmin-

212 1144 62 20 stone
289 1141 43 21 fem
347 1140 70 21 lärare
431 1138 50 22 med
496 1137 71 27 skälig
582 1136 99 28 aflöning,
698 1143 27 15 en
739 1136 8 22 i
762 1136 150 28 figurmälning
927 1138 41 21 och
978 1138 58 22 teck-

211 1171 57 26 ning,
285 1176 27 15 en
326 1169 12 21 i
348 1166 213 29 landskapsmälning
576 1166 41 21 och
632 1165 107 27 teckning,
757 1172 26 15 en
799 1166 7 21 i
821 1166 101 28 skulptur
936 1166 41 22 och
992 1174 44 15 mo-

212 1199 109 26 dellering,
345 1204 27 15 en
387 1198 6 20 i
408 1197 68 26 högre
499 1195 51 22 eller
569 1194 147 22 monumental
735 1194 179 28 byggnadskonst
933 1195 40 21 och
988 1202 27 15 en
1030 1196 6 21 i

211 1228 42 21 den
267 1226 102 22 bildande
384 1226 104 21 konstens
503 1224 91 21 historia
609 1223 41 21 och
664 1223 196 27 konsttheorierna,
876 1224 118 27 hvarjemte
1004 1226 32 20 ett

210 1263 39 20 par
271 1255 128 23 biträdande
420 1254 71 21 lärare
514 1252 62 22 torde
599 1252 53 21 böra
667 1252 104 21 anställas
791 1252 3 21 i
809 1258 59 16 mera
887 1253 103 27 speciella
1003 1252 33 23 för

209 1286 133 20 konstnären
356 1283 66 22 likväl
437 1281 136 27 nödvändiga
587 1281 177 27 kunskapsarter.
794 1281 10 21 I
820 1281 78 21 sådant
913 1281 36 22 fall
964 1282 71 22 kunde

210 1314 99 26 anslaget
327 1312 34 22 till
378 1310 202 27 konstföreningens
599 1309 91 22 ritskola
705 1309 7 21 i
727 1310 71 21 denna
813 1310 51 21 stad
878 1310 101 27 indragas
995 1311 40 21 och

210 1349 27 15 en
257 1342 34 21 del
310 1341 23 22 af
351 1342 27 20 de
393 1340 83 27 utgifna
490 1338 198 27 resestipendierna
702 1337 71 23 blefve
788 1338 35 22 väl
839 1338 67 22 också
921 1339 112 27 obehöflig.

209 1371 33 21 De
257 1370 42 21 fem
314 1370 121 26 föreslagne
449 1369 99 20 lärarene
559 1367 70 22 skulle
640 1366 97 21 deremot
747 1366 59 22 bilda
817 1369 32 19 ett
859 1367 97 27 lämpligt
966 1368 67 21 kolle-

210 1400 58 26 gium
288 1398 33 22 för
341 1400 33 19 att
392 1396 178 23 rekommendera
589 1395 99 22 lofvande
706 1395 195 22 konstnärsämnen
917 1395 31 22 till
964 1396 69 22 erhäl-

209 1428 63 21 lande
295 1427 24 21 af
338 1425 168 28 resestipendier
526 1424 34 22 för
582 1424 33 21 sin
638 1423 113 22 artistiska
769 1424 124 27 utveckling
907 1425 7 20 i
929 1425 103 22 konstens

208 1456 132 26 hemländer,
355 1456 73 21 säsom
441 1453 88 22 hittills:
545 1453 116 26 Danmark,
677 1452 116 28 Tyskland,
809 1453 95 28 Belgien,
916 1453 116 24 Frankrike

209 1486 40 21 och
269 1484 83 22 Italien.
381 1485 42 26 Jag
440 1485 89 20 nämner
547 1481 48 22 icke
610 1481 7 21 i
633 1481 60 22 detta
709 1481 153 28 sammanhang
878 1482 87 27 Sverige
981 1483 51 22 eller

209 1513 131 24 Stockholm,
363 1514 38 21 der
422 1511 66 22 likväl
512 1527 8 10 ,
524 1510 49 22 Fria
591 1510 132 22 Konsternas
744 1510 111 22 akademi"
872 1511 8 20 i
894 1511 63 27 långa
977 1511 55 23 tider
