1109 1748
435 106 40 17 Den
489 104 25 19 23
531 106 54 18 Mars,
849 105 40 20 315

92 168 116 23 befordran
228 168 52 21 eller
295 168 55 22 icke.
380 168 50 21 Men
445 169 80 19 väntan
541 168 46 21 blef
601 168 56 22 dock
673 168 66 21 oftast
754 168 33 22 för
802 168 62 27 lång;
880 168 40 22 och

93 197 144 28 adjunkterna
259 196 117 27 nödgades,
401 196 90 22 emedan
506 196 123 22 inkomsten
644 203 38 15 var
697 197 25 21 så
735 196 68 28 ringa,
819 199 34 19 att
868 197 54 21 söka

94 226 33 22 sin
142 226 97 21 utkomst
253 225 29 27 på
297 227 66 20 annat
378 226 50 25 sätt,
445 224 114 28 vanligtvis
576 226 41 22 den
632 226 60 21 tiden
708 226 77 21 endast
793 231 78 21 genom
879 225 42 27 pri-

92 253 197 27 vatundervisning.
319 254 34 22 De
375 254 79 26 drogos
477 254 92 21 sålunda
591 254 46 22 från
661 254 36 22 det
719 254 108 27 egentliga
847 256 74 19 veten-

93 283 100 28 skapliga
207 282 96 27 arbetet;
320 283 26 21 de
361 282 56 22 hade
432 282 68 22 också
514 282 64 28 ingen
593 284 145 26 uppmuntran
749 283 78 21 dertill.
837 294 24 4 —
872 282 50 22 Man

94 315 70 24 säger,
181 312 66 21 dessa
261 318 42 21 nya
318 311 114 28 adjunkter
447 311 62 22 skola
523 311 94 22 föreläsa
632 312 40 21 och
687 312 64 21 sköta
762 312 104 22 examina.
882 310 40 29 Jag

94 341 115 27 misstager
231 340 44 27 mig
289 340 35 22 väl
338 340 54 26 icke,
409 346 34 15 om
457 340 38 27 jag
510 340 89 27 erinrar,
615 342 33 20 att
663 341 37 21 det
715 341 72 22 ålades
803 341 28 21 de
846 340 77 22 fordna

95 370 144 27 adjunkterna
261 370 32 20 att
315 369 47 21 läsa
376 370 79 20 tvenne
471 369 85 21 timmar
571 369 7 21 i
593 369 82 22 veckan
690 370 36 21 vid
741 371 32 20 ett
788 369 90 27 tillfälle,
895 369 28 21 då

96 399 63 21 deras
182 398 36 21 lön
235 397 116 28 förhöjdes.
381 398 50 21 Men
446 397 68 22 saken
530 400 24 19 är
570 398 41 22 den
627 400 32 20 att
675 398 81 22 sådana
771 399 115 27 adjunkter
901 397 22 22 få

94 428 52 26 inga
161 427 99 26 åhörare;
276 426 57 22 blott
349 426 26 22 de
390 426 135 28 professorer
540 427 35 21 vid
589 427 48 21 vårt
651 427 127 22 universitet
792 427 65 23 hafva
872 427 51 22 åhö-

95 463 55 20 rare,
167 456 72 21 hvilka
254 458 37 19 äro
307 456 163 26 examinatorer,
486 455 50 28 inga
551 456 73 21 andra.
647 456 98 22 Orsaken
753 456 72 22 härtill
835 458 24 20 är
867 456 55 26 klar,

95 485 107 27 nemligen
225 486 38 25 att,
286 486 60 20 utom
368 484 208 27 fakultetsexamina,
593 485 182 21 embetsexamina
789 485 72 27 åligga
877 484 45 22 uni-

96 514 119 22 versitetet.
245 513 49 21 Alla
312 513 135 27 jemförelser
470 514 49 21 med
535 514 108 27 Tyskland
659 514 40 21 och
715 514 62 28 tyska
797 514 127 21 universitet

94 543 62 21 halta
167 542 48 28 just
229 542 130 27 härigenom.
389 542 77 22 Denna
481 544 25 20 är
520 543 49 21 vårt
583 543 139 21 universitets
738 543 108 27 egentliga
857 544 67 25 tunga

96 571 97 27 hämsko,
217 578 46 15 som
285 571 88 21 hindrar
392 571 150 22 universitetet
557 573 34 20 att
605 572 7 21 i
627 572 67 26 högre
709 572 53 26 grad
777 571 148 28 upprätthålla

96 600 56 22 både
165 600 57 21 inom
237 600 150 21 universitetet
403 600 40 21 och
458 600 58 21 inom
531 600 75 22 landet
622 601 41 20 den
678 600 162 27 vetenskapliga
855 600 69 21 forsk-

97 629 80 27 ningen
193 630 56 20 samt
264 630 33 20 att
311 629 58 21 hålla
385 629 142 21 studenterne
542 629 33 21 till
591 631 33 20 ett
641 629 106 27 allvarligt
764 629 102 26 studium,
875 629 49 21 icke

97 658 57 21 blott
176 658 35 21 vid
233 658 93 21 lexorna.
356 658 44 21 Det
421 658 36 21 må
473 657 55 22 visst
549 664 58 20 vara,
631 660 34 19 att
679 657 163 28 professorerna
857 657 67 22 delvis

98 687 66 22 också
182 686 59 27 finna
263 687 34 26 sig
319 686 145 27 öfverhopade
480 686 24 22 af
518 687 103 26 examina,
637 687 71 22 såsom
724 687 106 26 anfördes,
848 693 77 21 genom

95 715 135 28 korrigering
252 715 23 22 af
295 715 80 27 scripta
397 715 40 22 och
460 717 67 20 annat
541 722 52 15 mer.
624 716 50 21 Men
690 716 37 21 det
741 718 24 19 är
779 716 83 21 kanske
877 715 48 22 icke

97 745 63 21 värdt
183 746 32 20 att
237 745 74 21 derom
326 744 85 28 mycket
426 744 50 21 tala.
508 745 31 27 Ty
554 745 79 27 många
648 745 95 27 exempel
758 745 75 26 finnas,
850 746 34 20 att
899 751 26 14 en

97 773 111 28 professor
221 773 36 22 vid
271 773 150 22 universitetet
436 773 39 21 har
490 773 32 22 tid
538 773 33 22 för
587 774 67 21 andra
670 774 197 27 sysselsättningar,
884 773 40 22 och

98 802 85 22 således
199 808 35 15 om
249 802 66 22 dessa
329 802 191 27 sysselsättningar
536 803 70 21 skulle
622 804 68 20 sättas
707 803 12 22 å
735 803 53 26 sido,
805 803 40 21 och
856 802 70 21 likaså

98 838 35 15 om
155 831 106 28 styrelsen
284 831 48 22 icke
355 831 70 21 skulle
447 831 26 21 så
495 831 47 22 ofta
557 831 68 28 draga
640 838 26 15 en
682 832 33 21 del
730 831 134 28 professorer
879 831 45 21 från

97 860 146 27 fullgörandet
265 859 23 23 af
307 860 39 22 sitt
367 859 49 27 kall,
441 859 72 23 skulle
537 860 32 22 tid
584 860 33 22 för
633 860 60 22 detta
709 861 59 21 alltid
784 860 64 22 blifva
864 859 61 28 öfrig.

98 889 66 22 Skola
186 889 51 22 flere
260 888 57 22 fasta
339 889 153 27 lärareplatser
514 889 36 22 vid
566 890 151 22 universitetet
731 890 96 25 inrättas,
845 891 24 20 är
884 889 43 21 min

98 918 87 27 mening
207 918 48 26 den,
279 919 32 20 att
326 918 23 21 åt
365 918 64 22 dessa
444 918 72 22 lärare
532 918 131 22 åtminstone
678 919 67 21 borde
760 918 91 28 beviljas
866 918 60 22 löne-

98 947 121 27 förhöjning
243 946 54 22 efter
318 947 58 21 vissa
390 947 113 27 tjensteår,
520 947 33 21 till
569 948 50 21 dess
636 947 27 22 de
678 948 36 21 stå
728 948 35 21 vid
778 954 82 15 samma
876 946 52 22 aflö-

98 976 52 26 ning
173 982 46 15 som
243 976 106 21 ordinarie
364 975 169 27 professorerna.
565 976 70 28 Eljest
649 976 96 22 kommer
760 976 105 27 åtgärden
880 976 48 21 icke

99 1006 33 20 att
146 1004 54 22 bära
214 1004 71 27 någon
301 1004 64 22 frukt.
394 1004 114 22 Huruvida
522 1005 40 21 råd
577 1005 73 21 härtill
665 1004 66 22 finnes
747 1006 33 20 att
795 1004 93 22 anställa
896 1006 32 20 ett

99 1035 71 20 större
193 1033 58 22 antal
275 1033 81 22 sådana
377 1032 143 28 professorer,
544 1034 75 22 derom
641 1034 36 22 vill
690 1034 37 28 jag
742 1034 47 22 icke
804 1035 59 26 yttra
878 1033 49 27 mig.

98 1062 50 22 Men
164 1062 38 22 det
217 1064 24 20 är
256 1068 27 15 en
298 1062 96 27 sanning,
411 1064 33 20 att
460 1062 105 28 anslagen
581 1062 33 22 för
628 1063 48 21 vårt
691 1063 126 22 universitet
831 1062 7 22 i
848 1062 80 22 förhål-

98 1091 63 22 lande
177 1090 32 22 till
221 1090 86 23 landets
323 1091 113 27 tillgångar
451 1093 38 19 äro
507 1092 25 21 så
548 1093 66 24 stora,
631 1093 32 20 att
677 1092 22 21 vi
713 1092 116 26 ingalunda
836 1090 94 23 behöfva

99 1120 76 28 blygas
191 1119 33 22 för
240 1120 26 21 de
282 1120 152 27 uppoffringar,
451 1126 48 16 som
514 1122 65 26 göras
595 1120 33 22 för
636 1121 83 21 landets
728 1120 132 26 universitet,
870 1122 58 24 enär,

99 1148 152 27 afkastningen
273 1148 23 22 af
317 1148 161 23 universitetets
504 1156 55 20 egna
581 1149 76 22 fonder
672 1149 139 26 inberäknad,
829 1148 100 28 anslaget

98 1178 84 26 uppgår
197 1177 32 22 till
244 1180 53 19 nära
312 1184 26 15 en
353 1178 88 25 million,
455 1180 46 20 mot
518 1184 26 16 en
561 1178 152 22 statsinkomst
727 1178 7 22 i
745 1178 107 22 allmänna
863 1179 65 20 stats-

98 1206 85 28 fonden
193 1206 23 22 af
229 1206 66 28 något
311 1206 58 22 öfver
384 1208 131 26 20,000,000
530 1208 67 21 mark.

169 1235 102 27 Önskligt
285 1241 51 16 vore
351 1235 60 27 visst,
423 1237 32 20 att
465 1236 184 22 lärarekrafterna
657 1236 35 21 vid
700 1236 150 21 universitetet
857 1236 72 22 kunde

100 1264 59 26 ökas,
183 1264 41 22 och
243 1264 93 22 ledsamt
357 1264 42 22 kan
423 1265 37 21 det
482 1271 60 21 vara,
567 1266 33 20 att
615 1264 172 28 professionerna
801 1271 29 15 nu
846 1264 41 22 och
904 1265 27 21 då

100 1294 34 20 stå
148 1293 79 27 lediga.
257 1293 50 21 Men
320 1293 38 27 jag
373 1295 51 25 tror,
441 1294 33 21 att
489 1293 76 27 längre
581 1294 43 21 tids
639 1294 98 27 ledighet
751 1294 135 26 uppkommit
894 1300 36 15 en-

100 1322 50 21 dast
173 1322 130 26 derigenom,
327 1324 32 19 att
381 1322 70 27 någon
465 1322 75 22 lärare
554 1322 117 28 plötsligen
689 1322 72 27 afgått,
778 1323 25 21 så
817 1324 34 20 att
865 1322 65 27 ingen

99 1351 39 20 har
161 1350 84 21 kunnat
265 1351 81 21 bereda
364 1351 33 26 sig
411 1352 29 25 på
455 1352 34 20 att
504 1351 67 22 blifva
585 1352 54 21 hans
655 1351 147 26 efterträdare,
819 1351 52 21 eller
885 1353 45 19 rät-

100 1381 53 24 tare,
177 1381 33 19 att
231 1379 42 21 han
295 1379 50 28 sjelf
363 1379 48 22 icke
425 1379 86 22 kunnat
525 1381 132 26 uppmuntra
671 1380 70 27 någon
756 1380 32 21 till
802 1381 33 20 att
851 1379 80 22 bereda

100 1408 32 27 sig
148 1407 73 28 derpå.
251 1408 34 21 Då
301 1408 83 21 emeriti
400 1408 74 27 afgått,
491 1408 66 22 hafva
573 1409 96 21 sökande
685 1409 32 21 till
732 1408 84 27 platsen
830 1408 101 27 vanligen

99 1436 82 22 funnits
205 1436 41 22 och
268 1437 81 22 funnits
373 1437 66 22 redan
459 1437 76 22 såsom
550 1438 106 25 biträden,
673 1438 72 21 såsom
760 1437 108 26 docenter,
884 1437 47 22 före

99 1465 135 28 professorns
257 1465 84 28 afgång.
371 1465 44 22 Det
437 1467 25 20 är
484 1466 131 27 fullkomligt
630 1466 102 27 tillfälligt
747 1467 32 20 att
795 1465 24 21 år
835 1467 55 20 1876
906 1467 25 20 så

99 1495 78 26 många
191 1494 83 27 platser
289 1501 51 15 voro
355 1494 83 27 lediga;
455 1495 70 22 redan
540 1496 8 20 i
563 1496 24 21 år
602 1497 45 20 tror
660 1495 38 27 jag
713 1495 46 28 fyra
773 1493 22 22 af
802 1493 65 22 dessa
874 1495 57 26 plat-

100 1529 35 16 ser
158 1525 37 19 äro
219 1523 47 22 åter
288 1524 93 25 besatta,
398 1523 25 22 så
439 1525 32 20 att
486 1524 179 27 petitionärerna,
682 1524 28 21 då
725 1523 27 22 de
767 1522 107 28 uppgåfvo
890 1524 42 21 den
