1109 1748
407 116 40 18 Den
462 115 27 18 23
505 116 54 18 Mars.
831 116 39 20 301

77 179 49 28 vilja
146 179 27 28 gå
190 179 7 21 i
213 185 25 15 en
255 180 90 21 motsatt
359 178 94 28 riktning
468 181 46 19 mot
531 181 54 19 1872
602 180 34 20 års
652 178 95 22 ständer.
776 178 42 27 Jag
832 179 70 21 håller

77 207 33 23 för
132 209 42 21 den
196 208 57 21 skull
273 207 51 28 före,
341 210 32 20 att
389 208 37 21 det
441 208 48 21 icke
504 214 52 15 vore
572 208 117 22 ständerna
704 206 49 22 fullt
767 207 86 27 värdigt
868 209 34 19 att

78 237 70 22 denna
162 237 57 27 gång
233 236 76 28 afböja
323 236 162 28 propositionen
500 237 8 20 i
524 237 41 21 den
581 237 41 27 del,
638 237 88 21 hvarom
741 236 39 21 här
797 238 23 19 är
833 236 67 27 fråga,

78 265 27 22 då
126 272 49 15 man
198 265 56 22 ändå
273 266 69 22 måste
361 265 63 27 finna,
441 267 32 19 att
489 266 42 21 den
547 266 128 21 omtvistade
691 264 62 22 delen
767 264 50 22 fullt
832 264 69 22 öfver-

78 296 141 20 ensstämmer
233 294 49 22 med
297 295 127 21 ständernas
441 294 57 27 åsigt
514 295 24 21 år
555 296 60 20 1872.
645 294 11 21 I
671 294 37 21 akt
721 294 40 21 och
772 293 86 27 mening
869 295 33 19 att

77 322 33 23 för
125 330 27 16 en
166 323 86 21 framtid
271 322 76 28 aflyfta
361 323 46 21 helt
423 323 40 21 och
478 323 68 21 hållet
562 323 160 27 qvarnskatten,
738 323 39 21 har
792 322 110 22 utskottet

77 352 36 22 vid
136 352 67 22 slutet
225 351 22 22 af
268 352 39 21 sitt
325 352 137 22 betänkande
480 351 83 28 bifogat
578 351 94 28 följande
687 352 110 25 yttrande:
816 351 85 27 ,äfven-

78 387 46 15 som
147 382 33 20 att
202 381 116 21 ständerna
336 381 68 21 måtte
423 381 7 21 i
446 381 39 21 sitt
499 380 149 27 underdåniga
663 386 49 16 svar
727 380 32 22 till
773 380 61 22 Hans
850 380 51 27 Kej-

78 410 79 27 serliga
172 410 102 27 Majestät
289 410 120 26 hemställa,
418 409 107 22 huruvida
540 410 59 21 Hans
610 409 121 27 Kejserliga
740 409 104 27 Majestät
853 409 49 21 icke

78 438 64 22 funne
166 438 46 22 skäl
235 440 33 20 att
287 439 87 27 vidtaga
390 438 37 22 det
441 438 29 27 på
485 438 60 22 Hans
561 438 121 28 Kejserliga
695 438 103 27 Majestät
813 438 88 22 ankom-

78 468 76 21 mande
177 467 92 21 initiativ
291 467 32 21 till
342 467 167 27 gvarnskattens
525 466 171 28 upphäfvande*.
726 467 34 21 Då
775 467 42 21 alla
832 467 69 21 talare

78 498 68 25 yttrat
166 496 149 27 önskligheten
333 496 22 21 af
373 496 167 26 qvarnskattens
556 496 69 21 totala
641 495 118 28 aflyftande
772 496 7 20 i
795 502 26 15 en
837 495 64 21 fram-

79 525 37 26 tid,
133 525 40 21 och
196 525 67 21 ehuru
284 531 25 15 en
326 525 33 21 del
375 524 75 22 afvikit
464 524 48 22 från
527 525 119 21 utskottets
661 524 81 28 förslag
757 524 7 21 i
781 524 70 21 denna
867 524 34 21 del

79 554 110 27 angående
211 555 74 25 sättet,
301 554 25 21 så
348 556 45 19 tror
413 554 37 27 jag
471 554 57 21 dock
542 553 34 22 för
590 554 43 20 min
649 553 34 21 del
699 555 32 19 att
745 559 49 15 man
809 553 50 21 med
874 553 27 21 de

79 582 23 21 af
121 582 43 27 mig
187 583 100 27 upplästa
309 582 111 22 slutorden
442 583 7 21 i
471 583 121 21 utskottets
613 582 136 22 betänkande
767 582 46 21 helt
828 582 74 21 säkert

78 611 96 21 kommer
191 612 33 20 till
240 611 37 22 det
292 612 49 26 mål,
357 612 32 20 dit
404 611 100 27 samtlige
520 611 69 22 talare
605 611 71 28 syftat.
706 611 42 26 Jag
762 612 45 20 tror
823 610 77 27 derför,

79 641 33 20 att
131 640 110 27 ingenting
255 640 78 26 vidare,
349 639 33 22 för
398 640 41 21 den
453 639 106 23 händelse
575 639 122 22 återremiss
711 639 85 22 komme
811 639 7 21 i
833 639 67 27 fråga,

79 669 39 21 bör
136 668 138 23 föreskrifvas
290 669 114 26 utskottet,
421 671 26 19 än
463 670 34 20 att
512 669 51 27 ingå
578 669 7 21 i
601 668 130 27 granskning
746 668 22 21 af
781 668 67 21 andra
862 675 39 20 pa-

78 697 98 27 ragrafen
197 697 40 22 och
260 697 92 22 derefter
367 697 108 22 inkomma
489 698 50 21 med
554 699 48 26 nytt
616 697 87 28 förslag.
733 697 33 21 Då
781 697 119 22 diskussio-

78 733 42 14 nen
141 727 66 21 redan
231 727 82 21 sträckt
335 727 34 26 sig
389 727 31 20 till
436 727 68 21 andra
520 726 132 28 paragrafen,
668 728 52 19 utan
737 727 31 20 att
783 725 119 28 någonting

78 757 77 26 yttrats
176 762 34 15 om
227 755 74 26 första,
318 755 69 22 skulle
405 755 37 28 jag
461 756 57 26 våga
532 755 121 26 hemställa,
669 761 34 15 om
718 755 47 22 icke
781 754 67 22 första
863 761 38 20 pa-

78 784 99 27 ragrafen
191 784 56 22 först
264 783 56 28 finge
339 786 62 25 tagas
420 785 7 21 i
443 783 165 28 öfvervägande,
625 784 40 21 och
681 784 78 26 derest,
775 784 67 27 något
856 785 46 20 mot

78 813 42 21 den
134 819 51 16 vore
203 815 34 20 att
255 813 108 26 anmärka,
383 813 135 27 proposition
538 813 22 22 af
573 813 50 22 herr
637 813 67 21 baron
719 813 40 21 och
775 813 127 21 Landtmar-

78 842 89 21 skalken
189 842 7 21 i
219 842 41 21 den
283 841 90 28 ordning
392 842 136 27 framställas,
548 848 46 15 som
613 841 162 28 paragrafernas
795 847 106 16 nummer-

78 870 52 28 följd
144 871 8 21 i
167 871 146 21 betänkandet
328 871 67 27 gifver
410 871 35 22 vid
461 870 93 22 handen.

148 900 56 21 Herr
219 900 141 21 Snellman:
384 900 41 27 Jag
441 900 97 22 anhåller
553 902 34 19 att
601 900 22 21 få
637 900 74 21 förena
721 899 42 27 mig
773 899 50 22 med
832 905 70 15 reser-

80 930 102 20 vanterne
203 928 49 22 med
275 929 38 21 det
335 928 22 22 af
377 929 49 21 herr
447 935 43 15 von
512 929 119 21 Haartman
654 928 75 28 gjorda
750 928 104 27 tillägget,
870 929 33 20 att

80 957 108 21 utskottet
210 958 69 21 skulle
301 958 99 27 inbjudas
423 957 87 27 föreslå,
529 959 33 20 att
581 958 41 21 den
644 958 78 26 nådiga
740 957 162 27 propositionen

80 986 70 22 skulle
165 986 30 22 bli
211 986 98 27 gällande
324 987 29 26 på
367 986 42 22 fem
425 987 29 26 år,
472 986 53 22 eller
540 986 54 22 intill
609 988 63 20 nästa
684 986 109 27 landtdag.
824 986 78 27 Många

80 1015 47 21 skäl
141 1014 104 28 föreligga
260 1014 33 22 för
307 1017 175 20 reservanternes
498 1015 105 27 yrkande;
619 1015 65 21 bland
699 1017 65 19 annat
778 1014 77 22 främst
870 1016 32 20 att

80 1044 133 27 ångqvarnar
228 1044 66 21 redan
309 1044 68 22 blifvit
392 1044 137 27 beskattade,
546 1044 73 22 såsom
633 1044 40 21 här
688 1044 61 22 ofvan
764 1043 70 22 blifvit
848 1050 54 21 upp-

79 1073 48 27 lyst.
157 1072 96 27 Antages
277 1072 46 22 åter
345 1073 42 21 den
406 1073 80 27 nådiga
507 1072 162 28 propositionen
688 1074 33 20 att
739 1072 57 28 gälla
811 1072 33 22 för
859 1072 43 22 fem

80 1101 29 27 år,
126 1101 24 21 så
165 1107 62 21 synes
243 1101 44 27 mig
302 1102 116 21 ständerna
432 1102 74 21 kunna
521 1101 64 22 hafva
600 1108 26 15 en
637 1100 120 28 tillförlitlig
767 1101 83 22 visshet
860 1107 40 20 om,

80 1132 32 19 att
132 1130 41 22 den
191 1130 140 27 proposition,
347 1136 47 16 som
411 1130 28 22 då
453 1130 87 22 komme
556 1132 33 20 att
603 1130 23 22 af
638 1130 60 22 Hans
713 1130 102 28 Majestät
830 1130 70 26 göras,

79 1159 6 21 i
104 1158 75 28 sjelfva
193 1159 75 21 verket
283 1158 54 22 skall
353 1159 56 27 angå
423 1159 163 27 upphäfvandet
601 1158 23 22 af
637 1159 28 21 all
680 1159 133 27 qvarnskatt.
843 1158 11 21 I
869 1158 33 27 sig

79 1187 50 28 sjelf
142 1190 24 19 är
182 1187 153 27 qvarnskatten
350 1188 117 26 ingalunda
481 1188 67 27 något
564 1188 127 26 otillbörligt
706 1188 58 26 slags
780 1187 66 21 skatt.
871 1187 31 27 Ty

78 1216 234 22 konsumtionsskatter
331 1218 37 20 äro
385 1216 58 22 öfver
458 1216 82 22 hufvud
555 1217 65 27 högst
634 1216 107 27 lämpliga.
771 1216 50 21 Men
836 1216 66 21 likväl

78 1245 68 22 borde
163 1245 35 22 väl
215 1245 40 21 sist
270 1251 27 15 en
311 1245 213 22 konsumtionsskatt
538 1246 75 26 läggas
629 1245 28 27 på
671 1245 86 27 brödet;
781 1244 40 22 och
837 1244 7 22 i
860 1244 42 22 alla

78 1274 115 22 händelser
208 1274 66 22 borde
290 1274 40 22 den
345 1276 121 20 motsvaras
483 1274 23 22 af
520 1280 26 15 en
561 1274 118 27 importtull
694 1274 28 26 på
736 1273 57 28 mjöl.
823 1273 44 22 Det
878 1275 23 19 är

78 1302 74 27 kändt,
168 1304 33 20 att
222 1302 32 22 uti
277 1302 26 22 de
325 1302 63 22 flesta
408 1303 65 27 tyska
493 1305 74 25 stater,
583 1303 83 21 kanske
682 1302 47 27 alla,
746 1302 154 27 qvarnskatten

78 1331 39 21 har
135 1332 104 21 existerat
253 1332 40 21 och
307 1331 55 22 först
376 1332 30 27 på
421 1338 77 16 senare
514 1332 56 21 tider
585 1331 69 22 blifvit
668 1330 102 29 upphäfd.
799 1331 10 21 I
824 1330 77 22 Italien

78 1362 24 19 är
118 1360 40 21 den
173 1360 34 21 för
221 1360 67 27 några
303 1360 24 21 år
342 1360 66 22 sedan
424 1360 81 27 pålagd
516 1360 39 21 och
567 1360 98 27 qvarstår
676 1362 62 24 ännu,
747 1360 25 21 så
781 1361 32 20 att
824 1366 76 20 qvarn-

78 1389 59 21 skatt
158 1389 49 21 icke
229 1391 24 19 är
274 1389 65 27 något
358 1389 109 22 oerhördt.
497 1389 102 21 Faktiskt
618 1391 24 19 är
661 1388 153 27 gvarnskatten
832 1387 8 21 i
854 1388 46 21 vårt

78 1417 49 22 land
150 1417 23 22 af
192 1417 86 28 mycket
299 1417 61 27 ringa
378 1417 114 28 betydelse
507 1417 33 22 för
555 1417 138 22 statsverket.
723 1417 34 21 En
770 1416 94 21 inkomst
879 1415 23 22 af

78 1447 76 25 80,000
177 1446 60 21 mark
259 1446 89 27 betyder
367 1446 83 27 ganska
465 1447 49 20 litet
528 1458 28 3 —
571 1446 40 21 och
627 1445 41 22 den
684 1448 24 19 är
723 1444 66 23 också
804 1443 23 22 af
839 1444 62 27 ringa

77 1474 111 28 betydelse
207 1474 33 22 för
257 1474 187 22 konsumenterne.
477 1475 73 21 Skulle
565 1474 74 27 hvarje
653 1480 79 21 person
747 1474 7 21 i
768 1472 75 22 landet
858 1472 42 22 för-

77 1504 48 20 tära
146 1503 54 22 bröd
222 1502 48 22 utaf
289 1503 126 22 beskattadt
437 1503 59 27 mjöl,
512 1503 26 22 så
560 1505 23 19 är
603 1503 38 21 det
659 1503 84 27 möjligt
761 1502 33 21 att
812 1501 87 22 skatten

78 1531 68 22 skulle
169 1531 72 27 uppgå
262 1531 33 22 för
315 1531 74 27 hvarje
408 1531 91 22 fullväxt
518 1537 79 22 person
613 1531 32 22 till
660 1531 75 22 värdet
751 1529 22 23 af
786 1529 37 22 två
838 1529 14 22 &
866 1532 34 20 tre
