1109 1748
214 111 41 21 348
522 113 39 17 Den
576 111 27 19 27
619 109 59 21 Mars.

183 177 84 25 vernör,
291 176 25 21 så
331 176 105 22 existerar
452 178 56 20 ännu
523 182 82 16 samma
620 175 133 23 förhållande
769 181 46 16 som
830 176 40 21 hos
887 182 35 15 oss
938 175 7 21 i
960 175 51 22 Sve-

183 205 52 27 rige,
252 207 23 25 ty
291 205 66 26 enligt
372 205 79 27 nådiga
466 205 159 21 instruktionen
640 204 33 22 för
687 204 204 28 landshöfdingarne
906 204 7 22 i
924 204 87 27 Sverige

185 234 22 22 af
221 234 42 22 den
280 236 25 19 10
321 234 122 21 November
461 236 53 20 1855
530 234 43 21 kan
588 234 98 21 länsman
701 233 33 22 för
749 233 109 27 tjenstefel
874 233 24 22 af
910 233 101 28 majestä-

183 264 44 20 tets
250 262 233 27 befallningshafvande
506 262 62 22 fällas
585 263 32 21 till
632 263 63 22 böter
710 262 41 22 och
766 263 144 26 suspenderas
926 262 28 28 på
967 262 43 21 viss

184 292 31 20 tid
238 291 47 21 från
301 291 105 27 tjenstens
422 291 122 27 utöfvande,
561 292 40 21 och
617 292 28 21 då
659 291 118 22 förseelsen
794 293 24 19 är
833 291 24 21 af
870 292 40 21 den
927 290 83 23 beskaf-

184 320 75 22 fenhet
281 322 33 19 att
333 320 177 27 landshöfdingen
526 320 48 22 icke
589 320 68 22 finner
671 320 33 27 sig
718 320 74 22 kunna
807 320 64 22 hafva
886 320 32 22 till
933 320 78 22 honom

184 349 130 26 förtroende,
330 348 54 22 ifrån
399 349 94 27 tjensten
510 349 89 22 alldeles
615 349 81 27 skiljas.
727 348 35 22 Då
777 348 156 28 förvaltningen
948 348 23 22 af
980 350 32 20 ett

185 378 22 21 af
220 378 101 21 Finlands
337 377 36 21 län
388 378 57 21 varit
460 378 44 27 mig
519 378 128 22 ombetrodd
662 378 69 21 under
747 384 26 15 en
789 378 31 21 tid
836 377 23 22 af
864 377 46 29 fyra
918 378 29 25 år,
960 377 51 23 eller

183 407 68 26 nägot
272 412 65 20 mera,
353 406 39 22 har
403 406 38 28 jag
457 407 55 21 varit
526 407 7 21 i
549 406 83 22 tillfälle
648 408 33 20 att
695 408 52 26 göra
763 406 43 28 mig
820 408 98 20 närmare
933 406 77 22 förtro-

184 442 40 20 gen
247 435 50 21 med
317 435 144 22 förhällandet
482 435 133 22 heträffande
634 436 216 21 kronolänsmännen.
880 436 72 27 Nägot
974 435 36 21 fall

185 466 32 19 att
241 470 26 16 en
290 464 97 22 länsman
410 464 69 22 skulle
494 464 76 22 behöft
585 464 73 28 skiljas
673 464 47 22 frän
735 465 94 27 tjensten
845 464 95 22 förekom
956 464 54 27 icke,

185 493 40 21 och
248 493 62 21 torde
332 499 59 16 mera
413 493 69 21 sällan
505 493 64 22 hafva
591 493 142 24 förekommit,
753 499 49 15 men
819 493 37 21 det
871 493 69 22 mäste
956 493 54 21 dock

184 521 125 27 medgifvas,
325 523 33 20 att
373 522 83 21 sädana
470 522 36 21 fall
521 522 74 22 kunna
609 522 91 27 inträffa,
710 522 27 21 dä
753 528 26 15 en
795 522 57 27 dylik
868 522 76 27 ätgärd
959 528 51 16 vore

185 550 22 22 af
227 550 102 22 behofvet
351 551 110 27 päkallad;
485 551 40 21 och
547 551 54 21 visst
617 554 24 18 är
663 552 39 24 att,
722 557 35 15 om
773 550 38 22 det
825 551 107 21 allmänna
947 551 63 21 bästa

184 579 86 22 kräfver
292 581 32 19 att
339 586 26 15 en
381 580 93 21 kronans
490 580 135 27 tjensteman,
643 586 26 16 en
684 580 103 26 länsman,
804 580 55 21 skall
874 580 74 28 skiljas
964 579 46 22 frän

185 608 100 27 tjensten,
306 610 133 25 guvernören
455 608 75 26 skulle,
547 610 53 20 utan
616 610 32 20 ett
663 609 39 21 allt
716 608 33 21 för
764 608 61 27 längt
840 609 79 26 gänget
931 609 78 21 undse-

185 637 54 21 ende
263 637 52 21 eller
336 637 229 27 konsiderationsskäl,
581 637 74 22 skrida
676 637 33 22 till
724 639 113 25 strängare
853 637 106 27 ätgärder,
976 643 34 15 om

185 665 37 22 det
244 672 51 15 vore
320 666 77 21 honom
420 667 66 26 öppet
508 666 95 22 lemnadt
625 667 33 20 att
681 665 130 22 öfverlemna
831 666 91 21 ärendet
936 666 32 21 till
984 673 26 14 en

184 694 67 27 högre
275 695 134 27 myndighets
431 694 105 28 pröfning,
561 695 40 22 och
623 695 27 22 dä
665 695 68 21 tillika
748 694 22 22 fä
785 694 120 22 framställa
920 695 27 22 de
962 695 48 21 skäl

184 723 42 21 han
241 723 72 22 kunde
328 723 63 22 hafva
405 723 34 22 för
455 723 40 22 den
511 724 6 21 i
532 723 62 28 fräga
608 723 94 22 varande
710 723 184 28 tjenstemannens
904 723 105 28 skiljande

184 751 46 22 frän
247 752 33 21 sin
295 752 126 27 befattning,
438 753 76 21 medan
531 753 37 22 det
582 753 13 21 &
610 753 67 21 andra
692 753 60 21 sidan
768 759 51 15 vore
835 753 41 20 den
892 753 71 21 säsom
978 752 31 22 fe-

183 780 64 22 lande
271 781 101 22 straffade
388 781 116 27 medgifvet
519 783 33 20 att
567 782 67 21 också
648 781 22 22 få
685 781 101 22 framföra
801 781 47 22 sina
863 781 145 22 urskuldande

183 809 54 22 skäl.
268 810 42 27 Jag
333 812 23 19 är
370 816 51 15 ense
436 810 50 21 med
502 811 107 21 utskottet
625 811 51 26 deri,
692 812 33 19 att
740 810 37 21 det
792 810 122 21 nuvarande
929 810 80 22 förhål-

183 838 73 23 landet
279 838 132 22 beträffande
425 839 152 22 länsmännens
593 839 134 28 afsättlighet
742 839 67 21 måtte
825 839 79 21 ändras
920 839 40 22 och
976 840 34 20 att

183 867 37 23 det
243 868 68 22 måtte
328 865 63 24 blifva
407 867 156 23 öfverlemnadt
578 868 23 22 åt
615 869 134 27 guvernören
765 869 33 21 att
814 867 73 23 derom
902 867 40 23 hos
957 868 51 28 Kej-

185 897 80 27 serliga
287 897 93 21 Senaten
402 896 125 22 framställa.
557 898 62 21 Hvad
643 897 66 22 sedan
725 897 133 21 vidkommer
873 897 40 21 den
929 897 80 21 ekono-

185 926 70 21 miska
273 926 62 21 sidan
351 926 51 21 eller
417 926 150 22 länsmännens
583 926 99 27 aflöning,
699 926 26 21 så
739 928 25 19 är
780 926 41 21 den
836 925 75 28 frågan
926 926 48 22 icke
989 926 22 21 af

185 956 24 20 så
232 955 87 27 ömtålig
334 954 154 28 beskaffenhet,
504 962 49 14 men
569 955 41 21 den
626 958 23 18 är
665 955 56 21 dock
737 961 26 15 en
779 954 92 22 svårlöst
886 954 66 28 fråga,
969 955 40 21 och

185 984 70 21 denna
269 983 66 27 fråga,
349 983 38 28 jag
401 984 40 21 ber
455 983 22 22 få
490 990 97 21 upprepa
603 984 42 26 det,
661 984 40 21 har
715 984 35 21 vid
766 984 42 20 alla
822 984 185 26 löneregleringar,

185 1019 46 15 som
254 1012 101 22 förevarit
373 1012 6 21 i
394 1012 122 28 Kejserliga
531 1013 100 26 Senaten,
647 1013 91 21 kommit
753 1012 68 22 under
836 1012 108 28 pröfning;
960 1019 49 15 men

183 1042 151 21 länsmännens
351 1041 58 21 antal
424 1043 25 19 är
463 1043 48 20 250.
542 1042 33 21 En
590 1042 163 26 lönetillökning
769 1040 22 22 af
805 1042 77 20 endast
899 1043 39 20 100
949 1042 60 21 mark

183 1070 33 22 för
231 1070 72 27 hvarje
319 1070 95 21 länsman
430 1070 69 22 skulle
514 1070 111 22 föranleda
640 1077 26 15 en
675 1070 90 22 stäende
774 1070 152 27 statsutgift
905 1066 21 36 af
931 1072 77 25 25,000

183 1099 66 26 mark,
267 1099 25 21 sä
307 1100 32 20 att
353 1098 66 22 redan
434 1098 63 22 häraf
511 1099 68 28 följer,
595 1101 33 19 att
643 1100 37 21 det
695 1100 48 21 icke
758 1099 56 21 varit
828 1099 83 27 möjligt
921 1099 33 22 för
964 1101 44 25 sty-

183 1128 71 22 relsen
277 1129 33 20 att
330 1127 130 22 tillförsäkra
475 1128 139 22 länsmännen
629 1135 25 15 en
671 1128 25 22 sä
711 1131 47 19 stor
773 1127 94 27 aflöning
882 1134 46 15 som
944 1128 64 21 önsk-

182 1156 40 28 ligt
237 1163 58 15 vore.
325 1156 31 22 Pä
371 1158 45 20 sätt
433 1156 23 22 af
468 1157 109 21 utskottet
584 1156 134 28 framhällits,
727 1157 25 21 sä
760 1158 88 26 utgöres
858 1156 149 22 länsmännens

182 1185 93 27 aflöning
290 1185 35 22 vid
341 1186 104 27 tjenstens
454 1186 139 22 tillträdande
601 1186 23 22 af
631 1188 40 20 800
680 1186 61 21 mark
749 1186 40 21 och
799 1185 42 22 den
848 1184 94 28 förhöjes
954 1185 54 22 efter

181 1214 30 22 tio
228 1214 24 22 är
260 1215 49 21 med
317 1216 42 19 200
367 1214 40 22 och
416 1214 53 22 efter
477 1215 125 27 ytterligare
610 1214 42 22 fem
661 1215 23 21 är
692 1215 49 21 med
749 1216 42 20 200
800 1214 67 26 mark,
876 1214 26 21 sä
910 1216 32 19 att
953 1214 54 22 efter

181 1242 81 22 femton
277 1243 24 21 är
311 1250 27 14 en
345 1243 97 21 länsman
449 1243 43 22 kan
499 1243 64 22 hafva
574 1245 61 25 1,200
643 1244 66 26 mark,
719 1242 109 23 hvarefter
835 1243 118 27 pensionen
964 1243 42 21 kan

180 1272 114 26 beräknas,
311 1278 48 15 men
370 1272 27 21 dä
405 1272 37 21 det
449 1272 40 22 har
496 1272 55 22 varit
560 1272 140 28 otillräckligt
708 1273 40 21 och
757 1272 69 21 tillika
834 1272 7 21 i
850 1271 156 27 öfvervägande

180 1301 96 25 kommit,
293 1303 32 19 att
339 1301 225 21 länsmansdistrikten
575 1304 37 19 äro
621 1302 85 26 mycket
714 1302 64 25 olika,
788 1301 25 21 sä
820 1302 33 20 att
861 1306 26 16 en
895 1300 111 22 länsman
998 1296 12 36 i

179 1330 59 21 vissa
261 1330 93 26 distrikt,
377 1329 124 27 isynnerhet
523 1330 6 21 i
546 1330 26 22 de
591 1330 122 28 nordligare
729 1330 89 22 delarne
834 1328 22 23 af
870 1329 80 27 landet,
966 1330 40 21 har

179 1358 78 22 lättare
274 1360 32 19 att
321 1358 33 21 slå
369 1358 32 27 sig
416 1360 30 24 ut,
463 1361 28 18 än
506 1359 56 21 hvad
577 1358 60 22 fallet
653 1362 24 18 är
691 1360 7 20 i
714 1360 26 21 de
756 1359 71 25 södra,
844 1358 41 21 och
893 1364 48 15 man
949 1358 56 27 isyn-

179 1387 77 22 nerhet
271 1388 72 20 ansett
359 1393 45 15 som
419 1389 69 19 sämst
503 1387 82 22 lottade
601 1387 115 22 distrikten
732 1388 6 21 i
746 1387 96 28 Nylands
850 1387 35 21 län
894 1386 40 22 och
942 1387 64 22 södra

179 1415 63 22 delen
265 1415 23 22 af
308 1416 133 21 Tavastehus
465 1418 56 19 samt
536 1423 27 15 en
579 1416 33 22 del
629 1416 22 22 af
663 1411 47 27 Åbo
725 1417 43 25 län,
785 1416 38 21 der
839 1415 115 22 distrikten
968 1418 37 19 äro

178 1445 47 21 smä
240 1445 41 21 och
297 1444 107 27 allmogen
418 1445 48 21 icke
482 1445 103 22 behöfver
600 1445 24 22 sä
639 1445 86 28 mycket
739 1445 68 22 anlita
821 1445 140 21 länsmannen
972 1443 33 23 för

178 1473 99 22 skrifters
300 1474 151 27 uppsättande,
474 1474 113 22 hvaremot
609 1475 38 20 der
669 1474 45 22 ofta
735 1474 135 22 förekomma
889 1479 67 20 resor,
972 1473 33 22 för

177 1501 73 22 hvilka
264 1502 139 21 länsmannen
417 1503 48 21 icke
481 1503 39 21 har
535 1503 92 22 särskild
643 1503 128 27 ersättning,
787 1509 68 20 resor,
872 1508 46 15 som
933 1501 70 23 föran-

177 1531 62 22 ledas
255 1531 23 22 af
291 1531 225 28 militäringvartering
532 1532 40 21 och
586 1534 66 19 annat
667 1532 74 28 dylikt,
758 1531 25 22 sä
798 1531 40 22 har
854 1531 101 27 Senaten,
971 1531 33 22 för
