1109 1748
407 127 41 18 Den
464 125 27 19 23
508 127 55 17 Mars.
832 128 41 20 337

72 190 118 27 petitionen
206 191 24 20 är
245 190 41 21 den
301 192 33 20 att
348 189 113 22 framhålla
477 190 96 21 ökandet
587 190 23 21 af
619 190 26 22 de
655 189 57 22 fasta
721 190 182 34 lärareplatserna

72 219 35 22 vid
122 218 152 33 universitetet
288 219 73 22 såsom
376 225 27 15 en
419 218 103 27 gagnelig
538 218 77 28 åtgärd
630 219 41 21 och
685 218 70 28 utgift,
773 219 25 21 så
813 220 39 22 ber
864 220 38 28 jag

73 250 32 20 att
119 248 21 22 få
155 248 33 22 för
203 247 43 21 min
262 247 34 21 del
311 247 87 22 förorda
412 247 129 27 petitionen.

141 276 71 22 Sedan
231 276 92 22 sålunda
342 276 43 22 alla
404 276 27 21 de
446 276 142 22 medlemmar
603 276 22 22 af
639 276 93 27 ståndet,
749 283 46 15 som
811 277 91 21 anhållit

73 312 34 15 om
130 306 68 26 ordet,
221 305 81 21 uttalat
325 305 38 27 sig,
382 304 137 22 förklarades
536 305 151 22 diskussionen
702 305 99 28 afslutad,
819 306 40 22 och
875 306 27 22 då

72 334 48 22 icke
139 334 67 27 något
226 333 23 22 af
266 334 26 21 de
309 334 106 21 derunder
429 333 138 22 framställda
583 334 174 22 amendementer
770 335 77 21 vunnit
863 342 39 14 un-

73 363 95 27 derstöd,
185 363 68 27 ansåg
268 363 33 27 sig
315 362 50 22 herr
381 362 210 22 Landtmarskalken
606 363 73 22 kunna
693 363 32 21 till
735 364 87 22 ståndet
833 364 69 22 öfver-

72 392 70 21 lemna
163 391 77 22 endast
259 398 27 15 en
306 391 61 22 enkel
382 391 143 28 proposition,
541 392 92 27 lydande
647 392 29 28 på
690 392 158 23 betänkandets
864 400 38 14 an-

72 421 94 27 tagande
182 420 51 22 eller
248 420 144 27 förkastande,
408 420 120 27 nemligen:

142 450 60 26 »Den
217 455 47 15 som
274 449 123 27 godkänner
407 449 116 21 Allmänna
532 449 214 22 Besvärsutskottets
757 450 143 28 betänkande,

73 478 111 28 angående
199 478 100 22 förökadt
314 478 58 21 antal
387 478 72 22 lärare
474 478 37 22 vid
526 478 157 26 universitetet,
699 485 74 15 svarar
785 479 32 27 ja;

141 508 74 21 vinner
238 507 41 27 nej,
302 507 83 22 lemnas
407 507 162 22 betänkandets
592 507 184 28 petitionsförslag
799 510 52 20 utan
871 508 30 22 af-

74 536 100 22 seende".

143 564 32 22 På
188 564 96 28 begäran
299 564 117 22 anställdes
433 564 135 28 omröstning
583 570 34 16 om
631 565 69 21 denna
709 565 141 28 proposition,
861 566 41 22 och

75 594 27 21 då
118 594 125 21 densamma
257 593 62 22 utföll
333 594 50 21 med
398 594 27 21 36
439 594 24 27 ja
478 595 47 20 mot
540 595 27 21 23
582 593 41 28 nej,
637 600 39 16 var
686 594 84 22 således
780 595 121 21 utskottets

73 622 137 22 betänkande
225 621 23 22 af
261 622 86 22 ståndet
362 621 119 28 godkändt.

141 679 51 22 Med
212 686 27 15 en
254 679 84 22 erinran
353 679 74 22 derom
443 681 33 20 att
491 679 28 22 de
534 681 34 21 tre
583 680 86 26 veckor,
684 681 29 27 på
727 680 73 22 hvilka
815 681 87 22 ståndet

74 709 96 21 beslutat
190 708 119 28 bordlägga
330 708 76 28 frågan
429 715 35 16 om
479 709 114 27 tryckning
611 708 23 22 af
647 709 98 22 ståndets
760 710 140 27 protokoller,

74 737 142 28 tilländagått,
231 737 50 22 ville
296 738 49 21 herr
360 737 209 22 Landtmarskalken
579 737 33 22 till
623 738 98 22 ståndets
730 738 132 28 behandling
872 745 29 15 nu

75 766 128 23 öfverlemna
218 766 70 22 denna
301 766 67 28 fråga.

143 795 72 22 Sedan
233 795 90 22 friherre
340 801 41 16 von
396 795 73 22 Troil
487 795 21 22 S.
524 795 33 22 W.
573 795 88 28 upplyst
676 797 33 20 att
723 795 175 28 Statsutskottet,

74 823 50 23 med
139 823 114 28 anledning
269 823 22 22 af
304 831 27 15 en
346 824 74 22 derom
436 823 24 22 af
469 824 186 27 Borgareståndet
665 824 60 28 gjord
735 813 163 40 framställning,

74 853 84 22 komme
174 855 33 20 att
221 853 33 21 till
269 853 92 22 stånden
376 852 78 28 afgifva
469 853 138 22 betänkande
623 859 34 16 om
673 853 111 28 tryckning
799 853 22 23 af
833 856 66 20 samt-

74 882 44 27 liga
136 882 101 22 ståndens
253 882 132 28 protokoller
399 882 69 22 under
482 882 144 22 innevarande
641 882 109 28 landtdag,
765 882 83 22 hvilket
862 884 37 21 be-

74 911 109 22 tänkande
201 910 34 23 för
253 911 132 22 närvarande
404 918 39 15 var
460 911 70 22 under
544 911 118 28 tryckning,
677 911 86 22 hvarför
777 912 123 27 lämpligast

74 946 51 16 vore
141 942 32 20 ett
187 940 71 22 lemna
273 940 40 22 den
328 947 29 14 nu
371 939 148 28 föreliggande
533 939 75 28 frågan
621 940 113 27 beroende,
745 940 34 22 för
789 942 33 20 att
831 940 69 22 hand-

74 969 74 27 läggas
171 969 7 21 i
198 969 153 27 sammanhang
369 968 49 22 med
442 968 181 22 Statsutskottets
646 969 136 22 betänkande
796 968 7 22 i
818 976 83 15 samma

75 999 68 25 ämne,
166 998 71 21 beslöt
256 998 159 27 Ridderskapet
435 997 40 22 och
490 997 75 27 Adeln,
574 998 29 27 på
617 997 50 22 herr
681 998 221 22 Landtmarskalkens

74 1026 162 28 framställning,
249 1028 32 20 att
295 1026 70 22 lemna
379 1026 76 28 frågan
471 1032 35 16 om
521 1026 140 28 tryckningen
677 1026 22 22 af
712 1026 99 23 ståndets
826 1028 75 26 proto-

72 1055 44 22 koll
130 1056 114 26 beroende,
260 1056 83 22 tilldess
359 1056 37 22 det
409 1055 119 23 omordade
537 1056 148 22 betänkandet
695 1054 46 23 från
753 1055 149 23 Statsutskot-

73 1085 34 21 tet
121 1084 121 22 inkommit.

141 1140 55 23 Från
211 1140 113 24 utskotten
338 1141 57 23 hade
410 1141 114 23 inkommit
538 1141 41 23 och
594 1141 116 23 bordlades
725 1142 34 22 till
769 1143 64 21 nästa
843 1148 58 16 sam-

74 1170 118 22 manträde:

142 1198 241 23 Riddarhusutskottets
404 1198 137 24 betänkande
561 1199 7 22 i
586 1199 114 28 anledning
719 1199 23 22 af
755 1199 146 23 Ständerhus-

75 1228 119 22 utskottets
209 1228 155 28 framställning
379 1233 35 17 om
427 1228 159 22 Riddarhusets
597 1228 127 22 afträdande
734 1228 33 22 till
778 1235 27 15 en
815 1234 90 22 gemen-

75 1263 47 16 sam
136 1256 234 28 ständerhuskomplex,

143 1284 114 24 Allmänna
277 1285 215 23 Besvärsutskottets
514 1286 139 22 betänkande
674 1286 49 22 med
746 1286 119 27 anledning
883 1285 23 22 af

76 1314 70 22 skilda
159 1314 58 22 inom
231 1315 86 22 Preste-
332 1314 41 22 och
387 1314 170 23 Bondeständen
566 1315 79 23 väckta
654 1315 162 28 petitioner+om
825 1315 79 21 krono-

74 1343 151 23 länsmännens
241 1343 101 27 ställning
356 1350 27 15 m.
398 1350 35 20 m.,
449 1344 42 22 och

144 1371 224 23 Ekonomiutskottets
391 1360 139 35 betänkande
549 1372 50 23 med
619 1372 117 27 anledning
755 1372 22 22 af
795 1373 32 21 ett
846 1371 59 22 inom

76 1400 163 23 Bondeständet
258 1401 65 22 väckt
339 1401 216 27 petitionsmemoria!
571 1401 92 22 rörande
679 1401 109 22 särskilda
803 1400 102 27 åtgärder

76 1429 134 23 beträffande
224 1429 222 30 kronoskogsmarker
461 1430 41 22 och
517 1430 119 27 kronotorp
651 1431 58 21 inom
725 1431 116 21 desamma.

146 1487 173 24 Sammanträdet
334 1487 55 22 slöts
404 1487 55 22 härä
473 1487 29 22 kl.
520 1488 52 25 1/,
562 1477 14 42 9
589 1487 178 28 eftermiddagen.

650 1522 22 18 In
684 1521 65 19 fidem:

571 1545 71 23 Victor
657 1546 25 21 de
697 1545 20 22 la
735 1543 102 28 Chapelle.

817 1586 29 17 22:
