1109 1748
426 114 41 17 Den
483 112 28 18 27
526 113 55 18 Mars.
841 114 41 20 343

85 176 94 23 oerfaret
192 176 55 27 folk;
263 182 48 16 man
325 177 40 21 har
381 177 44 21 sett
441 176 80 21 sådant
535 176 86 22 inträffa
636 176 29 28 på
681 176 66 22 andra
758 176 102 22 områden
870 178 41 22 och

84 208 60 20 stora
159 205 139 27 olägenheter
313 204 62 23 deraf
388 205 137 27 uppkomma.
556 204 42 28 Jag
613 204 70 22 skulle
692 204 83 22 derföre
783 204 81 23 föreslå
871 208 39 25 att,

84 235 35 22 vid
133 235 79 22 sådant
226 233 139 27 förhållande,
382 240 26 15 en
422 234 153 21 länsmannens
589 233 83 23 förman
688 234 69 22 skulle
772 240 52 16 vara
838 234 73 22 berät-

84 264 60 27 tigad
166 264 39 25 att,
229 262 67 22 sedan
311 263 140 21 länsmannen
467 262 94 28 uppnått
576 269 26 15 en
617 262 44 22 viss
677 262 66 27 ålder,
758 262 23 22 få
795 262 56 22 efter
866 270 45 15 om-

84 292 177 27 ständigheterna
288 291 87 23 förorda
403 291 80 22 honom
507 291 33 21 till
565 291 125 23 erhållande
715 291 23 22 af
760 291 78 22 afsked
862 293 49 21 med

84 321 98 27 pension.

152 350 42 26 Jag
216 348 98 28 öfvergår
335 356 29 14 nu
384 348 33 22 till
436 348 42 22 den
495 348 140 22 ekonomiska
650 348 62 22 sidan
727 348 23 22 af
763 349 75 22 saken.
868 350 43 21 För

84 378 105 28 tjugufem
207 378 24 21 år
246 378 89 22 tillbaka
349 378 100 27 utgjorde
465 378 152 21 länsmannens
632 377 106 23 kontanta
753 378 36 22 lön
805 378 53 22 eller
873 378 38 22 det

84 408 81 26 anslag,
182 412 47 16 som
243 407 42 21 han
300 406 46 22 från
362 407 133 21 statsverket
511 406 73 27 erhöll,
603 408 39 20 150
657 406 62 22 rubel
735 407 39 21 och
790 407 121 23 emellertid

84 436 50 22 stod
148 436 43 21 han
206 436 33 27 sig
255 436 28 21 då
296 436 71 21 bättre
383 438 27 18 än
425 436 43 20 han
483 442 30 14 nu
528 436 39 26 gör
582 436 37 20 det
633 435 50 21 med
697 442 59 15 mera
763 437 28 20 än
800 436 37 22 det
845 436 66 22 dubla

84 464 93 22 härutaf.
206 464 33 22 De
254 464 100 28 stegrade
369 463 233 23 lefnadskostnaderna
617 464 41 22 och
672 464 154 22 bortfallandet
840 465 24 22 af
876 472 34 15 er-

84 494 124 26 sättningen
222 493 34 22 för
270 493 143 27 förseglingen
429 492 22 22 af
465 493 214 27 bränvinspannorna
693 492 64 23 hafva
771 494 68 21 vållat
849 494 61 22 detta

83 522 186 27 beklagansvärda
291 522 139 27 förhållande,
453 521 35 22 för
508 523 34 20 att
564 522 48 21 icke
633 522 45 21 tala
693 528 34 15 om
742 523 33 20 att
789 522 8 21 i
813 522 26 22 de
854 528 18 16 s.
888 523 20 21 k.

84 552 62 26 goda,
162 551 71 27 gamla
254 551 84 21 tiderna
352 551 71 21 kunde
438 550 142 22 länsmannen
594 550 59 22 hålla
668 557 26 15 en
710 550 51 22 eller
775 551 38 21 två
827 551 81 27 hästar,

83 582 53 19 utan
158 581 33 20 att
214 580 37 22 det
265 580 92 22 kostade
371 580 80 21 honom
466 580 125 26 någonting.
622 579 137 22 Sistnämnde
774 578 135 24 förhållande

82 608 40 22 har
144 615 89 15 numera
253 608 94 27 upphört
365 608 42 21 och
422 608 25 21 så
462 608 35 22 väl
512 608 43 21 kan
569 608 38 21 det
621 614 58 15 vara.
709 608 103 21 Deremot
827 610 24 19 är
866 608 43 22 för-

83 637 72 22 lusten
171 636 22 23 af
206 637 146 27 ersättningen
367 637 33 22 för
414 637 225 27 bränvinspannornas
655 636 117 28 försegling
780 637 84 26 ganska
871 644 37 15 an-

84 666 74 27 senlig.
190 665 29 22 Så
233 666 46 21 vidt
298 666 37 27 jag
354 666 42 21 kan
411 666 72 21 erinra
498 666 50 27 mig,
564 665 100 28 utgjorde
680 665 123 22 densamma
817 665 8 22 i
841 667 32 20 ett
888 666 23 22 af

84 695 26 22 de
126 696 69 21 större
211 694 120 27 distrikten,
346 694 101 28 Kalajoki
462 695 7 21 i
484 695 122 26 Uleåborgs
621 695 42 26 län,
679 695 41 20 200
735 695 62 21 rubel
805 700 35 16 om
850 695 58 26 året;

84 724 31 21 uti
134 723 104 28 Helsinge
254 723 87 22 distrikt
356 723 23 22 af
391 723 96 28 Nylands
501 723 36 22 län
552 725 16 20 t.
585 729 18 16 o.
619 730 27 15 m.
662 725 41 20 300
713 723 67 27 rubel,
790 723 52 22 eller
851 729 57 22 myc-

83 753 39 21 ket
135 759 46 15 mer
196 754 27 20 än
238 752 69 28 lönen,
322 763 29 5 —
366 752 41 21 och
423 752 62 22 detta
499 751 33 22 för
548 753 33 21 ett
595 752 78 27 tjorton
689 752 77 27 dagars
777 752 83 22 besvär.
875 753 33 22 De

84 781 68 27 öfriga
175 781 126 27 sportlarne,
324 787 47 16 som
393 787 27 16 en
435 781 97 21 länsman
547 781 46 26 har,
610 783 38 20 äro
664 781 129 27 obetydliga,
809 787 34 16 om
858 788 50 15 man

83 810 126 21 frånräknar
226 809 107 28 tillfälliga
349 809 88 22 andelar
451 809 34 22 uti
499 810 64 21 böter
577 809 34 22 för
625 809 150 22 bränvinsmål.
805 809 51 22 Med
870 811 37 21 be-

83 839 112 27 hjertande
217 838 24 22 af
256 839 64 22 dessa
335 839 112 22 ömmande
462 838 186 27 omständigheter
663 839 38 21 har
715 838 86 22 landets
816 839 92 27 styrelse

84 868 56 27 gång
161 868 28 26 på
212 867 56 28 gång
291 867 92 27 anslagit
401 867 111 27 åtskilliga
527 867 94 22 tillskott
635 867 33 22 till
682 867 151 22 länsmännens
848 867 59 23 löne-

83 896 113 27 förmåner,
213 897 46 21 dels
274 897 69 21 under
356 896 158 27 benämningen
530 896 22 22 af
564 896 126 27 resemedel,
707 896 45 22 dels
769 896 72 22 såsom
848 897 60 22 löne-

83 925 130 27 förbättring
228 926 53 21 eller
295 925 119 27 ersättning
429 925 34 22 för
477 924 63 22 hafdt
554 925 79 22 besvär
646 926 49 21 med
711 924 165 28 efterspanande
887 926 23 22 af

84 954 128 27 lönkrögare
235 954 40 22 och
297 954 162 22 lönbrännerier
478 954 41 22 och
534 954 102 27 slutligen
651 960 76 21 genom
743 960 27 16 en
785 954 123 22 lönetillök-

84 983 50 27 ning
150 982 23 22 af
186 984 41 20 200
242 983 60 21 mark
318 982 54 22 efter
386 983 31 21 tio
433 982 41 22 och
489 983 125 27 ytterligare
630 984 41 20 200
686 983 61 21 mark
763 982 54 22 efter
826 982 82 23 femton

85 1012 34 21 års
142 1012 73 27 tjenst.
246 1012 95 21 Sålunda
363 1012 72 27 uppgå
457 1012 221 21 kronolänsmännens
694 1012 6 21 i
715 1011 95 28 Nylands
825 1012 37 21 län
876 1012 32 22 in-

84 1041 96 21 komster
202 1040 47 22 från
271 1040 130 22 statsverket
424 1040 33 22 för
472 1040 140 27 närvarande,
628 1040 133 22 oberäknadt
777 1040 41 22 den
833 1047 74 21 perso-

84 1069 56 22 nella
161 1068 199 29 löneförhöjningen
381 1069 34 22 för
436 1069 112 27 tjensteår,
571 1069 33 21 till
627 1069 96 27 omkring
740 1070 61 26 1,300
817 1069 12 21 &
846 1072 62 24 1,500

84 1098 60 22 mark
167 1098 89 26 årligen.
286 1098 43 22 Det
350 1098 105 22 erkännes
478 1098 69 27 villigt
567 1100 32 19 att
615 1098 60 22 detta
689 1098 28 27 på
731 1098 61 26 långt
806 1100 40 19 när
860 1098 48 22 icke

84 1129 24 19 är
123 1126 124 27 tillräckligt
263 1127 39 21 och
317 1128 34 20 att
365 1127 66 27 något
445 1127 7 21 i
468 1127 68 21 saken
550 1128 69 20 måste
634 1128 63 26 göras
713 1127 41 21 och
769 1128 64 25 göras
841 1130 66 19 snart.

84 1156 41 26 Jag
140 1155 68 22 skulle
223 1155 34 22 för
271 1156 43 21 min
330 1156 35 21 del
379 1162 53 15 anse
447 1157 34 20 att
495 1156 110 22 utskottet
619 1158 54 19 nära
687 1162 42 20 nog
739 1154 73 22 träffat
819 1154 38 23 det
864 1156 44 21 rik-

84 1184 50 28 tiga,
158 1184 29 22 då
208 1184 37 22 det
267 1184 111 28 föreslagit
393 1186 33 20 att
440 1184 153 22 länsmännens
608 1184 61 22 löner
684 1184 69 22 skulle
767 1183 93 29 förhöjas
876 1185 32 22 till

84 1215 63 25 2,000
161 1213 68 26 mark,
245 1214 133 21 oberäknadt
392 1214 128 21 resemedel.

152 1242 42 22 För
209 1243 32 20 att
256 1242 149 22 åstadkomma
420 1242 27 22 de
463 1244 93 24 200,000
571 1242 68 26 mark,
657 1248 46 15 som
717 1241 34 22 för
766 1242 61 21 detta
842 1242 65 22 ända-

84 1271 42 21 mål
148 1270 70 22 skulle
240 1270 109 27 behöfvas,
373 1270 75 28 tyckes
471 1271 109 21 utskottet
594 1270 64 22 hafva
672 1271 75 21 tvekat
761 1270 86 28 mycket
861 1272 49 22 litet

84 1301 32 20 att
130 1299 81 22 föreslå
225 1299 263 28 kronofogdetjensternes
504 1300 134 27 indragvping.
661 1299 42 27 Jag
711 1299 118 27 medgifver
836 1306 72 22 gerna,

84 1330 33 20 att
138 1334 49 16 man
210 1334 77 22 genom
309 1334 33 21 en,
366 1328 64 22 äfven
453 1328 63 28 eljest
537 1328 34 22 för
586 1328 129 22 ärendernas
732 1328 106 22 snabbare
853 1330 57 26 gång

85 1357 119 26 önskvärd,
215 1356 124 28 förändring
360 1357 7 21 i
391 1356 176 28 skriftvexlingen
588 1357 37 22 vid
645 1357 180 28 länestyrelserna
840 1358 69 22 skulle

83 1385 73 22 kunna
171 1385 90 22 umbära
275 1385 172 28 kronofogdarne
462 1386 8 21 i
484 1386 79 27 många
577 1385 43 27 fall,
637 1385 38 22 der
690 1385 27 22 de
731 1392 30 15 nu
776 1385 83 27 anlitas,
869 1387 41 22 och

84 1416 33 20 att
128 1415 79 27 jemväl
223 1421 26 15 en
264 1414 34 22 del
313 1414 160 27 polisgöromål,
489 1421 47 15 som
551 1414 28 22 de
593 1421 30 15 nu
638 1415 69 26 sköta,
722 1414 72 22 kunde
809 1414 29 27 på
852 1415 58 22 läns-

84 1445 92 20 männen
198 1443 124 22 öfverföras.
352 1443 42 27 Jag
409 1449 64 16 anser
489 1443 68 22 också
571 1443 28 22 de
614 1442 23 23 af
650 1445 169 24 reservanterne,
835 1443 75 24 herrar

84 1472 159 21 Nordenskiöld
265 1472 40 21 och
328 1472 60 25 Rein,
405 1471 90 22 anförda
509 1471 68 23 motiv
592 1478 51 15 vara
657 1471 23 22 af
693 1471 157 27 öfvervägande
864 1473 46 28 vigt

84 1501 93 21 allenast
198 1501 8 20 i
228 1501 27 21 de
273 1507 70 20 norra,
358 1500 135 23 vidsträckta
508 1501 70 26 länen,
594 1501 111 22 hvaremot
719 1501 8 21 i
743 1500 64 22 södra
820 1500 90 23 Finland

85 1536 26 15 en
133 1531 107 26 guvernör
254 1529 68 22 borde
337 1529 74 22 kunna
426 1529 136 22 omedelbart
576 1529 58 22 hålla
649 1531 84 26 ögonen
748 1529 29 27 på
791 1528 48 23 sina
853 1531 57 22 läns-
