1109 1748
231 110 28 20 32
528 111 40 18 Den
584 109 12 19 2
613 111 92 18 Febrnari.

199 174 84 25 remiss,
299 173 30 28 pä
344 174 37 21 det
396 173 172 22 Statsutskottet
583 174 7 21 i
606 174 33 22 tid
653 175 36 21 mä
708 175 74 21 kunna
801 176 88 27 vidtaga
906 176 49 21 med
970 176 62 22 arbe-

200 206 51 18 tena
266 203 7 21 i
290 203 70 21 denna
375 202 67 28 fräga.

270 232 72 21 Sedan
357 231 50 22 herr
423 231 175 27 Gripenberg
619 232 61 22 äfven
700 232 83 22 biträdt
804 233 61 22 detta
885 233 89 22 friherre
990 240 41 15 von

199 261 71 22 Troils
288 260 87 28 förslag,

269 290 73 21 beslöt
361 289 88 21 ständet
468 289 29 27 pä
520 288 158 29 framställning
701 290 22 22 af
742 290 51 22 herr
815 290 215 28 Landtmarskalken,

200 321 33 20 att
248 320 79 26 antaga
341 318 90 22 friherre
447 324 41 16 von
504 318 69 22 Troils
589 318 86 28 förslag,
692 321 33 19 att
739 326 78 20 genom
832 320 200 27 protokollsutdrag

200 348 89 28 inbjuda
303 347 150 26 medständen,
470 348 33 20 att
517 346 76 22 förena
612 348 33 26 sig
661 354 34 15 om
711 348 100 22 ständets
832 355 49 21 nyss
897 349 81 22 fattade
994 349 37 21 be-

200 378 45 20 slut
260 376 111 28 angäende
386 376 77 22 remiss
479 374 23 22 af
514 376 162 27 propositionen
692 376 40 23 N:o
749 378 34 20 26.

269 434 56 22 Herr
340 433 208 22 Landtmarskalken
563 434 136 27 uppmanade
713 434 102 28 slutligen
827 435 98 22 ständets
941 436 89 25 valmän,

201 466 52 19 enär
269 464 37 20 det
320 469 51 15 vore
387 462 68 22 kändt
468 464 33 20 att
510 462 167 22 Presteständet
693 463 62 22 äfven
770 463 66 23 fattat
845 464 73 22 beslut
934 470 33 16 om
978 464 52 22 ned-

200 492 101 22 sättande
317 491 23 21 af
353 493 32 20 ett
401 491 103 22 särskildt
519 492 198 27 Jernvägsutskott,
730 492 41 22 och
787 493 37 21 det
833 500 51 15 vore
900 495 33 20 att
948 492 82 22 förutse

200 523 33 20 att
245 520 80 28 jemväl
345 520 131 22 ätminstone
498 520 67 27 nägot
587 520 24 22 af
631 521 26 21 de
681 520 68 28 öfriga
772 522 91 22 ständen
886 522 69 22 skulle
976 522 54 22 fatta

201 550 113 22 enahanda
328 549 79 27 beslut,
423 550 33 20 att
475 549 75 21 skrida
565 549 32 21 till
613 550 33 21 val
663 550 22 21 af
698 550 46 28 fyra
759 550 120 22 ledamöter
894 551 7 21 i
916 551 115 27 Jernvägs-

200 580 109 20 utskottet
325 580 56 20 samt
397 578 136 27 erforderligt
548 578 59 22 antal
623 578 146 28 suppleanter.

268 608 59 21 Derä
342 607 86 27 plenum
444 606 76 22 afslöts
535 607 92 22 klockan
645 610 25 19 12
687 608 40 21 och
743 610 27 19 45
787 608 93 22 minuter
896 608 54 22 efter
967 609 63 21 midd.

831 654 21 17 In
864 653 64 19 fidem:

730 682 71 22 Victor
817 683 25 21 de
858 683 21 21 la
896 683 105 29 Chapelle.

336 786 45 24 Den
398 786 15 23 6
430 785 106 26 Februari
553 787 96 23 klockan
666 787 15 23 I!
697 786 52 24 före
767 786 125 30 middagen.

268 845 41 22 Till
322 845 108 27 justering
445 845 113 27 upplästes
574 845 41 22 och
631 845 125 28 godkändes
767 847 52 20 utan
830 845 141 28 anmärkning
981 853 49 20 pro-

199 874 160 28 tokollsutdrag
374 873 59 23 öfver
448 874 100 22 ständets
563 874 87 28 plenum
667 874 41 22 den
723 876 12 20 2
753 874 89 22 dennes.

267 904 58 21 Herr
339 903 209 22 Landtmarskalken
563 903 144 27 tillkännagaf
719 905 34 20 att
766 903 73 27 grefve
854 904 89 22 Fredrik
959 904 71 28 Georg

198 933 91 27 Magnus
305 932 57 27 Berg
378 932 109 22 äterställt
503 932 41 22 den
563 932 24 22 af
603 932 79 22 honom
701 934 92 25 uttagna
811 932 84 28 pollett,
920 934 56 20 samt
998 935 32 19 att

197 962 104 26 polletter
314 961 69 22 blifvit
398 963 91 25 uttagne
504 960 33 22 för
552 960 93 29 följande
663 962 67 21 ätter:

228 990 95 26 Grefliga
338 992 60 20 ätten
413 990 40 22 N:o
477 992 22 19 11
522 990 63 27 Berg,
606 996 77 22 genom
703 990 121 28 fullmäktig
844 990 72 27 grefve
934 990 96 28 Armfelt,

542 1019 91 21 Mauritz
649 1019 118 27 Wladimir,
783 1026 24 15 w.
823 1020 101 26 statsräd,

226 1048 100 22 Friherrl.
343 1050 60 20 ätten
417 1048 41 22 N:o
475 1050 12 19 6
504 1048 150 27 Cedercreutz,
672 1048 24 22 af
708 1048 91 22 friherre
819 1048 53 22 Axel
888 1048 88 22 Fredrik
993 1048 37 22 Ni-

542 1077 84 25 kolaus,
642 1077 157 27 possessionat,

271 1123 10 9 »”
358 1122 10 10 »
409 1106 40 22 N:o
466 1107 25 21 21
508 1106 86 27 Munck,
611 1106 24 21 af
645 1105 90 23 friherre
745 1105 87 22 Nikolai
844 1105 66 23 Adolf
917 1106 113 26 Reinhold,

542 1135 157 27 civil-ingenör,
715 1136 58 21 samt
787 1134 34 22 för

228 1164 78 27 Adliga
328 1165 61 20 ätten
404 1164 40 21 N:o
462 1165 40 20 177
518 1164 119 26 Edelheim,
649 1170 77 21 genom
741 1163 124 27 fullmäktig
880 1162 23 22 af
915 1163 115 28 Forselles,

542 1192 100 22 Theodor
657 1192 67 27 Ulrik,
741 1191 194 29 öfverstelöjtnant.

266 1221 103 23 Ständets
385 1221 110 21 elektorer
512 1221 57 22 hade
589 1221 101 22 aflemnat
709 1221 88 22 vallista
816 1220 59 23 öfver
894 1221 27 21 de
942 1220 22 22 af
981 1221 47 21 dem

196 1250 133 22 verkställda
343 1250 35 22 val
393 1250 33 21 till
443 1256 26 16 en
487 1250 97 22 ledamot
599 1250 7 21 i
621 1250 236 22 Riddarhusutskottet
877 1251 56 20 samt
953 1250 32 21 till
1000 1250 30 22 le-

197 1279 97 21 damöter
309 1279 40 21 och
365 1279 141 27 suppleanter
520 1279 7 21 i
542 1279 224 27 Jernvägsutskottet,
783 1278 41 22 och
839 1279 57 21 hade
912 1279 67 27 sagda
996 1279 33 21 val

196 1308 26 21 sä
237 1307 86 27 utfallit,
338 1309 33 20 att
386 1308 93 22 utsedde
494 1307 71 22 blifvit

405 1364 34 22 till
453 1364 91 22 ledamot
560 1366 8 19 i
583 1365 239 21 Riddarhusutskottet:

332 1405 57 22 Herr
403 1405 96 27 Taube,
516 1405 70 22 Johan
603 1405 112 22 Reinhold.

397 1463 33 21 till
447 1463 115 21 ledamöter
576 1463 10 21 i
599 1463 226 29 Jernvägsutskottet:

330 1503 57 22 Herr
401 1503 203 28 Wasastjerna,
621 1504 68 22 Evert
704 1503 104 26 Edelfrid,

357 1549 9 10 »
405 1533 241 26 Standertskiöld,
663 1533 27 21 H.
708 1533 48 21 Carl
774 1532 80 22 Gustaf
867 1533 25 21 A.
