1109 1748
236 106 41 19 174
552 108 40 16 Den
609 106 11 18 6
636 107 54 17 Mars.

205 170 28 26 på
256 170 41 21 den
320 170 69 27 grund
409 176 63 15 anser
485 170 38 27 jag
538 170 38 22 det
592 170 23 21 af
627 170 51 22 herr
693 170 125 27 Lagerborg
833 170 40 21 och
888 169 88 22 friherre
992 176 41 16 von

205 199 58 21 Troil
279 198 124 28 föreslagna
417 199 77 27 tillägg
509 199 47 21 icke
572 199 54 21 böra
641 199 160 27 ifrågakomma.
831 199 57 21 Herr
898 198 134 27 Lagerborgs

204 228 100 27 yttrande
327 228 44 26 har,
396 228 72 21 såsom
491 228 42 21 han
556 228 50 27 sjelf
626 228 97 28 uttryckt
739 228 39 26 sig,
795 228 79 27 åsyftat
890 229 32 20 ett
936 227 96 27 förtydli-

205 257 76 27 gande,
305 263 47 15 som
371 257 66 27 enligt
453 257 42 21 min
511 257 66 21 tanke
593 259 24 19 är
632 257 87 21 alldeles
737 256 140 28 öfverflödigt,
894 257 28 21 då
936 262 49 16 man
1000 256 31 21 lä-

205 292 35 15 ser
262 286 69 20 första
345 285 130 28 paragrafen
490 286 7 20 i
512 285 278 27 kommunalförfattningen
805 285 33 22 för
853 286 107 21 städerna.
990 285 42 27 Jag

204 315 39 21 ber
265 315 6 20 i
294 315 63 21 korta
379 314 89 27 ordalag
491 314 21 21 få
526 314 94 22 vidhålla
635 315 42 21 den
692 315 140 26 reservation,
847 314 37 28 jag
900 314 31 21 till
947 314 83 22 utskot-

204 345 43 19 tets
263 344 138 21 betänkande
417 342 87 28 afgifvit.

273 372 100 21 Friherre
395 378 42 15 von
459 372 76 26 Born,
559 372 86 22 Viktor:
670 372 72 22 Också
763 372 38 27 jag
816 372 38 21 ber
870 373 32 20 att
916 372 22 21 få
952 372 78 25 under-

204 401 71 27 stödja
297 401 172 21 reservationens
493 401 61 27 syfte.
585 402 51 20 Man
659 402 105 20 erkänner
787 402 28 26 på
830 401 42 21 alla
887 401 42 21 håll
946 402 32 20 att
993 401 37 21 det

203 430 58 21 förut
272 429 68 21 finnes
357 430 103 26 stadgadt
476 436 34 15 om
525 430 106 26 tolagens,
649 430 102 21 särskildt
766 430 262 26 ingvarteringstolagens,

205 458 146 22 användande.
382 459 71 21 Dessa
476 459 134 27 stadganden
633 459 50 27 ingä
698 458 180 27 hufvudsakligen
893 459 7 21 i
915 458 112 22 städernas

201 487 166 27 kommunallag,
391 494 46 15 som
459 487 23 21 af
502 489 76 25 regent
601 488 40 21 och
661 488 88 21 ständer
772 490 24 19 är
819 487 126 22 stadfästad.
984 487 42 27 Jag

203 523 64 15 anser
288 516 35 22 vid
347 517 77 21 sädant
446 516 139 27 förhällande,
609 519 32 19 att
664 517 36 21 det
723 519 24 19 är
763 516 107 27 oformligt
885 518 33 20 att
932 523 96 20 upprepa

203 546 61 21 detta
279 546 119 26 stadgande
413 546 7 20 i
436 552 26 14 en
477 546 136 26 kungörelse,
630 552 46 15 som
692 545 23 21 af
727 546 128 26 regeringen
863 552 73 15 ensam
943 545 85 21 komme

203 576 32 19 att
250 574 104 22 utfärdas.
386 574 82 22 Sädant
482 581 51 15 vore
549 576 32 19 att
596 574 127 22 konstatera
739 575 37 21 det
791 574 89 26 faktum,
896 576 32 20 att
944 576 30 19 ett
990 574 36 27 dy-

203 603 41 20 likt
267 604 118 25 stadgande
401 603 80 26 finnes;
497 610 48 14 men
561 603 62 21 detta
637 603 83 21 faktum
735 603 69 22 borde
819 603 6 20 i
841 603 137 22 förevarande
992 602 37 22 fall

204 632 49 21 icke
269 631 92 22 behöfva
376 632 144 21 konstateras.

271 661 99 21 Friherre
392 667 42 15 von
457 661 81 26 Troil,
556 661 87 21 Samuel
657 661 101 21 Werner:
775 660 33 21 De
824 660 54 26 skäl,
896 667 45 14 som
956 660 69 22 blifvit

202 689 89 22 anförda
314 691 58 19 emot
394 691 33 19 att
442 690 115 21 ständerne
572 690 32 21 uti
621 690 38 21 sitt
674 696 49 15 svar
737 690 30 27 pä
782 689 41 22 den
838 689 77 27 nädiga
930 689 96 27 proposi-

202 719 73 21 tionen
290 719 67 20 borde
373 719 68 20 uttala
457 719 32 26 sig
505 725 34 14 om
555 720 32 19 att
604 719 37 21 det
655 719 69 20 skulle
739 718 22 21 fä
772 718 112 21 ankomma
891 719 28 26 pä
926 719 100 20 städerne

202 747 75 28 sjelfva
300 749 33 19 att
355 747 120 22 bestämma
497 747 55 21 huru
573 749 46 20 stor
635 747 33 22 del
685 747 23 21 af
721 747 87 27 tolagen
823 747 33 21 får
871 747 107 21 användas
994 747 32 21 till

201 776 184 27 ingvarteringens
407 776 141 26 bekostande,
564 776 39 21 har
615 776 38 27 jag
669 776 47 21 icke
731 776 84 21 kunnat
829 775 57 22 finna
900 782 43 21 nog
958 775 68 22 öfver-

200 805 101 27 tygande,
315 804 33 22 för
363 807 33 19 att
408 805 38 27 jag
461 805 28 27 pä
503 805 68 26 grund
587 805 22 21 af
623 805 48 22 dem
687 805 70 21 skulle
772 804 76 27 frängä
864 805 40 21 den
913 800 66 36 äsigt,
991 805 35 27 jag

201 833 58 22 förut
281 834 6 20 i
308 833 42 27 dag
364 833 46 22 haft
425 836 51 19 äran
492 834 75 21 uttala.
597 834 50 21 Man
663 834 39 21 har
716 833 77 22 härvid
809 834 71 21 säsom
896 833 130 22 hufvudsak-

200 863 40 27 ligt
255 863 66 21 motiv
336 862 121 27 framhällit,
475 864 32 20 att
522 863 66 21 saken
598 862 61 22 äfven
668 863 63 27 eljest
747 864 24 20 är
786 863 52 21 klar.
862 863 38 21 Ett
908 863 68 27 dylikt
983 864 42 26 ytt-

200 892 66 21 rande
277 891 63 21 hafva
354 892 21 21 vi
390 892 82 26 ganska
488 892 44 21 ofta
546 892 59 21 förut
619 892 50 21 hört
683 892 70 26 fällas,
771 892 27 20 dä
813 892 37 21 det
858 892 54 21 varit
922 891 60 27 fräga
990 898 35 15 om

201 920 97 27 tolkning
314 920 23 21 af
349 920 121 28 lagförslag.
502 920 106 22 Särskildt
623 928 38 14 var
675 920 153 27 förordningen
844 926 34 16 om
893 920 132 22 kommunal-

200 949 129 27 förvaltning
344 948 33 22 för
393 950 106 26 städerna,
516 950 27 21 dä
559 950 40 21 den
615 950 28 26 pä
659 950 60 21 detta
733 956 48 15 rum
797 950 156 26 diskuterades,
969 950 55 22 före-

199 978 42 21 mäl
262 978 33 21 för
311 978 70 27 dylika
396 978 132 27 uttalanden,
544 979 41 21 och
600 979 65 21 likväl
680 979 39 21 har
734 979 37 21 det
787 979 128 26 sedermera,
931 979 35 21 vid
981 980 43 20 till-

199 1008 137 26 lämpningen
359 1007 22 21 af
395 1008 69 20 denna
479 1007 125 27 författning
619 1008 56 21 visat
691 1008 32 26 sig
739 1009 34 20 att
788 1008 41 21 den
844 1008 60 26 längt
919 1007 54 22 ifrän
988 1015 36 15 va-

199 1036 29 21 rit
250 1037 25 21 sä
295 1037 54 26 klar,
373 1044 45 14 som
441 1044 48 15 man
512 1037 84 27 pästod.
627 1037 40 21 Om
682 1038 85 21 säledes
784 1037 64 21 dessa
864 1038 44 26 ord,
926 1038 46 25 ,att
987 1038 37 21 det

199 1066 70 21 skulle
285 1065 21 22 få
321 1066 113 22 ankomma
449 1066 13 21 ä
478 1067 102 21 städerna
594 1068 33 19 att
641 1066 128 26 bestämma,
785 1066 56 21 huru
857 1068 46 20 stor
914 1066 33 21 del
959 1066 23 21 af
990 1068 33 20 to-

197 1096 64 26 Jagen
277 1095 55 21 skall
343 1095 109 21 användas
461 1096 31 20 till
501 1096 184 26 ingvarteringens
693 1096 148 21 bekostande*
851 1095 101 27 möjligen
960 1101 63 16 anses

199 1124 144 27 öfverflödiga,
367 1124 24 21 sä
413 1126 37 20 äro
473 1124 26 21 de
522 1124 130 22 åtminstone
668 1124 68 27 aldrig
752 1124 104 26 skadliga.
886 1124 66 21 Detta
967 1124 56 21 hvad

199 1154 41 20 den
255 1152 58 22 förra
329 1153 63 21 delen
408 1152 23 22 af
450 1153 49 21 herr
514 1153 103 27 Pippings
633 1153 138 27 andragande
781 1152 113 27 beträffar;
910 1152 57 22 hvad
976 1153 46 21 äter

196 1182 55 20 hans
267 1182 129 21 bemötande
413 1181 22 22 af
449 1182 36 21 det
499 1182 48 21 utaf
560 1182 43 26 mig
619 1182 94 22 enskildt
726 1182 110 27 päyrkade
844 1182 98 26 tillägget
950 1182 71 26 angär,

197 1211 26 21 sä
244 1210 73 21 kunde
330 1211 38 26 jag
383 1211 48 21 icke
446 1210 58 22 finna
519 1212 32 20 att
566 1211 66 27 nägot
647 1210 131 22 bemötande
793 1212 59 20 emot
868 1210 118 22 detsamma
1001 1210 23 22 af

196 1240 79 20 honom
299 1238 75 28 afgafs,
397 1240 41 21 och
467 1240 103 21 vidhäller
590 1240 39 26 jag
648 1239 85 22 derföre
747 1240 80 27 jemväl
842 1239 49 21 mitt
905 1239 94 27 yrkande
1015 1239 6 21 i

196 1268 144 22 nästnämnda
355 1268 40 21 del.

264 1297 57 21 Herr
335 1296 163 27 Lagerborg,
514 1297 92 21 Robert:
623 1297 97 21 Friherre
736 1303 42 15 von
789 1296 57 22 Troil
854 1296 39 21 har
900 1296 66 21 redan
977 1296 44 22 del-

195 1326 31 20 vis
249 1326 101 26 upptagit
365 1326 26 20 de
405 1325 160 27 invändningar,
582 1332 46 15 som
641 1326 38 27 jag
693 1326 57 21 hade
767 1327 72 19 ämnat
854 1326 52 26 göra
920 1327 45 19 mot
980 1325 41 21 den

194 1354 129 27 föregående
346 1354 89 25 talaren,
459 1354 39 21 och
520 1355 37 20 vill
576 1355 39 26 jag
630 1354 71 22 derför
716 1361 29 14 nu
762 1354 78 21 endast
855 1353 117 26 framhålla,
988 1356 33 19 att

193 1383 38 27 jag
246 1383 48 21 icke
309 1383 43 20 kan
368 1383 46 21 inse
430 1383 55 21 hvad
501 1383 37 21 det
553 1383 70 21 skulle
638 1390 52 14 vara
705 1382 32 22 för
753 1383 75 25 skada,
840 1382 52 22 eller
900 1382 56 21 hvad
964 1382 56 21 otill-

193 1411 80 27 börligt
295 1412 38 21 det
349 1411 68 22 skulle
432 1411 57 27 ligga
504 1412 6 20 i
526 1413 33 20 att
574 1413 31 20 ett
621 1412 78 21 sädant
714 1411 77 27 tillägg
805 1411 87 27 gjordes
907 1411 7 21 i
930 1411 36 22 det
981 1417 38 16 un-

195 1441 117 26 derdäniga
327 1441 106 26 yttrande,
449 1440 81 22 hvilket
546 1441 117 21 ständerna
677 1441 86 21 komme
779 1441 33 20 att
828 1439 84 28 afgifva,
929 1446 46 15 som
985 1442 34 19 ut-

193 1469 84 22 skottet
291 1468 112 27 föreslagit
418 1469 90 22 rörande
524 1470 113 21 städernas
653 1471 44 20 rätt
713 1471 33 20 att
761 1469 121 21 bestämma
893 1475 34 14 om
935 1469 84 26 ingvar-

192 1497 181 28 teringstolagens
396 1497 85 28 belopp.
511 1497 26 22 Vi
559 1497 64 23 hafva
646 1498 40 21 här
709 1497 80 26 erfarit,
813 1499 33 20 att
861 1503 81 16 samma
956 1497 62 27 åsigt,

192 1532 46 16 som
260 1526 32 21 uti
308 1526 70 21 denna
392 1526 136 27 bestämning
543 1527 69 22 skulle
628 1527 89 27 uttalas,
731 1526 80 28 jemväl
828 1525 101 23 omfattas
946 1525 23 22 af
982 1527 37 22 vår
