1109 1748
391 120 40 17 Den
449 118 24 18 13
489 120 55 17 Mars.
823 120 41 21 227

72 182 44 23 låta
135 183 72 21 såsom
222 181 107 28 lagfrågor
343 182 109 22 behandla
467 182 26 21 de
509 182 140 22 ekonomiska
663 182 48 26 mål,
727 182 74 22 hvilka
817 184 35 21 stå
866 186 28 26 på

72 214 91 24 gränsen
183 210 32 22 till
236 210 27 22 de
281 210 62 28 förra,
359 218 50 15 vore
424 210 35 22 väl
475 210 61 22 deraf
548 211 48 22 icke
612 212 65 20 annat
692 213 27 19 än
735 212 54 26 godt
805 214 33 19 att
852 213 42 21 för-

71 243 71 25 vänta,
159 240 89 22 emedan
263 239 7 21 i
285 240 42 22 alla
341 240 116 22 händelser
472 246 26 15 en
514 240 91 21 sålunda
615 240 131 22 tillkommen
758 240 136 28 lagstiftning

72 269 62 22 desto
158 269 88 21 säkrare
268 268 68 22 blefve
357 271 32 19 ett
406 268 86 27 uttryck
508 267 23 22 af
545 269 36 21 det
597 268 106 22 allmänna
717 270 177 27 rättsbegreppet

72 298 53 22 eller
140 297 151 23 medvetandet
305 298 57 21 inom
378 298 91 20 staten.”
501 297 34 21 Då
550 297 71 21 denna
635 298 78 20 vackra
726 298 60 27 regel
797 298 39 22 här
846 299 47 21 icke

71 326 70 22 blifvit
156 326 58 28 följd,
231 328 44 19 tror
287 326 38 27 jag
340 326 43 27 mig
397 332 29 14 nu
441 326 54 20 böra
510 325 87 22 afskära
611 326 27 21 all
655 326 133 27 delaktighet
803 328 91 21 emellan

72 354 198 23 administrationen
293 355 40 21 och
356 354 117 22 ständerna
497 354 39 22 och
559 354 85 22 således
667 355 47 21 icke
733 354 88 24 förorda
837 357 56 21 åter-

72 384 83 26 remiss,
171 385 53 20 utan
237 384 46 26 just
297 384 27 26 på
339 384 65 20 dessa
419 383 94 27 grunder
528 383 91 27 anhålla,
637 385 33 19 att
682 384 166 26 Lagutskottets
859 386 35 21 väl

72 412 132 23 motiverade
227 412 135 22 betänkande
383 412 68 21 måtte
474 412 126 26 godkännas
621 412 48 22 med
685 412 52 22 eller
751 416 54 19 utan
821 414 37 22 det
873 414 23 22 af

72 442 50 21 herr
144 448 41 15 von
207 440 115 23 Bonsdorff
339 440 82 28 gjorda,
437 440 23 22 af
473 440 44 28 mig
531 440 7 22 i
554 441 39 21 sak
608 441 113 27 godkända
737 442 80 27 tillägg.
848 444 46 20 Mot

74 472 32 20 ett
128 470 81 27 förslag
231 472 33 19 att
286 469 157 22 återremittera
465 469 91 22 ärendet
577 470 38 21 ber
635 470 37 26 jag
695 473 32 18 att
742 473 27 19 än
784 471 74 22 vidare
872 472 22 21 få

72 501 78 19 nämna
165 499 66 27 några
246 498 45 22 ord.
320 498 42 27 Jag
377 498 106 21 erkänner
498 498 141 26 beredvilligt,
651 500 33 20 att
693 498 156 28 Lagutskottet
858 501 36 21 vid

74 528 70 21 denna
158 528 103 26 landtdag
276 527 55 21 inom
347 527 33 27 sig
396 527 68 21 sluter
480 526 82 22 krafter
576 533 45 15 mer
637 529 28 19 än
680 527 129 28 tillräckliga
819 528 33 22 för
862 532 33 18 att

73 557 110 21 omarbeta
206 556 69 22 denna
296 556 133 27 proposition
453 556 40 21 och
517 556 67 26 derpå
604 556 70 27 bygga
689 556 118 28 någonting
822 560 71 24 annat,

73 592 49 15 men
144 585 77 21 sådant
240 584 39 22 blir
295 584 66 28 enligt
381 584 44 22 min
447 584 67 22 tanke
538 591 25 15 en
583 591 27 21 ny
625 585 159 27 lagberedning,
801 588 32 20 ett
848 588 48 26 nytt

73 614 86 27 förslag,
176 620 45 15 som
237 614 84 21 komme
337 615 32 19 att
383 613 123 26 föreläggas
522 613 123 21 ständerna.
675 614 37 21 Uti
723 614 42 21 alla
776 616 119 27 menskliga

74 643 95 26 arbeten,
186 642 84 21 således
286 642 65 21 också
366 641 237 28 lagstiftningsarbetet,
620 642 39 21 bör
677 649 26 14 en
718 642 43 22 viss
777 645 57 26 yttre
846 644 48 21 ord-

74 671 51 28 ning
146 678 52 15 vara
217 670 70 28 gifven
307 671 40 21 och
361 670 62 28 följas
439 671 86 21 strikte.
556 671 29 21 Sä
608 673 24 19 är
647 671 66 21 också
727 671 61 22 fallet
803 672 40 21 hos
859 679 36 15 oss

74 699 55 23 efter
144 700 41 22 den
200 700 31 21 tid
246 700 52 21 våra
310 699 128 27 landtdagar
453 699 48 22 åter
516 699 89 22 väcktes
621 699 32 22 till
668 701 47 26 nytt
725 699 28 22 lif.
777 700 118 28 Lagfrägor

74 729 92 22 beredas
188 728 98 27 vanligen
307 728 96 26 sålunda,
419 729 33 20 att
472 734 27 15 en
514 728 81 21 komit6
610 727 55 22 först
680 729 111 22 utarbetar
807 731 32 20 ett
853 729 43 22 för-

75 758 53 27 slag,
145 758 122 21 sedermera
281 757 100 22 insändes
397 756 104 27 förslaget
516 757 33 21 till
564 757 120 27 Kejserliga
698 757 100 27 Senaten,
811 759 38 21 der
860 759 37 22 det

75 787 110 27 granskas,
203 785 92 22 derefter
316 785 143 22 underställes
481 786 38 21 det
541 786 60 21 Hans
621 786 112 27 Majestäts
749 793 54 20 egen
819 787 78 28 nädiga

75 815 106 28 pröfning,
200 814 109 22 hvarefter
323 821 27 15 en
364 814 135 27 proposition
515 814 120 27 förelägges
651 815 115 22 ständerna
782 816 40 21 och
838 818 59 19 stän-

76 844 147 21 derutskottet
238 846 23 19 är
277 843 36 22 det
327 849 46 16 som
389 843 40 22 sist
447 843 127 22 verkställer
592 844 41 21 den
643 843 154 23 förberedande
807 845 90 26 gransk-

76 873 84 27 ningen.
191 872 60 22 Efter
266 879 26 15 en
308 872 24 22 sä
347 871 96 29 vidlyftig
458 872 92 28 omgång
565 872 40 22 bör
621 872 36 22 det
672 879 50 15 vara
736 873 42 21 lätt
792 873 33 22 för
838 876 59 20 stän-

78 902 66 21 derna
168 903 33 20 att
225 901 74 27 pröfva
324 901 40 21 och
391 900 74 28 afgöra
489 907 26 16 en
538 901 45 21 sak.
614 901 75 21 Denna
711 902 92 27 omgäng
824 904 25 20 är
871 909 27 15 en

77 930 160 28 lagberedning,
253 936 46 15 som
321 930 68 21 mäste
410 929 22 22 af
446 930 43 21 alla
504 930 125 26 godkännas
646 930 39 22 och
701 930 86 22 önskas.
817 931 10 21 I
842 931 55 22 före-

78 960 93 21 varande
185 959 38 21 fall
237 958 79 22 föreslä
330 958 74 22 herrar
416 960 138 20 reservanter
568 959 77 27 tydligt
660 959 40 21 och
715 959 61 26 klart,
793 961 33 20 att
841 960 57 28 Lag-

78 988 108 22 utskottet
208 988 67 21 mätte
297 988 122 26 uppdragas
435 989 34 19 att
484 988 99 26 uppgöra
598 990 32 19 ett
644 989 47 26 nytt
705 988 122 28 lagförslag.
857 990 42 26 Jag

79 1023 108 21 upprepar
209 1018 33 20 att
261 1016 37 28 jag
316 1016 64 28 hyser
398 1016 132 26 fullkomligt
549 1016 122 22 förtroende
687 1016 32 21 till
733 1016 165 28 Lagutskottets

78 1046 143 25 medlemmar,
238 1052 48 14 men
305 1045 38 27 jag
366 1044 68 22 tviflar
449 1045 60 27 uppä
524 1046 33 20 att
573 1044 54 22 efter
643 1052 26 14 en
685 1045 25 21 sä
724 1045 49 21 kort
789 1046 109 22 förbered-

78 1075 50 27 ning
150 1076 33 20 ett
203 1073 112 27 fullmoget
334 1073 80 27 förslag
432 1073 45 22 kan
493 1074 170 26 ästadkommas;
687 1074 129 22 ätminstone
831 1075 68 27 ligger

79 1110 26 15 en
120 1102 111 28 möjlighet
246 1102 39 22 bra
299 1104 52 20 nära
366 1102 32 22 till
413 1102 68 22 hands
499 1104 32 20 att
547 1103 69 21 denna
631 1102 116 28 beredning
763 1104 55 20 skall
828 1104 71 21 lemna

78 1132 67 27 något
168 1132 63 26 öfrigt
253 1133 32 19 att
307 1131 73 22 önska.
411 1131 41 27 Jag
474 1138 110 20 upprepar
603 1133 32 19 att
655 1132 40 20 den
713 1131 186 23 konstitutionella

78 1161 62 21 sidan
154 1160 23 22 af
190 1160 66 22 saken
272 1160 38 21 har
325 1162 83 20 ansetts
424 1159 22 22 af
456 1160 45 27 mig
512 1166 52 15 vara
575 1160 24 21 så
609 1160 66 27 vigtig
685 1160 40 21 och
735 1160 163 28 öfvervägande,

79 1191 33 20 att
127 1190 42 21 den
183 1189 48 21 icke
246 1189 42 21 kan
303 1189 81 21 lemnas
400 1190 52 20 utan
468 1188 110 22 afseende.
609 1189 41 27 Jag
665 1189 81 27 hoppas
763 1189 67 21 också
846 1192 32 19 att
893 1190 7 21 i

79 1224 27 16 en
129 1218 39 22 sak
191 1217 23 22 af
231 1218 69 21 denna
318 1218 45 26 vigt
378 1217 103 22 Finlands
497 1216 68 23 första
581 1217 63 21 stånd
659 1218 54 21 skall
728 1224 51 15 vara
795 1218 37 22 det
847 1219 53 21 sista

80 1249 33 19 att
128 1247 59 21 lossa
201 1246 29 28 på
246 1247 26 21 de
287 1246 56 22 band
359 1252 46 16 som
421 1246 157 22 sammanhålla
592 1246 112 22 nationens
714 1246 186 23 konstitutionella

80 1276 135 27 rättigheter,
232 1275 40 21 och
287 1275 35 21 vid
337 1275 78 21 sådant
430 1274 135 22 förhållande
581 1281 64 15 anser
659 1275 37 27 jag
710 1275 62 27 ingen
781 1282 71 15 annan
867 1278 33 20 ut-

80 1306 42 25 väg
138 1304 82 22 återstå
239 1306 26 19 än
281 1306 32 19 att
327 1304 116 27 godkänna
458 1304 245 21 utskottsbetänkandet
718 1304 49 22 med
783 1304 52 22 eller
850 1308 51 18 utan

79 1333 81 27 tillägg.

148 1362 56 21 Herr
227 1361 142 22 Snellman:
399 1361 41 27 Jag
459 1361 42 21 bör
517 1361 88 21 ursäkta
621 1362 36 21 det
673 1361 23 21 af
708 1362 42 26 mig
765 1362 24 21 så
805 1361 45 22 ofta
865 1362 37 22 be-

80 1391 98 26 gagnade
194 1390 61 21 ordet
271 1390 105 27 delegare,
391 1389 84 22 hvilket
491 1395 63 22 synes
563 1389 62 22 hafva
632 1389 106 22 föranledt
745 1389 157 24 missförstånd.

80 1419 41 27 Jag
136 1419 40 22 har
191 1419 88 22 dermed
293 1419 58 22 velat
360 1419 106 20 beteckna
477 1419 39 21 det
529 1418 57 27 slags
605 1419 102 21 säkerhet
715 1419 187 27 obligationsinne-

79 1447 89 23 hafvare
190 1447 39 22 har
251 1448 7 21 i
281 1448 137 27 egendomen,
439 1447 26 21 så
487 1447 65 27 länge
569 1447 232 28 obligationskapitalet
815 1447 48 22 icke
879 1450 25 20 är

80 1476 139 22 amorteradt.
249 1477 10 20 I
274 1475 106 29 Ryssland
395 1477 15 20 t.
427 1481 31 16 ex.
476 1478 26 19 är
510 1476 71 21 denna
588 1477 77 20 termin
673 1477 97 27 vanligen
779 1477 125 22 densamma

80 1511 47 16 som
150 1505 174 27 koncessionens,
348 1506 25 20 85
390 1505 29 20 år.
449 1504 59 23 Hela
523 1505 70 22 denna
607 1505 32 22 tid
653 1505 75 22 fortfar
743 1505 161 27 obligationsin-
