1109 1748
423 103 40 18 Den
481 101 26 18 17
524 102 59 24 April.
852 102 40 20 473

162 166 59 22 Herr
235 164 209 23 Landtmarskalken
459 164 145 28 tillgännagaf
617 167 38 25 att,
672 165 67 27 enligt
751 164 172 29 föredragnings-

93 194 65 23 listan
178 201 29 15 nu
226 194 7 21 i
253 194 90 27 ordning
357 193 131 23 förekomme
504 194 34 21 till
553 194 129 28 behandling
697 194 226 22 Ekonomiutskottets

94 222 46 23 från
157 224 88 21 senaste
260 222 159 22 sammanträde
430 222 123 28 bordlagda
563 222 142 28 betänkande,
717 222 48 22 med
777 222 115 28 anledning
903 222 23 22 af

95 258 26 16 en
132 252 59 22 inom
201 251 164 22 Bondeståndet
375 251 65 22 väckt
449 251 94 27 petition
554 257 34 15 om
599 251 115 27 bevillning
724 251 33 22 för
765 253 60 20 utom
833 251 90 22 Finland

94 280 125 23 tillverkadt
229 280 27 27 öl,
269 286 45 16 som
323 280 32 22 till
365 280 75 22 landet
450 279 93 27 införes;
554 286 49 16 men
614 281 33 21 att
655 280 50 22 herr
715 280 208 22 Landtmarskalken

94 309 48 22 icke
162 309 67 27 ansåg
249 308 33 28 sig
297 309 72 21 kunna
383 308 72 22 tillåta
469 308 73 28 någon
558 309 124 21 diskussion
697 309 6 21 i
719 309 61 22 detta
795 312 68 24 ämne,
883 309 41 22 och

94 338 133 22 motiverade
240 338 50 22 herr
303 337 209 23 Landtmarskalken
523 338 62 21 detta
595 338 38 21 sitt
643 338 73 22 beslut
725 338 28 27 på
763 338 94 28 följande
868 339 54 21 sätt:

165 366 176 28 »Ifrågavarande
352 366 91 28 petition
454 366 59 22 afser
524 366 41 22 och
576 366 214 22 Ekonomiutskottet
799 367 8 21 i
815 368 50 21 dess
874 367 47 22 der-

96 395 60 23 öfver
175 395 78 27 afgifva
267 395 138 23 betänkande
420 395 98 27 föreslår,
536 397 33 20 att
584 395 117 22 ständerna
715 396 68 21 måtte
799 396 71 22 åsätta
886 396 38 22 allt

96 426 60 21 utom
175 424 74 22 landet
264 424 123 22 tillverkadt
403 424 26 27 öl,
445 430 48 16 som
508 424 34 22 hit
556 424 87 27 införes,
659 430 26 16 en
701 424 62 28 afgift
777 424 69 23 under
860 431 63 16 namn

96 453 23 22 af
130 453 124 28 bevillning.
277 452 148 28 Påläggandet
440 452 23 22 af
477 460 27 15 en
520 453 58 28 dylik
594 453 61 27 afgift
667 453 85 22 komme
763 454 56 21 dock
831 454 7 21 i
849 453 75 28 sjelfva

96 482 76 22 verket
194 484 33 20 att
247 484 79 26 utgöra
349 488 24 16 en
397 482 189 27 tullbeskattning,
605 482 69 22 ehuru
689 482 68 22 under
772 484 66 20 annat
853 489 70 15 namn.

164 511 74 27 Enligt
255 511 11 28 $
281 513 26 19 45
324 511 32 21 uti
371 510 205 28 Regeringsformen
591 511 73 22 tillhör
681 511 36 22 det
731 511 86 22 landets
833 511 91 22 Monark

96 546 75 16 ensam
191 542 33 20 att
242 539 109 23 fastställa
370 540 40 21 tull
430 540 40 21 och
490 539 70 28 öfriga
575 540 85 27 afgifter
675 540 14 21 å
703 540 159 27 varuimporten
877 539 47 22 från

96 569 104 21 utlandet.
231 568 40 22 Om
296 569 69 21 denna
386 568 132 22 Monarkens
542 569 137 21 uteslutande
701 569 224 27 tullagstiftningsrätt

95 598 40 22 har
156 597 23 22 af
199 598 60 22 Hans
282 598 121 27 Kejserliga
424 597 107 28 Majestät
552 598 86 27 nyligen
657 598 91 22 erinrats
765 598 30 22 uti
810 598 56 22 Dess
884 598 41 22 den

96 628 27 20 24
138 626 104 22 Februari
259 628 54 20 1873
329 626 114 22 utfärdade
459 625 141 23 stadfästelse
616 627 13 21 å
644 627 41 21 den
701 626 23 22 af
736 627 85 22 landets
837 626 89 22 ständer

95 655 37 22 vid
148 657 55 20 1872
219 655 35 22 års
270 655 104 27 landtdag
389 655 80 28 åtagna
483 655 124 28 bevillning,
618 655 85 22 hvaruti
715 655 127 22 ständernas
853 655 73 22 beslut

97 686 33 20 att
154 685 72 21 åsätta
241 685 144 27 importerade
407 691 63 15 varor
485 684 95 22 särskild
595 684 205 28 sjöfartsbevillning
814 685 29 27 på
858 684 67 22 sådan

97 713 69 28 grund
181 713 49 22 icke
245 713 45 22 blef
302 713 7 22 i
324 713 68 21 nåder
407 713 118 27 godkändt.

164 742 43 21 Vid
223 741 85 24 anfördt
322 741 135 23 förhållande
472 741 70 22 finner
554 742 39 27 jag
609 743 32 20 att
657 743 36 21 det
708 741 81 28 förslag
803 748 46 15 som
864 748 30 15 nu
904 741 23 22 af

98 771 144 28 petitionären
264 771 76 22 väckts
363 771 40 21 och
427 770 23 22 af
470 771 111 21 utskottet
596 771 115 26 förordats,
727 771 78 22 strider
820 773 46 20 mot
880 771 45 27 gäl-

97 800 65 22 lande
180 800 112 27 grundlag.
323 799 46 22 Och
389 800 90 21 emedan
496 799 44 28 det,
557 799 66 28 enligt
639 799 149 29 ordalydelsen
804 800 32 21 uti
851 799 11 28 $
878 802 26 19 45
918 799 8 22 i

97 829 24 22 L.
138 829 25 21 O.
180 829 41 21 och
236 828 11 29 $
264 831 24 19 13
304 828 7 22 i
326 828 251 28 Riddarhusordningen,
595 831 24 19 är
633 829 43 21 min
691 829 56 28 pligt
761 830 33 20 att
808 829 56 22 vaka
878 829 47 21 der-

99 857 65 27 öfver,
189 859 33 21 att
245 857 78 23 sädant
344 864 46 16 som
413 857 81 23 strider
517 859 58 21 emot
589 857 85 23 landets
690 858 130 27 grundlagar
834 858 18 28 ej
869 857 35 22 mä
919 857 7 21 i

98 886 89 23 ständet
207 887 86 21 komma
311 887 68 22 under
393 886 170 28 öfverläggning,
579 887 66 21 alltsä
660 893 35 16 ser
707 887 38 27 jag
762 887 43 27 mig
820 886 23 22 af
856 887 70 21 denna

97 916 43 22 min
154 916 56 27 pligt
224 915 111 23 nödsakad
351 917 38 25 att,
406 916 25 22 sä
446 922 82 21 ogerna
540 916 39 27 jag
595 916 36 21 det
647 918 26 19 än
688 917 45 26 gör,
747 915 99 28 förvägra
856 916 70 21 denna

96 944 73 28 frägas
193 944 137 28 upptagande
352 944 33 22 till
407 944 126 22 diskussion
555 944 40 22 hos
617 944 160 28 Ridderskapet
795 944 41 22 och
850 944 75 22 Adeln.

165 974 34 21 De
215 974 48 21 skäl
277 973 32 22 för
325 973 70 22 denna
409 973 43 22 min
468 976 88 24 vägran,
572 974 73 21 hvilka
658 974 38 27 jag
710 980 35 20 nu,
762 973 72 22 såsom
850 973 11 28 $
877 975 26 20 63
919 973 7 21 i

97 1002 25 22 L.
139 1002 25 22 O.
180 1002 83 28 bjuder,
279 1002 120 27 framställt,
416 1002 62 22 torde
494 1002 22 22 få
530 1002 74 28 inflyta
619 1002 7 22 i
642 1002 37 22 det
694 1003 78 27 utdrag
785 1002 23 22 af
816 1002 111 28 protokol-

97 1031 37 27 let,
150 1031 84 22 hvilket
247 1031 216 22 Ekonomiutskottet
478 1031 74 22 säsom
567 1037 50 16 svar
631 1031 131 22 meddelas*.

165 1060 34 21 Dä
219 1060 56 22 Herr
293 1060 138 22 Mechelin
449 1060 55 22 härä
519 1060 144 28 tillkännagaf
677 1060 82 22 önskan
775 1061 32 20 att
822 1059 22 22 fä
858 1060 70 21 uttala

97 1088 33 23 sin
152 1088 138 28 uppfattning
312 1088 23 22 af
352 1088 211 28 petitionsförslaget
578 1089 40 22 och
635 1089 60 22 detta
709 1088 139 23 betänkande
864 1089 6 21 i
886 1088 42 22 för-

98 1117 103 22 hällande
217 1118 32 22 till
264 1118 111 27 grundlag,
391 1118 124 22 förklarade
530 1118 57 22 Herr
601 1118 216 26 Landtmarskalken,
834 1118 38 21 det
885 1118 44 21 han

97 1146 48 22 icke
167 1146 52 22 ville
240 1148 67 26 vägra
329 1146 120 26 afgifvande
473 1146 23 22 af
516 1148 85 26 protest
619 1146 109 23 äfvensom
743 1146 91 22 motiver
850 1146 77 27 derför,

98 1175 68 22 ehuru
188 1175 44 22 han
253 1175 48 23 icke
322 1176 71 22 kunde
417 1176 72 21 tilläta
512 1175 123 23 diskussion
657 1176 7 21 i
682 1176 77 27 saken;
776 1176 83 26 hvarpä
873 1176 56 21 Herr

98 1204 210 22 Landtmarskalken
324 1204 160 22 öfverlemnade
500 1205 63 21 ordet
578 1204 23 22 ät

165 1232 58 23 Herr
245 1233 107 22 Mechelin
374 1240 47 15 som
443 1233 99 28 yttrade:
565 1233 63 22 Hvad
650 1234 37 27 jag
711 1233 64 22 utber
794 1232 44 28 mig
856 1234 33 20 att
908 1232 22 22 fä

99 1262 93 26 anmäla,
208 1263 37 21 vet
257 1262 38 28 jag
310 1262 48 22 icke
373 1268 38 16 ens
427 1268 35 16 om
478 1262 38 22 det
530 1262 43 22 kan
589 1262 100 27 tilläggas
704 1262 130 22 karakteren
850 1261 23 22 af
880 1268 50 21 pro-

99 1292 51 20 test.
182 1291 43 27 Jag
245 1290 56 22 hade
316 1291 63 21 tänkt
391 1290 33 22 för
439 1290 44 22 min
499 1290 35 22 del
550 1290 22 22 fä
587 1290 167 28 tillkännagifva,
771 1292 33 20 att
818 1290 43 22 min
876 1297 54 21 upp-

100 1318 95 28 fattning
210 1321 25 20 är
250 1320 47 26 den,
314 1321 33 21 att
359 1320 76 22 remiss
452 1319 23 22 af
489 1320 61 22 detta
567 1319 186 28 petitionsförslag
768 1320 49 21 icke
831 1319 51 22 bort
892 1326 40 20 ega

98 1354 48 15 rum
161 1348 35 22 till
211 1348 220 26 Ekonomiutskottet,
449 1348 92 22 emedan
556 1348 37 22 det
607 1348 78 27 gällde,
700 1349 67 27 enligt
777 1348 57 22 hvad
844 1348 87 27 petitio-

100 1378 69 20 nären
185 1383 64 21 synes
265 1377 76 28 äsyfta,
357 1379 34 19 att
405 1377 56 22 söka
475 1377 59 22 finna
550 1383 26 16 en
591 1377 208 28 beskattningsform
809 1376 34 22 för
852 1376 80 27 impor-

98 1405 74 22 teradt
188 1405 27 27 öl,
231 1405 86 23 hvilken
333 1405 70 22 skulle
417 1406 84 22 bereda
517 1406 41 22 den
574 1406 112 22 inhemska
696 1405 159 22 fabrikationen
866 1405 23 21 af
898 1406 33 21 sä-

100 1433 43 22 dan
166 1441 52 15 vara
236 1435 65 27 nödig
316 1435 92 22 rättvisa
425 1435 7 21 i
447 1435 170 22 konkurrensen.
649 1435 31 21 Pä
695 1435 68 21 sädan
777 1433 71 28 grund
863 1434 70 22 skulle

96 1462 45 28 jag,
158 1469 35 16 om
207 1463 37 28 jag
258 1463 42 22 fätt
314 1470 52 16 vara
380 1463 50 22 med
446 1470 35 15 om
497 1465 33 20 att
545 1463 87 28 deltaga
646 1463 7 22 i
669 1463 96 22 beslutet
780 1469 35 16 om
827 1463 106 22 remissen

100 1491 23 21 af
140 1491 215 29 petitionsförslaget,
371 1492 85 23 direkte
471 1492 99 23 förordat
584 1499 26 15 en
625 1493 76 22 remiss
717 1493 32 21 till
764 1491 170 28 Bevillningsut-

100 1519 85 24 skottet
208 1521 41 23 och
271 1522 28 28 pä
321 1522 67 21 sädan
411 1522 76 26 grund,
504 1521 42 22 och
562 1521 28 22 dä
602 1521 38 28 jag
655 1521 48 23 icke
719 1521 44 22 förr
780 1523 28 20 än
821 1520 37 23 vid
874 1521 60 23 detta
