1109 1748
435 100 39 18 Den
491 99 27 18 23
535 101 55 17 Mars.
851 100 41 20 329

92 164 69 22 håller
183 164 40 26 sig,
247 163 74 22 anföra
343 170 26 15 ur
384 163 42 22 den
442 165 89 20 senaste
547 164 168 22 höstterminens
730 164 88 27 katalog
832 164 46 22 från
894 164 27 22 de

92 194 57 21 båda
164 192 93 23 svenska
272 192 154 22 universiteten
441 192 7 21 i
463 192 85 27 Upsala
563 193 39 21 och
618 193 68 25 Lund,
702 193 102 21 hurusom
815 193 6 21 i
833 192 88 28 Sverige

92 222 68 22 finnas
178 221 75 22 inalles
271 223 26 19 62
314 221 105 22 ordinarie
435 220 154 28 professioner,
606 222 41 21 och
663 221 23 22 af
700 222 48 21 dem
763 228 51 15 voro
830 222 24 21 år
866 223 54 20 1876

93 252 78 21 endast
190 250 36 22 två
241 250 78 27 lediga.
349 251 10 21 I
373 250 91 21 Finland
479 250 38 22 vid
532 250 49 22 vårt
595 250 127 22 universitet
737 250 68 22 finnas
821 252 25 20 31
864 250 56 22 ordi-

93 280 59 21 narie
169 278 151 29 professioner,
338 279 39 21 och
392 278 73 22 ibland
481 279 50 22 dem
547 286 51 15 voro
610 286 81 15 samma
701 280 20 20 år
732 281 13 19 7
754 279 77 27 lediga.
855 279 68 21 Deraf

94 315 36 15 ser
144 315 50 15 man
209 308 55 21 huru
281 309 45 20 stor
341 308 112 21 skilnaden
469 310 25 19 är
508 308 8 21 i
531 308 70 27 begge
610 308 61 22 dessa
681 308 81 27 länder,
771 308 56 22 hvad
836 308 84 27 tillgån-

95 344 41 20 gen
152 338 28 27 på
194 336 163 28 vetenskapliga
372 336 108 28 förmågor
498 336 108 22 beträffar.
638 337 41 21 För
697 339 32 19 att
743 344 29 14 nu
787 338 85 20 komma
887 336 33 22 till

93 368 32 20 ett
140 367 7 21 i
169 366 57 21 mina
249 367 56 25 ögon
327 365 118 27 beklagligt
467 365 136 22 förhållande
622 366 36 20 vid
673 366 48 22 vårt
735 366 133 26 universitet,
886 372 34 15 om

93 395 64 22 hvars
181 394 136 28 afhjelpande
338 394 37 28 jag
398 397 23 19 är
443 394 44 22 viss
511 395 29 27 på
560 396 33 20 att
612 394 64 28 ingen
691 394 109 28 professor
814 395 105 27 någonsin

93 424 96 21 kommer
205 425 32 20 att
251 423 136 27 petitionera,
403 430 49 15 men
468 430 48 15 som
528 424 39 26 jag
582 423 61 21 alltid
659 426 73 19 ansett
739 430 52 16 vara
800 424 118 27 betänklig,

94 453 34 21 vill
141 453 39 27 jag
195 452 70 22 erinra
285 458 34 16 om
334 452 327 28 universisets-professorernas
676 453 105 27 rättighet
796 453 32 21 till
844 452 75 22 afsked

94 482 49 21 med
165 481 38 21 full
226 481 36 22 lön
282 481 35 21 vid
333 481 24 21 så
372 481 54 27 tidig
442 481 61 22 ålder
518 488 47 14 som
581 483 26 19 60
623 482 34 25 år;
671 482 29 26 ja,
717 482 37 21 det
768 482 39 21 har
821 481 99 22 inträffat

96 510 34 22 för
151 510 48 22 icke
222 510 25 21 så
268 510 135 27 längesedan,
427 512 33 19 att
479 510 135 27 professorer
633 510 69 27 afgått
720 510 49 22 med
785 510 82 22 emeriti
883 510 36 21 lön

94 539 45 21 från
154 539 151 22 universitetet
320 539 35 21 vid
370 539 67 27 några
452 539 41 21 och
512 539 73 21 femtio
601 540 35 20 års
652 539 66 22 ålder.
742 540 42 21 Det
799 540 61 20 torde
868 545 52 15 vara

95 568 140 27 exempellöst
249 568 8 21 i
272 568 71 25 andra,
360 568 59 26 långt
433 568 73 22 rikare
521 568 82 26 länder,
613 568 72 21 såsom
695 568 7 21 i
713 568 113 28 Tyskland,
838 568 80 21 Frank-

94 597 52 26 rike,
163 596 110 22 Danmark
288 597 40 21 och
344 596 93 27 Sverige,
454 598 23 26 ty
494 597 114 21 derstädes
619 597 59 27 tjena
688 597 160 26 professorerna
858 597 61 26 långt

94 625 51 22 flere
154 625 29 25 är,
193 627 56 20 samt
257 625 57 22 hålla
321 625 162 27 föreläsningar,
494 625 121 22 examinera
625 631 18 16 o.
653 631 16 16 s.
679 632 18 15 v.
707 626 34 21 vid
749 625 38 22 full
795 625 65 27 vigör.
877 625 42 27 Jag

94 655 39 20 har
152 654 51 27 sjelf
218 654 56 22 varit
288 654 6 21 i
310 653 83 22 tillfälle
409 654 6 21 i
431 655 74 20 Berlin
521 656 32 19 att
571 655 54 21 höra
641 655 26 20 de
682 654 137 22 berömdaste
835 654 83 27 profes-

96 689 61 16 sorer
167 683 94 22 föreläsa
269 683 36 22 vid
312 685 53 19 nära
373 685 26 19 70
408 683 35 22 års
453 683 67 26 ålder,
530 683 22 22 af
558 683 72 22 hvilka
635 683 38 28 jag
681 683 43 22 kan
733 683 111 28 uppräkna
851 683 69 27 några

95 713 72 20 såsom
182 711 143 22 historikerne
340 712 93 21 Raumer
448 712 41 21 och
505 712 82 27 Ranke,
604 712 115 27 geografen
730 712 76 26 Ritter,
817 711 101 28 filologen

95 741 67 27 Bopp,
186 741 100 26 teologen
308 741 95 26 Nitzsch,
427 741 99 22 filosofen
541 741 108 22 Michelet.
680 741 45 22 Här
745 747 62 15 anser
822 747 48 15 man
886 741 33 26 sig

98 777 50 14 vara
166 769 91 28 gammal
273 769 35 22 vid
324 771 25 20 60
366 770 24 21 år
405 771 39 20 och
461 770 37 21 det
514 772 24 19 är
552 770 110 27 naturligt,
679 772 32 19 att
727 769 27 22 då
769 769 26 22 så
809 769 20 22 få
844 771 76 20 veten-

96 799 97 27 skapliga
213 798 108 27 förmågor
342 798 75 27 finnas,
439 799 124 27 derigenom
579 799 144 27 professioner
738 799 85 22 komma
838 800 32 19 att
886 799 34 20 stå

95 828 71 27 lediga
185 834 46 15 mer
249 829 28 20 än
297 828 147 21 annorstädes.
476 828 44 21 Det
539 835 29 14 nu
587 827 89 22 anförda
690 827 143 22 förhållandet
849 829 24 20 är
888 829 32 20 ett

96 857 58 26 ondt,
178 862 46 16 som
243 856 38 28 jag
303 858 45 20 tror
370 857 69 21 håller
461 857 30 27 på
514 858 32 20 att
561 857 92 21 utbreda
669 857 32 27 sig
716 857 39 21 allt
769 856 73 22 vidare
858 855 62 23 äfven

95 886 6 21 i
125 886 66 21 andra
206 886 91 26 kretsar,
313 887 22 26 ty
351 885 54 22 efter
419 886 57 21 hvad
489 886 38 27 jag
542 888 44 19 sett
601 886 40 21 har
655 892 27 15 en
697 884 80 23 komité
792 892 50 20 nyss
857 885 63 27 yrkat

95 915 29 27 på
143 916 32 20 att
194 914 42 22 alla
255 914 62 22 civila
336 915 130 27 tjenstemän
485 915 67 21 måtte
573 915 82 21 erhålla
675 914 75 22 afsked
765 914 49 22 med
829 914 39 21 full
883 914 37 21 lön

96 950 46 15 som
163 943 90 27 pension
275 944 35 21 vid
333 945 26 19 60
379 944 35 21 års
434 944 67 21 älder.
532 944 67 21 Detta
618 946 24 19 är
656 944 71 26 något,
745 950 45 15 som
803 943 39 27 jag
858 949 62 15 anser

96 972 62 22 värdt
173 974 33 19 att
220 972 103 27 påpekas,
340 972 67 22 ehuru
416 973 48 21 icke
481 972 84 22 direkte
578 972 120 22 berörande
715 972 40 22 den
773 972 148 26 föreliggande

95 1001 80 27 frågan.
205 1001 42 27 Jag
269 1001 39 21 ber
330 1001 101 27 slutligen
453 1002 57 21 blott
532 1003 34 20 att
587 1001 22 22 få
628 1001 107 27 tillstyrka
753 1000 132 28 antagandet
900 1000 23 22 af

97 1030 118 21 utskottets
230 1030 143 27 betänkande,
382 1030 6 21 i
398 1030 37 22 det
443 1031 57 27 hopp
510 1032 32 20 att
552 1030 169 28 petitionärerne
732 1030 72 22 träffat
815 1030 37 21 det
863 1031 58 20 rätta

97 1059 7 21 i
120 1066 26 15 en
160 1058 33 22 för
207 1058 150 22 universitetet
373 1059 24 21 så
411 1059 68 27 vigtig
490 1060 44 20 sak.

165 1087 57 21 Herr
245 1087 182 28 Godenhjelm:
451 1088 42 27 Jag
508 1088 36 22 vill
559 1088 47 21 icke
618 1088 120 27 onödigtvis
749 1087 116 27 uppehålla
878 1087 43 21 dis-

98 1116 123 22 kussionen.
252 1116 42 27 Jag
316 1117 68 21 skulle
406 1117 51 27 vilja
481 1119 53 25 säga
556 1117 68 27 några
647 1116 39 22 ord
705 1116 32 22 till
757 1122 48 15 svar
826 1116 28 27 på
872 1116 50 21 herr

99 1145 134 27 Furuhjelms
253 1145 110 22 kinesiska
382 1152 53 15 mur.
465 1146 42 27 Jag
526 1148 46 19 tror
587 1146 7 20 i
610 1146 118 21 allmänhet
742 1145 47 21 icke
804 1145 29 27 på
848 1146 73 20 veten-

99 1174 93 27 skapens
207 1174 176 27 kosmopolitism,
400 1181 49 15 men
465 1180 34 16 om
516 1175 24 21 så
554 1181 57 19 vore,
629 1176 32 20 att
675 1174 147 27 vetenskapen
837 1180 50 15 vore
899 1174 25 20 så

98 1203 172 27 kosmopolitisk,
294 1203 25 21 så
341 1205 24 19 är
388 1204 37 21 det
447 1205 33 20 ett
502 1204 66 21 skildt
586 1203 43 26 fall,
652 1210 34 15 om
702 1210 26 14 en
743 1202 179 27 vetenskapsman

100 1232 89 22 alldeles
209 1232 99 21 abstrakt
325 1231 112 23 befordrar
455 1233 33 21 sin
507 1232 128 27 vetenskap;
656 1239 48 15 men
723 1238 27 16 en
765 1231 109 27 professor
888 1231 36 22 vid

100 1262 32 20 ett
147 1261 128 21 universitet
289 1260 40 22 har
343 1261 24 21 så
382 1262 78 26 många
475 1262 113 26 praktiska
604 1261 133 27 åligganden,
753 1261 97 21 kommer
864 1260 7 21 i
886 1260 38 22 be-

100 1290 71 26 röring
191 1290 49 21 med
256 1290 25 21 så
295 1290 76 26 många
386 1290 113 27 praktiska
513 1290 149 22 förhållanden
677 1290 7 21 i
700 1290 37 21 det
751 1290 56 26 land,
825 1290 38 20 der
878 1289 46 21 uni-

100 1318 91 22 versitet
209 1318 74 26 finnes,
303 1320 33 20 att
354 1325 26 15 en
400 1319 68 21 sådan
487 1319 173 27 kosmopolitism
679 1321 24 19 är
723 1318 88 22 alldeles
831 1318 93 27 omöjlig.

102 1347 28 21 Så
152 1347 97 21 kommer
264 1347 61 21 äfven
341 1348 36 21 vid
391 1348 48 21 vårt
454 1348 129 21 universitet
599 1354 26 15 en
640 1347 109 28 professor
765 1349 32 19 att
810 1347 116 21 undervisa

102 1382 26 15 en
151 1376 100 27 ungdom,
267 1382 46 15 som
328 1376 39 21 har
382 1375 49 22 fullt
447 1377 47 21 skäl
510 1378 33 19 att
557 1376 73 21 fordra
645 1376 153 26 undervisning
812 1375 29 26 på
856 1374 70 22 finska

102 1404 95 27 språket,
221 1404 40 22 och
281 1407 23 19 är
319 1404 124 27 professorn
459 1405 124 27 oförmögen
600 1405 71 21 dertill
687 1405 40 21 och
743 1405 103 20 tillsättas
862 1403 64 22 fram-

102 1433 59 22 deles
181 1433 81 22 sådana
280 1433 140 28 professorer,
437 1435 25 21 så
477 1434 88 22 hindrar
580 1434 37 21 det
633 1435 40 20 den
688 1433 140 26 förfinskning
844 1432 22 21 af
880 1433 46 20 uni-

102 1462 118 26 versitetet,
237 1468 46 15 som
298 1469 50 15 man
363 1463 42 21 kan
414 1469 51 16 anse
474 1463 53 22 böra
535 1462 85 22 inträffa
629 1463 97 26 sålunda,
736 1464 32 19 att
776 1461 151 22 universitetet

101 1491 7 20 i
117 1497 82 15 samma
206 1490 133 23 förhållande
350 1491 70 23 måste
428 1493 97 26 upptaga
532 1491 69 22 finska
610 1491 117 22 elementer
735 1491 38 22 och
783 1490 97 21 använda
887 1490 39 21 fin-

103 1519 39 22 ska
165 1520 96 27 språket,
277 1526 47 15 som
339 1519 67 23 andra
421 1520 150 23 förhållanden
587 1521 7 20 i
608 1520 75 23 landet
697 1520 65 22 blifva
776 1525 60 16 mera
850 1518 75 23 finska.
