1109 1748
412 107 39 18 Den
469 104 26 19 17
512 105 60 25 April.
826 105 41 21 471

68 170 8 22 i
90 170 62 28 lagen
168 169 84 29 ganska
266 169 35 22 väl
315 169 8 22 i
338 170 33 22 ett
386 170 79 27 system
483 168 184 22 sammanfattade
677 169 140 27 grundsatser
828 169 70 22 skulle

69 200 49 28 med
142 206 38 16 ens
201 198 123 28 förändras;
348 198 41 22 och
410 198 29 28 på
462 197 68 23 dessa
553 197 48 22 skäl
616 197 86 23 förenar
714 197 39 28 jag
767 198 44 26 mig
825 198 7 21 i
847 198 52 22 herr

70 224 124 32 Öhrnbergs
210 227 139 22 reservation.

138 258 57 22 Herr
209 255 147 23 Mechelin:
372 255 119 28 Angående
508 254 38 22 det
561 254 111 28 samband,
689 261 46 16 som
749 254 68 22 finnes
833 255 65 22 emel-

70 286 35 22 lan
125 284 163 30 lagstiftningen
307 291 35 16 om
360 283 239 27 testamentsrättighet
614 284 40 22 och
670 284 105 28 arfvejord
790 286 56 20 samt
862 284 37 22 det

71 317 67 26 ämne,
160 320 47 16 som
221 320 30 16 nu
265 313 116 28 föreligger
395 312 165 28 Ridderskapet
575 312 40 22 och
630 312 69 22 Adeln
714 313 32 21 till
760 313 137 28 behandling,

70 344 72 22 kunna
157 344 26 22 så
197 342 33 22 till
244 342 50 23 vida
309 343 57 21 olika
381 342 82 28 åsigter
478 341 124 27 förefinnas,
619 343 33 20 att
665 342 41 21 den
717 348 39 16 ene
767 349 64 15 anser
841 349 57 15 sam-

70 373 82 22 bandet
174 372 87 27 fastare,
285 374 104 24 närmare,
413 372 41 21 den
478 371 68 21 andre
561 370 77 22 lösare.
669 371 99 26 Förimin
783 372 35 22 del
834 378 64 16 anser

68 402 38 28 jag
127 401 109 22 utskottet
257 400 64 23 hafva
340 400 47 22 haft
407 400 76 28 giltiga
503 399 68 29 motiv
590 399 33 23 för
643 400 60 21 detta
717 400 39 22 sitt
770 400 81 28 förslag
865 401 33 22 till

71 430 134 27 underdånig
227 430 105 22 anmälan.
361 430 63 21 Hvad
442 429 52 22 herr
514 428 124 28 Öhrnbergs
653 429 133 21 reservation
801 430 97 22 vidkom-

71 466 52 20 mer,
146 460 26 21 så
193 459 138 27 respekterar
349 458 38 28 jag
407 458 129 26 visserligen
556 458 7 21 i
582 458 42 21 allo
645 458 42 21 den
702 459 85 26 strängt
801 458 98 23 formella

70 488 140 28 ståndpunkt,
225 488 45 22 han
285 488 73 21 dervid
373 487 110 27 iakttagit,
499 493 51 15 men
564 486 43 22 kan
621 486 48 22 icke
679 486 85 22 komma
774 487 33 21 till
818 494 81 16 samma

71 518 90 21 slutsats
185 523 47 16 som
253 518 146 25 reservanten,
423 516 52 22 eller
495 516 35 21 att
547 522 28 15 en
589 515 163 28 framställning,
769 516 67 22 sådan
852 523 46 15 som

70 546 110 22 utskottet
200 545 117 28 föreslagit,
332 552 51 16 vore
399 544 111 28 obehörig,
528 546 22 26 ty
563 545 39 27 jag
617 550 63 16 anser
694 544 48 22 icke
757 545 42 22 den
813 546 8 20 i
836 545 62 28 fräga

71 575 95 22 varande
186 574 105 27 anmälan,
308 580 47 16 som
369 574 110 22 utskottet
494 573 119 28 föreslagit,
629 574 78 26 utgöra
721 574 70 26 nägon
806 574 92 28 petition

70 604 47 22 från
132 604 125 21 ständerna.
279 604 44 21 Det
336 603 44 21 kan
395 602 61 22 alltid
471 602 88 22 inträffa
573 602 37 22 vid
624 602 99 28 pröfning
738 602 22 22 af
772 603 125 28 lagförslag,

71 634 33 21 att
127 639 48 15 man
198 631 69 22 finner
288 633 71 26 nägon
382 638 71 15 annan
477 631 37 22 del
536 630 23 22 af
572 631 162 27 lagstiftningen
749 632 36 21 stä
799 632 7 21 i
821 632 79 22 sädant

71 661 106 23 samband
195 661 50 22 med
261 661 41 22 den
317 660 103 29 pröfvade
435 660 85 27 frägan,
536 661 33 21 att
585 660 37 22 det
635 660 73 22 kunde
723 667 51 15 vara
789 661 109 27 gagneligt

71 693 33 20 att
125 690 113 22 framhålla
261 690 60 22 detta
343 690 68 21 andra
431 691 63 20 ämne
514 689 33 21 till
565 689 140 27 regeringens
724 689 173 28 skärskädande;

73 719 41 22 och
137 719 42 22 den
201 719 105 28 pröfning,
329 725 47 16 som
399 725 51 20 eger
472 725 49 14 rum
540 718 7 21 i
567 718 114 26 utskottet,
696 718 42 21 kan
752 718 46 27 just
813 721 87 19 snarast

70 748 51 23 leda
143 748 33 21 till
197 748 134 22 beaktandet
349 747 22 22 af
387 747 80 22 sådant
481 746 142 23 förhållande.
655 747 38 21 Att
707 747 8 21 i
730 747 104 22 samband
849 748 50 21 med

72 778 72 21 svaret
166 777 29 27 pä
217 783 26 16 en
265 777 64 27 nädig
350 776 136 28 proposition
507 776 84 21 anmäla
607 777 32 20 att
655 776 116 21 ständerna
786 775 70 22 funnit
872 783 26 16 en

70 805 162 28 lagförändring
250 805 7 22 i
275 805 153 28 näraliggande
443 805 75 27 frägor
534 805 115 26 önskvärd,
665 807 24 19 är
704 805 67 27 enligt
785 805 43 21 min
844 812 54 21 upp-

71 835 93 27 fattning
179 835 48 21 icke
243 835 124 26 detsamma,
384 841 46 15 som
446 835 34 21 att
494 834 52 27 ingä
561 833 48 22 med
625 840 27 15 en
666 833 97 28 petition,
781 840 45 15 som
837 836 25 20 är
872 841 27 15 en

71 863 34 23 för
120 863 33 29 sig
168 863 100 28 afslutad,
285 863 91 23 särskild
393 863 77 27 ätgärd
484 861 48 23 frän
547 863 128 21 ständernas
691 863 52 21 sida.
774 863 43 22 Det
833 865 23 20 är
871 864 29 27 pä

73 893 65 22 dessa
158 892 53 28 skäl,
233 899 46 16 som
297 893 37 27 jag
353 893 39 21 ber
406 892 23 22 få
443 892 77 22 förena
534 892 44 28 mig
592 892 49 22 med
657 892 54 27 dem,
729 898 46 16 som
790 892 109 28 tillstyrka

72 922 132 27 antagandet
219 922 22 21 af
254 922 164 27 Lagutskottets
433 920 89 28 förslag.

142 950 51 22 Med
213 950 114 28 anledning
343 950 22 22 af
379 950 41 22 den
436 950 94 22 sålunda
544 949 112 22 förefallna
671 950 157 26 diskussionen,
845 950 54 22 lem-

72 980 57 21 nade
143 979 51 22 herr
207 980 208 21 Landtmarskalken
430 978 33 22 till
479 978 100 22 ständets
590 978 134 23 besvarande
735 985 26 15 en
772 979 25 21 sä
806 979 93 28 lydande

72 1008 145 29 proposition:

144 1037 108 27 vAntager
266 1037 160 27 Ridderskapet
441 1036 41 22 och
497 1036 72 22 Adeln
585 1036 41 22 den
635 1036 22 22 af
662 1036 154 27 Lagutskottet
826 1036 7 22 i
844 1043 55 15 sam-

73 1066 108 27 manhang
195 1066 50 22 med
260 1066 154 27 motiveringen
429 1066 7 21 i
452 1065 150 22 betänkandet
616 1064 123 29 föreslagna
755 1065 109 28 anmälan;

142 1095 75 22 vinner
238 1095 41 28 nej,
302 1094 95 23 förfaller
419 1094 168 28 Lagutskottets
609 1094 82 28 förslag
709 1094 7 22 i
735 1094 93 22 berörda
847 1095 53 22 hän-

74 1124 102 22 seende".

142 1153 77 21 Denna
238 1152 133 29 proposition
393 1152 133 23 besvarades
546 1152 50 22 med
619 1152 106 22 obestridt
746 1152 40 22 och
805 1152 95 23 öfvervä-

74 1182 70 27 gande
154 1182 31 27 ja.

143 1239 139 23 Beträffande
302 1240 41 22 den
361 1240 8 21 i
387 1239 165 28 propositionen
567 1238 122 28 föreslagna
704 1239 40 22 och
759 1239 23 22 af
795 1239 109 23 utskottet

74 1268 119 28 tillstyrkta
213 1268 136 28 inledningen
368 1268 33 22 till
419 1268 244 28 författningsförslaget
678 1268 72 22 beslöt
765 1268 93 28 ståndet,
874 1269 29 27 på

74 1297 51 22 herr
140 1297 221 23 Landtmarskalkens
375 1297 165 28 framställning,
557 1298 32 21 att
605 1297 158 22 återremittera
779 1297 125 22 densamma

74 1326 34 21 till
126 1328 114 26 utskottet,
260 1326 33 22 för
308 1328 33 20 att
355 1326 98 28 undergå
469 1326 42 22 den
527 1326 163 28 omredigering,
707 1332 46 16 som
768 1326 23 22 af
805 1327 98 21 ståndets

76 1354 68 28 öfriga
158 1355 75 22 beslut
246 1356 8 21 i
268 1354 75 29 frågan
359 1355 143 22 föranleddes.

144 1412 34 22 Då
193 1413 60 22 tiden
267 1412 132 23 framskridit
414 1413 33 21 till
461 1412 95 23 klockan
571 1413 42 26 två,
629 1412 40 23 och
681 1414 56 20 ännu
747 1412 52 23 flere
811 1412 94 23 ärenden

75 1440 77 23 funnos
173 1443 112 26 upptagna
303 1441 28 28 på
345 1441 236 28 föredragningslistan,
597 1441 101 28 upplöste
714 1442 49 21 herr
778 1441 127 23 Landtmar-

76 1469 91 23 skalken
182 1477 29 15 nu
226 1471 169 22 sammanträdet
409 1471 41 22 och
460 1471 137 27 uppmanade
607 1471 99 22 ståndets
717 1470 145 27 medlemmar,
874 1473 33 20 att

75 1498 95 23 klockan
185 1499 47 22 half
245 1506 39 16 sex
299 1499 55 23 efter
369 1499 116 28 middagen
501 1499 47 22 åter
563 1500 170 27 sammanträda;
746 1499 52 22 derå
808 1499 98 23 ståndets

77 1527 141 23 medlemmar
234 1529 120 28 åtskiljdes.
