1109 1748
225 110 43 20 436
540 111 41 17 Den
599 110 24 18 13
639 110 59 24 April.

198 174 51 27 ning
264 173 24 22 af
300 174 176 22 Bondeståndets
491 173 128 28 inbjudning
633 174 50 21 ville
699 180 108 21 uppmana
815 173 213 22 Ekonomiutskottet

199 204 33 20 att
253 202 36 22 vid
313 203 140 27 uppgörande
477 202 23 22 af
520 203 39 21 sitt
579 202 298 28 sammanjemkningsförslag
892 204 51 25 taga
958 202 70 27 skälig

197 231 85 28 hänsyn
297 232 32 21 till
344 232 175 22 Bondeståndets
535 231 102 27 yrkande,
652 231 109 22 hvarefter
776 231 88 21 ståndet
878 231 70 22 blefve
963 231 7 21 i
984 231 43 21 till-

197 260 52 22 fälle
272 262 34 20 att
328 262 59 26 yttra
408 260 33 28 sig
463 260 8 21 i
490 260 82 27 frågan,
589 260 29 21 då
633 260 124 22 densamma
772 260 144 22 återkommer
930 259 48 22 från
992 262 35 20 ut-

199 289 90 21 skottet.

267 318 58 22 Herr
346 318 110 21 Brakel:
487 318 40 21 Till
549 318 50 21 stöd
621 317 34 23 för
673 317 175 22 Bondeståndets
864 317 162 28 sammanjemk-

199 346 146 28 ningsförslag
367 346 70 22 skulle
452 346 38 28 jag
504 346 28 22 be
546 346 23 22 få
584 346 105 28 meddela,
707 348 32 20 att
753 346 58 22 inom
826 346 102 22 Birkkala
942 346 84 22 moder-

198 375 194 28 kyrkoförsamling
407 376 21 21 vi
442 375 57 22 hade
514 381 36 16 oss
567 375 115 22 tillerkänd
697 375 105 27 rättighet
817 375 7 21 i
839 377 33 19 tre
880 376 24 20 år
912 376 32 20 att
952 374 75 28 sjelfva

197 404 23 22 få
242 404 60 22 såväl
325 404 99 27 uppbära
446 410 47 16 som
514 404 106 27 liqvidera
634 404 272 28 hållskjutsningsmedlen,
924 406 55 19 samt
994 406 33 19 att

198 432 70 22 under
290 433 70 21 denna
375 433 32 21 tid
421 433 96 22 hvarken
532 434 71 26 någon
619 434 66 21 oreda
701 434 52 21 eller
769 433 115 27 olägenhet
899 432 61 22 deraf
972 439 54 21 upp-

198 462 57 26 stod,
278 463 53 20 utan
346 463 94 21 tvärtom
455 462 82 21 skedde
554 462 61 22 detta
630 462 33 21 till
679 462 53 22 allas
747 461 133 28 fullkomliga
896 462 129 25 belåtenhet,

198 490 117 28 möjligtvis
337 491 49 21 med
401 491 111 27 undantag
527 490 23 22 af
563 490 179 28 kronofogdarne,
759 496 47 16 som
821 490 123 28 derigenom
959 490 69 21 blifvit

199 518 23 23 af
234 520 51 21 med
307 519 33 22 sin
355 520 208 27 uppbördsprocent.
593 520 72 21 Sedan
680 520 215 27 kommunalstyrelse
911 519 28 27 på
953 519 75 21 landet

201 548 152 27 organiserats,
368 548 83 22 hvilket
464 548 58 22 inom
537 548 102 22 Birkkala
654 548 102 22 kommun
772 548 82 22 skedde
869 548 33 22 för
916 550 33 19 tre
958 548 24 21 år
992 554 34 16 se-

198 577 48 27 dan,
269 577 40 21 har
331 577 44 21 tills
391 577 50 22 dato
457 577 56 22 intet
528 577 96 22 särdeles
639 577 125 22 förtroende
779 577 115 22 förmärkts
909 576 31 22 till
957 577 70 21 denna

197 606 130 26 institution,
354 606 41 21 och
418 606 61 22 detta
500 606 125 21 tillskrifver
645 606 38 27 jag
701 605 189 28 hufvudsakligast
915 605 41 22 den
982 612 44 15 om-

197 633 155 28 ständigheten
375 636 34 20 att
431 635 65 21 dessa
518 634 230 28 kommunalstyrelser
770 633 64 23 hafva
856 634 46 21 haft
916 633 33 22 för
964 635 62 26 trång

197 663 219 28 verksamhetskrets,
439 663 41 22 och
503 665 33 20 att
557 663 118 28 utgifterna
689 663 34 22 för
738 663 51 22 dess
805 663 145 27 organisation
966 663 60 27 stigit

197 691 33 22 för
251 692 155 22 kommunerna
428 692 33 21 till
480 694 97 20 närmare
595 694 40 19 100
650 693 98 26 procent.
779 692 6 21 1
803 692 76 27 början
894 691 23 22 af
929 692 96 21 kommu-

197 720 153 28 nalstyrelsens
367 721 94 22 existens
477 721 78 22 trodde
571 721 33 27 sig
619 721 145 22 allmänheten
779 720 65 23 hafva
858 721 75 21 vunnit
941 721 85 28 mycket

197 755 78 22 genom
288 755 27 16 en
329 749 111 28 rättighet,
457 755 46 16 som
518 750 42 21 den
575 750 49 22 icke
639 750 88 27 begrep,
737 749 54 22 eller
805 756 27 15 en
841 749 128 28 skyldighet,
978 755 48 16 som

198 779 42 21 den
261 778 46 22 lika
328 778 49 22 litet
398 778 90 23 förstod.
520 778 71 22 Sedan
613 785 50 15 man
685 778 91 23 kommit
793 778 121 22 underfund
928 779 49 22 med
993 780 33 19 att

197 807 66 21 dessa
277 807 130 27 rättigheter
421 813 52 16 voro
489 807 137 28 temmeligen
636 807 135 26 inskränkta,
780 807 39 22 har
825 807 130 27 likgiltighet
966 807 61 22 deraf

197 836 100 27 uppstått
311 835 8 22 i
335 838 56 19 ännu
405 836 69 27 högre
489 836 59 27 grad,
566 836 40 21 och
621 836 80 28 följden
718 835 63 23 deraf
794 838 24 19 är
833 838 32 20 ett
881 836 143 22 misstroende

197 871 47 15 som
263 866 24 21 är
303 865 82 27 ganska
399 865 111 27 naturligt,
526 864 28 22 då
568 865 231 29 kommunalstyrelsen
815 865 48 22 icke
878 865 39 22 har
931 867 94 20 uträttat

197 895 72 25 annat,
293 895 28 20 än
344 896 33 19 att
400 896 101 25 omtugga
517 900 82 16 samma
614 895 79 21 ärende
709 900 48 16 som
772 893 58 23 förut
845 894 69 22 blifvit
928 894 95 26 idisladt,

196 924 53 20 utan
272 924 33 20 att
325 922 87 22 komma
433 923 32 21 till
487 922 68 28 något
577 923 104 27 egentligt
695 923 49 21 mål.
775 923 41 27 Jag
831 922 69 22 skulle
914 923 28 27 på
955 923 69 27 grund

197 950 63 23 deraf
280 951 109 28 tillstyrka
411 952 133 26 antagandet
567 951 23 22 af
606 952 176 22 Bondeståndets
797 952 226 27 sammanjemknings-

196 979 87 28 förslag,
306 980 50 22 med
379 980 37 22 det
433 980 76 27 tillägg
533 986 47 16 som
601 980 51 22 herr
667 987 41 15 von
723 980 88 22 Alfthan
825 980 36 22 vid
876 983 87 19 senaste
978 981 45 27 ple-

196 1015 51 15 num
271 1008 86 27 uttalat,
374 1010 33 20 att
423 1015 26 15 en
465 1008 94 22 definitiv
574 1009 32 22 tid
621 1009 68 22 borde
703 1015 54 16 vara
771 1009 100 22 bestämd
886 1008 33 23 för
933 1009 90 28 ligvida-

197 1037 80 27 tionen,
293 1037 83 22 hvilket
391 1038 86 27 mycket
491 1038 42 21 lätt
547 1038 43 21 kan
605 1038 46 27 ske,
668 1038 28 22 dä
710 1038 131 22 kommunen
857 1044 51 21 eger
923 1044 25 16 en
964 1038 59 28 slags

197 1066 100 21 exekutiv
319 1068 45 20 rätt
385 1068 34 20 att
440 1066 47 22 utfä
509 1066 42 22 alla
571 1066 47 22 sina
631 1068 72 20 rester
718 1072 79 22 genom
811 1067 211 28 kronobetjeningen,

197 1094 40 22 och
253 1094 113 22 dessutom
381 1101 52 21 eger
447 1095 71 22 medel
533 1101 49 21 nog,
599 1094 34 23 för
647 1097 34 20 att
695 1096 8 21 i
717 1095 105 22 händelse
837 1095 23 21 af
873 1095 66 22 behof
952 1096 72 22 betala

197 1123 26 21 de
247 1123 48 21 små
316 1122 95 23 förskott
434 1130 46 15 som
502 1124 40 21 här
565 1126 36 20 äro
617 1124 8 22 i
640 1124 67 28 fråga.
737 1124 33 22 På
785 1124 69 27 grund
869 1124 23 22 af
904 1125 38 21 det
956 1125 68 27 sagda

197 1152 70 21 skulle
286 1152 39 27 jag
340 1152 91 22 sålunda
445 1152 81 22 föreslå
541 1154 34 20 att
589 1152 161 28 Ridderskapet
766 1153 39 21 och
821 1153 68 21 Adeln
904 1153 68 23 måtte
987 1160 36 15 an-

196 1182 52 25 taga
271 1181 61 21 detta
352 1180 305 28 sammanjemkningsförslag,
681 1182 50 21 med
754 1183 33 20 ett
802 1182 78 21 sådant
894 1182 81 27 tillägg,
991 1184 33 20 att

196 1209 130 22 kommunen
341 1210 70 21 skulle
431 1216 76 21 genom
522 1210 42 22 den
579 1210 130 28 myndighet,
726 1216 49 16 som
790 1210 66 22 saken
871 1212 97 20 närmast
981 1212 42 26 rör,

196 1238 122 22 bestämma
339 1238 60 22 tiden
421 1238 33 22 för
476 1238 131 28 ligvidation,
629 1239 55 21 dock
706 1239 50 22 icke
775 1238 44 22 förr
835 1241 27 20 än
875 1241 33 20 tre
922 1240 102 22 månader

197 1266 55 22 efter
268 1266 42 22 den
326 1266 107 22 ordinarie
447 1267 263 27 kommunaluppbördens
726 1268 40 21 tid.

267 1295 57 22 Herr
338 1296 208 22 Landtmarskalken
561 1296 73 22 anhöll
650 1298 33 20 att
697 1296 50 22 med
764 1296 114 28 anledning
886 1296 22 22 af
914 1297 50 21 herr
971 1297 52 23 Bra-

196 1323 47 22 kels
266 1325 87 21 senaste
369 1324 100 28 yttrande
484 1324 40 22 och
539 1324 54 22 hans
608 1324 159 22 instämmande
782 1325 7 21 i
804 1325 50 21 herr
868 1331 42 16 von
925 1326 98 22 Alfthans

196 1352 36 22 vid
253 1352 130 28 föregående
405 1353 159 22 sammanträde
583 1354 8 20 i
605 1353 75 27 frågan
696 1353 81 28 afgifna
791 1354 139 21 modifierade
945 1354 79 29 förslag

197 1380 21 22 få
241 1383 86 25 nämna,
351 1382 38 21 det
408 1381 43 22 han
466 1381 48 22 icke
528 1382 68 27 ansåg
611 1382 37 21 det
663 1389 51 15 vara
729 1382 51 21 med
795 1382 100 27 gällande
910 1383 24 22 L.
951 1383 25 22 O.
993 1383 31 22 öf-

197 1410 214 22 verensstämmande
427 1412 33 20 att
474 1410 7 21 i
496 1409 61 28 fråga
573 1417 34 14 om
623 1411 124 27 antagande
763 1411 23 21 af
798 1411 126 27 inbjudning
939 1413 32 20 att
981 1412 42 22 för-

196 1444 41 15 ena
252 1439 34 26 sig
301 1445 34 15 om
344 1441 66 19 annat
424 1439 74 22 stånds
514 1439 77 26 beslut,
609 1445 26 16 en
651 1440 57 27 dylik
723 1439 127 28 inbjudning
865 1440 77 21 endast
957 1441 66 22 delvis

196 1468 98 26 antoges,
314 1467 53 22 eller
381 1474 42 21 nya
437 1467 87 28 förslag,
533 1473 35 16 om
582 1467 73 22 hvilka
669 1467 59 23 förut
744 1468 48 22 icke
807 1468 57 22 varit
878 1468 66 28 fråga,
960 1469 64 23 fram-

195 1495 68 27 lades,
286 1498 53 19 utan
353 1496 67 22 borde
440 1503 26 14 en
479 1496 133 27 inbjudning,
629 1496 103 23 framförd
747 1496 55 22 ifrån
818 1499 33 20 ett
866 1497 63 22 stånd
944 1498 32 21 till
992 1501 32 20 ett

196 1526 72 25 annat,
285 1524 7 21 i
307 1525 49 21 dess
372 1525 73 22 helhet
461 1525 102 27 antingen
579 1527 89 26 antagas
685 1526 52 22 eller
745 1524 114 29 förkastas,
868 1525 98 24 hvarföre
974 1527 50 22 herr
