1109 1748
222 119 27 20 20
517 119 39 17 Den
572 116 12 20 2
600 118 94 18 Fobrrari.

193 182 152 29 upphäfvande
361 182 23 22 af
397 182 61 22 detta
473 181 140 27 privilegium,
630 183 57 20 samt
710 181 32 21 till
764 182 156 27 Lagutskottet
933 180 33 22 för
981 181 41 22 frå-

193 218 54 22 gans
263 211 130 27 behandling
408 218 26 14 ur
447 210 93 28 juridisk
556 211 115 27 synpunkt.

262 240 57 22 Herr
334 240 142 22 Mechelin:
502 239 42 27 Jag
559 240 82 21 tillåter
655 240 44 26 mig
713 239 117 22 hemställa
846 246 33 15 om
891 239 37 21 det
942 238 19 28 ej
973 245 51 15 vore

194 270 89 22 enklare
299 270 33 20 att
341 269 112 21 remittera
468 267 75 28 frågan
559 268 78 22 endast
652 268 32 21 till
699 268 162 27 Lagutskottet.
892 268 132 22 Ridderska-

193 301 38 25 pet
247 298 40 22 och
302 298 70 21 Adeln
394 298 41 21 har
456 297 67 21 redan
545 297 82 21 uttalat
642 297 33 27 sig
691 303 34 15 om
741 296 163 28 ifrågavarande
919 296 105 28 privilegii

194 327 120 23 afstående.
344 327 43 21 Det
403 326 68 27 gäller
485 332 29 15 nu
529 326 56 21 blott
604 326 41 21 den
661 326 45 21 lilla
720 325 132 28 förordning,
868 332 46 15 som
930 328 24 19 är
968 324 56 22 före-

194 357 76 27 slagen
285 356 28 27 på
328 356 68 26 grund
413 355 22 21 af
449 355 61 21 detta
530 354 118 22 afstående.
679 354 40 22 Till
740 355 232 21 Riddarhusutskottet
987 354 37 21 be-

193 385 76 22 höfver
283 384 76 27 frågan
375 384 18 27 ej
409 384 69 21 heller
492 384 123 21 remitteras
625 384 29 27 på
669 383 69 27 grund
749 383 24 22 af
782 383 242 27 riddarhusordningen,

194 416 23 26 ty
233 414 38 22 det
287 416 23 19 är
325 413 83 26 endast,
425 412 28 22 då
471 412 60 27 fråga
548 414 23 20 är
595 418 34 16 om
650 412 90 27 ändring
758 412 7 22 i
782 412 241 27 riddarhusordningen,

195 450 46 14 som
253 449 27 15 en
289 442 62 27 fråga
361 442 69 20 måste
440 441 123 22 remitteras
574 441 32 21 till
619 441 60 22 detta
690 442 91 20 utskott.
803 441 73 22 Gäller
887 441 37 21 det
935 441 90 27 ändring

194 472 7 21 i
216 471 158 28 privilegierna,
390 470 68 22 finnes
475 470 37 21 det
526 470 48 21 icke
587 470 104 27 stadgadt
702 472 33 19 att
750 469 75 28 frågan
836 470 56 22 skall
902 470 122 22 remitteras

195 501 38 21 dit.
264 500 43 26 Jag
322 500 118 26 tillstyrker
456 498 84 22 derföre
557 499 63 21 enkel
635 499 78 21 remiss
728 499 32 21 till
776 499 161 27 Lagutskottet.

264 529 57 21 Herr
337 528 162 27 Gripenberg
514 527 102 22 förenade
633 528 33 26 sig
681 528 49 21 med
745 528 51 21 herr
810 528 112 22 Mechelin.

266 558 57 21 Herr
338 557 101 21 Taube:
465 556 55 22 Från
536 556 131 27 föregående
682 556 132 28 landtdagar
829 557 83 21 erinrar
924 556 38 28 jag
982 556 43 27 mig

196 589 33 19 att
243 586 68 27 fråga,
329 592 46 16 som
389 587 46 20 rört
450 585 171 27 Ridderskapets
638 586 40 21 och
696 585 80 22 Adelns
799 586 127 26 privilegier,
949 586 76 20 främst

195 615 131 22 behandlats
342 614 22 21 af
377 614 238 21 Riddarhusutskottet.
645 614 43 27 Jag
710 614 43 21 kan
776 614 47 21 icke
842 621 28 14 nu
886 614 56 27 gifva
958 614 67 21 andra

197 644 96 27 exempel
309 646 27 19 än
351 643 75 27 frågan
443 649 34 15 om
492 643 123 26 personella
637 642 119 28 utskylder,
779 643 86 22 hvilken
887 643 55 22 först
957 643 67 21 hand-

195 673 62 22 lades
273 672 24 22 af
310 671 232 23 Riddarhusutskottet
558 671 40 22 och
615 671 67 22 sedan
696 671 151 23 remitterades
870 672 32 21 till
920 672 104 22 vederbö-

196 702 67 21 rande
286 701 139 26 Lagutskott.
455 701 42 26 Jag
520 700 70 22 skulle
614 699 84 23 derföre
720 700 81 22 föreslå
821 702 33 20 att
870 701 69 22 denna
954 701 70 27 praxis

196 731 71 21 blefve
282 730 53 27 följd
350 729 62 22 äfven
427 736 36 15 nu.

266 759 99 21 Friherre
387 765 42 15 von
451 757 76 27 Troil,
550 757 87 22 Samuel
651 758 101 22 Werner:
778 758 42 27 Jag
843 761 23 19 är
889 758 32 22 till
944 760 81 20 största

197 788 63 22 delen
281 787 147 22 förekommen
444 786 23 22 af
481 787 41 21 den
538 788 88 20 senaste
649 787 65 22 ärade
737 787 84 22 talaren
836 787 7 21 i
858 787 57 21 hvad
927 787 39 28 jag
981 790 44 19 äm-

196 817 57 22 nade
267 818 65 26 yttra.
362 817 47 20 Mot
427 815 57 22 hvad
506 815 51 22 herr
571 816 107 21 Mechelin
701 815 76 27 anfört,
794 816 35 21 vill
842 816 39 27 jag
896 817 77 21 endast
988 817 37 26 på-

196 846 73 21 minna
284 847 33 20 att
332 845 159 26 Ridderskapet
507 844 39 21 och
562 844 69 21 Adeln
646 845 32 21 uti
699 845 40 21 den
761 845 99 27 petition,
882 845 85 21 hvartill
990 845 35 22 vid

196 877 89 20 senaste
299 873 106 27 landtdag
420 873 89 27 beslöts,
525 873 105 21 förklarat
645 873 33 28 sig
694 873 69 27 villigt
779 876 32 19 att
831 873 75 28 afsäga
921 874 34 27 sig
969 873 56 23 före-

196 904 95 22 varande
306 903 143 27 privilegium;
473 909 49 15 men
536 902 162 28 Ridderskapet
713 905 39 19 och
767 903 70 21 Adeln
854 903 39 21 har
908 903 56 21 ändå
978 904 47 21 icke

197 932 85 22 derföre
305 931 105 23 definitivt
433 931 71 27 afsagt
522 931 33 27 sig
571 931 127 22 detsamma.
729 932 74 21 Skulle
827 932 85 22 således
934 932 91 22 Ridder-

196 962 79 27 skapet
291 960 40 22 och
347 960 69 22 Adeln
432 960 18 27 ej
467 960 76 27 afsäga
558 960 34 26 sig
608 960 61 22 detta
687 960 140 28 privilegium,
849 961 25 21 så
889 963 24 19 är
927 962 97 26 proposi-

197 990 84 22 tionens
297 989 131 27 behandling
443 989 7 21 i
465 989 156 27 Lagutskottet
635 988 131 28 fullkomligt
782 990 90 26 onödig;
892 989 85 27 afsäger
992 990 33 27 sig

197 1019 98 21 deremot
311 1018 158 27 Ridderskapet
485 1018 39 21 och
540 1018 69 21 Adeln
630 1018 128 27 privilegiet,
775 1019 26 21 så
814 1018 41 22 har
870 1018 155 28 Lagutskottet

196 1048 112 26 ingenting
324 1048 65 20 annat
405 1048 32 20 att
453 1048 53 25 göra
521 1048 26 20 än
563 1048 34 20 att
611 1046 108 28 tillstyrka
737 1047 40 21 hos
797 1047 27 21 de
844 1047 68 22 andra
934 1048 91 21 stånden

197 1077 42 21 den
253 1076 80 27 nådiga
347 1076 173 27 propositionens
536 1076 128 26 antagande.
695 1076 30 20 På
748 1076 71 21 denna
841 1076 69 27 grund
928 1076 97 22 biträder

193 1106 38 27 jag
246 1106 49 21 herr
310 1104 135 28 Lagerborgs
464 1104 87 27 förslag.

265 1133 61 22 Efter
345 1133 89 22 härmed
449 1132 94 22 afslutad
559 1132 130 28 diskussion,
710 1132 146 23 framställdes
873 1134 32 21 till
921 1133 103 23 Ståndets

195 1162 135 23 besvarande
345 1162 94 27 följande
454 1162 145 27 proposition:

267 1192 60 26 »Den
343 1197 46 15 som
411 1190 36 22 vill
469 1190 111 22 remittera
602 1190 163 28 ifrågavarande
790 1191 79 27 nådiga
890 1192 134 26 proposition

195 1221 40 21 N:o
254 1222 9 20 1
281 1220 32 21 till
328 1219 239 27 Riddarhusutskottet,
584 1225 75 15 svarar
671 1219 30 27 ja.

265 1249 80 21 Vinner
361 1248 41 27 nej,
419 1248 122 22 remitteras
557 1248 162 27 propositionen
735 1248 33 22 till
779 1248 175 28 Lagutskottet.*

265 1278 47 21 Och
328 1277 27 21 då
370 1277 69 21 denna
453 1276 135 28 proposition
603 1277 132 21 besvarades
754 1278 50 21 med
824 1277 157 28 öfvervägande
994 1278 29 28 ja,

195 1307 72 21 skulle
277 1306 78 27 nådiga
365 1306 162 27 propositionen
534 1306 41 20 N:o
586 1307 9 19 1
608 1305 122 23 remitteras
741 1306 33 21 till
785 1306 239 23 Riddarhusutskottet.

264 1363 85 26 Nädiga
363 1363 161 27 propositionen
540 1363 40 21 N:o
596 1364 19 25 2,
632 1369 35 15 om
686 1363 117 22 förändrad
821 1364 83 27 lydelse
920 1364 24 21 af
957 1366 11 19 3
985 1364 11 27 8
1012 1367 12 19 7

194 1393 50 26 kap.
262 1393 25 20 G.
303 1392 32 26 B.,
352 1391 111 27 angående
477 1391 33 27 jäf
523 1393 58 20 emot
597 1391 128 28 äktenskap,
745 1392 151 22 remitterades
913 1395 53 19 utan
982 1394 42 21 dis-

193 1421 91 22 kussion
299 1421 33 21 till
347 1420 161 27 Lagutskottet.

263 1478 85 27 Nådiga
363 1477 161 28 propositionen
542 1477 41 22 N:o
599 1479 19 25 3,
635 1478 50 21 med
703 1478 80 27 förslag
799 1479 32 21 till
848 1479 124 27 förordning
988 1486 36 15 an-

194 1508 85 27 gående
301 1506 124 22 författares
448 1506 40 21 och
510 1507 141 22 konstnärers
675 1509 44 20 rätt
741 1507 32 21 till
795 1507 67 22 alster
877 1507 23 22 af
914 1508 32 21 sin
962 1509 62 21 verk-

193 1537 92 26 samhet,
301 1535 150 22 remitterades
467 1535 32 21 till
515 1535 162 27 Lagutskottet.
