1109 1748
426 113 39 17 Den
481 113 11 17 7
511 112 60 24 April.
864 113 40 20 399

106 176 6 22 i
127 176 89 22 Finland
232 176 40 21 och
288 176 62 22 deras
366 175 176 27 religionsfrihet;
560 177 34 21 2:o
609 176 125 26 förordning
749 176 111 27 angående
876 177 56 21 icke-

105 205 82 22 kristne
205 204 169 22 trosbekännare
393 204 40 21 och
449 204 48 21 dem
512 204 121 27 medgifven
648 204 177 28 religionsfrihet;
843 205 40 21 och
898 208 34 18 3:o

105 234 124 26 förordning
251 239 34 15 om
307 240 79 15 ansvar
407 232 34 22 för
463 232 49 28 den,
535 239 47 15 som
605 234 100 27 olofligen
720 233 79 22 förmår
814 234 71 27 någon
900 234 33 21 till

106 262 116 28 öfvergång
237 262 46 21 från
300 268 26 16 en
341 262 94 22 troslära
449 262 33 21 till
499 268 27 15 en
541 268 77 16 annan.

173 320 88 22 Plenum
277 319 74 23 afslöts
367 320 92 22 klockan
475 321 32 21 ett
522 320 41 22 och
578 320 120 28 fyratiofem
711 320 92 22 minuter
814 320 54 22 efter
879 320 52 22 mid-

106 349 75 27 dagen.

730 389 21 18 In
764 389 63 19 fidem:

625 418 70 22 Victor
710 418 25 22 de
750 419 22 21 la
789 418 104 30 Chapelle.

273 551 45 23 Den
334 551 14 23 7
363 551 60 28 April
441 551 95 24 klockan
554 552 15 22 II
585 551 181 29 föremiddagen,

173 608 202 27 Protokollsutdrag
385 615 34 15 om
430 610 98 21 ståndets
540 610 35 21 vid
586 611 87 20 senaste
681 610 158 21 sammanträde
847 609 82 22 fattade

105 637 72 22 beslut
192 637 111 28 upplästes
319 637 31 22 till
363 637 108 28 justering
486 638 42 21 och
544 638 133 27 godkändes.

173 724 55 21 Herr
238 724 207 22 Landtmarskalken
455 724 149 28 tillkännagaf,
614 726 33 21 att
653 725 101 27 polletter
762 724 69 22 blifvit
839 726 90 26 uttagna

104 752 34 22 för
152 753 72 26 adliga
239 755 91 25 ätterna,

170 781 40 22 N:o
229 784 31 24 14,
277 782 117 26 Hästesko,
409 781 49 22 utaf
471 781 125 28 fullmäktig
611 783 50 22 herr
676 789 41 16 von
732 783 138 26 Willebrand,
885 783 43 21 Au-

102 811 50 26 gust
167 811 112 26 Reinhold,
295 811 160 26 tullförvaltare,
472 811 42 22 och

171 839 39 22 N:o
231 841 34 26 95,
284 846 42 16 von
341 840 100 27 Schantz,
457 839 21 22 af
491 840 52 22 herr
557 847 42 15 von
615 840 99 27 Schantz,
730 840 79 22 Fabian
824 840 105 23 Wilhelm,

103 867 129 24 handlande.

171 926 58 22 Ifrån
247 926 142 22 medstånden
405 926 55 22 hade
475 927 120 21 ankommit
609 927 94 27 följande
718 927 210 27 protokollsutdrag:

171 955 48 22 från
234 955 170 27 Presteståndet,
419 956 50 21 med
483 956 172 22 underrättelse:

171 990 34 16 om
227 984 148 27 försiggänget
397 984 34 22 val
447 984 22 22 af
482 986 80 20 tvenne
578 984 352 28 suppleanter
722 980 12 36 i
747 984 183 28 Ekonomiutskot-

102 1014 32 20 tet
144 1012 110 23 äfvensom
264 1012 23 23 af
295 1013 46 28 fyra
350 1013 120 22 ledamöter
481 1014 42 21 och
533 1015 79 21 tvenne
623 1014 138 27 suppleanter
768 1014 7 21 i
783 1014 147 27 Värnepligts-

102 1042 118 27 utskottet;

171 1072 32 20 att
217 1070 79 28 nådiga
305 1070 168 28 propositionen,
483 1071 114 27 angående
607 1071 83 22 inlösen
701 1070 23 22 af
733 1071 195 27 donationsgodsen

102 1099 7 21 i
124 1099 100 27 Wiborgs
240 1100 41 21 och
296 1099 33 22 S:t
343 1099 90 22 Michels
449 1100 42 26 län,
508 1100 133 22 remitterats
657 1100 33 22 till
706 1100 178 26 Statsutskottet;

172 1130 32 20 att
228 1128 79 27 nådiga
329 1128 169 28 propositionen,
520 1129 111 27 angående
647 1128 281 28 stämpelpappersafgiften,

102 1156 150 23 öfverlemnats
267 1157 33 21 till
315 1157 253 27 Bevillningsutskottets
583 1158 140 26 behandling;

172 1188 33 20 att
219 1186 78 27 nådiga
310 1186 169 27 propositionen,
496 1187 113 27 angående
623 1186 100 22 framtida
738 1186 156 27 förvaltningen
909 1186 23 21 af

102 1214 150 28 Längmanska
271 1214 214 27 testamentsfonden,
505 1216 133 21 remitterats
658 1216 33 20 till
706 1215 223 27 Ekonomiutskottet;

171 1245 33 21 att
213 1244 225 21 Ekonomiutskottets
449 1244 138 22 betänkande
597 1244 8 21 i
615 1244 114 27 anledning
737 1244 23 22 af
766 1244 78 27 nådiga
852 1250 78 21 propo-

102 1272 98 27 sitionen,
225 1279 34 15 om
281 1272 129 28 anläggning
433 1273 40 21 och
488 1272 143 28 beskattning
645 1272 22 22 af
681 1273 143 28 mjölgvarnar
840 1273 40 21 och
896 1275 34 19 sä-

102 1301 164 27 desstampverk
284 1301 50 22 med
353 1308 72 15 annan
440 1301 102 23 drifkraft
557 1304 28 20 än
599 1303 83 25 vatten,
698 1302 8 22 i
721 1302 49 22 dess
785 1302 75 22 helhet
875 1301 55 22 oför-

102 1330 92 22 ändradt
209 1330 23 22 af
245 1330 87 22 ståndet
347 1330 134 27 godkändts
468 1326 15 35 ;

171 1361 33 20 att
227 1359 92 26 ståndet,
343 1359 50 21 med
416 1358 141 23 förkastande
579 1358 23 22 af
614 1359 225 22 Ekonomiutskottets
854 1358 76 22 betän-

100 1387 71 22 kande
189 1388 7 21 i
217 1387 113 28 anledning
350 1387 23 22 af
390 1387 79 27 nädiga
486 1388 171 27 propositionen,
679 1387 112 28 angäende
806 1393 27 15 en
847 1386 83 22 förord-

100 1417 56 26 ning,
173 1416 148 22 innefattande
338 1416 75 27 tillägg
427 1416 32 21 till
469 1417 81 26 nädiga
560 1416 151 27 förordningen
723 1423 33 15 om
764 1415 166 22 kommunalför-

99 1445 95 27 valtning
208 1445 28 27 pä
250 1445 80 26 landet,
346 1445 111 26 godkändt
472 1445 42 21 den
530 1445 79 27 nådiga
619 1445 162 27 propositionen
791 1443 139 27 oförändrad;

168 1475 33 20 att
223 1473 224 22 Ekonomiutskottets
469 1473 147 27 betänkande,
640 1473 7 22 i
670 1473 114 26 anledning
807 1472 22 22 af
851 1475 33 19 ett
899 1473 32 21 till

98 1502 164 22 Bondeständet
271 1502 118 21 inlemnadt
398 1502 224 27 petitionsmemorial,
635 1502 92 22 rörande
739 1501 103 26 åtgärder
849 1501 82 23 beträf-

98 1530 63 23 fande
176 1531 221 27 kronoskogsmarker
412 1530 40 23 och
466 1531 128 27 kronotorp,
614 1531 23 22 af
648 1531 87 22 ståndet
745 1529 82 28 gillats;
