1109 1748
417 126 40 18 Den
475 124 25 19 13
517 125 93 18 Februari.
872 126 25 20 91

171 188 131 28 granskning
327 189 40 22 och
383 188 154 23 stadfästande
560 188 23 22 af
596 188 276 27 guvernementsbudgeten
888 190 40 22 och

102 217 121 27 fördelning
239 216 22 22 af
273 217 151 28 utskylderna;
440 216 75 22 beslut
530 222 34 16 om
579 216 58 23 fasta
652 217 140 27 egendomars
803 216 125 30 försäljning

102 246 40 22 och
157 246 50 27 köp;
223 246 112 21 bildandet
349 246 22 22 af
384 252 42 22 nya
441 245 78 22 fonder
530 245 31 21 till
571 246 188 26 guvernementets
769 245 110 27 behofver;
890 247 37 21 be-

103 276 44 21 slut
162 282 35 14 om
212 274 46 22 låns
273 275 140 27 upptagande
429 274 31 21 till
471 274 61 22 vissa
542 274 89 22 allmänt
641 274 84 28 nyttiga
735 274 109 27 ändamål;
852 277 75 25 vägar-

102 310 39 16 nes
164 302 156 28 klassificering
335 304 7 20 i
357 304 106 21 allmänna
478 303 132 26 landsvägar
625 303 40 21 och
681 303 112 27 byavägar,
808 303 67 27 jemte
890 306 37 19 än-

103 333 61 27 dring
188 332 23 21 af
223 334 105 25 vägarnes
344 332 135 26 sträckning;
496 332 175 21 bestämmandet
685 338 35 15 om
735 338 41 21 nya
791 332 90 28 pålagor
895 332 33 22 för

103 362 188 26 guvernementets
314 360 75 28 behof;
413 360 176 22 bestämmandet
604 360 22 21 af
639 362 58 26 väg-,
713 361 49 21 bro-
778 361 41 21 och
835 361 93 28 färjpen-

102 390 87 27 ningar;
212 390 72 21 beslut
306 396 34 15 om
358 390 155 26 utställningar
529 388 23 22 af
565 391 188 25 guvernementets
769 390 102 22 industri-
887 390 40 22 och

102 418 257 28 landtbruksprodukter;
376 418 144 28 rådplägning
534 418 7 21 i
556 417 79 28 frågor,
651 424 47 15 som
712 418 23 22 af
743 419 126 27 regeringen
879 419 48 22 blif-

103 448 31 21 vit
156 447 32 21 till
211 449 68 20 mötet
298 448 131 27 hänskjutna
445 447 40 22 och
503 446 132 28 afgifvandet
649 447 22 21 af
684 448 79 20 mötets
778 448 148 27 betänkande;

102 476 35 22 val
156 476 23 21 af
191 476 110 27 president
317 476 40 22 och
373 478 12 20 6
401 476 141 22 medlemmar
556 476 7 20 i
579 482 26 15 en
621 476 87 26 ständig
722 476 89 27 komité,
827 484 46 15 som
888 478 39 21 har

103 505 32 21 till
158 504 84 28 uppgift
265 507 32 19 att
319 505 118 22 verkställa
459 506 82 20 mötets
557 504 78 27 beslut,
652 507 56 19 samt
723 507 33 19 att
771 505 114 23 förbereda
900 507 26 21 de

102 534 33 22 till
157 534 136 27 förhandling
319 534 128 22 kommande
478 534 121 21 ärenderna
625 534 40 21 och
691 534 128 27 förvaltning
844 535 22 21 af
888 542 38 20 gu-

102 564 159 21 vernementets
277 563 98 21 ekonomi
389 563 7 21 i
411 563 125 21 allmänhet.
567 562 83 22 Preses
666 562 6 22 i
691 563 70 21 denna
777 563 81 22 komité
868 565 58 21 stad-

102 592 68 22 fästes
185 592 22 21 af
217 592 193 22 inrikesministern
433 592 41 21 och
489 592 42 21 blir
545 591 50 22 vald
607 592 68 26 jemte
690 592 166 22 medlemmarne
870 594 28 26 på
914 595 12 19 3

104 621 28 21 år.
163 620 112 22 Komiténs
290 621 113 27 president
418 620 39 22 och
473 620 141 22 medlemmar
630 620 83 27 åtnjuta
729 622 31 20 ett
775 620 24 21 af
811 623 69 20 mötet
889 621 37 22 be-

104 649 82 22 stämdt
201 649 84 22 arvode.

171 684 41 21 Om
232 691 26 14 en
277 684 100 22 liknande
392 683 120 27 inrättning
528 683 33 22 för
575 684 38 21 vår
627 683 222 28 länerepresentation
864 686 63 25 säger

102 713 38 22 det
161 712 23 22 af
204 713 50 21 herr
275 713 124 27 Lagerborg
413 713 123 21 inlemnade
551 713 238 27 petitionsmemorialet
804 713 120 28 ingenting;

102 742 55 21 dock
173 742 74 27 tyckes
264 742 40 21 den
320 742 70 27 hänga
405 741 113 28 organiskt
532 741 40 22 och
583 741 134 27 oundvikligt
727 741 140 22 tillsammans
879 743 48 21 med

101 771 206 27 representationen,
325 777 45 15 som
394 771 42 21 den
455 770 160 22 verkställande
630 771 87 21 makten
733 771 49 21 med
799 771 41 21 den
854 771 72 21 beslu-

102 800 71 26 tande,
191 799 40 22 och
253 799 62 22 torde
332 799 71 22 derför
419 799 113 27 samtidigt
546 799 49 22 med
610 799 248 28 länerepresentationen
874 800 54 22 böra

102 829 85 21 komma
202 828 33 21 till
250 828 28 22 lif.

171 874 99 23 Friherre
293 882 40 15 von
349 876 81 26 Troil,
447 876 21 21 S.
485 876 45 21 W.:
550 876 43 27 Jag
607 876 56 21 hade
679 876 76 26 begärt
771 876 61 21 ordet
846 875 34 22 för
895 877 33 20 att

102 905 105 20 motsätta
222 904 43 27 mig
279 904 130 27 petitionens
425 905 122 27 antagande
564 905 40 21 och
619 904 76 22 remiss
711 904 32 21 till
753 904 115 27 utskottet,
877 911 49 15 men

102 933 36 22 vill
161 933 56 21 dock
235 932 56 22 efter
306 934 41 21 den
361 934 125 26 utveckling
502 933 22 21 af
538 933 161 22 förhällandena
715 933 31 21 uti
762 934 67 20 andra
843 933 82 27 länder,

102 968 47 15 som
171 962 41 21 den
231 962 128 27 föregäende
376 963 65 21 ärade
457 962 83 22 talaren
555 962 122 26 framställt,
693 962 48 21 icke
756 962 94 21 vidhälla
866 962 60 21 detta

102 990 86 27 förslag.
219 990 50 22 Men
291 991 89 21 emedan
397 992 41 21 den
457 991 131 27 föregäende
604 991 89 26 talaren,
709 991 65 21 bland
789 991 67 21 andra
871 991 54 26 skäl,

102 1019 73 21 hvilka
190 1018 22 22 af
225 1019 79 22 honom
319 1020 133 26 framställts,
469 1020 107 26 äberopat
590 1020 121 28 yttranden,
727 1026 47 15 som
787 1020 36 21 vid
839 1022 87 19 senaste

101 1048 104 26 landtdag
227 1048 102 27 afgäfvos,
346 1049 103 21 särskildt
472 1048 23 22 af
518 1049 67 27 några
608 1050 131 26 guvernörer
753 1048 7 21 i
776 1048 114 27 anledning
906 1050 20 20 at

102 1077 42 21 den
164 1076 112 22 enahanda
290 1078 98 26 petition,
405 1084 46 15 som
467 1078 28 21 dä
510 1084 38 15 var
563 1077 89 22 föremäl
667 1077 33 22 för
715 1077 128 22 ständernas
858 1077 68 21 hand-

102 1106 107 27 läggning,
225 1108 57 19 samt
304 1106 49 22 herr
373 1112 42 16 von
432 1106 88 22 Alfthan
534 1106 79 28 jemväl
629 1106 35 22 vid
679 1108 88 20 senaste
783 1106 86 27 plenum
884 1106 42 21 till-

103 1135 70 27 styrkt
195 1135 130 27 petitionens
348 1136 129 26 antagande,
494 1136 69 21 under
577 1135 156 21 framhällande
748 1134 23 22 af
785 1135 26 21 de
826 1134 99 26 fördelar,

102 1170 47 15 som
163 1164 104 21 medförts
283 1170 77 21 genom
375 1164 214 27 öfverläggningarne
603 1164 36 21 vid
655 1170 26 15 en
696 1164 24 21 är
737 1165 53 20 1867
802 1164 6 20 i
819 1164 108 26 Uleåborg

102 1193 161 21 sammanträdd
288 1193 87 26 komité,
398 1193 120 21 bestående
544 1192 23 22 af
588 1192 128 28 delegerade
738 1192 47 21 från
807 1192 27 21 de
857 1192 69 22 skilda

102 1222 127 25 socknarne,
245 1222 72 21 hvilka
340 1222 54 26 egde
417 1222 124 26 öfverlägga
555 1222 94 21 rörande
664 1222 41 21 den
720 1221 28 21 då
763 1221 94 21 hotande
872 1221 54 21 hun-

102 1250 121 27 gersnöden
239 1250 40 22 och
294 1251 85 21 medlen
395 1250 33 22 för
444 1251 50 21 dess
510 1250 146 28 afhjelpande,
665 1250 64 22 utber
741 1250 38 27 jag
793 1250 43 27 mig
852 1252 38 23 att,
900 1250 27 21 då

102 1279 50 21 herr
164 1285 41 15 von
221 1279 98 21 Alfthans
335 1280 36 21 vid
381 1281 87 19 senaste
479 1280 87 26 plenum
577 1280 74 26 gjorda
662 1278 137 28 andragande
809 1279 7 21 i
824 1279 102 21 väsendt-

102 1308 31 26 lig
155 1308 34 21 del
208 1308 82 21 afviker
304 1308 47 22 från
367 1308 37 22 det
418 1308 44 22 han
478 1308 83 27 afgifvit
575 1308 36 22 vid
626 1308 132 26 landtdagen
775 1308 61 26 1872,
852 1307 33 22 för
900 1314 26 15 en

103 1336 66 22 stund
191 1336 22 22 få
235 1338 95 26 upptaga
345 1337 172 27 Ridderskapets
533 1337 40 21 och
589 1337 80 21 Adelns
685 1337 32 21 tid
732 1336 49 22 med
797 1338 32 19 att
844 1336 32 22 till
892 1343 34 15 sa-

102 1366 54 21 kens
179 1366 118 27 belysande
317 1366 22 21 få
354 1366 92 27 uppläsa
461 1366 134 21 sistnämnde
611 1366 143 26 andragande,
771 1365 81 21 hvilket
868 1368 23 18 är
906 1364 22 22 af

102 1394 93 27 följande
211 1394 91 27 lydelse:

172 1457 72 22 Sedan
259 1458 98 23 Friherre
372 1463 41 16 von
429 1457 58 22 Troil
503 1465 25 15 ur
543 1458 99 22 ståndets
657 1458 86 28 tryckta
753 1456 131 29 protokoller
894 1456 33 22 för

102 1487 132 27 landtdagen
258 1489 54 20 1872
335 1486 88 28 uppläst
446 1487 49 21 herr
517 1486 99 23 Alfthans
632 1487 101 28 yttrande
748 1487 8 20 i
771 1487 41 21 den
827 1485 29 21 då
870 1485 56 22 före-

102 1515 81 22 vordna
206 1515 113 23 enahanda
340 1515 83 27 frågan,
439 1515 102 22 fortsatte
561 1515 124 22 Friherren:
715 1517 68 20 Detta
797 1521 39 15 var
850 1521 30 15 nu
895 1516 32 20 ett

102 1543 23 22 af
146 1545 27 21 de
197 1545 115 22 omordade
332 1545 169 26 guvernörernes
518 1544 36 23 vid
569 1547 87 20 senaste
672 1545 104 26 landtdag
790 1542 79 29 afgifna
884 1545 42 26 ytt-
