1109 1748
235 103 42 21 216
544 104 41 18 Den
603 102 24 18 13
643 102 54 18 Mars.

208 169 33 21 att
256 174 49 15 man
320 167 7 21 i
342 166 201 27 inteckningslagen
553 166 85 27 intager
648 166 42 21 alla
701 166 26 21 de
739 166 142 27 stadganden,
892 165 60 23 hvari
964 166 70 22 denna

206 198 65 21 berör
286 196 211 26 koncessionslagen,
514 194 138 28 hvarigenom
668 195 151 21 motsvarande
827 195 207 22 moment
928 190 9 36 i
949 195 85 22 konces-

208 226 123 26 sionslagen
347 224 136 28 naturligtvis
498 224 34 21 fär
547 224 136 26 ständerlags
698 225 71 20 natur.
800 224 42 21 För
858 224 64 27 öfrigt
936 224 40 21 har
985 230 49 16 man

207 256 7 20 i
238 254 67 22 andra
323 254 76 21 länder
422 253 18 27 ej
461 253 59 27 skytt
540 255 33 19 att
589 252 64 22 ställa
667 252 61 27 lagar
743 252 48 22 frän
807 252 57 22 olika
879 252 155 28 lagstiftnings-

209 284 102 22 omräden
331 283 7 21 i
359 282 105 22 samband
483 281 49 21 med
555 281 126 22 hvarandra.
712 281 79 22 Säsom
806 282 95 27 exempel
917 282 67 28 derpä
999 282 35 21 vill

207 313 39 27 jag
261 311 75 22 anföra
351 312 38 25 att,
407 310 68 22 ehuru
490 317 28 14 nu
534 310 99 27 gällande
650 310 192 27 riksdagsordning
857 310 7 21 i
880 310 87 28 Sverige
989 310 45 22 hvi-

209 342 34 21 lar
257 341 7 21 i
280 340 81 28 ganska
376 339 137 27 väsendtliga
528 339 61 22 delar
603 339 29 27 pä
647 339 26 21 de
685 339 24 21 sä
719 339 87 21 kallade
816 339 218 28 kommunallagarne,

211 371 24 21 sä
255 368 100 23 hänföras
375 369 27 21 de
417 368 33 21 till
466 368 89 22 alldeles
573 368 57 21 olika
644 367 258 28 lagstiftningsomräden;
925 368 109 27 riksdags-

211 398 118 26 ordningen
345 398 71 20 säsom
432 397 105 27 grundlag
552 397 40 21 och
603 396 187 27 kommunallagen
801 397 71 21 säsom
883 404 87 15 numera
981 404 53 20 upp-

210 427 51 27 höjd
277 426 33 22 till
325 426 164 21 konstitutione]
505 426 41 26 lag.
577 426 44 21 Det
636 428 24 18 är
674 425 85 26 bekant,
775 427 34 19 att
823 425 73 27 frågor
912 432 33 15 om
956 426 78 27 grund-

211 456 47 27 lags
284 454 129 27 förändring,
435 454 102 22 stiftande
563 454 52 22 eller
637 454 181 28 upphäfvande,
808 450 13 37 i
841 454 87 28 Sverige
951 455 47 21 icke
1013 454 23 22 få

212 484 85 28 afgöras
320 484 28 27 pä
371 490 82 14 samma
471 483 110 27 landtdag.
611 483 48 21 Den
674 483 69 21 hvilar
758 483 86 21 säledes
860 484 28 26 pä
904 485 32 20 ett
950 484 85 28 mycket

211 514 82 21 fastare
307 512 236 28 lagstiftningsomräde
554 514 27 19 än
592 511 237 28 kommunallagfrägor,
841 512 71 22 hvilka
920 512 21 22 få
950 512 84 28 afgöras

211 542 36 22 vid
269 548 81 15 samma
369 541 94 27 riksdag,
481 541 27 21 dä
528 540 27 22 de
571 542 113 26 upptagas.
714 540 41 27 Jag
771 542 47 20 tror
832 547 49 15 man
896 542 8 20 i
920 542 116 21 allmänhet

212 577 70 20 anser,
299 572 32 20 att
351 570 60 21 delar
431 569 23 22 af
468 576 26 15 en
509 570 35 26 lag
559 569 47 22 frän
622 571 31 20 ett
668 569 102 27 rörligare
787 570 93 25 omräde,
899 570 27 21 dä
942 570 26 22 de
984 571 50 21 äbe-

212 606 64 21 ropas
292 600 7 20 i
314 599 36 26 lag
365 605 46 15 som
425 598 101 22 hänföres
538 598 32 21 till
581 599 37 21 det
628 598 86 26 fastare,
723 598 74 22 ikläda
808 598 34 27 sig
852 599 40 21 den
903 599 133 22 sistnämnda

212 629 75 26 lagens
311 629 69 19 natur.
411 627 30 21 Pä
465 627 64 21 dessa
552 627 47 21 skäl
622 627 40 21 och
683 627 26 21 de
728 633 47 14 som
794 629 37 19 äro
847 627 109 28 uttryckta
971 628 6 21 i
994 628 41 22 den

213 656 133 23 reservation
363 656 38 27 jag
420 656 40 21 har
478 655 163 27 undertecknat,
657 655 39 22 ber
708 655 38 27 jag
761 655 86 22 säledes
862 657 33 20 att
909 655 22 22 fä
946 657 90 22 ärendet

213 685 190 22 äterremitteradt.

282 714 98 21 Friherre
403 719 41 16 von
465 713 82 26 Troil,
565 713 86 21 Samuel
670 713 91 21 Verner:
786 713 58 22 Utan
864 715 33 20 att
911 713 57 22 finna
982 714 53 22 kon-

214 742 248 27 cessionsförordningen
485 741 23 22 af
528 742 41 21 den
593 744 11 19 3
628 741 102 22 Februari
752 743 55 20 1876
827 742 35 21 stä
877 743 7 20 i
900 743 66 21 sädan
982 743 54 22 strid

213 773 49 20 med
282 771 235 28 expropriationslagen
538 770 22 21 af
579 771 23 20 är
619 772 60 24 1864,
697 772 32 20 att
744 777 25 15 en
785 770 125 28 författning
926 772 110 26 angäende

213 800 124 27 inteckning
353 800 31 21 uti
401 799 96 22 enskilda
510 799 115 28 jernvägar
641 799 70 22 derför
726 799 47 22 icke
788 800 70 21 skulle
868 800 72 21 kunna
950 801 86 21 komma

213 829 34 22 till
263 829 69 26 ständ,
348 829 40 21 har
401 829 43 27 jag,
461 834 53 21 som,
523 829 27 26 pä
566 828 68 27 grund
650 827 23 22 af
687 834 25 15 en
728 828 136 28 ständerlags
881 829 108 28 egenskap
1004 831 32 20 att

214 859 47 21 icke
285 859 51 20 utan
358 858 70 27 begge
451 857 180 22 statsmakternas
652 857 126 22 samverkan
798 857 73 22 kunna
891 858 77 22 ändras
984 859 52 21 eller

214 886 127 28 upphäfvas,
357 887 48 21 icke
424 886 65 28 hyser
503 886 67 27 några
585 886 172 27 betänkligheter
771 886 36 21 vid
824 888 32 20 att
872 887 70 28 stödja
958 894 25 15 en
999 888 37 27 dy-

215 916 30 22 lik
265 916 36 26 lag
316 916 28 27 pä
359 922 26 15 en
401 915 157 21 administrativ
573 914 131 28 författning,
721 915 77 21 endast
814 915 70 22 denna
899 916 31 21 uti
945 916 90 22 hufvud-

215 945 40 21 sak
271 944 96 22 befinnes
382 951 52 15 vara
449 944 101 27 antaglig,
567 944 65 21 likväl
647 944 36 21 vid
699 943 156 28 öfvervägande
866 944 23 22 af
897 944 138 23 förevarande

215 974 78 26 nädiga
314 973 134 27 proposition
470 972 90 22 kommit
582 972 32 22 till
637 979 81 15 samma
739 972 56 28 äsigt
814 979 46 15 som
875 973 160 27 Lagutskottet,

215 1002 52 22 eller
283 1004 32 20 att
329 1002 161 27 propositionen
506 1002 46 21 icke
568 1002 42 20 kan
626 1002 124 26 godkännas
767 1002 39 21 och
822 1002 48 22 icke
885 1002 68 22 heller
968 1005 24 19 är
1004 1003 32 21 för

215 1031 75 21 landet
309 1031 71 27 nödig,
397 1031 24 21 sä
441 1030 63 26 länge
524 1032 54 20 1876
595 1030 34 21 ärs
645 1030 265 28 koncessionsförordning
926 1038 50 20 eger
991 1032 45 27 gäl-

213 1060 64 21 lande
292 1059 63 22 kraft.
386 1060 76 21 Denna
476 1058 124 28 förordning
615 1059 126 27 tillgodoser
756 1060 106 26 nemligen
878 1060 28 27 pä
922 1062 31 19 ett
967 1061 23 21 sä
1001 1063 34 19 ut-

215 1089 70 21 märkt
309 1090 44 20 sätt
375 1088 94 22 kronans
491 1088 92 21 intresse
604 1088 39 21 och
662 1094 39 21 ger
715 1088 23 21 ät
752 1088 83 21 kronan
850 1088 26 22 sä
890 1089 76 27 mänga
981 1090 55 21 bäde

215 1119 71 25 öppna
301 1117 40 22 och
356 1118 59 26 tysta
429 1116 162 22 förmänsrätter
607 1117 6 21 i
629 1117 76 25 banan,
723 1118 32 20 att
765 1123 48 15 man
825 1117 39 21 har
874 1117 37 21 full
923 1118 113 27 anledning

214 1146 98 22 förmoda
334 1147 32 20 att
385 1146 32 20 uti
438 1146 46 20 värt
499 1145 57 26 glest
571 1145 113 22 befolkade
699 1145 51 21 land
765 1146 95 22 hvarken
876 1147 66 26 nägra
957 1148 79 26 speku-

214 1175 71 21 lanter
306 1175 29 27 pä
353 1174 112 28 jernvägar
484 1174 50 27 vilja
550 1174 132 22 underkasta
697 1174 33 27 sig
747 1174 41 21 alla
804 1174 27 22 de
847 1175 189 27 reglementariska

214 1203 139 26 föreskrifter,
371 1209 46 15 som
439 1203 7 21 i
468 1202 152 28 förordningen
643 1203 86 27 älägges
752 1203 212 28 koncessionärerne,
985 1204 51 22 eller

214 1232 68 27 några
301 1232 136 27 kapitalister
455 1232 71 21 känna
541 1232 33 27 sig
590 1232 85 27 hugade
691 1233 32 20 att
737 1231 121 23 försträcka
872 1232 80 28 nödiga
967 1234 69 21 medel

215 1261 32 21 till
269 1261 163 27 anläggningen,
448 1260 113 22 hvarutom
577 1261 25 21 de
619 1260 98 22 enskilda
731 1261 191 26 leverantörernes,
940 1262 96 22 arbetar-

214 1296 39 15 nes
276 1290 40 21 och
337 1289 152 27 jordegarenes
510 1291 50 25 rätt,
579 1290 70 20 såvidt
666 1290 37 27 jag
718 1290 82 21 kunnat
814 1289 64 27 finna,
894 1296 43 21 nog
951 1291 85 27 mycket

214 1318 69 22 blifvit
298 1318 32 22 uti
346 1318 70 22 denna
431 1318 266 27 koncessionsförordning
712 1318 115 22 förbisedd.
859 1319 39 21 Väl
914 1320 57 20 visar
982 1319 54 21 erfa-

214 1347 104 22 renheten
340 1347 39 21 hos
403 1352 36 16 oss
460 1348 32 20 att
512 1347 98 21 enskilda
624 1347 279 22 koncessionsinnehafvare
920 1348 39 21 och
975 1348 61 22 äfven

214 1376 27 21 de
259 1381 110 22 personer,
385 1375 73 22 hvilka
472 1375 83 22 biträdt
569 1375 78 22 honom
662 1375 35 22 vid
712 1375 168 22 koncessionens
896 1376 139 28 föryttrande,

214 1405 67 26 derpä
300 1404 72 22 kunna
392 1406 53 25 göra
465 1410 24 15 en
509 1404 43 27 god
567 1403 59 27 affär,
643 1411 48 14 men
708 1406 32 19 att
755 1405 26 21 de
797 1411 46 15 som
859 1405 101 27 slutligen
976 1405 61 22 skola

214 1433 92 27 fullgöra
325 1433 168 22 koncessionens
508 1432 135 23 föreskrifter
659 1433 40 21 och
714 1433 69 28 bygga
798 1433 78 27 banan,
892 1434 67 27 derpä
973 1433 63 23 hafva

213 1461 70 22 blifvit
299 1462 120 25 ruinerade,
436 1464 24 19 är
475 1461 66 22 ocksä
557 1463 32 20 ett
605 1461 136 28 obestridligt
755 1461 89 22 faktum.
875 1463 30 21 Pä
916 1463 64 21 dessa
990 1463 46 22 skäl

214 1491 40 21 och
278 1491 27 21 dä
325 1491 45 27 jag,
387 1490 7 21 i
413 1490 69 21 likhet
499 1491 49 21 med
567 1492 139 20 reservanten
721 1491 50 22 herr
786 1491 119 27 Ehrström,
922 1498 63 15 anser
1000 1492 37 21 det

213 1525 50 16 vara
279 1519 97 28 omöjligt
391 1518 33 23 för
442 1519 155 27 Lagutskottet
612 1521 39 25 att,
667 1521 53 20 utan
736 1519 121 28 väsendtlig
872 1520 102 23 afvikelse
990 1519 46 24 frän
