1109 1748
248 119 41 20 230
554 122 41 18 Den
613 120 24 19 13
653 122 53 17 Mars.

219 190 41 20 ser,
284 185 39 26 att,
347 184 28 22 då
397 184 37 22 det
457 184 85 28 engång
563 184 56 22 visat
637 184 38 28 sig,
692 185 33 21 att
739 190 28 16 en
783 190 68 15 annan
868 184 55 28 åsigt
939 184 56 26 gjort
1010 184 33 27 sig

219 213 100 27 gällande
334 213 40 22 hos
389 213 133 27 regeringen,
538 212 55 22 ifrån
609 213 115 22 ständerna
738 213 49 21 icke
801 213 54 21 böra
870 212 128 22 framställas
1007 219 37 15 an-

221 242 38 21 dra
273 242 94 22 motskäl
383 245 27 19 än
426 242 83 21 sådana
525 248 46 15 som
587 244 37 20 äro
639 242 124 27 verkeligen
778 241 104 26 hållbara,
899 241 39 23 och
954 241 32 22 för
1001 241 43 22 min

221 271 34 21 del
273 271 40 21 har
333 271 39 27 jag
386 271 67 21 redan
469 270 36 22 vid
520 272 86 20 senaste
621 271 86 27 plenum
723 270 89 28 angifvit
826 271 68 27 några
910 270 134 28 stadganden

220 300 7 20 i
245 301 53 20 1876
314 300 33 21 års
363 300 125 26 förordning
503 298 23 22 af
539 299 41 21 den
595 299 154 26 beskaffenhet,
767 301 32 20 att
815 299 27 22 de
852 300 8 21 i
868 298 174 29 grundlagsenlig

220 330 42 25 väg
284 328 47 22 icke
354 328 49 22 bort
422 330 52 19 utan
497 328 127 22 ständernas
646 328 131 22 medverkan
792 328 104 22 utfärdas.
926 328 41 28 Jag
982 334 62 15 anser

220 356 91 27 derföre,
327 359 32 19 att
375 363 33 15 om
424 363 26 15 en
465 357 176 27 konsessionslag
656 357 123 21 tillkommit
793 357 28 27 på
837 364 26 14 en
879 363 68 15 annan
962 359 41 25 väg
1017 358 27 20 än

222 386 42 20 den
287 386 117 21 ständerna
426 386 35 21 vid
483 388 86 19 senaste
584 386 103 27 landtdag
702 385 102 27 förordat,
821 386 61 21 detta
896 386 47 21 icke
958 386 39 22 bör
1012 387 32 19 ta-

221 420 39 21 gas
275 414 33 21 till
323 414 47 22 skäl
385 414 33 22 för
433 416 33 20 att
480 414 46 22 helt
541 415 40 21 och
596 415 67 21 hållet
679 414 72 28 afböja
767 415 41 21 den
823 414 78 28 nådiga
915 414 128 28 propositio-

222 449 47 20 nen,
293 443 40 21 och
345 444 39 27 jag
400 443 69 27 hyllar
485 443 69 22 denna
569 444 63 26 åsigt,
649 444 24 21 så
687 444 87 27 mycket
788 450 60 14 mera
863 450 46 15 som
921 444 38 26 jag
974 446 24 18 är
1014 442 30 22 öf-

221 472 104 27 vertygad
347 478 40 20 om,
411 474 33 19 att
459 478 26 16 en
500 472 36 28 lag
552 472 111 28 angående
678 472 124 27 inteckning
817 472 6 21 i
837 472 89 28 jernväg
944 483 23 4 —
984 472 61 22 detta

222 503 24 19 är
267 501 44 21 min
334 501 97 21 enskilda
453 500 149 28 öfvertygelse,
620 507 45 15 som
688 501 81 21 afviker
784 501 46 21 från
846 501 41 21 den
903 500 22 22 af
940 502 53 20 1872
1010 501 34 21 års

221 530 88 21 ständer
323 530 84 27 hyllade
424 542 25 2 —
465 530 43 21 kan
522 530 64 21 hafva
601 530 33 22 sin
649 532 60 25 nytta
724 530 40 21 och
780 529 66 22 blifva
861 530 23 21 af
896 529 96 27 praktisk
1007 530 37 21 be-

222 558 89 27 tydelse,
335 558 61 22 äfven
419 561 52 19 utan
486 560 70 26 någon
571 559 182 27 koncessionslag,
767 558 47 28 just
828 559 29 27 på
872 558 41 22 den
929 559 68 27 grund
1012 560 33 20 att

221 587 38 27 jag
273 593 64 15 anser
346 589 32 19 att
386 587 126 22 utförandet
528 587 22 21 af
563 589 33 20 ett
608 587 187 28 jernvägsföretag
810 587 34 22 för
852 587 88 21 allmänt
948 587 97 22 ändamål

222 616 43 20 kan
288 616 23 21 af
323 616 125 27 regeringen
465 616 141 21 öfverlemnas
622 616 32 21 till
671 616 40 21 den
727 616 98 21 enskilda
840 615 203 28 företagsamheten,

223 644 40 21 och
279 644 84 22 således
379 645 6 20 i
400 645 104 22 händelse
520 651 26 15 en
557 645 90 27 jernväg
661 644 24 22 af
697 645 67 21 sådan
773 645 113 26 anledning
894 644 103 22 kommit
988 640 10 38 i
1008 651 36 15 en-

223 673 55 21 skild
300 679 96 22 persons,
413 673 76 28 bolags
506 674 51 21 eller
571 673 119 28 menighets
707 679 46 22 ego,
771 673 37 22 det
823 673 39 22 bör
877 673 72 22 kunna
963 673 81 22 lemnas

222 701 83 22 tillfälle
321 701 32 22 för
369 703 69 20 denna
449 702 108 28 juridiska
573 703 52 21 eller
640 702 81 28 fysiska
735 708 90 21 persons
841 702 131 27 borgenärer
982 704 32 19 att
1024 702 22 21 få

222 731 125 26 inteckning
369 731 6 21 i
395 731 124 27 jernvägen.
550 731 43 22 Det
616 733 23 19 är
660 731 60 22 detta
732 731 39 28 jag
787 731 85 27 åsyftat,
889 731 27 21 då
928 731 38 27 jag
980 731 7 21 i
1002 731 43 21 min

222 759 133 22 reservation
371 762 54 25 sagt,
441 762 33 19 att
486 760 38 27 jag
540 766 63 16 anser
618 760 126 21 sambandet
759 759 74 22 kunna
847 759 117 28 upphäfvas
981 760 64 21 emel-

222 789 36 20 lan
273 788 204 27 koncessionslagen
494 789 39 21 och
550 789 41 21 den
606 788 163 28 ifrågavarande
784 788 158 27 förordningen,
952 790 32 20 ett
991 795 54 21 upp-

222 817 112 25 häfvande,
357 824 46 15 som
423 818 38 27 jag
480 817 33 22 för
528 818 42 21 min
586 818 35 21 del
636 818 6 21 i
658 817 81 28 tydliga
761 817 89 28 ordalag
872 817 100 22 förordat.
1003 818 43 21 Det

223 852 63 21 synes
309 846 42 27 mig
373 853 52 14 vara
447 847 121 26 uppenbart
590 847 40 21 och
646 847 63 26 klart,
726 848 38 24 att,
781 852 35 15 om
831 853 26 14 en
872 845 137 28 formulering
1025 846 22 21 af

223 875 127 21 ständernas
372 875 73 21 beslut
466 876 7 20 i
495 875 76 27 frågan
593 877 62 26 göres
671 876 6 20 i
693 875 224 22 öfverensstämmelse
933 876 47 20 med
996 876 49 21 herr

222 910 41 15 von
279 904 124 22 Bonsdorffs
419 904 87 27 förslag,
522 904 52 22 eller
590 904 60 22 äfven
665 904 7 21 i
688 904 223 22 öfverensstämmelse
926 904 49 21 med
990 904 55 27 Lag-

222 933 127 26 utskottets,
365 933 70 27 någon
450 933 37 27 lag
501 934 111 26 angående
627 933 125 27 inteckning
767 933 6 21 i
787 933 91 27 jernväg
892 932 47 22 icke
950 933 96 21 kommer

223 963 32 20 att
269 961 67 22 blifva
351 961 26 21 af.
408 956 134 28 Åtminstone
558 962 96 22 kommer
669 962 104 27 åtgärden
791 963 32 20 att
838 962 57 21 hvila
910 961 41 22 fem
967 962 23 21 år
998 962 46 26 och,

223 996 34 15 om
277 990 38 28 jag
336 990 48 22 icke
407 991 115 26 misstager
543 991 44 27 mig
606 1003 28 3 —
647 991 37 27 jag
707 992 45 20 tror
768 990 37 22 det
820 990 48 22 icke
883 990 101 23 behöfves
1001 993 46 19 stor

223 1018 198 28 spådomsförmåga
437 1019 99 22 härtill
524 1014 12 37 —
554 1020 55 21 ändå
623 1020 74 27 längre
713 1021 56 20 samt
784 1019 82 22 kanske
882 1019 32 22 för
922 1019 65 22 alltid.
1004 1020 42 21 Det

223 1050 24 19 är
263 1048 69 21 denna
347 1048 111 27 praktiska
473 1049 109 27 synpunkt
595 1049 38 27 jag
649 1055 64 15 anser
727 1049 54 21 böra
796 1050 63 25 tagas
875 1048 6 21 i
897 1048 148 26 betraktande,

223 1076 40 22 och
286 1076 116 27 ingalunda
424 1084 63 14 anser
499 1078 37 26 jag
552 1078 36 21 det
604 1084 40 15 ena
661 1078 51 21 eller
727 1077 68 21 andra
810 1078 73 20 svaret
898 1083 50 15 vara
962 1076 84 22 derföre

223 1105 22 22 af
258 1106 132 27 betydenhet
406 1108 32 19 att
453 1106 43 26 det,
514 1112 32 16 om
563 1107 36 21 det
615 1106 85 22 utfaller
714 1106 7 21 i
737 1106 42 21 den
795 1112 41 15 ena
851 1106 53 21 eller
919 1106 67 21 andra
993 1106 53 21 rikt-

222 1134 84 27 ningen,
331 1134 68 22 skulle
421 1137 107 25 upptagas
543 1135 103 27 nådigare
668 1136 28 26 på
711 1135 110 27 höjderna,
839 1134 39 22 och
892 1135 37 27 jag
944 1135 103 26 beklagar

222 1165 33 19 att
274 1163 67 27 några
357 1164 64 21 ärade
436 1164 69 21 talare
520 1163 63 22 hafva
598 1164 94 27 indragit
707 1164 82 21 sådana
805 1164 133 27 synpunkter
953 1170 45 15 som
1014 1165 33 19 att

221 1192 40 21 här
283 1192 69 21 skulle
372 1192 91 22 behöfva
478 1193 78 21 räknas
572 1193 28 27 på
615 1193 70 27 någon
701 1192 94 22 särskild
810 1192 49 26 nåd,
876 1198 35 15 om
926 1194 72 20 svaret
1013 1193 33 20 ut-

221 1220 61 22 faller
296 1220 7 22 i
319 1220 42 22 den
377 1227 40 15 ena
432 1221 53 22 eller
500 1222 67 20 andra
580 1221 131 27 riktningen;
727 1221 80 21 sådant
821 1221 40 21 bör
869 1220 69 22 hållas
947 1220 99 22 fullkom-

221 1250 39 26 ligt
275 1248 133 23 främmande
423 1250 46 22 från
486 1250 187 27 öfverläggningen
688 1250 7 21 i
711 1250 72 21 denna
798 1249 130 27 församling.
954 1250 34 20 Då
997 1250 51 20 herr

221 1278 69 28 Spåre
306 1280 58 20 emot
378 1281 164 20 reservanterne
557 1278 70 22 anfört
643 1280 38 25 att,
698 1279 43 21 ifall
757 1279 64 21 deras
838 1278 57 27 åsigt
906 1278 69 22 skulle
983 1278 65 22 blifva

221 1307 107 27 godkänd,
345 1308 250 26 ständerlagstiftningen
611 1308 69 21 skulle
696 1307 79 22 införas
785 1307 28 27 på
821 1307 57 27 spår,
889 1307 47 27 ,gvi
945 1308 101 25 terrent*,

221 1336 40 21 och
285 1336 73 21 dervid
382 1336 103 27 åberopat
501 1338 73 20 satsen
596 1336 104 27 ,vestigia
715 1337 103 25 terrent*,
835 1336 24 21 sä
874 1342 63 21 synes
953 1336 37 21 det
1004 1336 44 26 mig

221 1366 32 19 att
276 1365 40 20 den
337 1365 64 21 ärade
417 1366 83 20 talaren
515 1366 55 20 hade
585 1366 50 20 bort
650 1365 56 26 gifva
721 1366 68 25 nägot
804 1364 47 21 skäl
867 1364 33 22 för
916 1364 59 21 detta
991 1364 57 27 slag-

221 1393 50 22 ords
294 1393 153 28 tillämplighet
468 1394 7 21 i
491 1394 61 21 detta
567 1393 42 22 fall.
640 1394 39 21 Ett
693 1393 139 22 förmenande
849 1393 23 21 af
884 1393 40 21 den
941 1399 40 15 ena
996 1393 52 21 eller

221 1422 68 21 andra
311 1422 176 22 beskaffenheten
511 1423 48 25 kan,
577 1423 66 26 enligt
657 1422 43 22 min
716 1423 73 25 tanke,
805 1422 48 21 icke
870 1428 40 20 ega
926 1422 68 26 nägon
1010 1421 38 22 be-

220 1451 91 27 tydelse.
342 1451 49 21 Med
415 1451 49 22 herr
486 1451 91 28 Pipping
592 1453 24 19 är
629 1451 38 27 jag
683 1457 50 16 ense
750 1451 81 26 derom,
848 1452 32 19 att
896 1452 75 25 nyttan
988 1450 22 21 af
1022 1457 26 14 en

219 1479 42 27 lag,
286 1480 53 21 eller
361 1480 150 27 önskligheten
534 1479 62 22 deraf
609 1487 26 14 ur
650 1481 86 26 nyttans
752 1479 116 28 synpunkt,
886 1479 114 27 omöjligen
1016 1479 33 21 får

220 1508 77 27 bringa
319 1508 135 27 lagstiftaren
470 1510 34 20 att
518 1509 81 21 blunda
614 1508 33 21 för
663 1509 26 21 de
705 1508 189 23 konstitutionella
910 1508 137 27 synpunkter,

220 1543 47 15 som
287 1538 74 21 kunna
383 1537 45 22 tala
451 1539 59 20 emot
526 1545 25 14 en
569 1537 40 22 slik
624 1537 41 28 lag,
683 1538 39 21 och
737 1537 34 23 för
787 1537 43 22 min
847 1537 34 22 del
897 1537 39 22 har
949 1537 37 28 jag
1001 1537 47 22 icke
