1109 1748
408 109 40 18 Den
465 108 23 18 13
504 108 58 24 April.
834 110 40 20 443

76 172 40 22 ska
137 172 139 23 verksamhet
291 172 122 27 derigenom
428 171 45 22 lida
487 172 33 21 ett
534 171 123 29 betänkligt
673 172 97 22 afbräck.
800 173 66 22 Detta
881 175 25 20 är

77 201 66 27 enligt
165 201 43 22 min
223 200 66 22 tanke
304 202 33 20 att
351 202 52 25 taga
418 200 133 22 oberoendet
565 200 8 22 i
588 206 27 16 en
631 201 40 22 allt
686 200 33 23 för
733 201 119 28 inskränkt,
866 202 40 27 jag

76 236 73 15 menar
171 230 64 26 träng
252 229 119 28 betydelse,
387 231 22 25 ty
424 228 96 22 hvarken
535 229 63 22 torde
614 230 39 21 det
668 230 143 22 ekonomiska
827 231 76 21 obero-

76 259 65 21 endet
162 259 78 27 utgöra
256 260 32 20 ett
303 258 138 27 grundvilkor
455 256 34 23 för
504 257 176 29 sjelfständighet
694 259 8 21 i
718 259 87 27 äsigter,
824 260 18 27 ej
858 260 47 22 hel-

76 288 32 21 ler
130 288 62 21 torde
215 287 42 22 den
280 286 61 22 ärfda
362 286 178 28 förmögenheten
559 293 52 15 vara
627 287 43 22 den
686 287 61 27 enda,
764 294 47 16 som
825 289 80 27 grund-

76 316 75 27 lägger
165 316 114 22 moraliskt
293 315 128 23 oberoende.
451 315 71 27 Långt
538 322 88 16 snarare
641 316 44 22 kan
701 323 49 15 man
765 319 53 25 säga
826 319 32 20 att
868 318 37 21 det

76 345 7 21 i
106 344 27 22 de
155 344 64 23 flesta
240 344 38 22 fall
301 346 24 20 är
348 344 41 22 den
409 343 181 29 sjelfförvärfvade
605 345 140 27 egendomen,
763 352 46 16 som
825 346 80 22 alstrar

75 373 175 29 sjelfständighet
264 374 7 21 i
285 373 129 22 karakteren
429 372 40 23 och
484 373 37 21 det
536 374 116 26 anseende,
669 380 47 15 som
732 374 63 22 derur
803 375 103 28 härflyter

75 403 33 21 för
122 402 109 22 individen
247 402 40 22 och
303 402 32 22 för
351 403 32 21 ett
390 402 47 22 helt
445 402 71 22 stånd.
546 402 100 22 Friherre
669 409 42 15 von
733 403 59 22 Born
807 404 39 22 har
860 404 45 22 för-

75 432 71 22 klarat
165 432 33 27 sig
219 432 52 27 vilja
293 430 86 23 afvakta
401 430 177 22 Bondeständets
594 431 73 22 beslut
682 432 7 21 i
704 431 81 28 frägan,
803 433 40 22 och
859 433 47 22 deri

76 460 85 23 förenar
180 460 39 28 jag
233 460 49 28 mig.
313 460 112 22 Friherren
440 460 40 21 har
495 460 58 27 gjort
569 460 38 22 det
621 460 30 27 pä
667 460 42 22 den
724 462 75 26 grund,
815 464 33 19 att
864 462 41 22 den

75 489 112 28 praktiska
202 489 148 22 kännedomen
367 495 34 15 om
416 488 52 22 vära
481 488 79 22 hittills
571 489 94 22 varande
682 489 115 28 arfslagars
812 492 62 26 nytta
882 493 23 19 är

76 520 68 20 störst
158 518 57 22 inom
231 518 60 22 detta
305 518 64 22 ständ
385 518 40 22 och
441 518 133 22 attdeticke
582 524 51 16 vore
641 518 29 27 pä
679 518 33 22 sin
720 518 65 28 plats,
794 521 33 20 att
833 520 73 27 bygga

76 554 26 15 en
124 547 36 27 lag
182 547 29 28 pä
225 547 127 27 underlaget
367 546 23 22 af
403 546 113 22 abstrakta
531 546 86 22 teorier.
649 547 76 22 Denna
747 548 56 22 teori
823 550 24 20 är
862 548 43 22 vis-

76 576 99 27 serligen,
190 576 77 22 liksom
283 576 42 22 alla
339 576 86 26 teorier,
441 575 105 27 abstrakt,
563 582 48 16 men
627 576 7 21 i
649 576 72 27 praxis
736 576 40 22 har
791 577 41 21 den
847 577 58 21 visat

76 605 32 27 sig
123 604 49 23 fullt
187 604 149 27 genomförbar
351 604 41 22 och
407 604 118 27 tillämplig,
542 605 130 27 exempelvis
687 605 8 21 i
716 606 49 21 värt
780 606 71 26 gamla
859 612 45 15 mo-

76 633 89 22 derland
188 633 94 28 Sverige,
303 633 39 22 der
356 633 50 28 inga
421 633 122 28 synnerliga
557 633 68 22 vädor
639 633 84 22 kunnat
738 634 75 27 späras
830 634 23 22 af
868 635 37 21 det

75 669 42 21 nya
140 664 115 26 systemets
277 662 117 22 införande.
423 661 143 28 Naturligtvis
589 662 40 21 har
645 662 116 28 dervidlag,
777 663 77 22 liksom
869 663 37 22 vid

76 692 42 21 alla
133 691 181 28 genomgripande
329 691 108 27 reformer,
446 697 26 16 en
487 691 45 21 kris
540 691 57 22 visat
612 691 34 27 sig
660 691 7 21 i
683 693 33 20 ett
731 692 53 21 eller
799 692 105 22 annataf-

76 721 86 26 seende,
185 727 49 16 men
257 720 27 23 de
299 720 138 22 omedelbara
452 719 157 28 verkningarne
624 719 23 22 af
660 720 84 23 sädana
758 721 69 22 kriser
842 721 63 28 förgä

75 750 49 21 med
138 749 67 22 tiden.
236 749 43 22 Det
293 755 51 16 vore
359 748 114 28 bedröfligt
489 755 35 15 om
538 749 91 22 Finland
640 751 57 20 ännu
712 749 32 22 uti
755 750 72 22 sekler
835 750 70 22 skulle

75 778 65 23 blifva
159 777 55 23 efter
230 778 37 22 det
283 777 68 28 öfriga
365 778 88 27 Europa
467 778 7 21 i
490 784 27 15 en
532 777 105 22 frisinnad
652 777 136 29 lagstiftning
802 779 7 21 i
824 778 79 28 ifräga-

74 807 94 22 varande
188 809 68 20 ämne.
286 807 113 22 Utskottet
414 807 39 21 har
468 806 25 22 sä
508 806 34 22 väl
558 807 115 22 motiverat
696 807 76 22 skälen
793 807 33 23 för
842 810 60 19 anta-

75 837 80 27 gandet
169 836 8 21 i
192 835 122 23 hufvudsak
329 835 23 22 af
365 835 79 28 nädiga
458 835 171 28 propositionen,
646 837 33 20 att
691 836 38 27 jag
744 836 48 22 icke
807 836 41 22 har
863 837 39 22 nä-

75 867 38 26 got
127 867 33 20 att
176 865 73 22 derom
264 865 93 28 tillägga.
389 864 42 28 Jag
446 864 70 22 skulle
527 865 78 21 endast
627 864 28 22 be
678 866 33 20 att
725 865 22 21 fä
761 865 93 28 uppläsa
870 867 32 21 ett

74 894 81 28 stycke,
172 900 47 16 som
233 894 142 22 förekommer
389 894 8 22 i
412 894 120 22 utskottets
547 894 144 26 betänkande,
708 900 47 16 som
777 900 63 22 synes
856 895 44 27 mig

74 923 108 22 innehälla
197 923 38 22 det
249 925 57 20 mest
320 923 104 28 gripande
439 922 72 22 skälet
524 922 35 22 för
580 922 174 28 propositionens
770 924 129 27 antagande.

73 952 45 22 Der
140 952 46 22 stär
199 952 107 28 nemligen
321 952 74 28 sagdt:
421 951 67 27 ,först
503 952 41 21 den
567 958 66 21 nyare
655 952 60 22 tiden
737 952 74 22 tillhör
825 953 75 21 nemli-

74 988 41 20 gen
138 982 32 21 ett
189 988 60 15 mera
264 980 139 28 omfattande,
420 980 53 23 eller
488 980 131 22 ätminstone
633 987 60 15 mera
708 980 134 29 följdriktigt,
859 982 41 22 och

74 1009 84 23 derföre
178 1009 62 23 äfven
254 1009 163 28 fullständigare
433 1009 136 22 erkännande
585 1009 23 22 af
622 1009 103 27 gvinnans
738 1010 162 28 jembördighet

72 1038 50 22 med
143 1045 98 21 manner,
264 1038 101 23 hvilande
386 1039 29 27 pä
437 1045 26 15 en
478 1038 117 22 utvecklad
617 1038 72 28 insigt,
713 1038 18 28 ej
748 1039 83 21 mindre
848 1039 51 27 deri,

72 1070 34 19 att
127 1068 82 21 hennes
232 1068 85 27 andliga
338 1067 173 27 förmögenheter
526 1067 19 27 ej
562 1067 35 21 stä
613 1066 60 28 efter,
689 1068 52 21 utan
757 1068 26 21 sä
797 1069 34 20 att
846 1070 54 25 säga

71 1097 146 27 komplettera
231 1103 109 20 mannens,
357 1098 27 20 än
393 1096 66 22 ocksä
467 1096 45 22 deri
528 1097 33 20 att
571 1096 82 22 hennes
662 1096 85 28 uppgift
755 1097 73 21 säsom
836 1097 64 21 maka

72 1125 41 22 och
126 1126 75 22 moder
217 1127 23 20 är
255 1125 22 22 af
291 1126 82 22 största
386 1125 51 27 vigt,
451 1125 18 28 ej
485 1125 58 22 blott
563 1124 34 22 för
618 1124 100 28 familjen,
733 1125 65 22 hvars
814 1125 86 22 trefnad

72 1154 40 22 och
127 1154 101 22 välständ
243 1154 7 22 i
265 1154 85 28 mycket
364 1154 52 22 bero
432 1154 23 22 af
467 1154 77 26 henne,
561 1155 52 20 utan
629 1153 62 23 äfven
705 1153 34 23 för
747 1154 121 27 samhället,
878 1155 22 21 ät

70 1183 83 22 hvilket
168 1183 153 22 företrädesvis
336 1183 43 21 hon
388 1182 124 28 uppfostrar
526 1189 41 21 nya
582 1182 139 22 medlemmar
737 1183 40 22 och
792 1184 29 26 pä
835 1183 64 22 hvars

70 1212 87 22 framtid
172 1212 43 22 hon
231 1212 84 22 derföre
329 1211 86 23 utöfvar
430 1213 32 20 ett
476 1211 123 28 inflytande,
615 1217 48 16 som
677 1211 7 22 i
699 1212 112 28 betydelse
826 1212 19 28 ej
854 1213 46 21 står

71 1241 91 22 tillbaka
183 1240 34 23 för
231 1241 44 27 det,
290 1241 82 22 hvilket
386 1241 43 21 hon
443 1240 30 28 pä
494 1240 33 22 sin
543 1246 54 21 egen
620 1240 79 22 samtid
721 1240 86 22 utöfvar
822 1246 78 22 genom

71 1270 39 21 sitt
125 1270 153 22 förmildrande
294 1270 40 22 och
349 1269 125 22 förädlande
489 1269 117 28 inflytande
621 1270 28 26 pä
664 1270 111 21 mannen*.
806 1269 94 28 Jagslu-

70 1300 35 20 tar
120 1299 49 21 mitt
185 1298 116 22 anförande
317 1298 49 22 med
381 1300 32 20 att
428 1298 86 22 förorda
530 1298 37 22 det
579 1298 123 22 diskussion
717 1298 7 22 i
739 1298 76 28 frägan
824 1298 75 22 skulle

72 1333 41 21 ega
127 1334 54 20 rum,
192 1334 50 15 men
257 1327 87 28 frägans
360 1327 115 27 afgörande
491 1327 136 27 uppskjutas,
644 1327 29 27 pä
687 1327 37 21 det
739 1327 162 27 Ridderskapet

71 1356 40 21 och
128 1356 68 22 Adeln
212 1356 35 22 mä
261 1356 74 22 kunna
349 1356 95 21 inhemta
458 1356 177 21 Bondeständets
651 1356 78 21 beslut.

139 1385 100 22 Friherre
255 1384 132 23 Aminoff:
417 1384 74 22 Ehuru
504 1385 38 27 jag
557 1384 7 21 i
581 1384 42 22 den
638 1383 67 28 fråga,
722 1390 47 17 som
785 1384 115 28 föreligger

70 1413 33 22 till
119 1413 124 28 afgörande,
259 1413 63 22 äfven
336 1414 65 27 hyser
416 1413 87 28 åsigter,
520 1413 83 28 ganska
618 1413 58 22 olika
691 1413 54 27 dem,
755 1419 47 16 som
809 1412 91 23 friherre

69 1448 42 16 von
119 1443 58 21 Born
193 1443 86 26 uttalat,
295 1443 39 22 ber
348 1443 43 27 jag,
409 1443 67 21 ehuru
489 1442 38 28 jag
543 1442 46 22 deri
597 1442 69 21 blifvit
674 1441 153 26 förekommen,
838 1443 33 20 att
879 1442 21 22 få

69 1471 142 28 understödja
235 1471 54 22 hans
308 1471 81 28 förslag
404 1473 32 20 att
451 1471 118 27 uppskjuta
584 1471 79 22 sakens
679 1471 90 27 slutliga
783 1469 117 28 afgörande

69 1499 45 22 tills
130 1500 175 22 Bondeståndets
324 1500 73 22 beslut
412 1499 69 23 blifvit
496 1500 74 25 kändt,
586 1499 87 22 likvisst
688 1500 24 21 så
727 1501 34 20 att
776 1499 124 23 diskussion

69 1528 7 23 i
92 1529 68 22 saken
176 1529 71 22 skulle
263 1528 76 29 fortgå.
369 1529 118 22 Dessutom
502 1529 39 21 ber
554 1528 38 27 jag
607 1530 33 20 att
655 1528 28 28 på
699 1529 26 22 de
734 1528 23 23 af
763 1529 50 22 herr
820 1528 80 23 Munck
