1109 1748
382 117 40 17 Den
440 114 25 18 13
481 116 98 18 Februari.
840 115 26 21 97

67 178 49 22 med
129 179 84 22 hvilket
227 178 20 22 vi
263 178 61 22 äfven
338 179 7 21 i
356 179 61 22 detta
427 177 103 23 afseende
541 179 64 21 hafva
616 184 159 22 gemensamma
785 179 107 23 likartade

66 208 68 21 rötter
157 207 40 22 och
216 206 54 22 ifrån
292 207 63 23 hvars
378 207 126 23 institution
525 208 21 21 vi
570 208 131 21 åtminstone
723 207 74 22 kunde
819 208 74 23 hemta

67 237 150 26 grunddragen
233 235 22 21 af
269 235 42 22 den
325 236 154 28 organisation,
497 242 47 16 som
558 236 41 22 här
613 242 51 16 vore
680 236 113 22 önskvärd.

134 266 45 21 Det
196 264 40 22 har
250 264 91 22 uttalats
355 265 102 27 farhågor
472 264 34 22 för
522 266 33 20 att
570 265 103 21 särskildt
688 270 27 16 en
729 265 163 27 länerepresen-

66 294 69 21 tation
159 294 40 21 hos
226 299 35 15 oss
285 293 69 23 skulle
377 293 66 23 blifva
465 294 127 26 impopulär,
613 300 76 20 genom
712 295 33 20 att
768 294 124 22 densamma

65 322 85 22 komme
170 324 33 20 att
218 322 92 27 pålägga
324 323 156 21 kommunerna
495 322 42 22 och
552 322 167 22 medlemmarne
734 322 7 21 i
757 323 49 21 dem
821 325 71 20 större

66 351 92 27 utlagor,
175 353 27 19 än
225 351 26 21 de
271 350 34 22 för
322 351 134 22 närvarande
471 351 70 22 hafva.
573 351 44 21 Det
631 358 50 15 vore
697 352 126 27 visserligen
838 352 54 28 möj-

66 379 45 27 ligt,
128 382 34 19 att
182 381 32 20 ett
234 380 79 21 sådant
327 380 102 27 missnöje
445 380 73 21 kunde
533 380 86 26 uppstå,
635 380 32 22 för
683 380 41 22 den
739 380 105 23 händelse
859 383 33 19 att

66 408 137 27 landstingen
219 408 52 22 eller
285 408 251 28 länerepresentationen
551 408 32 21 till
599 415 28 15 en
641 409 76 27 början
732 409 69 22 skulle
815 410 28 27 gå
854 410 38 22 allt

66 436 32 22 för
113 437 124 22 hufvudlöst
252 437 41 21 och
307 438 151 21 brådstörtadt
473 438 33 20 till
522 440 61 24 väga,
595 438 42 21 och
648 438 73 21 skrida
731 438 33 21 till
775 445 27 15 en
812 439 79 27 mängd

66 465 103 22 reformer
191 466 40 21 och
251 466 106 27 åtgärder,
374 472 47 16 som
441 466 99 22 erfordra
559 468 69 20 större
643 467 184 27 penningemedel,
843 474 48 16 men

64 494 38 27 jag
124 496 46 20 tror
192 496 33 20 att
247 494 50 22 med
319 495 41 21 den
380 495 175 26 betänksamhet,
572 501 46 15 som
633 496 39 26 gör
687 496 34 26 sig
735 496 101 26 gällande
851 497 39 21 hos

66 523 48 21 vårt
128 523 45 21 folk
187 524 7 20 i
210 523 121 27 allmänhet,
348 530 49 15 man
412 524 48 21 icke
477 524 55 21 skall
547 524 93 21 behöfva
650 523 74 22 befara
734 524 82 22 sådana
826 526 66 21 bråd-

66 552 97 21 störtade
186 554 49 25 steg
252 552 83 27 framåt,
353 553 40 21 och
413 552 152 22 erfarenheten
579 552 48 22 från
643 552 87 28 Sverige
745 553 58 22 visar
819 554 71 26 också,

66 582 33 20 att
120 588 50 14 man
193 581 38 21 der
249 581 48 27 gått
315 581 138 27 temmeligen
474 581 108 27 sakteliga
597 581 33 21 till
645 582 77 26 väga,
714 577 12 37 i
737 582 82 27 början.
849 583 43 27 Jag

65 609 122 22 föreställer
201 610 44 26 mig
266 610 116 27 dessutom,
399 612 33 19 att
447 617 50 14 man
513 610 47 26 här,
579 610 93 21 likasom
687 611 7 20 i
709 610 95 27 Sverige,
821 611 70 22 skulle

65 638 73 21 kunna
160 638 64 21 ställa
243 639 67 26 några
328 639 107 21 allmänna
451 639 72 21 medel
538 639 33 20 till
586 639 149 27 landstingens
751 638 139 28 förfogande;

66 673 49 15 man
136 667 73 22 kunde
231 667 66 22 tänka
317 668 33 27 sig
370 669 33 20 att
421 667 73 27 någon
514 667 35 22 del
572 667 23 21 af
615 667 189 22 bränvinsskatten
819 669 72 21 kunde

66 695 62 23 äfven
143 696 40 21 här
197 696 32 21 till
245 696 61 21 detta
321 697 99 21 ändamål
437 696 135 28 disponeras,
587 696 8 21 i
611 696 74 22 stället
699 695 33 23 för
747 698 33 19 att
791 697 98 22 densam-

65 731 35 15 ma
122 731 29 15 nu
171 725 63 27 utgår
253 725 32 21 till
303 725 160 27 kommunerne,
486 725 140 27 hvarigenom
645 725 85 22 således
750 725 42 22 den
807 726 85 21 direkta

65 754 149 27 uttaxeringen
234 753 47 22 från
301 754 140 22 kommunens
462 754 49 21 sida
529 754 42 21 blir
590 754 89 26 mindre,
701 760 48 15 men
769 756 33 19 att
822 755 69 21 denna

65 783 124 26 uttaxering
207 783 8 20 i
237 783 42 20 alla
298 782 36 22 fall
349 783 48 22 icke
412 789 65 21 synes
492 789 53 15 vara
561 783 134 27 synnerligen
711 784 46 20 stor
772 783 7 20 i
795 783 94 28 Sverige,

65 810 94 28 framgår
173 811 24 22 af
210 811 189 28 förhandlingarna
412 812 37 21 vid
465 811 67 22 dessa
546 812 116 26 landsting.
693 811 42 27 Jag
749 811 41 22 har
804 812 40 21 här
859 814 32 19 ett

65 839 65 28 häfte,
145 840 151 22 innehållande
311 841 140 26 redogörelse
465 840 35 22 för
514 841 68 26 några
597 839 24 22 af
634 841 71 26 dessa,
721 840 107 22 hvarifrån
841 847 49 15 man

66 875 40 21 ser,
123 870 33 20 att
177 869 70 22 denna
270 869 122 27 uttaxering
415 869 33 22 för
471 871 33 20 ett
522 869 110 27 landsting
647 869 50 21 kom
712 871 33 19 att
759 869 57 27 stiga
831 870 33 21 till
878 872 12 20 9

65 900 37 19 öre
112 897 34 23 för
155 898 74 27 hvarje
239 898 242 27 bevillningsriksdaler,
491 898 41 22 och
546 898 28 21 då
585 898 56 22 hade
649 898 133 27 landstinget
790 898 100 28 tillgodo-

65 928 44 20 sett
131 927 109 27 åtskilliga
257 927 107 22 allmänna
382 927 73 22 behof.
485 928 45 20 Det
549 927 68 21 borde
635 927 48 21 icke
698 927 72 21 kunna
785 926 65 22 blifva
866 928 24 21 så

65 956 96 21 särdeles
184 955 75 27 farliga
278 956 95 27 utgifter,
389 956 41 22 och
443 956 39 27 jag
497 956 69 22 finner
582 955 72 22 derför
668 956 48 21 icke
731 955 68 22 heller
810 958 33 19 att
858 956 31 21 in-

64 984 127 22 stitutionen
207 984 28 27 på
250 985 69 26 grund
334 984 23 22 af
370 984 33 22 för
418 987 61 19 stora
495 985 90 27 pålagor
601 984 68 22 skulle
685 984 64 22 blifva
763 984 126 28 impopulär.

64 1013 62 22 Hvad
142 1012 101 28 slutligen
258 1013 103 22 beträffar
376 1020 27 15 en
418 1013 82 22 talares
517 1013 140 27 anmärkning
673 1019 34 15 om
717 1012 38 22 det
764 1013 40 21 här
814 1014 76 26 gjorda

64 1042 129 26 uttalandet,
210 1043 33 20 att
257 1042 137 27 landstingen
406 1042 82 28 jemväl
503 1042 73 22 kunde
591 1041 66 22 blifva
667 1048 27 15 en
705 1041 61 22 skola
775 1041 34 22 för
819 1042 70 22 landt-

64 1071 111 27 dagsmän,
191 1070 26 22 så
231 1070 39 22 ber
282 1071 38 27 jag
335 1070 22 22 få
371 1070 121 27 frambålla,
510 1072 34 20 att
559 1070 104 22 ehuruväl
678 1070 156 27 landtdagarne
850 1071 39 21 hos

64 1106 36 15 oss
123 1100 55 22 varit
197 1099 7 21 i
220 1098 83 22 tillfälle
319 1101 32 20 att
366 1100 142 27 ådagalägga,
525 1101 34 20 att
573 1099 66 27 insigt
654 1099 40 21 och
709 1099 32 21 nit
755 1098 81 22 funnits
851 1106 38 20 pa-

64 1128 51 22 rade
138 1128 49 22 med
206 1128 121 22 hvarandra
345 1128 40 22 hos
406 1129 51 21 dess
475 1128 148 26 medlemmar,
639 1128 25 21 så
679 1128 61 21 torde
756 1127 55 21 dock
825 1128 65 26 ingen

64 1157 50 27 vilja
128 1156 103 27 bestrida,
248 1158 33 20 att
295 1156 48 22 icke
359 1164 26 14 en
401 1159 70 19 större
487 1156 132 27 erfarenhet,
635 1162 27 16 en
677 1158 70 20 större
757 1156 66 27 insigt
832 1156 57 22 hade

63 1186 56 22 varit
134 1188 27 19 än
177 1185 144 27 gagneligare,
337 1186 40 21 och
392 1186 43 21 min
451 1185 146 28 öfvertygelse
613 1187 29 25 är,
659 1187 32 19 att
704 1185 24 27 ju
743 1191 59 15 mera
817 1184 73 28 öfning

63 1216 6 20 i
84 1214 175 27 handläggandet
274 1213 23 22 af
310 1214 107 22 allmänna
431 1214 52 27 värf,
501 1220 47 16 som
563 1214 43 22 kan
620 1214 86 22 komma
720 1213 169 28 medborgarene

64 1244 31 21 till
118 1243 41 27 del,
176 1243 61 21 desto
260 1249 59 16 mera
339 1249 56 21 gagn
414 1244 99 21 kommer
528 1244 42 21 den
585 1248 159 22 gemensamma
759 1244 129 26 statsrepre-

64 1272 135 22 sentationen
215 1271 61 23 deraf
289 1274 33 19 att
335 1272 71 22 hafva.

132 1301 57 22 Herr
210 1300 146 22 Mechelin:
377 1301 44 21 Det
441 1303 24 19 är
486 1300 79 22 endast
585 1300 50 22 med
651 1300 114 26 anledning
781 1300 22 21 af
817 1301 37 21 det
869 1300 23 22 af

63 1330 89 22 friherre
172 1336 42 15 von
232 1329 58 22 Troil
304 1329 127 28 begagnade
447 1330 65 21 ordet
528 1329 183 27 ,brädstörtadt*,
727 1335 48 15 som
787 1329 37 27 jag
839 1329 50 22 ville

62 1361 58 25 yttra
138 1359 67 26 några
221 1358 45 21 ord.
296 1358 34 21 Då
352 1364 49 15 man
414 1358 41 21 hos
472 1364 37 15 oss
526 1358 67 21 skred
608 1359 33 20 att
655 1358 96 26 tillämpa
766 1358 66 26 några
848 1358 40 20 den

62 1386 171 28 medborgerliga
248 1385 165 29 sjelfstyrelsens
429 1387 117 26 principer,
563 1386 26 21 sä
604 1386 81 21 skedde
701 1386 61 21 detta
777 1385 111 28 ilagstift-

62 1414 105 29 ningsväg
186 1421 77 21 genom
281 1414 306 28 kommunalförfattningarne
603 1414 33 22 för
650 1415 75 21 landet
740 1414 41 22 och
796 1413 33 22 för
844 1415 44 20 stä-

62 1445 72 25 derna,
150 1451 49 15 men
214 1450 50 15 man
277 1444 97 27 skapade
389 1443 94 22 sälunda
497 1444 58 22 blott
570 1449 27 16 en
613 1443 34 22 del
663 1443 22 22 af
697 1443 26 21 de
733 1442 154 27 institutioner,

62 1479 46 16 som
123 1472 33 23 för
171 1473 67 22 sädan
253 1472 140 28 sjelfstyrelse
409 1471 117 24 erfordras.
557 1471 38 22 Dit
610 1471 41 22 hör
667 1471 138 28 ovilkorligen
821 1471 68 22 ocksä

62 1508 27 15 en
104 1501 191 27 sammanslutning
311 1501 22 22 af
345 1501 158 22 kommunerna
518 1500 55 23 efter
589 1500 112 22 enahanda
717 1500 74 27 grund.
821 1499 68 23 Detta

60 1531 58 21 visar
133 1531 25 20 sä
173 1530 77 27 mänga
265 1529 67 22 andra
347 1529 86 22 länders
450 1529 133 23 erfarenhet.
613 1529 43 22 Det
671 1531 24 20 är
710 1528 47 22 icke
773 1530 32 20 att
820 1527 69 24 införa

811 1571 10 16 KI
