1109 1748
426 122 39 16 Den
481 120 13 18 2
511 122 54 18 Mars.
838 122 40 20 147

152 185 56 22 Herr
222 184 209 22 Landtmarskalken
445 184 146 28 tillkännagaf
604 186 33 20 att
651 184 101 28 polletter
767 184 56 22 hade
838 186 70 23 blifvit

84 216 91 25 uttagna
190 213 33 21 för

153 242 72 27 adliga
247 244 60 20 ätten
328 243 41 21 N:o
389 244 42 20 245
452 242 99 26 Gadolin,
568 248 76 22 genom
663 242 120 27 fullmäktig
801 242 51 22 herr
866 250 41 15 von

84 272 124 26 Haartman,
225 271 80 21 Fridolf
316 271 81 27 Rafaöl,
414 271 197 27 kammarjunkare,
628 272 39 21 och

153 300 72 27 adliga
247 302 60 19 ätten
328 300 41 22 N:o
392 301 41 20 241
457 300 117 26 Snellman,
594 300 23 22 af
633 300 50 22 herr
705 300 115 27 Snellman,
837 300 70 22 Johan

84 330 97 26 Vilhelm,
199 330 92 20 senator.

152 387 72 27 Enligt
247 386 110 22 aflemnad
379 386 92 26 vallista,
489 392 47 16 som
559 393 28 15 nu
607 387 104 26 uppbröts
734 387 39 21 och
788 386 119 28 föredrogs,

85 416 55 22 hade
164 416 97 21 ståndets
285 416 107 21 elektorer
411 415 109 21 verkstält
539 416 34 20 val
588 415 32 21 till
635 416 95 20 ledamot
745 416 6 20 i
766 416 142 27 Jernvägsut-

85 445 83 21 skottet
183 445 6 20 i
205 445 72 21 stället
293 444 32 22 för
340 444 50 21 herr
405 444 103 26 Idestam,
526 444 40 21 och
582 444 70 21 dertill
669 446 68 20 utsett
747 444 50 23 herr
807 446 101 26 Pipping-

85 474 67 26 sköld,
162 480 46 15 som
219 473 56 22 förut
285 473 55 22 varit
351 473 116 27 suppleant
477 473 7 21 i
495 479 82 15 samma
585 473 91 26 utskott,
687 474 55 20 samt
753 474 31 20 till
793 474 116 28 suppleant

85 502 7 21 i
118 502 50 22 herr
192 502 165 27 Pippingskölds
385 502 64 21 ställe
473 502 41 21 och
536 502 33 21 till
591 502 124 27 ytterligare
738 502 66 28 nödig
827 503 81 22 ansedd

86 532 114 26 suppleant
215 531 74 22 herrar
304 531 71 27 Arppe
392 531 40 21 och
448 531 155 27 Wasastjerna,
620 530 78 22 Alfred.

154 618 63 27 Uppå
231 618 96 27 begäran
341 618 99 21 lemnade
454 617 55 22 härå
523 618 50 20 herr
588 617 206 22 Landtmarskalken
813 618 63 21 ordet
886 618 23 21 åt

153 647 56 21 Herr
231 647 196 27 Björkenheim,
452 652 48 15 som
521 646 67 27 jemte
609 646 104 26 anmälan,
733 648 32 19 att
785 646 36 22 det
841 647 68 21 under

87 676 40 21 den
149 675 32 22 tid
200 675 112 22 Allmänna
331 675 204 22 Besvärsutskottet
555 674 104 28 fungerat,
676 675 45 21 ofta
739 675 56 22 visat
811 675 32 27 sig
858 682 52 15 vara

87 705 59 21 svårt
156 706 33 19 att
199 704 32 21 till
239 705 118 20 utskottets
367 704 161 21 sammanträde
539 703 22 22 få
571 704 164 21 medlemmarne
747 703 22 22 af
777 704 132 21 Ridderska-

86 736 38 24 pet
141 733 40 22 och
202 733 69 22 Adeln
296 733 101 26 samlade,
415 733 91 21 emedan
521 733 78 27 många
615 733 23 21 af
656 733 119 21 utskottets
791 733 119 22 ledamöter

86 762 40 21 och
142 762 139 27 suppleanter
297 762 102 27 derjemte
414 768 52 15 vore
482 763 111 26 upptagna
607 761 22 22 af
639 762 66 21 andra
715 762 193 26 utskottsarbeten,

86 791 72 22 anhöll
173 792 33 20 att
221 791 135 22 elektorerna
370 791 68 21 måtte
453 797 120 21 uppmanas
590 792 33 20 att
632 791 33 21 till
676 791 61 22 detta
746 791 86 21 utskott
841 793 68 26 ytter-

86 820 66 27 ligare
167 821 49 20 utse
232 820 36 21 två
283 820 145 27 suppleanter.

155 848 71 22 Sedan
248 849 87 21 ståndet
350 849 49 21 med
415 848 115 28 anledning
544 848 68 28 häraf,
628 849 29 27 på
671 849 50 21 herr
735 849 174 21 Landtmarskal-

87 884 52 15 ens
154 877 163 28 framställning,
333 878 95 21 beslutat
443 878 35 20 till
494 878 92 21 nämnda
599 878 96 21 utskotts
706 878 145 27 förstärkning
861 878 49 21 med

87 907 36 21 två
142 907 144 27 suppleanter,
303 907 130 22 anmodades
454 906 98 22 ståndets
569 907 108 21 elektorer
693 908 32 20 att
740 907 73 21 skrida
828 907 32 21 till
875 906 35 22 val

87 935 22 21 af
123 936 64 21 dessa
203 936 144 27 suppleanter.

154 994 57 21 Herr
225 993 208 22 Landtmarskalken
448 994 133 26 meddelade,
598 995 33 20 att
641 994 32 21 uti
687 993 45 22 före
742 994 86 26 plenum
838 994 72 21 hållen

87 1022 206 22 talmanskonferens
319 1022 60 28 fråga
398 1022 77 22 väckts
491 1029 35 15 om
541 1023 150 26 tillsättandet,
707 1022 32 22 för
755 1023 69 21 denna
839 1022 70 22 landt-

88 1052 42 26 dag
144 1051 92 22 likasom
250 1052 35 21 vid
301 1052 26 21 de
342 1051 138 27 föregående,
496 1051 23 22 af
532 1054 33 19 ett
580 1052 103 21 särskildt
694 1052 214 26 Justeringsutskott.

87 1080 72 27 Enligt
175 1080 10 28 $
202 1082 26 20 78
243 1080 8 21 i
266 1080 245 28 Landtdagsordningen
526 1080 68 22 borde
610 1080 173 27 expeditionerna
793 1080 47 21 från
851 1082 58 19 stän-

88 1110 66 20 derna
166 1109 96 27 justeras
279 1109 102 27 antingen
395 1108 56 23 inför
467 1109 93 22 stånden
576 1110 52 21 eller
639 1110 26 20 de
675 1109 178 25 förtroendemän,
863 1114 47 16 som

88 1138 92 21 stånden
202 1138 7 21 i
227 1138 78 21 sådant
324 1137 101 22 afseende
443 1140 77 24 utsett,
537 1138 40 22 och
592 1138 33 21 för
640 1138 33 21 sin
688 1138 34 21 del
737 1138 56 21 hade
807 1137 102 21 talmans-

87 1166 142 22 konferensen
245 1168 72 20 ansett
331 1166 80 27 nödigt,
429 1168 33 20 att
478 1167 71 27 dylika
564 1167 173 21 förtroendemän
751 1173 30 15 nu
795 1172 47 15 som
852 1165 58 22 förut

89 1195 69 22 skulle
180 1195 75 28 väljas,
272 1195 108 22 äfvensom
400 1197 33 19 att
453 1195 60 22 tiden
531 1195 34 22 för
580 1196 60 21 detta
654 1196 95 20 utskotts
765 1194 144 22 nedsättande

88 1230 50 16 vore
153 1224 56 26 inne,
233 1224 28 21 då
279 1230 49 15 man
346 1224 72 21 kunde
439 1226 70 20 motse
529 1226 33 20 att
577 1225 66 27 några
658 1224 79 27 nådiga
751 1223 158 27 propositioner

88 1253 67 21 redan
175 1254 61 20 snart
255 1253 69 21 skulle
345 1252 21 22 få
385 1253 33 21 sin
441 1252 109 22 definitiva
571 1254 89 26 lösning.
691 1253 9 21 I
724 1252 100 22 afseende
848 1253 12 20 å
882 1252 26 22 de

88 1284 98 19 närmare
196 1282 165 26 bestämningar,
373 1288 47 15 som
431 1282 36 21 vid
477 1282 130 27 föregående
617 1282 104 26 landtdag
731 1288 34 15 om
775 1281 134 27 Justerings-

88 1311 109 21 utskottet
219 1317 50 15 voro
289 1313 99 24 antagna,
404 1311 102 26 uppläste
524 1311 51 21 herr
593 1310 208 22 Landtmarskalken
821 1310 36 21 det
872 1310 36 21 be-

89 1340 49 26 slut,
155 1346 46 14 som
217 1339 23 21 af
254 1340 86 21 ståndet
354 1339 35 21 vid
405 1341 88 20 senaste
508 1340 105 26 landtdag
627 1340 74 21 härom
716 1338 81 22 fattats.
828 1338 34 21 Då
872 1339 37 21 be-

89 1368 42 21 slöt
152 1368 105 27 nemligen
273 1368 159 26 Ridderskapet
455 1368 40 21 och
514 1368 75 26 Adeln,
610 1370 33 19 att
660 1368 7 21 i
687 1367 221 22 öfverensstämmelse

88 1396 49 22 med
157 1397 57 21 hvad
229 1397 6 20 i
251 1395 236 23 talmanskonferensen
506 1398 83 20 ansetts
608 1397 95 26 lämpligt
719 1396 91 21 tillsätta
825 1397 32 19 ett
871 1395 38 21 Ju-

89 1425 184 27 steringsutskott,
283 1424 120 23 bestående
411 1425 24 21 af
440 1426 37 21 två
484 1425 121 22 ledamöter
613 1425 39 22 och
660 1425 43 22 lika
711 1425 76 26 många
795 1423 115 28 supplean-

89 1456 33 19 ter
136 1453 48 22 från
199 1454 72 27 hvarje
287 1453 73 27 stånd;
377 1455 33 19 att
424 1454 37 21 vid
475 1455 59 21 valet
549 1453 23 22 af
586 1454 48 21 dem
649 1453 100 22 afseende
764 1452 67 22 borde
847 1454 63 25 göras

90 1483 56 26 derå,
163 1484 33 20 att
211 1483 40 21 den
268 1489 45 20 ene,
330 1481 58 23 såväl
403 1482 23 21 af
439 1483 147 21 ledamöterne
602 1489 46 15 som
659 1482 171 27 suppleanterne,
840 1481 70 21 skulle

88 1517 51 15 vara
162 1511 37 22 det
217 1511 69 22 finska
305 1510 88 28 språket
412 1511 89 27 mäktig,
517 1511 34 21 för
571 1512 32 21 att
621 1511 108 22 utskottet
748 1510 68 21 måtte
831 1509 79 26 kunna,

90 1539 37 22 der
146 1540 26 21 så
189 1539 114 28 erfordras,
319 1540 53 26 göra
386 1539 8 21 i
410 1540 106 27 språkligt
530 1539 125 24 hänseende
670 1539 78 28 nödiga
762 1538 103 22 rättelser
879 1538 32 21 uti
