1109 1748
219 120 28 20 54
522 122 39 17 Den
578 120 12 18 9
605 122 94 18 Februari.

190 185 74 21 tionen
286 184 23 22 af
329 184 163 28 spännstolarne
514 186 58 20 emot
594 192 27 15 en
639 184 204 28 jernkonstruktion
866 184 22 22 af
905 184 115 28 tillräcklig

191 213 81 27 styrka,
289 216 56 19 samt
359 214 6 20 i
381 213 80 22 sådant
475 213 36 22 fall
527 220 34 15 om
577 214 192 27 verkställigheten
780 213 64 22 häraf
854 214 66 27 draga
929 213 90 27 försorg.

261 242 169 27 Ridderskapets
454 242 40 22 och
516 242 80 22 Adelns
619 243 32 21 uti
675 242 202 28 protokollsutdrag
901 242 23 22 af
946 242 41 21 den
1007 244 12 20 7

191 271 58 21 Mars
271 272 54 20 1872
343 271 126 22 meddelade
485 271 144 22 förordnande
645 272 32 21 att
692 271 87 27 platsen
794 271 87 22 utanför
896 270 123 23 riddarhus-

191 300 128 27 byggnaden
334 300 69 21 skulle
419 300 50 22 med
483 300 132 22 buskväxter
629 300 118 27 planteras,
764 300 40 21 har
819 300 142 22 Direktionen
971 300 50 21 låtit

192 335 78 21 genom
285 328 225 28 trädgårdsmästaren
526 328 49 22 Carl
588 329 64 22 Helm
666 328 71 22 utföra
750 329 42 21 och
804 329 80 27 jemväl
895 329 32 21 till
937 330 83 20 växter-

193 364 38 15 nas
248 358 124 26 skyddande
386 359 47 19 mot
448 357 122 28 trampning
584 360 85 19 utsätta
679 358 133 27 trädpållare
822 358 50 22 med
884 358 89 22 emellan
984 358 36 20 de-

193 392 82 16 samma
290 386 68 27 spänd
372 386 99 21 ståltråd.

261 415 89 21 Jemlikt
372 415 99 21 ståndets
494 415 41 21 den
554 417 12 19 5
587 416 59 21 Mars
667 416 54 20 1872
743 415 58 27 gifna
819 415 144 22 förordnande
983 415 39 21 har

193 444 174 26 stenografernes
391 443 59 22 öfver
473 444 138 22 diskusionen
633 444 36 21 vid
691 443 68 28 sagde
783 444 34 21 års
839 444 105 27 landtdag
961 444 61 22 förda

193 472 96 28 orginala
312 472 154 28 anteckningar
485 472 112 22 aflemnats
618 473 32 21 till
671 472 40 22 och
726 472 108 22 förvarats
851 473 6 21 i
873 473 147 22 riddarhusets

194 501 65 22 arkiv.

261 530 114 22 Likaledes
394 530 41 22 har
453 530 40 22 den
512 530 24 22 af
553 530 88 22 ståndet
660 530 41 22 den
717 532 12 20 5
745 530 60 22 Mars
823 532 55 20 1872
894 531 127 27 uppdragna

193 559 132 27 granskning
345 558 22 22 af
383 559 158 27 manuskriptet
559 559 33 21 till
610 558 91 22 filosofie
718 559 93 21 doktorn
829 559 47 22 Nils
892 559 81 22 Henrik
988 560 34 20 Pi-

194 588 69 21 nellos
286 588 163 21 adelskalender
471 588 58 21 inom
551 588 142 21 Direktionen
715 588 133 21 verkställts.
884 588 40 22 Att
946 588 77 22 sådant

195 616 90 21 oaktadt
305 623 27 14 en
351 617 78 26 mängd
449 616 28 22 fel
499 616 40 22 och
555 616 78 22 brister
648 618 7 19 i
671 617 66 26 sagde
752 616 106 22 kalender
872 616 148 27 förekommer,

194 645 71 22 måste
283 645 140 22 Direktionen
442 645 85 22 derföre
544 645 113 21 tillskrifva
671 645 46 22 dels
732 645 84 22 mindre
832 645 190 28 uppmärksamhet

195 673 35 22 vid
245 674 142 27 tryckningen
401 673 40 22 och
457 674 228 27 korrekturläsningen
701 673 23 22 af
734 674 126 27 kalendern,
877 675 45 21 dels
934 674 40 22 ock
985 674 37 22 det

194 703 7 20 i
219 703 78 26 många
314 703 59 22 delar
389 702 152 28 ofullständiga
557 703 66 26 skick,
640 703 60 21 hvari
715 703 172 27 Ridderskapets
903 703 119 22 stamtaflor

194 731 99 22 befunnit
308 731 39 28 sig.

264 760 34 21 Då
312 760 140 22 Direktionen
469 760 108 21 tillträdde
592 760 156 27 förvaltningen
765 759 23 22 af
796 760 150 22 riddarhusets
957 767 64 20 ange-

194 789 127 27 lägenheter
336 789 116 22 innehades
467 789 86 22 lokalen
568 789 7 21 i
590 789 68 22 nedra
672 789 106 27 våningen
793 789 29 27 på
838 791 60 20 östra
913 789 61 22 sidan
988 796 34 15 om

194 817 114 28 förstugan
327 817 23 22 af
364 817 205 28 Föreningsbanken
587 817 40 22 och
647 817 42 22 den
705 818 28 27 på
748 819 75 20 vestra
838 818 60 21 sidan
914 818 23 21 af
949 819 73 27 Hypo-

195 846 196 28 theksföreningen,
408 853 49 15 men
473 847 67 21 sedan
556 847 203 26 Föreningsbanken
775 847 7 20 i
797 847 61 27 April
873 847 77 22 månad
968 849 52 20 1873

195 876 91 21 anhållit
305 878 33 19 att
355 875 22 22 få
392 876 70 27 någon
478 876 113 26 tillökning
605 876 33 21 till
654 876 50 21 dess
719 876 65 26 lokal,
800 876 86 27 vidtogs
902 876 68 22 under
984 877 38 26 på-

195 904 95 28 följande
313 905 56 26 höst,
389 905 49 21 med
457 904 161 22 vederbörande
639 904 148 28 hyresgästers
805 904 135 28 begifvande,
956 906 66 21 sådan

196 934 119 26 anordning
330 935 33 20 att
377 933 204 27 Föreningsbanken
597 933 40 22 och
651 933 255 27 Hypotheksföreningen
920 934 61 27 bytte
991 934 31 21 lo-

195 962 61 22 kaler
272 964 56 20 samt
343 962 204 27 Föreningsbanken
561 962 67 27 jemte
644 962 33 21 sin
692 968 41 22 nya
747 962 60 22 lokal
817 962 98 28 öfvertog
925 964 33 20 tre
968 970 54 19 rum,

196 997 46 15 som
261 990 107 22 innehafts
388 990 23 22 af
427 990 288 28 Medicinalöfverstyrelsen,
736 990 85 22 hvilken
841 991 47 22 åter
904 992 67 21 erhöll
987 992 36 21 två

195 1019 34 22 för
255 1020 253 27 Hypotheksföreningen
536 1019 138 27 öfverflödiga
695 1026 47 15 rum
766 1019 23 22 af
809 1020 213 27 Föreningsbankens

195 1048 59 22 förra
275 1048 58 22 lokal
350 1049 68 27 jemte
437 1048 36 22 två
491 1055 47 15 rum
557 1048 7 21 i
584 1048 255 28 riddarhusbyggnadens
858 1048 163 28 hufvudvåning.

196 1078 77 21 Denna
296 1077 139 28 omflyttning,
457 1083 47 15 som
526 1078 13 20 å
564 1077 152 21 Direktionens
741 1077 48 22 sida
810 1084 38 15 var
866 1077 112 23 föranledd
1002 1078 23 21 af

197 1107 83 21 önskan
300 1108 33 20 att
355 1106 107 22 bibehålla
484 1106 71 27 gamla
578 1106 41 22 och
641 1106 65 21 säkra
728 1106 145 27 hyresgäster,
889 1107 131 27 nödvändig-

196 1136 75 27 gjorde
291 1142 27 15 en
337 1135 78 27 mängd
434 1135 145 27 reparations-
599 1134 40 22 och
654 1134 233 28 förändringsarbeten,
903 1136 73 21 hvilka
990 1138 32 19 ta-

197 1164 32 27 git
243 1164 7 21 i
265 1164 94 27 anspråk
375 1170 25 15 en
416 1164 47 22 icke
480 1163 110 28 obetydlig
605 1163 70 27 utgift.
699 1164 33 21 De
747 1164 109 27 ansenligt
870 1164 69 22 ökade
949 1164 73 28 hyres-

196 1193 79 27 belopp
291 1192 24 22 af
328 1192 139 22 tillsammans
483 1194 64 25 9,850
563 1192 66 27 mark,
646 1198 46 16 som
706 1199 29 15 nu
745 1192 48 22 från
804 1192 218 28 Riddarhusbyggna-

197 1222 52 21 dens
268 1221 84 22 lokaler
366 1221 79 28 inflyta,
462 1223 84 20 ersätta
561 1221 55 21 dock
631 1221 144 27 nyssnämnde
791 1221 71 27 utgift,
879 1222 57 21 helst
952 1222 71 22 dertill

197 1253 56 19 ännu
273 1250 32 22 får
320 1250 75 27 läggas
412 1252 63 24 3,600
490 1250 68 26 mark,
575 1256 46 15 som
635 1250 142 22 Direktionen
792 1250 124 22 förbehållit
931 1251 91 21 Riddar-

196 1280 122 20 huskassan
340 1279 7 21 i
370 1278 121 28 ersättning
511 1278 33 23 för
565 1278 108 22 särskilda
691 1278 33 22 till
745 1278 133 22 Ständernas
897 1279 126 27 disposition

197 1308 69 22 under
281 1308 71 21 denna
366 1308 105 27 landtdag
486 1308 104 27 upplåtna
604 1307 89 22 lokaler.

265 1337 33 21 De
316 1338 79 20 tvenne
411 1343 47 15 rum
477 1336 7 22 i
499 1336 255 27 riddarhusbyggnadens
769 1336 167 28 läktar-våning,
952 1336 72 22 hvilka

196 1366 35 21 vid
254 1365 153 22 Direktionens
426 1365 96 21 tillträde
540 1365 33 20 till
593 1364 157 27 förvaltningen
768 1371 52 15 voro
841 1366 93 27 uthyrda
949 1366 23 21 åt
987 1372 36 15 en-

197 1394 57 21 skild
273 1399 86 22 person,
381 1396 36 19 äro
436 1400 29 15 nu
483 1393 110 28 upplåtna,
613 1393 38 22 det
665 1393 28 27 på
709 1395 59 20 östra
783 1393 62 22 sidan
861 1394 23 21 åt
898 1394 79 21 Finska
992 1394 31 21 lä-

196 1423 167 26 karsällskapet,
383 1423 55 21 dock
457 1423 49 20 med
525 1422 69 22 vilkor
609 1424 32 19 att
657 1422 120 21 detsamma
792 1421 33 22 får
840 1423 69 21 under
923 1423 99 21 landtda-

197 1457 41 21 gen
257 1451 110 27 begagnas
386 1451 32 21 till
438 1451 174 22 sammanträden
630 1450 32 22 för
680 1451 181 27 ständerutskott,
878 1451 40 22 och
934 1451 38 22 det
986 1458 36 15 an-

197 1480 39 21 dra
251 1480 23 21 åt
289 1479 101 22 Finlands
406 1480 89 21 ständer
510 1480 32 21 till
558 1479 167 28 förvaringsrum
740 1479 33 22 för
790 1479 76 23 dessas
883 1480 65 21 arkiv.

266 1509 74 21 Under
355 1508 38 21 det
407 1509 65 21 redan
489 1508 140 22 omförmälda
644 1509 137 26 omläggning
796 1508 23 22 af
827 1509 147 21 riddarsalens
986 1509 38 22 tak

195 1537 86 28 påstod,
302 1537 95 28 yppades
417 1537 41 22 den
476 1539 27 21 23
519 1537 51 22 Juni
587 1539 53 20 1874
657 1537 92 22 klockan
765 1539 32 20 ett
812 1539 28 26 på
856 1538 70 27 dagen
942 1537 34 22 eld
992 1538 31 22 uti
