1109 1748
210 102 43 21 414
517 104 41 17 Den
575 102 25 18 10
616 103 59 24 April.

181 166 64 22 flesta
268 166 77 22 länder
359 166 7 22 i
383 166 60 22 detta
465 165 37 23 fall
524 166 54 28 följt,
598 166 107 28 nemligen
721 168 32 20 att
768 166 125 28 arkeologin
908 166 40 21 har
962 166 48 22 sina

181 196 106 22 målsmän
302 196 7 20 i
325 202 26 15 en
366 196 231 26 vetenskapssocietet.

251 225 58 21 Herr
328 224 106 22 Mechelin
452 224 114 27 påpekade
586 226 33 20 att
633 224 24 22 af
669 224 114 22 Allmänna
797 224 212 22 Besvärsutskottets

181 254 139 21 betänkande
341 254 75 27 tyckes
434 252 89 28 framgå,
540 260 46 15 som
602 260 34 16 om
651 254 109 22 utskottet
776 253 102 27 önskade,
895 255 33 20 att
943 254 66 21 stats-

181 282 131 28 arkeologen
329 282 93 27 ensidigt
436 282 70 22 skulle
520 282 65 22 hafva
601 289 25 15 en
642 289 45 15 mer
702 282 99 28 praktisk
816 282 147 27 verksamhet;
974 283 34 20 ut-

182 312 85 21 skottet
282 317 37 16 ser
333 311 48 22 icke
397 311 25 21 så
436 311 86 27 mycket
536 312 29 26 på
581 313 33 20 att
628 312 7 21 i
650 312 79 21 honom
743 310 22 22 få
780 318 26 15 en
821 311 187 27 vetenskapsman.

181 340 42 28 Jag
244 340 61 22 delar
320 340 7 21 i
342 340 42 21 allo
399 340 51 22 herr
465 340 118 22 Mechelins
598 341 85 27 yttrade
700 340 61 27 åsigt,
779 342 32 19 att
825 346 49 15 man
890 340 77 22 endast
982 339 27 22 då

181 369 42 21 kan
238 371 67 19 vänta
320 368 23 22 af
357 368 129 28 arkeologen
502 371 33 20 att
549 370 43 21 han
607 370 29 27 på
647 371 31 20 ett
688 368 200 23 tillfredsställande
898 370 45 20 sätt
954 368 55 22 skall

181 398 74 21 kunna
272 397 93 27 fullgöra
385 398 26 21 de
430 398 135 27 åligganden,
586 405 50 15 man
650 398 37 22 vill
703 397 98 23 åhvälfva
816 398 84 26 honom,
918 404 34 15 om
966 397 43 22 han

182 429 24 19 är
220 426 189 28 vetenskapsman,
425 427 41 21 och
478 427 46 27 just
539 427 30 27 på
584 428 37 21 det
630 427 43 22 han
683 427 68 21 måtte
761 433 52 15 vara
822 427 186 26 vetenskapsman,

183 462 65 15 anser
267 456 39 27 jag
321 455 8 21 i
343 455 80 28 högsta
439 456 55 27 grad
507 456 191 27 maktpåliggande
714 457 33 20 att
761 456 43 21 han
819 456 35 20 må
869 455 141 22 subordinera

181 484 69 22 under
274 485 259 27 vetenskapssocieteten,
557 485 139 27 hvarigenom
714 485 41 21 han
774 484 70 22 skulle
863 484 91 27 tvingas,
975 490 34 15 om

182 514 43 21 han
241 513 64 28 eljest
320 514 47 22 icke
383 514 56 21 hade
454 514 92 27 innerlig
560 513 43 28 håg
619 514 77 27 dertill,
713 515 33 20 att
760 513 45 22 låta
819 513 33 27 sig
865 513 61 22 ledas
942 512 23 22 af
973 519 35 16 ve-

181 542 139 28 tenskapliga
335 542 107 28 principer
457 542 36 22 vid
508 542 127 22 utöfvandet
651 542 22 22 af
687 543 46 21 sina
748 542 134 28 åligganden.

251 572 56 20 Herr
330 571 155 27 Schauman,
508 572 84 22 Berndt
615 572 62 22 Otto:
701 572 67 21 Innan
788 571 38 27 jag
847 572 39 26 går
904 572 33 20 att
950 572 59 26 yttra

183 600 43 27 mig
242 599 60 22 öfver
317 600 113 21 Allmänna
445 600 216 22 Besvärsutskottets
676 600 145 26 betänkande,
838 602 62 25 tager
912 600 37 27 jag
964 600 44 27 mig

181 628 93 22 friheten
289 630 39 25 att,
344 629 49 22 med
409 629 115 27 anledning
532 629 23 22 af
564 636 26 15 en
601 629 7 22 i
619 629 76 28 sjelfva
705 629 120 28 petitionen
834 628 175 22 förekommande

182 657 60 27 strof,
266 657 57 22 rikta
347 664 26 15 en
396 658 87 27 ödmjuk
506 658 141 27 anmärkning
664 660 46 20 mot
725 658 107 27 styrelsen
848 657 40 22 och
905 657 103 28 derjemte

181 688 59 26 yttra
263 693 26 15 en
312 686 45 22 lika
371 687 88 27 ödmjuk
474 687 105 22 anhållan.
610 687 10 21 I
635 687 76 28 början
726 686 23 22 af
762 687 42 21 den
817 693 30 15 nu
862 685 147 28 föreliggande

181 715 120 27 petitionen
317 716 46 21 står
370 716 106 27 nemligen
485 716 48 21 med
542 715 101 22 afseende
655 716 12 21 å
678 715 70 23 denna
758 716 66 21 redan
834 715 36 22 vid
880 715 129 27 föregående

181 744 106 27 landtdag
311 744 135 22 behandlade
467 744 71 27 fråga:
563 745 46 26 ,Då
632 745 37 22 det
689 745 48 21 icke
760 746 23 20 är
805 744 73 27 kändt,
903 743 106 22 huruvida

181 773 61 22 Hans
258 773 104 28 Majestät
377 773 7 22 i
399 773 67 22 nåder
480 773 36 22 vill
531 773 75 22 bifalla
621 773 32 22 till
669 773 27 22 de
707 774 7 21 i
723 773 106 27 förslaget
838 773 76 27 gjorda
924 773 85 21 ändrin-

181 808 40 21 gar
241 801 52 23 eller
311 802 40 21 har
365 801 34 22 för
414 802 65 27 afsigt
493 804 33 20 att
541 803 33 21 till
589 803 118 21 ständerna
722 801 130 23 öfverlemna
866 803 48 26 nytt
928 801 82 27 förslag

181 831 7 20 i
211 831 94 22 ämnet".
329 831 11 21 I
365 831 70 22 denna
459 831 98 22 ovisshet
581 831 56 22 hade
662 831 145 28 petitionären
833 831 40 21 och
898 830 112 22 Allmänna

181 859 205 23 Besvärsutskottet
404 860 48 22 icke
467 859 75 23 behöft
557 860 74 22 sväfva
645 860 112 28 angående
773 859 138 28 regeringens
926 859 83 22 fattade

181 889 79 27 beslut,
283 889 8 21 i
313 889 105 22 händelse
442 889 40 22 den
505 890 125 26 berättelse,
655 896 47 15 som
721 888 115 22 aflemnats
856 889 32 21 till
908 888 101 22 Finlands

182 917 89 22 ständer
294 924 34 15 om
349 918 118 28 styrelsens
491 918 101 28 åtgärder
613 919 50 21 med
686 918 116 26 anledning
821 917 23 22 af
861 917 26 22 de
902 917 36 23 vid
953 917 55 22 före-

182 946 84 28 gående
281 946 104 28 landtdag
399 946 82 23 fattade
497 947 78 27 beslut,
592 947 55 22 hade
657 947 97 22 utdelats
764 946 98 28 tidigare,
874 946 52 22 eller
936 946 73 22 såsom

182 976 39 21 ske
244 976 55 26 bort,
323 976 36 22 vid
381 976 142 27 landtdagens
546 976 81 28 början,
647 978 22 26 ty
687 976 33 22 uti
738 975 97 27 punkten
856 977 25 19 17
900 975 23 22 af
940 976 70 21 denna

181 1004 120 22 berättelse
315 1005 116 27 redogöres
447 1004 33 23 för
495 1006 117 27 styrelsens
626 1006 73 21 beslut
713 1004 8 22 i
737 1004 163 28 ifrågavarande
915 1004 45 27 sak,
971 1004 39 22 der

182 1034 37 21 det
238 1033 57 22 står:
316 1050 9 10 ,,
329 1034 66 22 sedan
411 1034 123 27 ständerna,
550 1034 33 22 uti
598 1034 117 22 aflemnadt
731 1039 49 16 svar
794 1033 29 27 på
838 1033 78 27 nådiga
931 1039 78 21 propo-

181 1062 93 22 sitionen
290 1068 34 16 om
339 1062 122 28 antagande
477 1062 22 22 af
514 1069 25 16 en
555 1062 126 28 författning
692 1062 112 27 angående
814 1061 94 23 forntida
916 1062 93 22 minnes-

182 1091 100 22 märkens
297 1090 104 23 fredande
416 1091 41 22 och
471 1092 128 27 bevarande,
615 1092 7 21 i
632 1090 174 28 underdånighet
814 1091 86 26 anmält,
909 1092 33 20 att
950 1092 59 20 stän-

181 1120 68 22 derna
263 1120 48 22 icke
326 1120 83 22 kunnat
423 1120 114 28 godkänna
552 1120 157 23 ofvanberörda
724 1119 219 28 författningsförslag
953 1119 56 23 oför-

181 1148 98 26 ändradt,
300 1150 51 20 utan
370 1148 85 23 förenat
469 1149 33 27 sig
517 1156 35 15 om
567 1151 33 21 ett
615 1148 135 23 annorlunda
764 1148 92 28 lydande
872 1148 82 27 sådant,
970 1148 40 22 har

180 1177 60 22 Hans
256 1178 122 27 Kejserliga
391 1178 102 27 Majestät
508 1178 49 22 låtit
571 1178 76 28 frågan
662 1184 34 16 om
711 1176 130 23 utfärdande
857 1176 23 22 af
888 1184 26 15 en
925 1176 84 23 författ-

180 1206 51 28 ning
251 1206 7 22 i
277 1206 76 28 antydt
374 1206 55 28 syfte
448 1206 107 23 förfalla".
586 1208 43 21 Det
648 1213 63 22 synes
732 1206 45 26 mig
797 1206 105 27 nemligen
922 1212 52 16 vara
989 1206 23 22 af

180 1235 83 27 ganska
279 1237 46 20 stor
339 1235 51 28 vigt,
407 1237 32 20 att
455 1236 70 22 denna
539 1236 119 22 berättelse
674 1242 35 16 om
724 1235 57 21 hvad
797 1234 106 28 styrelsen
918 1235 92 27 vidtagit

179 1264 34 21 för
223 1264 102 27 åtgärder
339 1265 49 21 med
396 1264 114 28 anledning
518 1264 23 22 af
546 1265 129 22 ständernas
683 1264 84 22 fattade
775 1263 73 22 beslut
857 1264 111 27 angående
974 1264 34 21 så-

179 1293 36 21 väl
225 1292 60 22 Hans
299 1293 103 27 Majestät
412 1293 117 27 Kejsarens
540 1294 161 27 propositioner
712 1292 37 23 vid
760 1292 130 28 föregående
898 1292 110 28 landtdag,

180 1328 47 15 som
240 1322 27 22 de
279 1322 36 21 vid
327 1328 82 15 samma
420 1322 105 28 landtdag
537 1322 121 22 inlemnade
670 1322 125 28 petitioner,
801 1320 70 23 blefve
879 1321 6 21 i
894 1322 26 21 så
927 1321 43 27 god
978 1322 32 21 tid

179 1350 58 21 känd
252 1350 23 22 af
288 1350 41 21 alla
344 1350 170 28 landtdagsmän,
527 1353 33 20 att
571 1352 63 21 desse
647 1352 78 26 genast
737 1350 35 22 vid
783 1350 143 27 landtdagens
934 1350 76 27 början

179 1378 57 23 hade
252 1385 27 16 en
292 1378 102 29 öfversigt
406 1379 59 22 öfver
472 1379 57 23 hvad
538 1386 47 15 som
593 1379 68 22 blifvit
669 1378 107 29 tillgjordt
783 1379 67 21 sedan
859 1379 41 21 sist
907 1378 103 23 förflutna

179 1407 110 28 landtdag.
313 1408 43 22 Det
368 1408 38 21 äri
414 1415 46 15 mer
467 1410 27 20 än
504 1410 32 21 ett
544 1408 107 27 afseende,
661 1415 46 16 som
716 1414 28 16 en
752 1407 68 22 sådan
821 1403 10 38 i
843 1407 32 22 tid
881 1407 89 22 utdelad
978 1407 31 22 öf-

179 1437 81 26 versigt
272 1437 76 26 skulle,
362 1437 67 27 enligt
436 1437 43 22 min
487 1437 63 28 äsigt,
560 1437 65 22 lända
632 1437 32 22 till
672 1437 222 26 landtdagsmännens
904 1442 56 22 gagn
968 1436 41 22 och

179 1465 62 22 äfven
252 1466 101 27 möjligen
361 1465 131 23 förekomma
498 1473 26 15 en
532 1466 36 23 hel
576 1467 43 27 hop
628 1466 124 27 petitioner,
759 1465 74 22 hvilka
841 1471 29 15 nu
878 1465 22 21 af
907 1465 101 27 ovisshet,

179 1499 35 16 om
226 1494 57 22 hvad
294 1494 106 28 styrelsen
409 1494 86 28 ätgjort,
504 1495 147 22 framkomma.
671 1495 78 22 Denna
754 1494 118 22 berättelse
878 1493 131 23 aflemnades

179 1522 35 22 vid
229 1525 54 20 1867
296 1523 35 22 års
339 1523 104 28 landtdag
451 1524 82 27 ganska
540 1524 77 27 riktigt
628 1524 41 23 den
679 1526 26 21 22
715 1523 91 23 Januari
817 1524 61 27 1867,
887 1529 49 16 men
943 1523 67 22 redan
