1109 1748
221 102 41 20 360
523 103 40 17 Den
579 101 26 18 27
622 103 53 17 Mars.

204 166 99 28 uppdrag
318 165 8 21 i
340 165 166 27 Lagutskottet;
520 165 39 27 jag
573 166 83 21 känner
671 167 32 20 ett
718 166 104 21 särskildt
837 165 69 23 behof
919 165 23 22 af
956 166 33 20 att
1002 172 30 15 nu

205 196 48 21 åter
269 196 52 26 göra
337 195 70 21 denna
423 193 103 27 anmälan,
543 194 90 22 emedan
646 194 38 28 jag
699 194 48 22 icke
762 194 43 22 kan
821 195 52 27 gilla
888 195 37 21 det
936 194 50 26 slut,
998 195 33 21 till

204 224 83 22 hvilket
302 223 114 21 Allmänna
430 223 202 21 Besvärsutskottet
647 224 32 20 uti
693 222 76 28 frågan
784 224 95 21 kommit.
909 224 42 26 Jag
966 223 65 25 delar,

205 254 7 20 i
227 252 103 22 afseende
349 252 13 21 å
382 252 27 21 de
427 251 80 27 förslag
521 252 110 21 utskottet
646 252 86 26 lemnat,
749 252 27 22 de
791 252 179 28 betänkligheter,
987 258 46 15 som

205 281 71 22 blifvit
294 281 98 21 uttalade
408 280 23 21 af
450 280 108 26 åtskilliga
577 280 66 22 ärade
663 281 68 21 talare
747 281 41 21 och
803 282 103 20 särskildt
922 281 47 26 den,
986 286 47 16 som

205 311 70 26 ligger
289 310 33 20 till
338 309 69 27 grund
422 308 33 22 för
470 309 41 21 den
526 309 72 27 kritik,
610 316 46 15 som
667 309 23 21 af
698 309 50 22 herr
758 316 42 16 von
809 310 87 21 Alfthan
906 309 126 22 framstälts.

207 340 41 26 Jag
263 339 44 21 kan
321 338 48 21 icke
385 339 66 20 annat
466 340 27 19 än
508 338 91 26 beklaga
615 340 33 19 att
660 338 113 22 Allmänna
783 338 202 22 Besvärsutskottet
995 338 39 21 har

207 368 55 26 tagit
283 367 67 21 saken
370 366 25 22 så
415 366 47 26 lätt,
479 368 32 20 att
526 367 37 21 det
579 368 54 20 trott
647 367 33 27 sig
695 367 72 21 kunna
781 368 50 26 ingå
846 368 7 20 i
867 367 132 26 behandling
1014 366 23 22 af

207 396 106 26 förslaget
335 402 34 14 om
390 401 27 15 en
437 395 179 27 omorganisation
636 395 23 22 af
677 396 26 21 de
722 396 83 27 vigtiga
818 396 154 25 förhållanden,
989 402 46 15 som

209 428 36 18 äro
265 424 8 22 i
293 424 66 27 fråga,
377 424 72 21 derest
464 430 48 15 man
527 424 77 22 tänker
618 425 29 27 på
662 426 32 20 ett
709 424 132 23 afskaffande
857 424 22 22 af
892 424 142 27 kronofogde-

209 454 121 27 tjensterna
351 453 40 21 och
410 452 172 22 öfverlemnande
597 453 23 21 af
633 453 65 21 dessa
713 454 140 27 tjenstemäns
869 453 129 27 befogenhet
1013 454 23 20 åt

211 482 74 22 andra.
316 482 43 22 Det
375 484 24 19 är
414 488 26 15 en
456 482 82 27 ganska
552 482 101 27 brydsam
669 482 84 27 uppgift
769 485 33 19 att
816 483 66 21 tänka
897 482 33 28 sig
944 482 22 21 in
976 482 7 21 i
994 482 42 21 alla

209 512 163 26 konseqvenser
393 510 22 22 af
431 517 27 15 en
473 511 68 21 sådan
556 510 129 28 förändring,
701 511 86 22 hvilken
803 511 114 27 omöjligen
932 512 43 20 kan
989 510 49 22 utaf

211 542 31 20 ett
259 540 92 26 utskott,
369 541 141 20 sammansatt
525 540 72 21 såsom
612 540 203 22 Besvärsutskottet
838 540 40 22 och
894 539 142 27 öfverhopadt

210 569 51 21 med
281 575 27 15 en
323 574 72 16 massa
411 568 22 22 af
447 568 72 27 frågor
533 568 68 22 under
617 569 41 21 den
673 569 64 21 korta
752 569 38 26 tid,
807 575 46 15 som
868 569 45 21 står
928 569 109 21 utskottet

213 598 32 21 till
259 597 64 26 buds,
334 598 66 25 lösas,
417 597 40 21 och
471 597 110 21 dessutom
597 603 62 21 synes
675 597 43 26 mig
729 599 33 19 att
772 598 82 21 hvilket
864 597 173 22 ständerutskott

212 632 46 15 som
277 625 58 22 helst
352 626 48 21 icke
415 626 42 21 kan
471 632 51 15 vara
538 625 6 21 i
559 626 118 26 besittning
693 625 22 22 af
727 626 117 27 tillräcklig
860 625 121 22 erfarenhet
996 626 40 21 och

212 654 130 27 tillräckliga
357 653 81 22 krafter
452 653 33 22 för
501 661 25 14 en
542 654 67 21 sådan
624 653 91 28 uppgift.
745 655 42 26 Jag
803 661 62 15 anser
880 655 66 21 också
956 655 6 20 i
973 654 65 27 öfrigt

212 683 159 26 behandlingen
386 683 23 21 af
421 683 181 27 petitionsförslag
618 683 51 21 eller
684 683 117 26 petitioner
814 684 53 21 böra
877 690 51 15 vara
938 683 47 26 den,
998 685 38 25 att,

214 712 27 21 då
257 712 36 21 det
308 712 67 27 gäller
391 713 32 20 att
438 712 125 27 regeringen
579 712 54 21 skall
648 711 89 28 vidtaga
752 719 26 14 en
794 712 82 27 åtgärd,
891 712 49 27 ingå
956 712 24 21 så
990 712 48 21 litet

214 747 46 15 som
281 741 84 26 möjligt
386 740 7 21 i
409 740 95 27 detaljer,
527 740 40 21 och
590 740 61 22 äfven
669 741 40 21 här
723 741 7 20 i
746 741 70 21 denna
830 741 60 27 fråga
920 741 70 21 skulle
1002 741 36 26 jag

215 776 52 15 anse
282 771 33 19 att
330 769 70 21 denna
414 769 81 27 princip
511 769 67 21 borde
593 768 69 28 följas.
688 770 43 21 Det
746 776 63 21 synes
825 770 44 27 mig
883 776 52 15 vara
948 769 89 22 alldeles

214 798 132 27 tillräckligt,
355 799 32 20 att
398 798 115 21 ständerna
523 798 32 21 till
565 798 58 21 Hans
634 798 103 27 Majestät
746 798 108 22 frambära
864 805 26 14 en
898 798 97 21 anmälan
1004 804 34 15 om

216 829 33 19 att
266 827 116 27 petitioner
397 827 7 20 i
419 827 70 21 denna
506 827 95 26 riktning
620 826 69 22 blifvit
707 827 76 27 gjorda
803 827 39 21 och
858 833 34 15 om
906 827 132 26 nödvändig-

216 856 65 21 heten
297 857 33 20 att
345 855 72 22 skrida
432 855 32 21 till
481 855 25 22 de
522 855 106 27 åtgärder,
644 862 46 15 som
706 858 36 19 äro
755 855 145 28 erforderliga,
910 855 33 23 för
953 857 33 20 att
996 855 42 22 för-

215 885 73 21 bättra
304 884 26 22 de
345 884 163 27 ifrågavarande
524 884 181 27 tjenstemännens
716 885 111 27 ställning;
839 885 40 21 och
889 885 103 21 särskildt
1002 891 36 15 an-

217 920 34 15 ser
268 914 44 26 jag,
333 915 32 19 att
384 913 49 21 herr
452 914 73 20 Taube
544 913 49 21 med
612 913 49 21 fullt
679 914 47 20 skäl
741 914 80 21 erinrat
837 914 78 26 derom,
932 915 32 20 att
978 914 60 21 Hans

216 942 103 28 Majestät
337 942 66 22 redan
421 941 92 27 vidtagit
534 948 26 15 en
580 942 76 27 åtgärd
671 942 124 27 visserligen
811 943 49 21 med
875 944 31 20 ett
921 948 58 16 mera
994 948 44 16 om-

217 970 96 22 fattande
334 970 61 28 syfte,
416 977 48 15 men
484 971 136 27 hvarigenom
641 971 129 21 åtminstone
790 970 178 28 aflöningsfrågan
986 971 7 21 i
1009 970 30 22 af-

220 1000 79 21 seende
315 1000 13 20 å
343 999 140 22 förevarande
497 1000 130 27 tjenstemän
642 1006 62 21 synes
719 1000 73 21 kunna
806 1000 23 21 få
842 1000 32 21 sin
884 1000 91 26 lösning.
998 1000 41 26 Jag

218 1028 69 22 skulle
309 1028 34 22 för
363 1028 44 21 min
429 1028 35 22 del
486 1028 50 27 vilja
557 1029 49 21 med
623 1028 115 28 anledning
754 1028 23 22 af
789 1029 120 27 petitionen
924 1029 116 21 inskränka

218 1057 43 27 mig
279 1057 33 21 till
332 1058 32 20 ett
381 1057 86 27 mycket
481 1057 88 21 allmänt
583 1056 67 23 hållet
664 1057 119 27 uttalande,
799 1058 41 21 och
856 1057 68 21 skulle
939 1058 33 20 till
987 1057 53 27 hög-

217 1086 73 26 lofliga
305 1086 87 21 ståndet
406 1086 118 26 hemställa,
540 1086 105 22 huruvida
660 1086 48 22 icke
724 1086 87 22 ståndet
821 1086 49 22 ville
881 1086 89 22 omfatta
986 1086 55 22 blott

219 1116 32 20 ett
266 1114 79 22 sådant
359 1114 117 27 uttalande,
493 1116 32 20 att
539 1115 59 21 Hans
613 1115 103 27 Majestät
726 1115 68 21 måtte
809 1117 51 25 taga
870 1115 7 21 i
887 1115 74 27 nådigt
972 1114 68 22 öfver-

218 1143 103 27 vägande,
340 1144 28 26 på
383 1143 55 22 hvad
453 1145 45 19 sätt
512 1144 150 21 länsmännens
678 1144 96 26 bildning
789 1144 40 21 och
845 1144 79 21 sociala
940 1144 101 26 ställning

218 1173 72 21 kunde
305 1172 68 28 höjas,
389 1171 33 23 för
437 1173 32 20 att
484 1172 71 22 bättre
570 1174 109 20 motsvara
694 1172 64 22 dessa
773 1172 141 28 tjenstemäns
930 1172 112 22 samhälls-

218 1201 82 27 vigtiga
319 1200 91 28 uppgift.
439 1201 42 27 Jag
500 1202 69 20 måste
588 1201 108 27 särskildt,
717 1201 28 27 på
765 1201 26 21 de
806 1201 47 21 skäl
866 1201 37 27 jag
918 1200 76 26 anfört,
1011 1200 29 22 af-

219 1230 74 27 styrka
312 1236 27 15 en
357 1230 122 21 återremiss
499 1230 32 21 till
550 1230 118 26 utskottet;
689 1230 36 21 det
744 1236 63 21 synes
826 1230 44 26 mig
887 1236 51 15 vara
953 1230 88 21 alldeles

219 1258 126 27 tillräckligt
365 1260 32 20 att
417 1260 31 20 ett
466 1258 89 22 allmänt
575 1258 112 22 uttalande
707 1265 50 21 eger
776 1265 53 15 rum.
859 1258 46 22 Här
922 1258 39 22 har
975 1258 67 22 redan

220 1287 57 21 inom
297 1287 61 21 detta
378 1287 63 21 stånd
458 1289 78 25 yttrats
553 1287 40 21 och
608 1287 63 22 torde
686 1287 57 22 inom
758 1288 67 21 andra
841 1287 63 21 stånd
918 1287 124 27 ytterligare

220 1318 68 25 yttras
305 1322 26 15 en
346 1316 79 26 mängd
441 1316 132 27 synpunkter
587 1316 7 21 i
609 1316 80 27 frågan,
705 1316 73 22 hvilka
792 1316 34 22 väl
842 1316 60 21 alltid
912 1316 69 21 måste
991 1322 52 15 vara

221 1344 33 22 för
275 1344 127 27 regeringen
417 1345 113 21 välkomna
545 1346 33 20 att
591 1344 23 22 få
624 1345 53 21 höra
693 1345 52 21 eller
759 1344 22 22 få
797 1351 25 15 en
838 1345 84 21 erinran
940 1350 44 20 om;
1003 1345 41 21 och

220 1373 125 27 härigenom
364 1379 62 21 synes
441 1373 43 27 mig
498 1380 52 15 vara
565 1373 88 22 alldeles
669 1373 120 22 detsamma
803 1375 87 24 vunnet,
906 1379 46 15 som
967 1379 34 15 om
1016 1379 27 15 en

220 1401 124 28 utförligare
355 1401 136 28 formulering
501 1402 46 22 frän
558 1402 127 21 ständernas
697 1402 47 21 sida
755 1402 69 21 skulle
835 1403 85 20 komma
930 1401 31 22 till
972 1402 70 26 stånd,

221 1437 27 15 en
262 1430 144 28 formulering,
422 1431 86 21 hvartill
524 1433 56 19 ännu
595 1431 131 22 materialier
741 1431 85 22 saknas.
852 1431 42 26 Jag
908 1430 36 22 vill
960 1430 84 22 derföre

220 1459 116 50 SST
355 1460 43 27 mig
411 1460 33 21 till
465 1461 31 20 ett
516 1459 77 22 sådant
612 1459 118 29 uttalande,
745 1466 46 16 som
803 1460 39 28 jag
856 1465 50 23 nyss
921 1459 56 22 hade
993 1461 51 20 äran

229 1489 77 22 öreslå.
