<?xml version="1.0" encoding="UTF-8"?>
<alto xmlns="http://www.loc.gov/standards/alto/ns-v3#" xmlns:xlink="http://www.w3.org/1999/xlink" xmlns:xsi="http://www.w3.org/2001/XMLSchema-instance" xsi:schemaLocation="http://www.loc.gov/standards/alto/ns-v3# http://www.loc.gov/alto/v3/alto-3-0.xsd">
	<Description>
		<MeasurementUnit>pixel</MeasurementUnit>
		<sourceImageInformation>
			<fileName>/tmp/tess_enjlj7iw_input.PNG</fileName>
		</sourceImageInformation>
		<OCRProcessing ID="OCR_0">
			<ocrProcessingStep>
				<processingSoftware>
					<softwareName>tesseract 5.3.4</softwareName>
				</processingSoftware>
			</ocrProcessingStep>
		</OCRProcessing>
	</Description>
	<Layout>
		<Page WIDTH="1109" HEIGHT="1748" PHYSICAL_IMG_NR="0" ID="page_0">
			<PrintSpace HPOS="0" VPOS="0" WIDTH="1109" HEIGHT="1748">
				<ComposedBlock ID="cblock_0" HPOS="243" VPOS="97" WIDTH="463" HEIGHT="20">
					<TextBlock ID="block_0" HPOS="243" VPOS="97" WIDTH="463" HEIGHT="20">
						<TextLine ID="line_0" HPOS="243" VPOS="97" WIDTH="463" HEIGHT="20">
							<String ID="string_0" HPOS="243" VPOS="97" WIDTH="42" HEIGHT="20" WC="0.96" CONTENT="262"/><SP WIDTH="271" VPOS="97" HPOS="285"/>
							<String ID="string_1" HPOS="556" VPOS="99" WIDTH="39" HEIGHT="17" WC="0.95" CONTENT="Den"/><SP WIDTH="17" VPOS="99" HPOS="595"/>
							<String ID="string_2" HPOS="612" VPOS="98" WIDTH="24" HEIGHT="17" WC="0.96" CONTENT="16"/><SP WIDTH="17" VPOS="98" HPOS="636"/>
							<String ID="string_3" HPOS="653" VPOS="98" WIDTH="53" HEIGHT="18" WC="0.95" CONTENT="Mars."/>
						</TextLine>
					</TextBlock>
				</ComposedBlock>
				<ComposedBlock ID="cblock_1" HPOS="215" VPOS="160" WIDTH="840" HEIGHT="1383">
					<TextBlock ID="block_1" HPOS="215" VPOS="160" WIDTH="831" HEIGHT="490">
						<TextLine ID="line_1" HPOS="217" VPOS="160" WIDTH="821" HEIGHT="29">
							<String ID="string_4" HPOS="217" VPOS="163" WIDTH="32" HEIGHT="21" WC="0.96" CONTENT="att"/><SP WIDTH="16" VPOS="163" HPOS="249"/>
							<String ID="string_5" HPOS="265" VPOS="161" WIDTH="57" HEIGHT="28" WC="0.96" CONTENT="gifva"/><SP WIDTH="16" VPOS="161" HPOS="322"/>
							<String ID="string_6" HPOS="338" VPOS="162" WIDTH="47" HEIGHT="22" WC="0.92" CONTENT="dem"/><SP WIDTH="16" VPOS="162" HPOS="385"/>
							<String ID="string_7" HPOS="401" VPOS="161" WIDTH="182" HEIGHT="27" WC="0.91" CONTENT="arbetsförtjenst,"/><SP WIDTH="18" VPOS="161" HPOS="583"/>
							<String ID="string_8" HPOS="601" VPOS="162" WIDTH="39" HEIGHT="21" WC="0.96" CONTENT="och"/><SP WIDTH="9" VPOS="162" HPOS="640"/>
							<String ID="string_9" HPOS="649" VPOS="162" WIDTH="64" HEIGHT="21" WC="0.96" CONTENT="svåra"/><SP WIDTH="10" VPOS="162" HPOS="713"/>
							<String ID="string_10" HPOS="723" VPOS="161" WIDTH="131" HEIGHT="28" WC="0.96" CONTENT="sjukdomar,"/><SP WIDTH="12" VPOS="161" HPOS="854"/>
							<String ID="string_11" HPOS="866" VPOS="160" WIDTH="56" HEIGHT="29" WC="0.96" CONTENT="tyfus"/><SP WIDTH="12" VPOS="160" HPOS="922"/>
							<String ID="string_12" HPOS="934" VPOS="162" WIDTH="41" HEIGHT="20" WC="0.93" CONTENT="och"/><SP WIDTH="10" VPOS="162" HPOS="975"/>
							<String ID="string_13" HPOS="985" VPOS="161" WIDTH="53" HEIGHT="27" WC="0.92" CONTENT="kop-"/>
						</TextLine>
						<TextLine ID="line_2" HPOS="215" VPOS="190" WIDTH="825" HEIGHT="30">
							<String ID="string_14" HPOS="215" VPOS="198" WIDTH="46" HEIGHT="22" WC="0.93" CONTENT="por,"/><SP WIDTH="25" VPOS="198" HPOS="261"/>
							<String ID="string_15" HPOS="286" VPOS="192" WIDTH="93" HEIGHT="22" WC="0.91" CONTENT="utbröto,"/><SP WIDTH="19" VPOS="192" HPOS="379"/>
							<String ID="string_16" HPOS="398" VPOS="190" WIDTH="95" HEIGHT="28" WC="0.96" CONTENT="begärde"/><SP WIDTH="17" VPOS="190" HPOS="493"/>
							<String ID="string_17" HPOS="510" VPOS="190" WIDTH="38" HEIGHT="27" WC="0.96" CONTENT="jag"/><SP WIDTH="20" VPOS="190" HPOS="548"/>
							<String ID="string_18" HPOS="568" VPOS="196" WIDTH="76" HEIGHT="21" WC="0.91" CONTENT="genom"/><SP WIDTH="18" VPOS="196" HPOS="644"/>
							<String ID="string_19" HPOS="662" VPOS="190" WIDTH="228" HEIGHT="28" WC="0.91" CONTENT="kommunalstyrelsen"/><SP WIDTH="17" VPOS="190" HPOS="890"/>
							<String ID="string_20" HPOS="907" VPOS="191" WIDTH="33" HEIGHT="21" WC="0.96" CONTENT="att"/><SP WIDTH="14" VPOS="191" HPOS="940"/>
							<String ID="string_21" HPOS="954" VPOS="190" WIDTH="22" HEIGHT="20" WC="0.92" CONTENT="få"/><SP WIDTH="14" VPOS="190" HPOS="976"/>
							<String ID="string_22" HPOS="990" VPOS="196" WIDTH="50" HEIGHT="20" WC="0.92" CONTENT="pro-"/>
						</TextLine>
						<TextLine ID="line_3" HPOS="216" VPOS="218" WIDTH="824" HEIGHT="29">
							<String ID="string_23" HPOS="216" VPOS="220" WIDTH="166" HEIGHT="22" WC="0.91" CONTENT="vincialläkaren"/><SP WIDTH="16" VPOS="220" HPOS="382"/>
							<String ID="string_24" HPOS="398" VPOS="220" WIDTH="33" HEIGHT="21" WC="0.96" CONTENT="till"/><SP WIDTH="16" VPOS="220" HPOS="431"/>
							<String ID="string_25" HPOS="447" VPOS="219" WIDTH="80" HEIGHT="26" WC="0.96" CONTENT="stället;"/><SP WIDTH="17" VPOS="219" HPOS="527"/>
							<String ID="string_26" HPOS="544" VPOS="219" WIDTH="42" HEIGHT="21" WC="0.93" CONTENT="han"/><SP WIDTH="15" VPOS="219" HPOS="586"/>
							<String ID="string_27" HPOS="601" VPOS="220" WIDTH="111" HEIGHT="27" WC="0.92" CONTENT="genskjöts"/><SP WIDTH="17" VPOS="220" HPOS="712"/>
							<String ID="string_28" HPOS="729" VPOS="219" WIDTH="67" HEIGHT="22" WC="0.96" CONTENT="också"/><SP WIDTH="9" VPOS="219" HPOS="796"/>
							<String ID="string_29" HPOS="805" VPOS="219" WIDTH="36" HEIGHT="21" WC="0.96" CONTENT="vid"/><SP WIDTH="11" VPOS="219" HPOS="841"/>
							<String ID="string_30" HPOS="852" VPOS="221" WIDTH="108" HEIGHT="20" WC="0.93" CONTENT="närmaste"/><SP WIDTH="12" VPOS="221" HPOS="960"/>
							<String ID="string_31" HPOS="972" VPOS="218" WIDTH="68" HEIGHT="22" WC="0.91" CONTENT="öfver-"/>
						</TextLine>
						<TextLine ID="line_4" HPOS="216" VPOS="248" WIDTH="825" HEIGHT="28">
							<String ID="string_32" HPOS="216" VPOS="250" WIDTH="57" HEIGHT="26" WC="0.96" CONTENT="gång"/><SP WIDTH="16" VPOS="250" HPOS="273"/>
							<String ID="string_33" HPOS="289" VPOS="249" WIDTH="90" HEIGHT="21" WC="0.96" CONTENT="emellan"/><SP WIDTH="16" VPOS="249" HPOS="379"/>
							<String ID="string_34" HPOS="395" VPOS="248" WIDTH="41" HEIGHT="22" WC="0.93" CONTENT="den"/><SP WIDTH="17" VPOS="248" HPOS="436"/>
							<String ID="string_35" HPOS="453" VPOS="250" WIDTH="18" HEIGHT="24" WC="0.92" CONTENT="ö,"/><SP WIDTH="17" VPOS="250" HPOS="471"/>
							<String ID="string_36" HPOS="488" VPOS="254" WIDTH="46" HEIGHT="15" WC="0.96" CONTENT="som"/><SP WIDTH="13" VPOS="254" HPOS="534"/>
							<String ID="string_37" HPOS="547" VPOS="248" WIDTH="38" HEIGHT="27" WC="0.97" CONTENT="jag"/><SP WIDTH="14" VPOS="248" HPOS="585"/>
							<String ID="string_38" HPOS="599" VPOS="248" WIDTH="73" HEIGHT="26" WC="0.95" CONTENT="bebor,"/><SP WIDTH="17" VPOS="248" HPOS="672"/>
							<String ID="string_39" HPOS="689" VPOS="248" WIDTH="40" HEIGHT="22" WC="0.96" CONTENT="och"/><SP WIDTH="15" VPOS="248" HPOS="729"/>
							<String ID="string_40" HPOS="744" VPOS="248" WIDTH="119" HEIGHT="22" WC="0.95" CONTENT="fastlandet"/><SP WIDTH="15" VPOS="248" HPOS="863"/>
							<String ID="string_41" HPOS="878" VPOS="248" WIDTH="40" HEIGHT="22" WC="0.96" CONTENT="och"/><SP WIDTH="16" VPOS="248" HPOS="918"/>
							<String ID="string_42" HPOS="934" VPOS="254" WIDTH="48" HEIGHT="15" WC="0.96" CONTENT="man"/><SP WIDTH="16" VPOS="254" HPOS="982"/>
							<String ID="string_43" HPOS="998" VPOS="248" WIDTH="43" HEIGHT="21" WC="0.96" CONTENT="bad"/>
						</TextLine>
						<TextLine ID="line_5" HPOS="217" VPOS="276" WIDTH="824" HEIGHT="28">
							<String ID="string_44" HPOS="217" VPOS="279" WIDTH="80" HEIGHT="21" WC="0.95" CONTENT="honom"/><SP WIDTH="18" VPOS="279" HPOS="297"/>
							<String ID="string_45" HPOS="315" VPOS="279" WIDTH="32" HEIGHT="20" WC="0.96" CONTENT="att"/><SP WIDTH="18" VPOS="279" HPOS="347"/>
							<String ID="string_46" HPOS="365" VPOS="278" WIDTH="92" HEIGHT="25" WC="0.96" CONTENT="komma,"/><SP WIDTH="19" VPOS="278" HPOS="457"/>
							<String ID="string_47" HPOS="476" VPOS="282" WIDTH="49" HEIGHT="16" WC="0.96" CONTENT="men"/><SP WIDTH="15" VPOS="282" HPOS="525"/>
							<String ID="string_48" HPOS="540" VPOS="277" WIDTH="43" HEIGHT="21" WC="0.96" CONTENT="han"/><SP WIDTH="16" VPOS="277" HPOS="583"/>
							<String ID="string_49" HPOS="599" VPOS="277" WIDTH="97" HEIGHT="26" WC="0.96" CONTENT="svarade,"/><SP WIDTH="15" VPOS="277" HPOS="696"/>
							<String ID="string_50" HPOS="711" VPOS="277" WIDTH="37" HEIGHT="27" WC="0.96" CONTENT="jag"/><SP WIDTH="15" VPOS="277" HPOS="748"/>
							<String ID="string_51" HPOS="763" VPOS="277" WIDTH="96" HEIGHT="21" WC="0.95" CONTENT="kommer"/><SP WIDTH="15" VPOS="277" HPOS="859"/>
							<String ID="string_52" HPOS="874" VPOS="277" WIDTH="54" HEIGHT="26" WC="0.96" CONTENT="icke,"/><SP WIDTH="16" VPOS="277" HPOS="928"/>
							<String ID="string_53" HPOS="944" VPOS="283" WIDTH="34" HEIGHT="15" WC="0.97" CONTENT="om"/><SP WIDTH="16" VPOS="283" HPOS="978"/>
							<String ID="string_54" HPOS="994" VPOS="276" WIDTH="47" HEIGHT="22" WC="0.95" CONTENT="icke"/>
						</TextLine>
						<TextLine ID="line_6" HPOS="217" VPOS="305" WIDTH="825" HEIGHT="29">
							<String ID="string_55" HPOS="217" VPOS="307" WIDTH="94" HEIGHT="27" WC="0.93" CONTENT="löjtnant"/><SP WIDTH="16" VPOS="307" HPOS="311"/>
							<String ID="string_56" HPOS="327" VPOS="306" WIDTH="130" HEIGHT="22" WC="0.92" CONTENT="Silfversvan"/><SP WIDTH="16" VPOS="306" HPOS="457"/>
							<String ID="string_57" HPOS="473" VPOS="306" WIDTH="49" HEIGHT="26" WC="0.93" CONTENT="sjelf"/><SP WIDTH="14" VPOS="306" HPOS="522"/>
							<String ID="string_58" HPOS="536" VPOS="306" WIDTH="120" HEIGHT="26" WC="0.92" CONTENT="reqvirerar"/><SP WIDTH="14" VPOS="306" HPOS="656"/>
							<String ID="string_59" HPOS="670" VPOS="306" WIDTH="50" HEIGHT="27" WC="0.96" CONTENT="mig."/><SP WIDTH="26" VPOS="306" HPOS="720"/>
							<String ID="string_60" HPOS="746" VPOS="306" WIDTH="49" HEIGHT="21" WC="0.96" CONTENT="Han"/><SP WIDTH="14" VPOS="306" HPOS="795"/>
							<String ID="string_61" HPOS="809" VPOS="306" WIDTH="73" HEIGHT="21" WC="0.95" CONTENT="kunde"/><SP WIDTH="16" VPOS="306" HPOS="882"/>
							<String ID="string_62" HPOS="898" VPOS="306" WIDTH="84" HEIGHT="22" WC="0.95" CONTENT="således"/><SP WIDTH="12" VPOS="306" HPOS="982"/>
							<String ID="string_63" HPOS="994" VPOS="305" WIDTH="48" HEIGHT="21" WC="0.96" CONTENT="icke"/>
						</TextLine>
						<TextLine ID="line_7" HPOS="219" VPOS="334" WIDTH="823" HEIGHT="29">
							<String ID="string_64" HPOS="219" VPOS="336" WIDTH="64" HEIGHT="27" WC="0.96" CONTENT="skilja"/><SP WIDTH="20" VPOS="336" HPOS="283"/>
							<String ID="string_65" HPOS="303" VPOS="335" WIDTH="89" HEIGHT="21" WC="0.96" CONTENT="emellan"/><SP WIDTH="21" VPOS="335" HPOS="392"/>
							<String ID="string_66" HPOS="413" VPOS="334" WIDTH="85" HEIGHT="22" WC="0.96" CONTENT="enskild"/><SP WIDTH="20" VPOS="334" HPOS="498"/>
							<String ID="string_67" HPOS="518" VPOS="335" WIDTH="40" HEIGHT="21" WC="0.96" CONTENT="och"/><SP WIDTH="19" VPOS="335" HPOS="558"/>
							<String ID="string_68" HPOS="577" VPOS="335" WIDTH="78" HEIGHT="21" WC="0.96" CONTENT="allmän"/><SP WIDTH="19" VPOS="335" HPOS="655"/>
							<String ID="string_69" HPOS="674" VPOS="334" WIDTH="108" HEIGHT="28" WC="0.96" CONTENT="sjukvård."/><SP WIDTH="30" VPOS="334" HPOS="782"/>
							<String ID="string_70" HPOS="812" VPOS="334" WIDTH="56" HEIGHT="22" WC="0.94" CONTENT="Kort"/><SP WIDTH="16" VPOS="334" HPOS="868"/>
							<String ID="string_71" HPOS="884" VPOS="334" WIDTH="94" HEIGHT="22" WC="0.96" CONTENT="derefter"/><SP WIDTH="14" VPOS="334" HPOS="978"/>
							<String ID="string_72" HPOS="992" VPOS="334" WIDTH="50" HEIGHT="21" WC="0.96" CONTENT="kom"/>
						</TextLine>
						<TextLine ID="line_8" HPOS="219" VPOS="362" WIDTH="823" HEIGHT="28">
							<String ID="string_73" HPOS="219" VPOS="365" WIDTH="42" HEIGHT="21" WC="0.96" CONTENT="den"/><SP WIDTH="22" VPOS="365" HPOS="261"/>
							<String ID="string_74" HPOS="283" VPOS="364" WIDTH="124" HEIGHT="21" WC="0.96" CONTENT="nuvarande"/><SP WIDTH="22" VPOS="364" HPOS="407"/>
							<String ID="string_75" HPOS="429" VPOS="363" WIDTH="95" HEIGHT="26" WC="0.93" CONTENT="läkaren,"/><SP WIDTH="25" VPOS="363" HPOS="524"/>
							<String ID="string_76" HPOS="549" VPOS="364" WIDTH="121" HEIGHT="21" WC="0.91" CONTENT="ditskickad"/><SP WIDTH="24" VPOS="364" HPOS="670"/>
							<String ID="string_77" HPOS="694" VPOS="370" WIDTH="46" HEIGHT="15" WC="0.96" CONTENT="som"/><SP WIDTH="19" VPOS="370" HPOS="740"/>
							<String ID="string_78" HPOS="759" VPOS="370" WIDTH="123" HEIGHT="20" WC="0.96" CONTENT="amanuens,"/><SP WIDTH="18" VPOS="370" HPOS="882"/>
							<String ID="string_79" HPOS="900" VPOS="364" WIDTH="40" HEIGHT="21" WC="0.96" CONTENT="och"/><SP WIDTH="16" VPOS="364" HPOS="940"/>
							<String ID="string_80" HPOS="956" VPOS="363" WIDTH="28" HEIGHT="21" WC="0.96" CONTENT="då"/><SP WIDTH="14" VPOS="363" HPOS="984"/>
							<String ID="string_81" HPOS="998" VPOS="362" WIDTH="44" HEIGHT="22" WC="0.96" CONTENT="han"/>
						</TextLine>
						<TextLine ID="line_9" HPOS="219" VPOS="392" WIDTH="823" HEIGHT="28">
							<String ID="string_82" HPOS="219" VPOS="394" WIDTH="56" HEIGHT="24" WC="0.96" CONTENT="kom,"/><SP WIDTH="21" VPOS="394" HPOS="275"/>
							<String ID="string_83" HPOS="296" VPOS="392" WIDTH="56" HEIGHT="22" WC="0.96" CONTENT="hade"/><SP WIDTH="18" VPOS="392" HPOS="352"/>
							<String ID="string_84" HPOS="370" VPOS="392" WIDTH="39" HEIGHT="27" WC="0.95" CONTENT="jag"/><SP WIDTH="18" VPOS="392" HPOS="409"/>
							<String ID="string_85" HPOS="427" VPOS="394" WIDTH="26" HEIGHT="19" WC="0.96" CONTENT="86"/><SP WIDTH="18" VPOS="394" HPOS="453"/>
							<String ID="string_86" HPOS="471" VPOS="392" WIDTH="61" HEIGHT="27" WC="0.96" CONTENT="sjuka"/><SP WIDTH="15" VPOS="392" HPOS="532"/>
							<String ID="string_87" HPOS="547" VPOS="392" WIDTH="7" HEIGHT="21" WC="0.96" CONTENT="i"/><SP WIDTH="16" VPOS="392" HPOS="554"/>
							<String ID="string_88" HPOS="570" VPOS="392" WIDTH="56" HEIGHT="28" WC="0.96" CONTENT="tyfus"/><SP WIDTH="17" VPOS="392" HPOS="626"/>
							<String ID="string_89" HPOS="643" VPOS="392" WIDTH="40" HEIGHT="22" WC="0.93" CONTENT="och"/><SP WIDTH="15" VPOS="392" HPOS="683"/>
							<String ID="string_90" HPOS="698" VPOS="393" WIDTH="84" HEIGHT="26" WC="0.92" CONTENT="koppor"/><SP WIDTH="15" VPOS="393" HPOS="782"/>
							<String ID="string_91" HPOS="797" VPOS="392" WIDTH="22" HEIGHT="21" WC="0.96" CONTENT="af"/><SP WIDTH="14" VPOS="392" HPOS="819"/>
							<String ID="string_92" HPOS="833" VPOS="392" WIDTH="63" HEIGHT="22" WC="0.96" CONTENT="dessa"/><SP WIDTH="16" VPOS="392" HPOS="896"/>
							<String ID="string_93" HPOS="912" VPOS="392" WIDTH="130" HEIGHT="22" WC="0.96" CONTENT="främmande"/>
						</TextLine>
						<TextLine ID="line_10" HPOS="220" VPOS="420" WIDTH="823" HEIGHT="28">
							<String ID="string_94" HPOS="220" VPOS="421" WIDTH="135" HEIGHT="22" WC="0.87" CONTENT="nödlidande."/><SP WIDTH="31" VPOS="421" HPOS="355"/>
							<String ID="string_95" HPOS="386" VPOS="421" WIDTH="42" HEIGHT="27" WC="0.96" CONTENT="Jag"/><SP WIDTH="23" VPOS="421" HPOS="428"/>
							<String ID="string_96" HPOS="451" VPOS="421" WIDTH="75" HEIGHT="27" WC="0.96" CONTENT="tycker"/><SP WIDTH="22" VPOS="421" HPOS="526"/>
							<String ID="string_97" HPOS="548" VPOS="421" WIDTH="91" HEIGHT="26" WC="0.96" CONTENT="således,"/><SP WIDTH="25" VPOS="421" HPOS="639"/>
							<String ID="string_98" HPOS="664" VPOS="423" WIDTH="33" HEIGHT="19" WC="0.96" CONTENT="att"/><SP WIDTH="22" VPOS="423" HPOS="697"/>
							<String ID="string_99" HPOS="719" VPOS="428" WIDTH="49" HEIGHT="14" WC="0.96" CONTENT="man"/><SP WIDTH="23" VPOS="428" HPOS="768"/>
							<String ID="string_100" HPOS="791" VPOS="421" WIDTH="48" HEIGHT="21" WC="0.96" CONTENT="icke"/><SP WIDTH="23" VPOS="421" HPOS="839"/>
							<String ID="string_101" HPOS="862" VPOS="422" WIDTH="25" HEIGHT="20" WC="0.96" CONTENT="så"/><SP WIDTH="17" VPOS="422" HPOS="887"/>
							<String ID="string_102" HPOS="904" VPOS="421" WIDTH="86" HEIGHT="27" WC="0.96" CONTENT="mycket"/><SP WIDTH="14" VPOS="421" HPOS="990"/>
							<String ID="string_103" HPOS="1004" VPOS="420" WIDTH="39" HEIGHT="22" WC="0.96" CONTENT="bör"/>
						</TextLine>
						<TextLine ID="line_11" HPOS="221" VPOS="449" WIDTH="822" HEIGHT="29">
							<String ID="string_104" HPOS="221" VPOS="450" WIDTH="64" HEIGHT="28" WC="0.95" CONTENT="skilja"/><SP WIDTH="22" VPOS="450" HPOS="285"/>
							<String ID="string_105" HPOS="307" VPOS="450" WIDTH="90" HEIGHT="22" WC="0.96" CONTENT="emellan"/><SP WIDTH="24" VPOS="450" HPOS="397"/>
							<String ID="string_106" HPOS="421" VPOS="450" WIDTH="78" HEIGHT="21" WC="0.96" CONTENT="allmän"/><SP WIDTH="23" VPOS="450" HPOS="499"/>
							<String ID="string_107" HPOS="522" VPOS="450" WIDTH="41" HEIGHT="21" WC="0.96" CONTENT="och"/><SP WIDTH="23" VPOS="450" HPOS="563"/>
							<String ID="string_108" HPOS="586" VPOS="450" WIDTH="84" HEIGHT="21" WC="0.92" CONTENT="enskild"/><SP WIDTH="20" VPOS="450" HPOS="670"/>
							<String ID="string_109" HPOS="690" VPOS="450" WIDTH="119" HEIGHT="26" WC="0.91" CONTENT="helsovård,"/><SP WIDTH="21" VPOS="450" HPOS="809"/>
							<String ID="string_110" HPOS="830" VPOS="451" WIDTH="22" HEIGHT="26" WC="0.97" CONTENT="ty"/><SP WIDTH="16" VPOS="451" HPOS="852"/>
							<String ID="string_111" HPOS="868" VPOS="456" WIDTH="96" HEIGHT="15" WC="0.96" CONTENT="summan"/><SP WIDTH="15" VPOS="456" HPOS="964"/>
							<String ID="string_112" HPOS="979" VPOS="449" WIDTH="23" HEIGHT="22" WC="0.96" CONTENT="af"/><SP WIDTH="15" VPOS="449" HPOS="1002"/>
							<String ID="string_113" HPOS="1017" VPOS="449" WIDTH="26" HEIGHT="21" WC="0.96" CONTENT="de"/>
						</TextLine>
						<TextLine ID="line_12" HPOS="221" VPOS="478" WIDTH="824" HEIGHT="28">
							<String ID="string_114" HPOS="221" VPOS="479" WIDTH="98" HEIGHT="22" WC="0.93" CONTENT="enskilda"/><SP WIDTH="22" VPOS="479" HPOS="319"/>
							<String ID="string_115" HPOS="341" VPOS="479" WIDTH="151" HEIGHT="27" WC="0.92" CONTENT="sjukdomarne"/><SP WIDTH="15" VPOS="479" HPOS="492"/>
							<String ID="string_116" HPOS="507" VPOS="480" WIDTH="64" HEIGHT="26" WC="0.96" CONTENT="utgör"/><SP WIDTH="16" VPOS="480" HPOS="571"/>
							<String ID="string_117" HPOS="587" VPOS="479" WIDTH="41" HEIGHT="21" WC="0.96" CONTENT="den"/><SP WIDTH="15" VPOS="479" HPOS="628"/>
							<String ID="string_118" HPOS="643" VPOS="479" WIDTH="106" HEIGHT="21" WC="0.96" CONTENT="allmänna"/><SP WIDTH="15" VPOS="479" HPOS="749"/>
							<String ID="string_119" HPOS="764" VPOS="478" WIDTH="133" HEIGHT="28" WC="0.96" CONTENT="sjukdomen,"/><SP WIDTH="17" VPOS="478" HPOS="897"/>
							<String ID="string_120" HPOS="914" VPOS="478" WIDTH="40" HEIGHT="22" WC="0.96" CONTENT="och"/><SP WIDTH="15" VPOS="478" HPOS="954"/>
							<String ID="string_121" HPOS="969" VPOS="478" WIDTH="37" HEIGHT="22" WC="0.96" CONTENT="det"/><SP WIDTH="15" VPOS="478" HPOS="1006"/>
							<String ID="string_122" HPOS="1021" VPOS="480" WIDTH="24" HEIGHT="19" WC="0.96" CONTENT="är"/>
						</TextLine>
						<TextLine ID="line_13" HPOS="221" VPOS="506" WIDTH="825" HEIGHT="29">
							<String ID="string_123" HPOS="221" VPOS="508" WIDTH="60" HEIGHT="22" WC="0.96" CONTENT="svårt"/><SP WIDTH="15" VPOS="508" HPOS="281"/>
							<String ID="string_124" HPOS="296" VPOS="509" WIDTH="33" HEIGHT="20" WC="0.96" CONTENT="att"/><SP WIDTH="15" VPOS="509" HPOS="329"/>
							<String ID="string_125" HPOS="344" VPOS="508" WIDTH="63" HEIGHT="27" WC="0.96" CONTENT="skilja"/><SP WIDTH="14" VPOS="508" HPOS="407"/>
							<String ID="string_126" HPOS="421" VPOS="510" WIDTH="122" HEIGHT="24" WC="0.96" CONTENT="gränserna."/><SP WIDTH="24" VPOS="510" HPOS="543"/>
							<String ID="string_127" HPOS="567" VPOS="508" WIDTH="126" HEIGHT="21" WC="0.96" CONTENT="Emellertid"/><SP WIDTH="16" VPOS="508" HPOS="693"/>
							<String ID="string_128" HPOS="709" VPOS="510" WIDTH="24" HEIGHT="19" WC="0.97" CONTENT="är"/><SP WIDTH="15" VPOS="510" HPOS="733"/>
							<String ID="string_129" HPOS="748" VPOS="509" WIDTH="32" HEIGHT="20" WC="0.96" CONTENT="ett"/><SP WIDTH="16" VPOS="509" HPOS="780"/>
							<String ID="string_130" HPOS="796" VPOS="508" WIDTH="61" HEIGHT="27" WC="0.93" CONTENT="djupt"/><SP WIDTH="15" VPOS="508" HPOS="857"/>
							<String ID="string_131" HPOS="872" VPOS="506" WIDTH="66" HEIGHT="23" WC="0.91" CONTENT="behof"/><SP WIDTH="13" VPOS="506" HPOS="938"/>
							<String ID="string_132" HPOS="951" VPOS="506" WIDTH="95" HEIGHT="22" WC="0.90" CONTENT="uttaladt"/>
						</TextLine>
						<TextLine ID="line_14" HPOS="223" VPOS="536" WIDTH="823" HEIGHT="28">
							<String ID="string_133" HPOS="223" VPOS="544" WIDTH="34" HEIGHT="15" WC="0.96" CONTENT="om"/><SP WIDTH="22" VPOS="544" HPOS="257"/>
							<String ID="string_134" HPOS="279" VPOS="543" WIDTH="59" HEIGHT="15" WC="0.96" CONTENT="mera"/><SP WIDTH="18" VPOS="543" HPOS="338"/>
							<String ID="string_135" HPOS="356" VPOS="537" WIDTH="74" HEIGHT="21" WC="0.96" CONTENT="läkare"/><SP WIDTH="18" VPOS="537" HPOS="430"/>
							<String ID="string_136" HPOS="448" VPOS="537" WIDTH="29" HEIGHT="27" WC="0.96" CONTENT="på"/><SP WIDTH="17" VPOS="537" HPOS="477"/>
							<String ID="string_137" HPOS="494" VPOS="536" WIDTH="153" HEIGHT="28" WC="0.96" CONTENT="landsbygden,"/><SP WIDTH="18" VPOS="536" HPOS="647"/>
							<String ID="string_138" HPOS="665" VPOS="537" WIDTH="40" HEIGHT="21" WC="0.96" CONTENT="och"/><SP WIDTH="12" VPOS="537" HPOS="705"/>
							<String ID="string_139" HPOS="717" VPOS="537" WIDTH="38" HEIGHT="27" WC="0.96" CONTENT="jag"/><SP WIDTH="15" VPOS="537" HPOS="755"/>
							<String ID="string_140" HPOS="770" VPOS="536" WIDTH="76" HEIGHT="28" WC="0.96" CONTENT="tycker"/><SP WIDTH="15" VPOS="536" HPOS="846"/>
							<String ID="string_141" HPOS="861" VPOS="538" WIDTH="33" HEIGHT="20" WC="0.96" CONTENT="att"/><SP WIDTH="14" VPOS="538" HPOS="894"/>
							<String ID="string_142" HPOS="908" VPOS="542" WIDTH="35" HEIGHT="16" WC="0.96" CONTENT="om"/><SP WIDTH="15" VPOS="542" HPOS="943"/>
							<String ID="string_143" HPOS="958" VPOS="536" WIDTH="88" HEIGHT="22" WC="0.96" CONTENT="ståndet"/>
						</TextLine>
						<TextLine ID="line_15" HPOS="222" VPOS="564" WIDTH="824" HEIGHT="28">
							<String ID="string_144" HPOS="222" VPOS="566" WIDTH="47" HEIGHT="21" WC="0.95" CONTENT="icke"/><SP WIDTH="16" VPOS="566" HPOS="269"/>
							<String ID="string_145" HPOS="285" VPOS="566" WIDTH="42" HEIGHT="20" WC="0.96" CONTENT="kan"/><SP WIDTH="16" VPOS="566" HPOS="327"/>
							<String ID="string_146" HPOS="343" VPOS="566" WIDTH="113" HEIGHT="26" WC="0.96" CONTENT="godkänna"/><SP WIDTH="15" VPOS="566" HPOS="456"/>
							<String ID="string_147" HPOS="471" VPOS="565" WIDTH="80" HEIGHT="21" WC="0.96" CONTENT="formen"/><SP WIDTH="16" VPOS="565" HPOS="551"/>
							<String ID="string_148" HPOS="567" VPOS="565" WIDTH="33" HEIGHT="22" WC="0.90" CONTENT="för"/><SP WIDTH="14" VPOS="565" HPOS="600"/>
							<String ID="string_149" HPOS="614" VPOS="566" WIDTH="125" HEIGHT="26" WC="0.90" CONTENT="petitionen,"/><SP WIDTH="18" VPOS="566" HPOS="739"/>
							<String ID="string_150" HPOS="757" VPOS="565" WIDTH="24" HEIGHT="21" WC="0.96" CONTENT="så"/><SP WIDTH="15" VPOS="565" HPOS="781"/>
							<String ID="string_151" HPOS="796" VPOS="565" WIDTH="67" HEIGHT="21" WC="0.96" CONTENT="borde"/><SP WIDTH="15" VPOS="565" HPOS="863"/>
							<String ID="string_152" HPOS="878" VPOS="565" WIDTH="88" HEIGHT="21" WC="0.96" CONTENT="ståndet"/><SP WIDTH="10" VPOS="565" HPOS="966"/>
							<String ID="string_153" HPOS="976" VPOS="564" WIDTH="70" HEIGHT="22" WC="0.96" CONTENT="uttala"/>
						</TextLine>
						<TextLine ID="line_16" HPOS="223" VPOS="594" WIDTH="822" HEIGHT="27">
							<String ID="string_154" HPOS="223" VPOS="595" WIDTH="32" HEIGHT="26" WC="0.96" CONTENT="sig"/><SP WIDTH="16" VPOS="595" HPOS="255"/>
							<String ID="string_155" HPOS="271" VPOS="594" WIDTH="6" HEIGHT="21" WC="0.96" CONTENT="i"/><SP WIDTH="17" VPOS="594" HPOS="277"/>
							<String ID="string_156" HPOS="294" VPOS="595" WIDTH="37" HEIGHT="21" WC="0.96" CONTENT="det"/><SP WIDTH="15" VPOS="595" HPOS="331"/>
							<String ID="string_157" HPOS="346" VPOS="594" WIDTH="60" HEIGHT="27" WC="0.95" CONTENT="syfte,"/><SP WIDTH="18" VPOS="594" HPOS="406"/>
							<String ID="string_158" HPOS="424" VPOS="596" WIDTH="33" HEIGHT="20" WC="0.96" CONTENT="att"/><SP WIDTH="22" VPOS="596" HPOS="457"/>
							<String ID="string_159" HPOS="479" VPOS="594" WIDTH="59" HEIGHT="22" WC="0.96" CONTENT="såväl"/><SP WIDTH="19" VPOS="594" HPOS="538"/>
							<String ID="string_160" HPOS="557" VPOS="594" WIDTH="85" HEIGHT="22" WC="0.95" CONTENT="landets"/><SP WIDTH="17" VPOS="594" HPOS="642"/>
							<String ID="string_161" HPOS="659" VPOS="594" WIDTH="90" HEIGHT="27" WC="0.96" CONTENT="styrelse"/><SP WIDTH="16" VPOS="594" HPOS="749"/>
							<String ID="string_162" HPOS="765" VPOS="600" WIDTH="47" HEIGHT="15" WC="0.93" CONTENT="som"/><SP WIDTH="13" VPOS="600" HPOS="812"/>
							<String ID="string_163" HPOS="825" VPOS="594" WIDTH="220" HEIGHT="27" WC="0.91" CONTENT="medicinalstyrelsen"/>
						</TextLine>
						<TextLine ID="line_17" HPOS="223" VPOS="622" WIDTH="621" HEIGHT="28">
							<String ID="string_164" HPOS="223" VPOS="623" WIDTH="52" HEIGHT="21" WC="0.96" CONTENT="böra"/><SP WIDTH="15" VPOS="623" HPOS="275"/>
							<String ID="string_165" HPOS="290" VPOS="622" WIDTH="64" HEIGHT="22" WC="0.95" CONTENT="hafva"/><SP WIDTH="15" VPOS="622" HPOS="354"/>
							<String ID="string_166" HPOS="369" VPOS="623" WIDTH="70" HEIGHT="21" WC="0.96" CONTENT="denna"/><SP WIDTH="15" VPOS="623" HPOS="439"/>
							<String ID="string_167" HPOS="454" VPOS="622" WIDTH="61" HEIGHT="27" WC="0.96" CONTENT="fråga"/><SP WIDTH="15" VPOS="622" HPOS="515"/>
							<String ID="string_168" HPOS="530" VPOS="623" WIDTH="68" HEIGHT="21" WC="0.96" CONTENT="under"/><SP WIDTH="15" VPOS="623" HPOS="598"/>
							<String ID="string_169" HPOS="613" VPOS="626" WIDTH="69" HEIGHT="18" WC="0.93" CONTENT="varmt"/><SP WIDTH="15" VPOS="626" HPOS="682"/>
							<String ID="string_170" HPOS="697" VPOS="623" WIDTH="147" HEIGHT="27" WC="0.91" CONTENT="hehjertande."/>
						</TextLine>
					</TextBlock>
					<TextBlock ID="block_2" HPOS="223" VPOS="651" WIDTH="832" HEIGHT="892">
						<TextLine ID="line_18" HPOS="292" VPOS="651" WIDTH="752" HEIGHT="27">
							<String ID="string_171" HPOS="292" VPOS="651" WIDTH="57" HEIGHT="22" WC="0.93" CONTENT="Herr"/><SP WIDTH="10" VPOS="651" HPOS="349"/>
							<String ID="string_172" HPOS="359" VPOS="651" WIDTH="183" HEIGHT="27" WC="0.90" CONTENT="Godenhjelm:"/><SP WIDTH="13" VPOS="651" HPOS="542"/>
							<String ID="string_173" HPOS="555" VPOS="651" WIDTH="112" HEIGHT="22" WC="0.96" CONTENT="Utskottet"/><SP WIDTH="11" VPOS="651" HPOS="667"/>
							<String ID="string_174" HPOS="678" VPOS="651" WIDTH="123" HEIGHT="22" WC="0.96" CONTENT="framhåller"/><SP WIDTH="10" VPOS="651" HPOS="801"/>
							<String ID="string_175" HPOS="811" VPOS="651" WIDTH="32" HEIGHT="21" WC="0.96" CONTENT="uti"/><SP WIDTH="11" VPOS="651" HPOS="843"/>
							<String ID="string_176" HPOS="854" VPOS="651" WIDTH="38" HEIGHT="21" WC="0.96" CONTENT="sitt"/><SP WIDTH="10" VPOS="651" HPOS="892"/>
							<String ID="string_177" HPOS="902" VPOS="651" WIDTH="142" HEIGHT="26" WC="0.96" CONTENT="betänkande,"/>
						</TextLine>
						<TextLine ID="line_19" HPOS="223" VPOS="679" WIDTH="823" HEIGHT="28">
							<String ID="string_178" HPOS="223" VPOS="681" WIDTH="114" HEIGHT="21" WC="0.93" CONTENT="hurudana"/><SP WIDTH="15" VPOS="681" HPOS="337"/>
							<String ID="string_179" HPOS="352" VPOS="680" WIDTH="133" HEIGHT="27" WC="0.96" CONTENT="svårigheter"/><SP WIDTH="15" VPOS="680" HPOS="485"/>
							<String ID="string_180" HPOS="500" VPOS="682" WIDTH="59" HEIGHT="19" WC="0.96" CONTENT="möta"/><SP WIDTH="15" VPOS="682" HPOS="559"/>
							<String ID="string_181" HPOS="574" VPOS="680" WIDTH="35" HEIGHT="21" WC="0.96" CONTENT="vid"/><SP WIDTH="10" VPOS="680" HPOS="609"/>
							<String ID="string_182" HPOS="619" VPOS="680" WIDTH="174" HEIGHT="22" WC="0.96" CONTENT="bestämmandet"/><SP WIDTH="10" VPOS="680" HPOS="793"/>
							<String ID="string_183" HPOS="803" VPOS="679" WIDTH="23" HEIGHT="22" WC="0.93" CONTENT="af"/><SP WIDTH="7" VPOS="679" HPOS="826"/>
							<String ID="string_184" HPOS="833" VPOS="680" WIDTH="100" HEIGHT="21" WC="0.92" CONTENT="läkarnes"/><SP WIDTH="11" VPOS="680" HPOS="933"/>
							<String ID="string_185" HPOS="944" VPOS="680" WIDTH="102" HEIGHT="27" WC="0.92" CONTENT="bonings-"/>
						</TextLine>
						<TextLine ID="line_20" HPOS="224" VPOS="708" WIDTH="821" HEIGHT="29">
							<String ID="string_186" HPOS="224" VPOS="710" WIDTH="88" HEIGHT="27" WC="0.96" CONTENT="platser,"/><SP WIDTH="17" VPOS="710" HPOS="312"/>
							<String ID="string_187" HPOS="329" VPOS="709" WIDTH="88" HEIGHT="22" WC="0.96" CONTENT="emedan"/><SP WIDTH="17" VPOS="709" HPOS="417"/>
							<String ID="string_188" HPOS="434" VPOS="709" WIDTH="25" HEIGHT="21" WC="0.97" CONTENT="så"/><SP WIDTH="14" VPOS="709" HPOS="459"/>
							<String ID="string_189" HPOS="473" VPOS="709" WIDTH="77" HEIGHT="27" WC="0.96" CONTENT="många"/><SP WIDTH="11" VPOS="709" HPOS="550"/>
							<String ID="string_190" HPOS="561" VPOS="709" WIDTH="71" HEIGHT="21" WC="0.96" CONTENT="lokala"/><SP WIDTH="10" VPOS="709" HPOS="632"/>
							<String ID="string_191" HPOS="642" VPOS="709" WIDTH="149" HEIGHT="22" WC="0.92" CONTENT="förhållanden"/><SP WIDTH="12" VPOS="709" HPOS="791"/>
							<String ID="string_192" HPOS="803" VPOS="709" WIDTH="73" HEIGHT="21" WC="0.89" CONTENT="dervid"/><SP WIDTH="10" VPOS="709" HPOS="876"/>
							<String ID="string_193" HPOS="886" VPOS="708" WIDTH="159" HEIGHT="28" WC="0.91" CONTENT="ifrågakomma."/>
						</TextLine>
						<TextLine ID="line_21" HPOS="224" VPOS="737" WIDTH="822" HEIGHT="28">
							<String ID="string_194" HPOS="224" VPOS="739" WIDTH="41" HEIGHT="26" WC="0.96" CONTENT="Jag"/><SP WIDTH="20" VPOS="739" HPOS="265"/>
							<String ID="string_195" HPOS="285" VPOS="740" WIDTH="45" HEIGHT="19" WC="0.96" CONTENT="tror"/><SP WIDTH="19" VPOS="740" HPOS="330"/>
							<String ID="string_196" HPOS="349" VPOS="738" WIDTH="65" HEIGHT="21" WC="0.96" CONTENT="också"/><SP WIDTH="15" VPOS="738" HPOS="414"/>
							<String ID="string_197" HPOS="429" VPOS="738" WIDTH="6" HEIGHT="21" WC="0.96" CONTENT="i"/><SP WIDTH="16" VPOS="738" HPOS="435"/>
							<String ID="string_198" HPOS="451" VPOS="737" WIDTH="67" HEIGHT="22" WC="0.96" CONTENT="likhet"/><SP WIDTH="16" VPOS="737" HPOS="518"/>
							<String ID="string_199" HPOS="534" VPOS="738" WIDTH="49" HEIGHT="21" WC="0.96" CONTENT="med"/><SP WIDTH="15" VPOS="738" HPOS="583"/>
							<String ID="string_200" HPOS="598" VPOS="738" WIDTH="114" HEIGHT="26" WC="0.95" CONTENT="utskottet,"/><SP WIDTH="17" VPOS="738" HPOS="712"/>
							<String ID="string_201" HPOS="729" VPOS="739" WIDTH="33" HEIGHT="20" WC="0.96" CONTENT="att"/><SP WIDTH="16" VPOS="739" HPOS="762"/>
							<String ID="string_202" HPOS="778" VPOS="738" WIDTH="37" HEIGHT="21" WC="0.96" CONTENT="det"/><SP WIDTH="16" VPOS="738" HPOS="815"/>
							<String ID="string_203" HPOS="831" VPOS="740" WIDTH="23" HEIGHT="19" WC="0.96" CONTENT="är"/><SP WIDTH="16" VPOS="740" HPOS="854"/>
							<String ID="string_204" HPOS="870" VPOS="737" WIDTH="58" HEIGHT="22" WC="0.96" CONTENT="svårt"/><SP WIDTH="23" VPOS="737" HPOS="928"/>
							<String ID="string_205" HPOS="951" VPOS="739" WIDTH="33" HEIGHT="20" WC="0.93" CONTENT="att"/><SP WIDTH="14" VPOS="739" HPOS="984"/>
							<String ID="string_206" HPOS="998" VPOS="739" WIDTH="48" HEIGHT="19" WC="0.92" CONTENT="när-"/>
						</TextLine>
						<TextLine ID="line_22" HPOS="225" VPOS="766" WIDTH="823" HEIGHT="27">
							<String ID="string_207" HPOS="225" VPOS="773" WIDTH="58" HEIGHT="15" WC="0.96" CONTENT="mare"/><SP WIDTH="23" VPOS="773" HPOS="283"/>
							<String ID="string_208" HPOS="306" VPOS="767" WIDTH="119" HEIGHT="21" WC="0.96" CONTENT="bestämma"/><SP WIDTH="24" VPOS="767" HPOS="425"/>
							<String ID="string_209" HPOS="449" VPOS="767" WIDTH="64" HEIGHT="21" WC="0.96" CONTENT="dessa"/><SP WIDTH="17" VPOS="767" HPOS="513"/>
							<String ID="string_210" HPOS="530" VPOS="767" WIDTH="89" HEIGHT="26" WC="0.95" CONTENT="platser,"/><SP WIDTH="16" VPOS="767" HPOS="619"/>
							<String ID="string_211" HPOS="635" VPOS="767" WIDTH="6" HEIGHT="21" WC="0.96" CONTENT="i"/><SP WIDTH="16" VPOS="767" HPOS="641"/>
							<String ID="string_212" HPOS="657" VPOS="766" WIDTH="37" HEIGHT="22" WC="0.96" CONTENT="fall"/><SP WIDTH="15" VPOS="766" HPOS="694"/>
							<String ID="string_213" HPOS="709" VPOS="773" WIDTH="49" HEIGHT="15" WC="0.96" CONTENT="man"/><SP WIDTH="15" VPOS="773" HPOS="758"/>
							<String ID="string_214" HPOS="773" VPOS="767" WIDTH="36" HEIGHT="20" WC="0.96" CONTENT="vill"/><SP WIDTH="15" VPOS="767" HPOS="809"/>
							<String ID="string_215" HPOS="824" VPOS="773" WIDTH="76" HEIGHT="20" WC="0.96" CONTENT="genom"/><SP WIDTH="17" VPOS="773" HPOS="900"/>
							<String ID="string_216" HPOS="917" VPOS="768" WIDTH="32" HEIGHT="19" WC="0.95" CONTENT="ett"/><SP WIDTH="10" VPOS="768" HPOS="949"/>
							<String ID="string_217" HPOS="959" VPOS="766" WIDTH="89" HEIGHT="21" WC="0.96" CONTENT="allmänt"/>
						</TextLine>
						<TextLine ID="line_23" HPOS="225" VPOS="795" WIDTH="822" HEIGHT="27">
							<String ID="string_218" HPOS="225" VPOS="796" WIDTH="121" HEIGHT="26" WC="0.89" CONTENT="stadgande"/><SP WIDTH="23" VPOS="796" HPOS="346"/>
							<String ID="string_219" HPOS="369" VPOS="795" WIDTH="74" HEIGHT="27" WC="0.89" CONTENT="afgöra"/><SP WIDTH="22" VPOS="795" HPOS="443"/>
							<String ID="string_220" HPOS="465" VPOS="796" WIDTH="28" HEIGHT="26" WC="0.96" CONTENT="på"/><SP WIDTH="23" VPOS="796" HPOS="493"/>
							<String ID="string_221" HPOS="516" VPOS="795" WIDTH="85" HEIGHT="22" WC="0.95" CONTENT="hvilken"/><SP WIDTH="28" VPOS="795" HPOS="601"/>
							<String ID="string_222" HPOS="629" VPOS="797" WIDTH="34" HEIGHT="20" WC="0.93" CONTENT="ort"/><SP WIDTH="24" VPOS="797" HPOS="663"/>
							<String ID="string_223" HPOS="687" VPOS="796" WIDTH="90" HEIGHT="21" WC="0.90" CONTENT="Jäkaren"/><SP WIDTH="26" VPOS="796" HPOS="777"/>
							<String ID="string_224" HPOS="803" VPOS="795" WIDTH="55" HEIGHT="22" WC="0.96" CONTENT="skall"/><SP WIDTH="25" VPOS="795" HPOS="858"/>
							<String ID="string_225" HPOS="883" VPOS="795" WIDTH="63" HEIGHT="22" WC="0.95" CONTENT="hafva"/><SP WIDTH="15" VPOS="795" HPOS="946"/>
							<String ID="string_226" HPOS="961" VPOS="795" WIDTH="32" HEIGHT="21" WC="0.93" CONTENT="sin"/><SP WIDTH="16" VPOS="795" HPOS="993"/>
							<String ID="string_227" HPOS="1009" VPOS="795" WIDTH="38" HEIGHT="21" WC="0.91" CONTENT="bo-"/>
						</TextLine>
						<TextLine ID="line_24" HPOS="225" VPOS="823" WIDTH="823" HEIGHT="28">
							<String ID="string_228" HPOS="225" VPOS="825" WIDTH="126" HEIGHT="26" WC="0.92" CONTENT="ningsplats."/><SP WIDTH="31" VPOS="825" HPOS="351"/>
							<String ID="string_229" HPOS="382" VPOS="825" WIDTH="49" HEIGHT="20" WC="0.96" CONTENT="Men"/><SP WIDTH="23" VPOS="825" HPOS="431"/>
							<String ID="string_230" HPOS="454" VPOS="824" WIDTH="49" HEIGHT="21" WC="0.96" CONTENT="med"/><SP WIDTH="23" VPOS="824" HPOS="503"/>
							<String ID="string_231" HPOS="526" VPOS="824" WIDTH="114" HEIGHT="27" WC="0.96" CONTENT="anledning"/><SP WIDTH="26" VPOS="824" HPOS="640"/>
							<String ID="string_232" HPOS="666" VPOS="824" WIDTH="63" HEIGHT="21" WC="0.96" CONTENT="häraf"/><SP WIDTH="20" VPOS="824" HPOS="729"/>
							<String ID="string_233" HPOS="749" VPOS="824" WIDTH="70" HEIGHT="21" WC="0.96" CONTENT="skulle"/><SP WIDTH="20" VPOS="824" HPOS="819"/>
							<String ID="string_234" HPOS="839" VPOS="824" WIDTH="37" HEIGHT="27" WC="0.97" CONTENT="jag"/><SP WIDTH="23" VPOS="824" HPOS="876"/>
							<String ID="string_235" HPOS="899" VPOS="824" WIDTH="67" HEIGHT="21" WC="0.96" CONTENT="önska"/><SP WIDTH="22" VPOS="824" HPOS="966"/>
							<String ID="string_236" HPOS="988" VPOS="823" WIDTH="60" HEIGHT="27" WC="0.96" CONTENT="fråga"/>
						</TextLine>
						<TextLine ID="line_25" HPOS="226" VPOS="852" WIDTH="821" HEIGHT="28">
							<String ID="string_237" HPOS="226" VPOS="854" WIDTH="26" HEIGHT="21" WC="0.96" CONTENT="de"/><SP WIDTH="20" VPOS="854" HPOS="252"/>
							<String ID="string_238" HPOS="272" VPOS="853" WIDTH="23" HEIGHT="21" WC="0.93" CONTENT="af"/><SP WIDTH="18" VPOS="853" HPOS="295"/>
							<String ID="string_239" HPOS="313" VPOS="853" WIDTH="98" HEIGHT="21" WC="0.92" CONTENT="ståndets"/><SP WIDTH="16" VPOS="853" HPOS="411"/>
							<String ID="string_240" HPOS="427" VPOS="853" WIDTH="144" HEIGHT="23" WC="0.96" CONTENT="medlemmar,"/><SP WIDTH="18" VPOS="853" HPOS="571"/>
							<String ID="string_241" HPOS="589" VPOS="859" WIDTH="46" HEIGHT="16" WC="0.96" CONTENT="som"/><SP WIDTH="15" VPOS="859" HPOS="635"/>
							<String ID="string_242" HPOS="650" VPOS="853" WIDTH="72" HEIGHT="22" WC="0.96" CONTENT="bättre"/><SP WIDTH="15" VPOS="853" HPOS="722"/>
							<String ID="string_243" HPOS="737" VPOS="852" WIDTH="64" HEIGHT="22" WC="0.96" CONTENT="hafva"/><SP WIDTH="15" VPOS="852" HPOS="801"/>
							<String ID="string_244" HPOS="816" VPOS="853" WIDTH="52" HEIGHT="21" WC="0.96" CONTENT="reda"/><SP WIDTH="15" VPOS="853" HPOS="868"/>
							<String ID="string_245" HPOS="883" VPOS="853" WIDTH="28" HEIGHT="27" WC="0.97" CONTENT="på"/><SP WIDTH="17" VPOS="853" HPOS="911"/>
							<String ID="string_246" HPOS="928" VPOS="853" WIDTH="63" HEIGHT="22" WC="0.93" CONTENT="dessa"/><SP WIDTH="14" VPOS="853" HPOS="991"/>
							<String ID="string_247" HPOS="1005" VPOS="852" WIDTH="42" HEIGHT="21" WC="0.91" CONTENT="för-"/>
						</TextLine>
						<TextLine ID="line_26" HPOS="225" VPOS="882" WIDTH="823" HEIGHT="27">
							<String ID="string_248" HPOS="225" VPOS="882" WIDTH="115" HEIGHT="22" WC="0.91" CONTENT="hållanden"/><SP WIDTH="23" VPOS="882" HPOS="340"/>
							<String ID="string_249" HPOS="363" VPOS="884" WIDTH="27" HEIGHT="19" WC="0.96" CONTENT="än"/><SP WIDTH="16" VPOS="884" HPOS="390"/>
							<String ID="string_250" HPOS="406" VPOS="882" WIDTH="43" HEIGHT="27" WC="0.96" CONTENT="jag,"/><SP WIDTH="22" VPOS="882" HPOS="449"/>
							<String ID="string_251" HPOS="471" VPOS="888" WIDTH="34" HEIGHT="15" WC="0.96" CONTENT="om"/><SP WIDTH="18" VPOS="888" HPOS="505"/>
							<String ID="string_252" HPOS="523" VPOS="882" WIDTH="7" HEIGHT="21" WC="0.96" CONTENT="i"/><SP WIDTH="16" VPOS="882" HPOS="530"/>
							<String ID="string_253" HPOS="546" VPOS="882" WIDTH="117" HEIGHT="22" WC="0.93" CONTENT="allmänhet"/><SP WIDTH="14" VPOS="882" HPOS="663"/>
							<String ID="string_254" HPOS="677" VPOS="883" WIDTH="101" HEIGHT="21" WC="0.93" CONTENT="läkarnes"/><SP WIDTH="15" VPOS="883" HPOS="778"/>
							<String ID="string_255" HPOS="793" VPOS="882" WIDTH="150" HEIGHT="27" WC="0.92" CONTENT="boningsorter"/><SP WIDTH="15" VPOS="882" HPOS="943"/>
							<String ID="string_256" HPOS="958" VPOS="884" WIDTH="37" HEIGHT="20" WC="0.93" CONTENT="äro"/><SP WIDTH="15" VPOS="884" HPOS="995"/>
							<String ID="string_257" HPOS="1010" VPOS="882" WIDTH="38" HEIGHT="21" WC="0.88" CONTENT="be-"/>
						</TextLine>
						<TextLine ID="line_27" HPOS="227" VPOS="911" WIDTH="822" HEIGHT="28">
							<String ID="string_258" HPOS="227" VPOS="912" WIDTH="90" HEIGHT="25" WC="0.93" CONTENT="stämda,"/><SP WIDTH="24" VPOS="912" HPOS="317"/>
							<String ID="string_259" HPOS="341" VPOS="912" WIDTH="14" HEIGHT="20" WC="0.90" CONTENT="t."/><SP WIDTH="26" VPOS="912" HPOS="355"/>
							<String ID="string_260" HPOS="381" VPOS="917" WIDTH="29" HEIGHT="15" WC="0.94" CONTENT="ex."/><SP WIDTH="25" VPOS="917" HPOS="410"/>
							<String ID="string_261" HPOS="435" VPOS="911" WIDTH="23" HEIGHT="21" WC="0.93" CONTENT="af"/><SP WIDTH="21" VPOS="911" HPOS="458"/>
							<String ID="string_262" HPOS="479" VPOS="911" WIDTH="279" HEIGHT="28" WC="0.90" CONTENT="medicinalöfverstyrelsen"/><SP WIDTH="25" VPOS="911" HPOS="758"/>
							<String ID="string_263" HPOS="783" VPOS="911" WIDTH="51" HEIGHT="21" WC="0.96" CONTENT="eller"/><SP WIDTH="18" VPOS="911" HPOS="834"/>
							<String ID="string_264" HPOS="852" VPOS="911" WIDTH="29" HEIGHT="27" WC="0.96" CONTENT="på"/><SP WIDTH="19" VPOS="911" HPOS="881"/>
							<String ID="string_265" HPOS="900" VPOS="911" WIDTH="66" HEIGHT="26" WC="0.96" CONTENT="något"/><SP WIDTH="18" VPOS="911" HPOS="966"/>
							<String ID="string_266" HPOS="984" VPOS="912" WIDTH="65" HEIGHT="20" WC="0.96" CONTENT="annat"/>
						</TextLine>
						<TextLine ID="line_28" HPOS="227" VPOS="939" WIDTH="821" HEIGHT="28">
							<String ID="string_267" HPOS="227" VPOS="942" WIDTH="50" HEIGHT="24" WC="0.96" CONTENT="sätt,"/><SP WIDTH="25" VPOS="942" HPOS="277"/>
							<String ID="string_268" HPOS="302" VPOS="940" WIDTH="51" HEIGHT="21" WC="0.96" CONTENT="eller"/><SP WIDTH="23" VPOS="940" HPOS="353"/>
							<String ID="string_269" HPOS="376" VPOS="946" WIDTH="33" HEIGHT="15" WC="0.96" CONTENT="om"/><SP WIDTH="24" VPOS="946" HPOS="409"/>
							<String ID="string_270" HPOS="433" VPOS="940" WIDTH="26" HEIGHT="21" WC="0.96" CONTENT="de"/><SP WIDTH="23" VPOS="940" HPOS="459"/>
							<String ID="string_271" HPOS="482" VPOS="939" WIDTH="21" HEIGHT="21" WC="0.96" CONTENT="få"/><SP WIDTH="19" VPOS="939" HPOS="503"/>
							<String ID="string_272" HPOS="522" VPOS="940" WIDTH="55" HEIGHT="27" WC="0.96" CONTENT="välja"/><SP WIDTH="16" VPOS="940" HPOS="577"/>
							<String ID="string_273" HPOS="593" VPOS="940" WIDTH="32" HEIGHT="21" WC="0.93" CONTENT="sin"/><SP WIDTH="15" VPOS="940" HPOS="625"/>
							<String ID="string_274" HPOS="640" VPOS="940" WIDTH="133" HEIGHT="27" WC="0.90" CONTENT="boningsort,"/><SP WIDTH="17" VPOS="940" HPOS="773"/>
							<String ID="string_275" HPOS="790" VPOS="940" WIDTH="52" HEIGHT="21" WC="0.96" CONTENT="hvar"/><SP WIDTH="16" VPOS="940" HPOS="842"/>
							<String ID="string_276" HPOS="858" VPOS="940" WIDTH="26" HEIGHT="21" WC="0.94" CONTENT="de"/><SP WIDTH="16" VPOS="940" HPOS="884"/>
							<String ID="string_277" HPOS="900" VPOS="940" WIDTH="55" HEIGHT="26" WC="0.94" CONTENT="vilja."/><SP WIDTH="30" VPOS="940" HPOS="955"/>
							<String ID="string_278" HPOS="985" VPOS="940" WIDTH="11" HEIGHT="21" WC="0.90" CONTENT="I"/><SP WIDTH="14" VPOS="940" HPOS="996"/>
							<String ID="string_279" HPOS="1010" VPOS="939" WIDTH="38" HEIGHT="21" WC="0.96" CONTENT="fall"/>
						</TextLine>
						<TextLine ID="line_29" HPOS="227" VPOS="968" WIDTH="822" HEIGHT="28">
							<String ID="string_280" HPOS="227" VPOS="969" WIDTH="151" HEIGHT="26" WC="0.92" CONTENT="boningsorten"/><SP WIDTH="16" VPOS="969" HPOS="378"/>
							<String ID="string_281" HPOS="394" VPOS="968" WIDTH="48" HEIGHT="22" WC="0.96" CONTENT="icke"/><SP WIDTH="16" VPOS="968" HPOS="442"/>
							<String ID="string_282" HPOS="458" VPOS="970" WIDTH="25" HEIGHT="20" WC="0.97" CONTENT="är"/><SP WIDTH="14" VPOS="970" HPOS="483"/>
							<String ID="string_283" HPOS="497" VPOS="969" WIDTH="29" HEIGHT="27" WC="0.97" CONTENT="på"/><SP WIDTH="14" VPOS="969" HPOS="526"/>
							<String ID="string_284" HPOS="540" VPOS="969" WIDTH="67" HEIGHT="27" WC="0.96" CONTENT="något"/><SP WIDTH="15" VPOS="969" HPOS="607"/>
							<String ID="string_285" HPOS="622" VPOS="970" WIDTH="45" HEIGHT="20" WC="0.96" CONTENT="sätt"/><SP WIDTH="15" VPOS="970" HPOS="667"/>
							<String ID="string_286" HPOS="682" VPOS="969" WIDTH="107" HEIGHT="25" WC="0.96" CONTENT="bestämd,"/><SP WIDTH="17" VPOS="969" HPOS="789"/>
							<String ID="string_287" HPOS="806" VPOS="968" WIDTH="69" HEIGHT="22" WC="0.96" CONTENT="skulle"/><SP WIDTH="13" VPOS="968" HPOS="875"/>
							<String ID="string_288" HPOS="888" VPOS="968" WIDTH="38" HEIGHT="28" WC="0.96" CONTENT="jag"/><SP WIDTH="15" VPOS="968" HPOS="926"/>
							<String ID="string_289" HPOS="941" VPOS="968" WIDTH="67" HEIGHT="22" WC="0.96" CONTENT="önska"/><SP WIDTH="9" VPOS="968" HPOS="1008"/>
							<String ID="string_290" HPOS="1017" VPOS="969" WIDTH="32" HEIGHT="20" WC="0.96" CONTENT="att"/>
						</TextLine>
						<TextLine ID="line_30" HPOS="227" VPOS="997" WIDTH="823" HEIGHT="28">
							<String ID="string_291" HPOS="227" VPOS="998" WIDTH="32" HEIGHT="21" WC="0.87" CONTENT="till"/><SP WIDTH="23" VPOS="998" HPOS="259"/>
							<String ID="string_292" HPOS="282" VPOS="998" WIDTH="119" HEIGHT="20" WC="0.94" CONTENT="utskottets"/><SP WIDTH="24" VPOS="998" HPOS="401"/>
							<String ID="string_293" HPOS="425" VPOS="998" WIDTH="138" HEIGHT="21" WC="0.96" CONTENT="betänkande"/><SP WIDTH="26" VPOS="998" HPOS="563"/>
							<String ID="string_294" HPOS="589" VPOS="998" WIDTH="70" HEIGHT="21" WC="0.94" CONTENT="skulle"/><SP WIDTH="26" VPOS="998" HPOS="659"/>
							<String ID="string_295" HPOS="685" VPOS="998" WIDTH="60" HEIGHT="27" WC="0.96" CONTENT="fogas"/><SP WIDTH="23" VPOS="998" HPOS="745"/>
							<String ID="string_296" HPOS="768" VPOS="999" WIDTH="57" HEIGHT="19" WC="0.96" CONTENT="ännu"/><SP WIDTH="17" VPOS="999" HPOS="825"/>
							<String ID="string_297" HPOS="842" VPOS="997" WIDTH="40" HEIGHT="21" WC="0.96" CONTENT="den"/><SP WIDTH="24" VPOS="997" HPOS="882"/>
							<String ID="string_298" HPOS="906" VPOS="997" WIDTH="88" HEIGHT="27" WC="0.95" CONTENT="önskan,"/><SP WIDTH="23" VPOS="997" HPOS="994"/>
							<String ID="string_299" HPOS="1017" VPOS="998" WIDTH="33" HEIGHT="20" WC="0.96" CONTENT="att"/>
						</TextLine>
						<TextLine ID="line_31" HPOS="227" VPOS="1026" WIDTH="822" HEIGHT="28">
							<String ID="string_300" HPOS="227" VPOS="1026" WIDTH="278" HEIGHT="28" WC="0.89" CONTENT="medicinalöfverstyrelsen"/><SP WIDTH="33" VPOS="1026" HPOS="505"/>
							<String ID="string_301" HPOS="538" VPOS="1026" WIDTH="66" HEIGHT="22" WC="0.87" CONTENT="måtte"/><SP WIDTH="26" VPOS="1026" HPOS="604"/>
							<String ID="string_302" HPOS="630" VPOS="1028" WIDTH="50" HEIGHT="26" WC="0.95" CONTENT="taga"/><SP WIDTH="29" VPOS="1028" HPOS="680"/>
							<String ID="string_303" HPOS="709" VPOS="1027" WIDTH="26" HEIGHT="21" WC="0.96" CONTENT="de"/><SP WIDTH="25" VPOS="1027" HPOS="735"/>
							<String ID="string_304" HPOS="760" VPOS="1026" WIDTH="73" HEIGHT="22" WC="0.90" CONTENT="lokala"/><SP WIDTH="24" VPOS="1026" HPOS="833"/>
							<String ID="string_305" HPOS="857" VPOS="1026" WIDTH="161" HEIGHT="22" WC="0.94" CONTENT="förhållandena"/><SP WIDTH="24" VPOS="1026" HPOS="1018"/>
							<String ID="string_306" HPOS="1042" VPOS="1026" WIDTH="7" HEIGHT="20" WC="0.96" CONTENT="i"/>
						</TextLine>
						<TextLine ID="line_32" HPOS="229" VPOS="1054" WIDTH="820" HEIGHT="28">
							<String ID="string_307" HPOS="229" VPOS="1055" WIDTH="156" HEIGHT="27" WC="0.91" CONTENT="öfvervägande"/><SP WIDTH="23" VPOS="1055" HPOS="385"/>
							<String ID="string_308" HPOS="408" VPOS="1055" WIDTH="40" HEIGHT="21" WC="0.96" CONTENT="och"/><SP WIDTH="23" VPOS="1055" HPOS="448"/>
							<String ID="string_309" HPOS="471" VPOS="1055" WIDTH="66" HEIGHT="21" WC="0.96" CONTENT="sedan"/><SP WIDTH="23" VPOS="1055" HPOS="537"/>
							<String ID="string_310" HPOS="560" VPOS="1056" WIDTH="125" HEIGHT="25" WC="0.96" CONTENT="bestämma,"/><SP WIDTH="24" VPOS="1056" HPOS="685"/>
							<String ID="string_311" HPOS="709" VPOS="1056" WIDTH="54" HEIGHT="21" WC="0.96" CONTENT="hvar"/><SP WIDTH="21" VPOS="1056" HPOS="763"/>
							<String ID="string_312" HPOS="784" VPOS="1055" WIDTH="100" HEIGHT="21" WC="0.93" CONTENT="läkarens"/><SP WIDTH="18" VPOS="1055" HPOS="884"/>
							<String ID="string_313" HPOS="902" VPOS="1054" WIDTH="147" HEIGHT="28" WC="0.92" CONTENT="boningsort"/><SP WIDTH="-10" VPOS="1054" HPOS="1049"/>
							<String ID="string_314" HPOS="1039" VPOS="1050" WIDTH="14" HEIGHT="37" WC="0.96" CONTENT="i"/>
						</TextLine>
						<TextLine ID="line_33" HPOS="229" VPOS="1083" WIDTH="821" HEIGHT="29">
							<String ID="string_315" HPOS="229" VPOS="1084" WIDTH="73" HEIGHT="27" WC="0.96" CONTENT="hvarje"/><SP WIDTH="17" VPOS="1084" HPOS="302"/>
							<String ID="string_316" HPOS="319" VPOS="1084" WIDTH="86" HEIGHT="21" WC="0.96" CONTENT="distrikt"/><SP WIDTH="15" VPOS="1084" HPOS="405"/>
							<String ID="string_317" HPOS="420" VPOS="1084" WIDTH="67" HEIGHT="21" WC="0.96" CONTENT="borde"/><SP WIDTH="9" VPOS="1084" HPOS="487"/>
							<String ID="string_318" HPOS="496" VPOS="1090" WIDTH="55" HEIGHT="15" WC="0.91" CONTENT="vara."/><SP WIDTH="25" VPOS="1090" HPOS="551"/>
							<String ID="string_319" HPOS="576" VPOS="1084" WIDTH="107" HEIGHT="28" WC="0.91" CONTENT="Föröfrigt"/><SP WIDTH="8" VPOS="1084" HPOS="683"/>
							<String ID="string_320" HPOS="691" VPOS="1084" WIDTH="70" HEIGHT="22" WC="0.96" CONTENT="skulle"/><SP WIDTH="6" VPOS="1084" HPOS="761"/>
							<String ID="string_321" HPOS="767" VPOS="1084" WIDTH="44" HEIGHT="27" WC="0.96" CONTENT="jag,"/><SP WIDTH="10" VPOS="1084" HPOS="811"/>
							<String ID="string_322" HPOS="821" VPOS="1084" WIDTH="43" HEIGHT="21" WC="0.96" CONTENT="ifall"/><SP WIDTH="10" VPOS="1084" HPOS="864"/>
							<String ID="string_323" HPOS="874" VPOS="1084" WIDTH="65" HEIGHT="21" WC="0.96" CONTENT="saken"/><SP WIDTH="9" VPOS="1084" HPOS="939"/>
							<String ID="string_324" HPOS="948" VPOS="1083" WIDTH="102" HEIGHT="23" WC="0.96" CONTENT="förhåller"/>
						</TextLine>
						<TextLine ID="line_34" HPOS="229" VPOS="1112" WIDTH="821" HEIGHT="28">
							<String ID="string_325" HPOS="229" VPOS="1114" WIDTH="33" HEIGHT="26" WC="0.96" CONTENT="sig"/><SP WIDTH="22" VPOS="1114" HPOS="262"/>
							<String ID="string_326" HPOS="284" VPOS="1114" WIDTH="25" HEIGHT="20" WC="0.96" CONTENT="så"/><SP WIDTH="22" VPOS="1114" HPOS="309"/>
							<String ID="string_327" HPOS="331" VPOS="1112" WIDTH="40" HEIGHT="22" WC="0.96" CONTENT="och"/><SP WIDTH="24" VPOS="1112" HPOS="371"/>
							<String ID="string_328" HPOS="395" VPOS="1112" WIDTH="60" HEIGHT="22" WC="0.96" CONTENT="detta"/><SP WIDTH="23" VPOS="1112" HPOS="455"/>
							<String ID="string_329" HPOS="478" VPOS="1113" WIDTH="75" HEIGHT="27" WC="0.96" CONTENT="tillägg"/><SP WIDTH="16" VPOS="1113" HPOS="553"/>
							<String ID="string_330" HPOS="569" VPOS="1113" WIDTH="85" HEIGHT="21" WC="0.96" CONTENT="således"/><SP WIDTH="16" VPOS="1113" HPOS="654"/>
							<String ID="string_331" HPOS="670" VPOS="1120" WIDTH="51" HEIGHT="14" WC="0.93" CONTENT="vore"/><SP WIDTH="15" VPOS="1120" HPOS="721"/>
							<String ID="string_332" HPOS="736" VPOS="1112" WIDTH="111" HEIGHT="28" WC="0.91" CONTENT="behöfligt,"/><SP WIDTH="15" VPOS="1112" HPOS="847"/>
							<String ID="string_333" HPOS="862" VPOS="1112" WIDTH="40" HEIGHT="22" WC="0.96" CONTENT="här"/><SP WIDTH="14" VPOS="1112" HPOS="902"/>
							<String ID="string_334" HPOS="916" VPOS="1112" WIDTH="86" HEIGHT="22" WC="0.93" CONTENT="förorda"/><SP WIDTH="15" VPOS="1112" HPOS="1002"/>
							<String ID="string_335" HPOS="1017" VPOS="1114" WIDTH="33" HEIGHT="19" WC="0.93" CONTENT="ut-"/>
						</TextLine>
						<TextLine ID="line_35" HPOS="229" VPOS="1141" WIDTH="821" HEIGHT="28">
							<String ID="string_336" HPOS="229" VPOS="1143" WIDTH="94" HEIGHT="21" WC="0.92" CONTENT="skottets"/><SP WIDTH="24" VPOS="1143" HPOS="323"/>
							<String ID="string_337" HPOS="347" VPOS="1141" WIDTH="136" HEIGHT="22" WC="0.96" CONTENT="betänkande"/><SP WIDTH="21" VPOS="1141" HPOS="483"/>
							<String ID="string_338" HPOS="504" VPOS="1142" WIDTH="67" HEIGHT="27" WC="0.96" CONTENT="jemte"/><SP WIDTH="20" VPOS="1142" HPOS="571"/>
							<String ID="string_339" HPOS="591" VPOS="1142" WIDTH="60" HEIGHT="21" WC="0.96" CONTENT="detta"/><SP WIDTH="15" VPOS="1142" HPOS="651"/>
							<String ID="string_340" HPOS="666" VPOS="1142" WIDTH="83" HEIGHT="27" WC="0.93" CONTENT="tillägg."/><SP WIDTH="32" VPOS="1142" HPOS="749"/>
							<String ID="string_341" HPOS="781" VPOS="1141" WIDTH="68" HEIGHT="22" WC="0.88" CONTENT="Afven"/><SP WIDTH="16" VPOS="1141" HPOS="849"/>
							<String ID="string_342" HPOS="865" VPOS="1141" WIDTH="68" HEIGHT="21" WC="0.96" CONTENT="skulle"/><SP WIDTH="13" VPOS="1141" HPOS="933"/>
							<String ID="string_343" HPOS="946" VPOS="1142" WIDTH="37" HEIGHT="26" WC="0.96" CONTENT="jag"/><SP WIDTH="15" VPOS="1142" HPOS="983"/>
							<String ID="string_344" HPOS="998" VPOS="1147" WIDTH="52" HEIGHT="15" WC="0.95" CONTENT="anse"/>
						</TextLine>
						<TextLine ID="line_36" HPOS="230" VPOS="1170" WIDTH="821" HEIGHT="27">
							<String ID="string_345" HPOS="230" VPOS="1173" WIDTH="32" HEIGHT="19" WC="0.96" CONTENT="att"/><SP WIDTH="16" VPOS="1173" HPOS="262"/>
							<String ID="string_346" HPOS="278" VPOS="1173" WIDTH="32" HEIGHT="19" WC="0.96" CONTENT="ett"/><SP WIDTH="15" VPOS="1173" HPOS="310"/>
							<String ID="string_347" HPOS="325" VPOS="1170" WIDTH="78" HEIGHT="22" WC="0.96" CONTENT="sådant"/><SP WIDTH="14" VPOS="1170" HPOS="403"/>
							<String ID="string_348" HPOS="417" VPOS="1170" WIDTH="119" HEIGHT="27" WC="0.96" CONTENT="uttalande,"/><SP WIDTH="17" VPOS="1170" HPOS="536"/>
							<String ID="string_349" HPOS="553" VPOS="1177" WIDTH="46" HEIGHT="15" WC="0.96" CONTENT="som"/><SP WIDTH="15" VPOS="1177" HPOS="599"/>
							<String ID="string_350" HPOS="614" VPOS="1171" WIDTH="50" HEIGHT="21" WC="0.93" CONTENT="herr"/><SP WIDTH="17" VPOS="1171" HPOS="664"/>
							<String ID="string_351" HPOS="681" VPOS="1170" WIDTH="130" HEIGHT="22" WC="0.92" CONTENT="Silfversvan"/><SP WIDTH="16" VPOS="1170" HPOS="811"/>
							<String ID="string_352" HPOS="827" VPOS="1170" WIDTH="101" HEIGHT="26" WC="0.93" CONTENT="förordat,"/><SP WIDTH="16" VPOS="1170" HPOS="928"/>
							<String ID="string_353" HPOS="944" VPOS="1170" WIDTH="107" HEIGHT="26" WC="0.91" CONTENT="nemligen"/>
						</TextLine>
						<TextLine ID="line_37" HPOS="231" VPOS="1198" WIDTH="819" HEIGHT="28">
							<String ID="string_354" HPOS="231" VPOS="1201" WIDTH="32" HEIGHT="20" WC="0.96" CONTENT="att"/><SP WIDTH="24" VPOS="1201" HPOS="263"/>
							<String ID="string_355" HPOS="287" VPOS="1200" WIDTH="36" HEIGHT="20" WC="0.96" CONTENT="det"/><SP WIDTH="23" VPOS="1200" HPOS="323"/>
							<String ID="string_356" HPOS="346" VPOS="1205" WIDTH="50" HEIGHT="15" WC="0.93" CONTENT="vore"/><SP WIDTH="23" VPOS="1205" HPOS="396"/>
							<String ID="string_357" HPOS="419" VPOS="1199" WIDTH="95" HEIGHT="27" WC="0.91" CONTENT="önskligt"/><SP WIDTH="23" VPOS="1199" HPOS="514"/>
							<String ID="string_358" HPOS="537" VPOS="1201" WIDTH="32" HEIGHT="19" WC="0.96" CONTENT="att"/><SP WIDTH="18" VPOS="1201" HPOS="569"/>
							<String ID="string_359" HPOS="587" VPOS="1200" WIDTH="82" HEIGHT="21" WC="0.96" CONTENT="antalet"/><SP WIDTH="20" VPOS="1200" HPOS="669"/>
							<String ID="string_360" HPOS="689" VPOS="1200" WIDTH="22" HEIGHT="21" WC="0.96" CONTENT="af"/><SP WIDTH="13" VPOS="1200" HPOS="711"/>
							<String ID="string_361" HPOS="724" VPOS="1200" WIDTH="75" HEIGHT="21" WC="0.96" CONTENT="läkare"/><SP WIDTH="17" VPOS="1200" HPOS="799"/>
							<String ID="string_362" HPOS="816" VPOS="1199" WIDTH="53" HEIGHT="21" WC="0.93" CONTENT="efter"/><SP WIDTH="15" VPOS="1199" HPOS="869"/>
							<String ID="string_363" HPOS="884" VPOS="1198" WIDTH="66" HEIGHT="22" WC="0.92" CONTENT="behof"/><SP WIDTH="13" VPOS="1198" HPOS="950"/>
							<String ID="string_364" HPOS="963" VPOS="1199" WIDTH="87" HEIGHT="25" WC="0.96" CONTENT="ökades,"/>
						</TextLine>
						<TextLine ID="line_38" HPOS="230" VPOS="1228" WIDTH="821" HEIGHT="27">
							<String ID="string_365" HPOS="230" VPOS="1229" WIDTH="47" HEIGHT="21" WC="0.96" CONTENT="icke"/><SP WIDTH="16" VPOS="1229" HPOS="277"/>
							<String ID="string_366" HPOS="293" VPOS="1228" WIDTH="70" HEIGHT="21" WC="0.96" CONTENT="skulle"/><SP WIDTH="15" VPOS="1228" HPOS="363"/>
							<String ID="string_367" HPOS="378" VPOS="1234" WIDTH="51" HEIGHT="15" WC="0.96" CONTENT="vara"/><SP WIDTH="16" VPOS="1234" HPOS="429"/>
							<String ID="string_368" HPOS="445" VPOS="1235" WIDTH="26" HEIGHT="14" WC="0.96" CONTENT="ur"/><SP WIDTH="14" VPOS="1235" HPOS="471"/>
							<String ID="string_369" HPOS="485" VPOS="1230" WIDTH="68" HEIGHT="25" WC="0.96" CONTENT="vägen"/><SP WIDTH="16" VPOS="1230" HPOS="553"/>
							<String ID="string_370" HPOS="569" VPOS="1228" WIDTH="31" HEIGHT="21" WC="0.96" CONTENT="uti"/><SP WIDTH="16" VPOS="1228" HPOS="600"/>
							<String ID="string_371" HPOS="616" VPOS="1229" WIDTH="127" HEIGHT="21" WC="0.96" CONTENT="ständernas"/><SP WIDTH="16" VPOS="1229" HPOS="743"/>
							<String ID="string_372" HPOS="759" VPOS="1234" WIDTH="56" HEIGHT="20" WC="0.96" CONTENT="svar,"/><SP WIDTH="17" VPOS="1234" HPOS="815"/>
							<String ID="string_373" HPOS="832" VPOS="1228" WIDTH="68" HEIGHT="22" WC="0.96" CONTENT="ehuru"/><SP WIDTH="14" VPOS="1228" HPOS="900"/>
							<String ID="string_374" HPOS="914" VPOS="1234" WIDTH="49" HEIGHT="14" WC="0.93" CONTENT="man"/><SP WIDTH="15" VPOS="1234" HPOS="963"/>
							<String ID="string_375" HPOS="978" VPOS="1229" WIDTH="73" HEIGHT="19" WC="0.92" CONTENT="natur-"/>
						</TextLine>
						<TextLine ID="line_39" HPOS="229" VPOS="1251" WIDTH="823" HEIGHT="33">
							<String ID="string_376" HPOS="229" VPOS="1257" WIDTH="71" HEIGHT="27" WC="0.91" CONTENT="ligtvis"/><SP WIDTH="16" VPOS="1257" HPOS="300"/>
							<String ID="string_377" HPOS="316" VPOS="1257" WIDTH="47" HEIGHT="21" WC="0.96" CONTENT="icke"/><SP WIDTH="16" VPOS="1257" HPOS="363"/>
							<String ID="string_378" HPOS="379" VPOS="1259" WIDTH="98" HEIGHT="19" WC="0.96" CONTENT="närmare"/><SP WIDTH="16" VPOS="1259" HPOS="477"/>
							<String ID="string_379" HPOS="493" VPOS="1258" WIDTH="41" HEIGHT="20" WC="0.96" CONTENT="kan"/><SP WIDTH="16" VPOS="1258" HPOS="534"/>
							<String ID="string_380" HPOS="550" VPOS="1258" WIDTH="120" HEIGHT="20" WC="0.96" CONTENT="bestämma"/><SP WIDTH="15" VPOS="1258" HPOS="670"/>
							<String ID="string_381" HPOS="685" VPOS="1257" WIDTH="61" HEIGHT="21" WC="0.96" CONTENT="detta"/><SP WIDTH="16" VPOS="1257" HPOS="746"/>
							<String ID="string_382" HPOS="762" VPOS="1257" WIDTH="66" HEIGHT="21" WC="0.96" CONTENT="antal."/><SP WIDTH="25" VPOS="1257" HPOS="828"/>
							<String ID="string_383" HPOS="853" VPOS="1251" WIDTH="115" HEIGHT="32" WC="0.96" CONTENT="Åtskilliga"/><SP WIDTH="15" VPOS="1251" HPOS="968"/>
							<String ID="string_384" HPOS="983" VPOS="1256" WIDTH="69" HEIGHT="22" WC="0.96" CONTENT="talare"/>
						</TextLine>
						<TextLine ID="line_40" HPOS="229" VPOS="1285" WIDTH="823" HEIGHT="28">
							<String ID="string_385" HPOS="229" VPOS="1286" WIDTH="63" HEIGHT="21" WC="0.87" CONTENT="hafva"/><SP WIDTH="15" VPOS="1286" HPOS="292"/>
							<String ID="string_386" HPOS="307" VPOS="1286" WIDTH="40" HEIGHT="20" WC="0.96" CONTENT="här"/><SP WIDTH="14" VPOS="1286" HPOS="347"/>
							<String ID="string_387" HPOS="361" VPOS="1285" WIDTH="97" HEIGHT="22" WC="0.96" CONTENT="förordat"/><SP WIDTH="16" VPOS="1285" HPOS="458"/>
							<String ID="string_388" HPOS="474" VPOS="1286" WIDTH="50" HEIGHT="21" WC="0.93" CONTENT="herr"/><SP WIDTH="14" VPOS="1286" HPOS="524"/>
							<String ID="string_389" HPOS="538" VPOS="1286" WIDTH="163" HEIGHT="27" WC="0.91" CONTENT="Björkenheims"/><SP WIDTH="15" VPOS="1286" HPOS="701"/>
							<String ID="string_390" HPOS="716" VPOS="1286" WIDTH="140" HEIGHT="22" WC="0.96" CONTENT="reservation."/><SP WIDTH="30" VPOS="1286" HPOS="856"/>
							<String ID="string_391" HPOS="886" VPOS="1285" WIDTH="40" HEIGHT="27" WC="0.96" CONTENT="Jag"/><SP WIDTH="15" VPOS="1285" HPOS="926"/>
							<String ID="string_392" HPOS="941" VPOS="1291" WIDTH="63" HEIGHT="15" WC="0.96" CONTENT="anser"/><SP WIDTH="16" VPOS="1291" HPOS="1004"/>
							<String ID="string_393" HPOS="1020" VPOS="1286" WIDTH="32" HEIGHT="20" WC="0.96" CONTENT="att"/>
						</TextLine>
						<TextLine ID="line_41" HPOS="229" VPOS="1313" WIDTH="822" HEIGHT="29">
							<String ID="string_394" HPOS="229" VPOS="1322" WIDTH="26" HEIGHT="14" WC="0.92" CONTENT="ur"/><SP WIDTH="22" VPOS="1322" HPOS="255"/>
							<String ID="string_395" HPOS="277" VPOS="1314" WIDTH="109" HEIGHT="28" WC="0.86" CONTENT="principiel"/><SP WIDTH="21" VPOS="1314" HPOS="386"/>
							<String ID="string_396" HPOS="407" VPOS="1315" WIDTH="108" HEIGHT="26" WC="0.96" CONTENT="synpunkt"/><SP WIDTH="19" VPOS="1315" HPOS="515"/>
							<String ID="string_397" HPOS="534" VPOS="1315" WIDTH="40" HEIGHT="21" WC="0.96" CONTENT="den"/><SP WIDTH="17" VPOS="1315" HPOS="574"/>
							<String ID="string_398" HPOS="591" VPOS="1315" WIDTH="88" HEIGHT="27" WC="0.96" CONTENT="princip,"/><SP WIDTH="17" VPOS="1315" HPOS="679"/>
							<String ID="string_399" HPOS="696" VPOS="1321" WIDTH="46" HEIGHT="15" WC="0.96" CONTENT="som"/><SP WIDTH="15" VPOS="1321" HPOS="742"/>
							<String ID="string_400" HPOS="757" VPOS="1315" WIDTH="68" HEIGHT="26" WC="0.96" CONTENT="några"/><SP WIDTH="15" VPOS="1315" HPOS="825"/>
							<String ID="string_401" HPOS="840" VPOS="1314" WIDTH="75" HEIGHT="21" WC="0.96" CONTENT="härvid"/><SP WIDTH="14" VPOS="1314" HPOS="915"/>
							<String ID="string_402" HPOS="929" VPOS="1314" WIDTH="50" HEIGHT="27" WC="0.95" CONTENT="vilja"/><SP WIDTH="15" VPOS="1314" HPOS="979"/>
							<String ID="string_403" HPOS="994" VPOS="1313" WIDTH="57" HEIGHT="28" WC="0.96" CONTENT="följa,"/>
						</TextLine>
						<TextLine ID="line_42" HPOS="230" VPOS="1343" WIDTH="822" HEIGHT="27">
							<String ID="string_404" HPOS="230" VPOS="1346" WIDTH="24" HEIGHT="18" WC="0.96" CONTENT="är"/><SP WIDTH="15" VPOS="1346" HPOS="254"/>
							<String ID="string_405" HPOS="269" VPOS="1343" WIDTH="88" HEIGHT="21" WC="0.96" CONTENT="alldeles"/><SP WIDTH="17" VPOS="1343" HPOS="357"/>
							<String ID="string_406" HPOS="374" VPOS="1343" WIDTH="78" HEIGHT="27" WC="0.95" CONTENT="oriktig"/><SP WIDTH="15" VPOS="1343" HPOS="452"/>
							<String ID="string_407" HPOS="467" VPOS="1343" WIDTH="40" HEIGHT="21" WC="0.95" CONTENT="och"/><SP WIDTH="16" VPOS="1343" HPOS="507"/>
							<String ID="string_408" HPOS="523" VPOS="1344" WIDTH="123" HEIGHT="21" WC="0.96" CONTENT="tillochmed"/><SP WIDTH="15" VPOS="1344" HPOS="646"/>
							<String ID="string_409" HPOS="661" VPOS="1343" WIDTH="69" HEIGHT="27" WC="0.96" CONTENT="farlig,"/><SP WIDTH="12" VPOS="1343" HPOS="730"/>
							<String ID="string_410" HPOS="742" VPOS="1344" WIDTH="74" HEIGHT="21" WC="0.95" CONTENT="såsom"/><SP WIDTH="15" VPOS="1344" HPOS="816"/>
							<String ID="string_411" HPOS="831" VPOS="1344" WIDTH="70" HEIGHT="26" WC="0.96" CONTENT="någon"/><SP WIDTH="8" VPOS="1344" HPOS="901"/>
							<String ID="string_412" HPOS="909" VPOS="1343" WIDTH="67" HEIGHT="21" WC="0.96" CONTENT="talare"/><SP WIDTH="8" VPOS="1343" HPOS="976"/>
							<String ID="string_413" HPOS="984" VPOS="1344" WIDTH="68" HEIGHT="26" WC="0.95" CONTENT="yttrat"/>
						</TextLine>
						<TextLine ID="line_43" HPOS="230" VPOS="1371" WIDTH="823" HEIGHT="28">
							<String ID="string_414" HPOS="230" VPOS="1373" WIDTH="38" HEIGHT="26" WC="0.95" CONTENT="sig,"/><SP WIDTH="20" VPOS="1373" HPOS="268"/>
							<String ID="string_415" HPOS="288" VPOS="1373" WIDTH="23" HEIGHT="26" WC="0.96" CONTENT="ty"/><SP WIDTH="18" VPOS="1373" HPOS="311"/>
							<String ID="string_416" HPOS="329" VPOS="1371" WIDTH="37" HEIGHT="22" WC="0.96" CONTENT="det"/><SP WIDTH="15" VPOS="1371" HPOS="366"/>
							<String ID="string_417" HPOS="381" VPOS="1371" WIDTH="64" HEIGHT="22" WC="0.96" CONTENT="beror"/><SP WIDTH="15" VPOS="1371" HPOS="445"/>
							<String ID="string_418" HPOS="460" VPOS="1371" WIDTH="88" HEIGHT="22" WC="0.96" CONTENT="alldeles"/><SP WIDTH="16" VPOS="1371" HPOS="548"/>
							<String ID="string_419" HPOS="564" VPOS="1372" WIDTH="27" HEIGHT="27" WC="0.96" CONTENT="på"/><SP WIDTH="16" VPOS="1372" HPOS="591"/>
							<String ID="string_420" HPOS="607" VPOS="1372" WIDTH="122" HEIGHT="27" WC="0.96" CONTENT="subjektiva"/><SP WIDTH="16" VPOS="1372" HPOS="729"/>
							<String ID="string_421" HPOS="745" VPOS="1371" WIDTH="100" HEIGHT="28" WC="0.96" CONTENT="grunder,"/><SP WIDTH="16" VPOS="1371" HPOS="845"/>
							<String ID="string_422" HPOS="861" VPOS="1371" WIDTH="85" HEIGHT="22" WC="0.96" CONTENT="hvilken"/><SP WIDTH="15" VPOS="1371" HPOS="946"/>
							<String ID="string_423" HPOS="961" VPOS="1371" WIDTH="92" HEIGHT="27" WC="0.96" CONTENT="petition"/>
						</TextLine>
						<TextLine ID="line_44" HPOS="229" VPOS="1399" WIDTH="826" HEIGHT="29">
							<String ID="string_424" HPOS="229" VPOS="1408" WIDTH="49" HEIGHT="14" WC="0.94" CONTENT="man"/><SP WIDTH="23" VPOS="1408" HPOS="278"/>
							<String ID="string_425" HPOS="301" VPOS="1400" WIDTH="36" HEIGHT="21" WC="0.94" CONTENT="vill"/><SP WIDTH="23" VPOS="1400" HPOS="337"/>
							<String ID="string_426" HPOS="360" VPOS="1406" WIDTH="51" HEIGHT="15" WC="0.96" CONTENT="anse"/><SP WIDTH="23" VPOS="1406" HPOS="411"/>
							<String ID="string_427" HPOS="434" VPOS="1399" WIDTH="33" HEIGHT="22" WC="0.96" CONTENT="för"/><SP WIDTH="22" VPOS="1399" HPOS="467"/>
							<String ID="string_428" HPOS="489" VPOS="1407" WIDTH="26" HEIGHT="14" WC="0.96" CONTENT="en"/><SP WIDTH="23" VPOS="1407" HPOS="515"/>
							<String ID="string_429" HPOS="538" VPOS="1401" WIDTH="25" HEIGHT="20" WC="0.92" CONTENT="så"/><SP WIDTH="19" VPOS="1401" HPOS="563"/>
							<String ID="string_430" HPOS="582" VPOS="1401" WIDTH="66" HEIGHT="27" WC="0.92" CONTENT="vigtig"/><SP WIDTH="17" VPOS="1401" HPOS="648"/>
							<String ID="string_431" HPOS="665" VPOS="1401" WIDTH="45" HEIGHT="26" WC="0.96" CONTENT="sak,"/><SP WIDTH="17" VPOS="1401" HPOS="710"/>
							<String ID="string_432" HPOS="727" VPOS="1403" WIDTH="33" HEIGHT="19" WC="0.96" CONTENT="att"/><SP WIDTH="16" VPOS="1403" HPOS="760"/>
							<String ID="string_433" HPOS="776" VPOS="1401" WIDTH="42" HEIGHT="20" WC="0.96" CONTENT="den"/><SP WIDTH="14" VPOS="1401" HPOS="818"/>
							<String ID="string_434" HPOS="832" VPOS="1401" WIDTH="40" HEIGHT="21" WC="0.96" CONTENT="bör"/><SP WIDTH="15" VPOS="1401" HPOS="872"/>
							<String ID="string_435" HPOS="887" VPOS="1399" WIDTH="129" HEIGHT="22" WC="0.95" CONTENT="framställas"/><SP WIDTH="16" VPOS="1399" HPOS="1016"/>
							<String ID="string_436" HPOS="1032" VPOS="1399" WIDTH="23" HEIGHT="22" WC="0.96" CONTENT="af"/>
						</TextLine>
						<TextLine ID="line_45" HPOS="231" VPOS="1429" WIDTH="822" HEIGHT="26">
							<String ID="string_437" HPOS="231" VPOS="1430" WIDTH="121" HEIGHT="25" WC="0.96" CONTENT="ständerna,"/><SP WIDTH="25" VPOS="1430" HPOS="352"/>
							<String ID="string_438" HPOS="377" VPOS="1429" WIDTH="39" HEIGHT="21" WC="0.96" CONTENT="och"/><SP WIDTH="23" VPOS="1429" HPOS="416"/>
							<String ID="string_439" HPOS="439" VPOS="1429" WIDTH="85" HEIGHT="21" WC="0.96" CONTENT="hvilken"/><SP WIDTH="20" VPOS="1429" HPOS="524"/>
							<String ID="string_440" HPOS="544" VPOS="1429" WIDTH="92" HEIGHT="26" WC="0.95" CONTENT="petition"/><SP WIDTH="17" VPOS="1429" HPOS="636"/>
							<String ID="string_441" HPOS="653" VPOS="1430" WIDTH="46" HEIGHT="21" WC="0.96" CONTENT="åter"/><SP WIDTH="16" VPOS="1430" HPOS="699"/>
							<String ID="string_442" HPOS="715" VPOS="1430" WIDTH="39" HEIGHT="21" WC="0.93" CONTENT="bör"/><SP WIDTH="15" VPOS="1430" HPOS="754"/>
							<String ID="string_443" HPOS="769" VPOS="1430" WIDTH="82" HEIGHT="21" WC="0.92" CONTENT="lemnas"/><SP WIDTH="16" VPOS="1430" HPOS="851"/>
							<String ID="string_444" HPOS="867" VPOS="1429" WIDTH="13" HEIGHT="21" WC="0.91" CONTENT="å"/><SP WIDTH="14" VPOS="1429" HPOS="880"/>
							<String ID="string_445" HPOS="894" VPOS="1429" WIDTH="52" HEIGHT="26" WC="0.96" CONTENT="sido,"/><SP WIDTH="18" VPOS="1429" HPOS="946"/>
							<String ID="string_446" HPOS="964" VPOS="1429" WIDTH="89" HEIGHT="21" WC="0.96" CONTENT="emedan"/>
						</TextLine>
						<TextLine ID="line_46" HPOS="231" VPOS="1457" WIDTH="823" HEIGHT="28">
							<String ID="string_447" HPOS="231" VPOS="1459" WIDTH="41" HEIGHT="21" WC="0.96" CONTENT="den"/><SP WIDTH="16" VPOS="1459" HPOS="272"/>
							<String ID="string_448" HPOS="288" VPOS="1461" WIDTH="23" HEIGHT="18" WC="0.96" CONTENT="är"/><SP WIDTH="16" VPOS="1461" HPOS="311"/>
							<String ID="string_449" HPOS="327" VPOS="1457" WIDTH="22" HEIGHT="22" WC="0.96" CONTENT="af"/><SP WIDTH="13" VPOS="1457" HPOS="349"/>
							<String ID="string_450" HPOS="362" VPOS="1458" WIDTH="57" HEIGHT="21" WC="0.96" CONTENT="lokal"/><SP WIDTH="17" VPOS="1458" HPOS="419"/>
							<String ID="string_451" HPOS="436" VPOS="1458" WIDTH="39" HEIGHT="21" WC="0.96" CONTENT="och"/><SP WIDTH="16" VPOS="1458" HPOS="475"/>
							<String ID="string_452" HPOS="491" VPOS="1458" WIDTH="112" HEIGHT="21" WC="0.96" CONTENT="inskränkt"/><SP WIDTH="16" VPOS="1458" HPOS="603"/>
							<String ID="string_453" HPOS="619" VPOS="1460" WIDTH="74" HEIGHT="25" WC="0.95" CONTENT="natur;"/><SP WIDTH="27" VPOS="1460" HPOS="693"/>
							<String ID="string_454" HPOS="720" VPOS="1459" WIDTH="37" HEIGHT="22" WC="0.96" CONTENT="det"/><SP WIDTH="16" VPOS="1459" HPOS="757"/>
							<String ID="string_455" HPOS="773" VPOS="1458" WIDTH="72" HEIGHT="21" WC="0.96" CONTENT="medel"/><SP WIDTH="15" VPOS="1458" HPOS="845"/>
							<String ID="string_456" HPOS="860" VPOS="1458" WIDTH="115" HEIGHT="21" WC="0.96" CONTENT="ständerna"/><SP WIDTH="15" VPOS="1458" HPOS="975"/>
							<String ID="string_457" HPOS="990" VPOS="1457" WIDTH="64" HEIGHT="22" WC="0.96" CONTENT="hafva"/>
						</TextLine>
						<TextLine ID="line_47" HPOS="231" VPOS="1486" WIDTH="822" HEIGHT="29">
							<String ID="string_458" HPOS="231" VPOS="1489" WIDTH="32" HEIGHT="19" WC="0.96" CONTENT="att"/><SP WIDTH="22" VPOS="1489" HPOS="263"/>
							<String ID="string_459" HPOS="285" VPOS="1493" WIDTH="76" HEIGHT="21" WC="0.87" CONTENT="genom"/><SP WIDTH="23" VPOS="1493" HPOS="361"/>
							<String ID="string_460" HPOS="384" VPOS="1487" WIDTH="115" HEIGHT="26" WC="0.87" CONTENT="petitioner"/><SP WIDTH="23" VPOS="1487" HPOS="499"/>
							<String ID="string_461" HPOS="522" VPOS="1487" WIDTH="69" HEIGHT="21" WC="0.96" CONTENT="uttala"/><SP WIDTH="18" VPOS="1487" HPOS="591"/>
							<String ID="string_462" HPOS="609" VPOS="1487" WIDTH="47" HEIGHT="21" WC="0.96" CONTENT="sina"/><SP WIDTH="15" VPOS="1487" HPOS="656"/>
							<String ID="string_463" HPOS="671" VPOS="1488" WIDTH="139" HEIGHT="27" WC="0.96" CONTENT="önskningar,"/><SP WIDTH="17" VPOS="1488" HPOS="810"/>
							<String ID="string_464" HPOS="827" VPOS="1487" WIDTH="67" HEIGHT="21" WC="0.96" CONTENT="borde"/><SP WIDTH="15" VPOS="1487" HPOS="894"/>
							<String ID="string_465" HPOS="909" VPOS="1487" WIDTH="48" HEIGHT="21" WC="0.93" CONTENT="icke"/><SP WIDTH="15" VPOS="1487" HPOS="957"/>
							<String ID="string_466" HPOS="972" VPOS="1486" WIDTH="81" HEIGHT="22" WC="0.92" CONTENT="lemnas"/>
						</TextLine>
						<TextLine ID="line_48" HPOS="231" VPOS="1515" WIDTH="823" HEIGHT="28">
							<String ID="string_467" HPOS="231" VPOS="1516" WIDTH="142" HEIGHT="27" WC="0.92" CONTENT="obegagnadt,"/><SP WIDTH="17" VPOS="1516" HPOS="373"/>
							<String ID="string_468" HPOS="390" VPOS="1515" WIDTH="61" HEIGHT="22" WC="0.95" CONTENT="äfven"/><SP WIDTH="17" VPOS="1515" HPOS="451"/>
							<String ID="string_469" HPOS="468" VPOS="1521" WIDTH="34" HEIGHT="16" WC="0.96" CONTENT="om"/><SP WIDTH="16" VPOS="1521" HPOS="502"/>
							<String ID="string_470" HPOS="518" VPOS="1516" WIDTH="66" HEIGHT="21" WC="0.96" CONTENT="saken"/><SP WIDTH="17" VPOS="1516" HPOS="584"/>
							<String ID="string_471" HPOS="601" VPOS="1518" WIDTH="23" HEIGHT="19" WC="0.96" CONTENT="är"/><SP WIDTH="16" VPOS="1518" HPOS="624"/>
							<String ID="string_472" HPOS="640" VPOS="1515" WIDTH="23" HEIGHT="22" WC="0.96" CONTENT="af"/><SP WIDTH="12" VPOS="1515" HPOS="663"/>
							<String ID="string_473" HPOS="675" VPOS="1517" WIDTH="82" HEIGHT="22" WC="0.96" CONTENT="mindre"/><SP WIDTH="16" VPOS="1517" HPOS="757"/>
							<String ID="string_474" HPOS="773" VPOS="1516" WIDTH="52" HEIGHT="27" WC="0.96" CONTENT="vigt,"/><SP WIDTH="17" VPOS="1516" HPOS="825"/>
							<String ID="string_475" HPOS="842" VPOS="1518" WIDTH="22" HEIGHT="25" WC="0.96" CONTENT="ty"/><SP WIDTH="16" VPOS="1518" HPOS="864"/>
							<String ID="string_476" HPOS="880" VPOS="1516" WIDTH="37" HEIGHT="21" WC="0.96" CONTENT="det"/><SP WIDTH="10" VPOS="1516" HPOS="917"/>
							<String ID="string_477" HPOS="927" VPOS="1518" WIDTH="24" HEIGHT="19" WC="0.96" CONTENT="är"/><SP WIDTH="11" VPOS="1518" HPOS="951"/>
							<String ID="string_478" HPOS="962" VPOS="1515" WIDTH="45" HEIGHT="22" WC="0.96" CONTENT="ofta"/><SP WIDTH="11" VPOS="1515" HPOS="1007"/>
							<String ID="string_479" HPOS="1018" VPOS="1516" WIDTH="36" HEIGHT="21" WC="0.96" CONTENT="det"/>
						</TextLine>
					</TextBlock>
				</ComposedBlock>
			</PrintSpace>
		</Page>
	</Layout>
</alto>
