1109 1748
406 118 40 17 Den
462 116 12 18 7
490 116 58 24 April.
824 117 40 19 401

136 182 34 20 att
192 180 87 21 ståndet
293 180 36 22 vid
347 179 152 27 föredragning
516 179 22 21 af
551 180 114 22 Allmänna
680 180 215 22 Besvärsutskottets

68 209 137 22 betänkande
221 209 7 21 i
243 208 115 28 anledning
373 208 24 22 af
410 208 71 22 skilda
496 208 56 22 inom
568 209 86 21 Preste-
671 208 40 22 och
726 208 170 22 Bondestånden

68 238 79 22 väckta
172 237 122 28 petitioner,
320 237 112 28 angående
455 236 150 23 förbättrande
631 237 22 21 af
676 237 220 22 kronolänsmännens

69 267 102 27 ställning
189 272 28 16 m.
233 272 34 20 m.,
283 266 97 22 beslutat
395 266 115 27 godkänna
524 265 69 23 första
607 267 120 21 momentet
741 266 23 21 af
776 266 120 22 utskottets

68 295 82 27 förslag
172 295 33 21 till
225 295 77 27 beslut,
324 295 49 22 med
396 294 138 22 uteslutande
553 294 65 22 likväl
634 295 23 21 af
671 296 62 21 ordet
749 295 148 27 ,tjensteålig-

70 325 105 27 ganden",
190 330 49 16 men
254 325 33 20 att
301 324 8 21 i
324 324 65 27 öfrigt
405 326 78 24 antaga
499 324 27 21 de
542 323 81 28 förslag
637 324 32 21 till
685 324 77 26 beslut,
778 324 50 22 herr
843 324 55 27 Chy-

70 354 76 21 denius
169 353 8 21 i
199 353 33 21 sin
247 353 148 21 betänkandet
409 352 114 28 vidfogade
538 353 133 21 reservation
686 352 131 28 formulerat,
833 354 66 20 dessa

70 382 135 22 sistnämnda
219 382 65 21 likväl
300 382 91 21 sålunda
405 381 135 27 förändrade,
552 383 34 19 att
596 382 37 21 det
643 381 69 22 första
723 382 22 21 af
755 382 47 22 dem
813 382 85 22 komme

72 412 32 20 att
126 410 50 28 lyda
200 412 46 25 ,att
267 410 151 22 länsmännens
437 410 62 22 löner
518 410 97 27 skäligen
630 410 75 28 höjas"
722 413 56 19 samt
793 413 33 19 att
841 412 7 20 i
862 411 38 21 det

72 446 76 16 senare
164 440 63 21 ordet
239 439 133 27 ,klagomäl*
385 439 70 21 skulle
470 439 87 27 utbytas
569 441 58 20 emot
639 456 9 10 ,
651 440 90 21 besvär"
754 442 56 19 samt
820 440 79 21 slutor-

72 469 42 21 den
138 474 59 21 ,som
220 468 55 27 egde
294 470 33 20 att
342 468 107 22 stadfästa
463 468 54 22 eller
531 468 98 22 förkasta
644 468 41 22 den
701 468 150 27 öfverklagade
868 468 32 22 åt-

73 498 93 27 gärden*
183 496 111 27 bortfalla;
310 497 112 21 hvaremot
437 497 120 21 utskottets
573 497 137 22 betänkande
725 497 133 22 beträffande
874 498 26 20 de

73 527 7 21 i
102 526 211 28 petitionsförslagen
332 526 133 21 framställda
484 526 111 27 yrkanden
609 526 92 22 rörande
715 526 49 22 bro-
780 526 41 22 och
836 526 65 22 skall-

73 555 184 27 fogdetjensterna
271 554 70 22 blifvit
356 554 139 23 oförändradt
511 555 121 27 godkändt;

142 584 56 21 Frän
213 584 169 26 Bondeständet,
398 584 154 21 meddelande
540 580 15 34 :

143 614 34 20 att
196 612 87 22 ständet
299 612 96 27 godkänt
409 612 226 22 Ekonomiutskottets
651 612 138 22 betänkande
805 612 6 21 i
827 612 74 22 anled-

75 641 51 27 ning
141 641 23 22 af
177 643 32 20 ett
224 641 33 21 till
272 641 163 22 Bondeständet
445 641 120 22 inlemnadt
573 641 222 27 petitionsmemoria],
807 641 94 22 rörande

76 670 107 22 särskilda
205 670 102 27 ätgärder
328 669 135 23 beträffande
484 670 223 27 kronoskogsmarker
729 670 40 22 och
784 670 118 27 kronotorp

76 700 56 21 inom
148 699 118 26 desamma;
767 697 5 4 N

146 729 33 20 att
198 728 87 21 ständet
303 727 97 28 godkänt
412 727 114 22 Allmänna
539 728 214 21 Besvärsutskottets
763 727 139 22 betänkande

76 757 8 21 i
95 757 114 26 anledning
219 756 23 22 af
251 756 70 21 skilda
330 757 58 21 inom
398 756 87 22 Preste-
497 757 40 21 och
547 757 169 22 Bondeständen
726 757 79 21 väckta
815 757 87 27 petitio-

77 793 45 19 ner,
137 785 111 28 angäende
263 785 148 22 förbättrande
427 785 22 22 af
461 785 152 22 länsmännens
629 786 102 27 ställning
745 792 28 15 m.
789 792 34 20 m.;

146 816 33 20 att
193 814 87 22 ständet
294 814 69 21 likasä
373 814 97 27 godkänt
479 815 114 21 Allmänna
603 815 213 21 Besvärsutskottets
827 814 76 22 betän-

77 843 72 22 kande
164 843 49 22 med
228 843 115 26 anledning
359 843 22 21 af
393 849 28 16 en
435 843 58 22 inom
508 843 165 22 Presteständet
687 844 66 21 väckt
767 843 91 28 petition
870 849 34 16 om

78 872 100 22 fästande
197 871 24 23 af
238 873 32 21 ett
287 871 101 23 förökadt
403 872 58 22 antal
475 872 72 22 lärare
562 872 36 22 vid
613 872 156 27 universitetet;
785 873 55 21 dock
856 872 49 22 med

78 901 96 22 uttaladt
198 901 68 21 vilkor
288 902 33 20 att
335 901 27 22 de
377 901 123 27 föreslagna
518 902 191 27 läraretjensterna
723 902 67 21 borde
805 902 99 21 besättas

80 930 78 22 endast
172 930 49 22 med
236 930 113 22 inhemske
364 932 56 19 män.

148 958 104 28 Samtliga
272 959 64 21 dessa
354 959 200 27 protokollsutdrag
569 959 76 27 blefvo,
663 959 72 22 säsom
749 959 48 22 icke
812 958 92 23 föranle-

80 987 70 22 dande
163 988 72 27 nägon
249 988 82 26 ätgärd,
347 987 64 28 lagda
426 988 33 21 till
473 988 163 27 handlingarna.

149 1074 118 27 Upplästes
282 1073 33 22 för
330 1074 88 22 ständet
429 1080 26 15 en
466 1073 49 22 frän
524 1074 55 22 hans
591 1074 106 22 excellens
709 1074 198 26 Generalguvernö-

80 1109 39 15 ren
133 1102 78 22 anländ
227 1102 118 27 skrifvelse,
360 1102 60 22 hvari
435 1102 54 22 hans
507 1103 113 27 excellens,
635 1103 8 21 i
659 1102 100 23 afseende
775 1104 13 20 ä
797 1102 109 28 föredrag-

81 1132 51 26 ning
148 1131 33 22 för
195 1131 159 27 Ridderskapet
365 1131 41 21 och
421 1131 76 26 Adeln,
507 1131 158 23 öfverlemnade
676 1134 32 20 ett
718 1132 71 28 tryckt
800 1132 108 27 exemplar

82 1160 22 22 af
120 1160 133 26 ,Berättelse
269 1160 33 21 till
317 1160 102 22 Finlands
434 1166 29 15 nu
478 1160 132 22 församlade
626 1160 93 22 Ständer
735 1167 34 15 om
785 1160 121 28 Styrelsens

82 1188 143 28 tillgöranden
240 1188 7 22 i
263 1188 115 28 anledning
393 1188 23 22 af
430 1188 26 22 de
471 1188 51 22 utaf
535 1188 121 23 Ständerna
670 1190 36 21 vid
714 1189 113 22 sisthällna
836 1189 72 21 landt-

83 1218 41 26 dag
139 1217 82 22 fattade
235 1217 79 27 beslut,
329 1217 74 22 hvilka
418 1218 75 21 vunnit
508 1218 60 21 Hans
583 1218 104 27 Majestät
701 1218 117 28 Kejsarens
829 1218 80 26 nädiga

82 1246 59 22 bifall
163 1246 40 22 och
227 1246 144 27 stadfästelse,
396 1246 110 22 äfvensom
528 1246 92 22 rörande
643 1247 57 21 hvad
714 1247 60 21 Hans
789 1246 121 28 Kejserliga

82 1275 103 27 Majestät
199 1275 8 21 i
222 1274 70 28 öfrigt,
308 1275 28 27 pä
351 1275 69 27 grund
436 1274 23 22 af
471 1275 190 27 förhandlingarna
675 1276 36 21 vid
726 1275 183 28 sagdelandtdag,

83 1304 71 27 täckts
170 1304 121 26 förordna”,
307 1304 118 27 hvarjemte
441 1304 147 27 meddelades,
605 1306 32 20 att
647 1305 76 27 nödigt
733 1304 59 22 antal
803 1304 108 27 exemplar

84 1332 22 22 af
122 1332 67 28 sagda
208 1332 118 22 berättelse
341 1332 69 22 finnas
426 1334 33 20 att
474 1333 68 27 tillgä,
559 1332 34 22 för
609 1335 32 20 att
656 1333 65 22 bland
736 1332 100 23 ständets
851 1333 59 21 med-

83 1361 89 22 lemmar
186 1361 93 22 utdelas.

153 1389 46 22 Och
214 1389 85 22 komme
314 1389 92 22 berörda
421 1390 119 22 berättelse
556 1391 33 21 att
603 1390 34 22 till
647 1391 120 21 kännedom
777 1389 65 23 bland
853 1389 58 22 stän-

84 1419 48 22 dets
148 1418 137 22 medlemmar
301 1418 90 22 utdelas.

152 1476 56 22 Herr
229 1475 209 23 Landtmarskalken
461 1476 158 22 öfverlemnade
641 1477 69 27 härpä
733 1477 63 21 ordet
818 1475 23 21 ät
862 1475 52 22 herr

84 1505 189 27 Montgomery,
289 1511 46 15 som
351 1505 74 21 derom
441 1505 97 26 anhällit,
556 1505 40 21 och
611 1511 47 16 som
673 1512 31 15 nu
719 1504 96 29 yttrade:
827 1503 42 28 Jag
879 1511 36 15 ser

85 1533 43 28 mig
142 1533 113 22 nödsakad
271 1535 32 19 att
317 1535 57 19 ännu
389 1539 27 16 en
432 1534 56 26 gäng
504 1533 34 22 för
552 1539 41 21 par
607 1534 94 21 minuter
716 1536 51 25 taga
782 1533 36 21 det
831 1533 84 27 höglof-

825 1575 22 17 26
