1109 1748
235 116 40 20 374
539 118 40 18 Den
595 116 26 19 27
637 118 54 18 Mars.

205 181 120 21 alternativ.
355 180 53 22 Idén
430 180 69 28 ligger
518 180 31 22 uti
569 182 32 20 att
619 181 110 28 uppställa
745 181 37 22 det
797 184 82 20 ensamt
894 182 71 22 såsom
982 187 48 17 svar

205 210 29 28 på
251 210 41 22 den
308 209 75 28 gjorda
398 209 81 27 frågan.

273 239 56 21 Herr
351 238 162 27 Jägerhorn:
536 238 43 28 Jag
597 239 37 21 vill
654 239 67 22 ändra
735 240 50 21 mitt
799 239 87 28 uttryck
901 246 67 21 gerna
983 238 47 22 från

207 267 103 27 »aflåta",
328 268 18 26 ej
365 267 122 27 ,upplåta”,
503 267 32 21 till
552 267 81 27 ,,afstå"
648 268 29 28 pä
693 268 25 22 de
734 268 100 28 grunder,
851 274 46 16 som
910 269 38 27 jag
962 268 68 22 redan

205 296 76 26 anfört,
300 302 49 16 men
364 296 57 21 hvad
437 296 123 22 återremiss
576 296 33 22 till
624 297 109 22 utskottet
747 296 103 23 beträffar
866 297 24 21 så
905 298 39 21 ber
956 297 38 28 jag
1008 296 22 22 få

204 325 57 21 fästa
276 324 117 28 höglofliga
409 324 98 22 ståndets
523 326 190 26 uppmärksamhet
729 326 68 27 derpå
811 327 33 20 att
860 332 25 15 en
896 326 67 22 sådan
974 326 56 22 åter-

204 354 76 22 remiss
301 354 96 20 kommer
417 354 32 20 att
465 354 66 26 draga
545 354 122 27 betänkligt
681 356 25 20 ut
720 354 29 28 på
764 355 70 27 tiden;
850 356 23 26 ty
889 356 61 20 torde
966 354 63 22 Stän-

205 382 196 26 derhusutskottet,
423 382 36 22 vid
477 382 145 28 fullgörandet
637 382 23 23 af
674 384 38 21 sitt
727 384 105 27 uppdrag,
849 384 100 27 möjligen
965 383 65 22 blifva

205 412 90 26 tvunget
309 412 33 20 att
356 410 120 28 framlägga
491 411 81 22 dubbla
582 412 91 28 projekt,
683 412 32 22 till
726 412 85 22 hvilkas
822 413 139 27 uppgörande
972 419 56 21 myc-

204 440 43 21 ken
269 440 32 21 tid
324 440 72 27 åtgår;
416 440 85 22 hvadan
522 440 37 22 det
577 441 47 21 åter
643 441 36 21 vid
695 441 70 22 denna
779 441 103 27 landtdag
897 442 85 21 komme
998 442 32 21 att

202 468 67 23 blifva
290 469 82 27 knappt
394 475 34 15 om
445 469 33 21 tid
492 468 33 23 för
538 469 87 27 frågans
642 470 121 27 afgörande,
779 470 8 21 i
801 470 37 21 fall
853 470 176 28 preliminärerna

204 498 113 27 fördröjas.

274 526 56 22 Herr
352 526 166 28 Lagerborg,
538 527 92 21 Robert:
649 527 42 22 För
710 527 43 21 min
771 527 34 22 del
820 527 36 22 vill
868 528 39 27 jag
922 528 107 26 kortligen

205 555 94 22 förklara
320 557 33 20 att
365 555 38 28 jag
418 555 32 21 till
466 555 42 22 alla
524 555 60 22 delar
599 556 117 28 tillstyrker
730 556 246 22 Riddarhusutskottets
992 557 36 21 be-

206 584 115 26 tänkande,
345 584 50 22 med
415 584 40 22 den
471 584 124 27 förändring
610 591 46 15 som
672 585 41 21 den
729 587 74 19 senast
818 584 23 22 af
853 585 50 21 herr
918 586 112 21 Molander

205 613 76 27 gjorda
302 612 145 27 förklaringen
465 613 42 21 kan
522 613 91 27 påkalla,
631 614 40 21 och
686 614 42 21 kan
741 614 39 27 jag
795 614 48 21 icke
858 614 57 21 finna
930 615 33 20 att
977 614 51 21 Rid-

206 641 116 28 derskapet
345 641 40 22 och
407 641 68 22 Adeln
498 641 69 22 skulle
587 641 64 23 hafva
669 642 67 27 något
756 642 118 28 synnerligt
889 649 55 20 gagn
960 642 23 22 af
996 644 33 20 att

205 670 131 21 fortfarande
356 677 51 14 vara
425 677 64 20 egare
510 670 22 22 af
547 671 139 22 riddarhuset
704 671 69 21 under
792 672 26 21 de
833 671 153 25 förhållanden,
1003 678 26 15 en

207 699 51 21 ärad
274 699 67 22 talare
357 698 116 28 föreslagit,
489 699 105 28 nemligen
610 701 32 20 att
657 700 159 27 Ridderskapet
831 699 41 22 och
882 700 68 21 Adeln
960 700 69 22 skulle

205 727 100 22 förbinda
328 727 33 27 sig
383 729 33 20 att
438 728 33 21 till
494 729 99 26 samtliga
614 729 91 21 stånden
724 729 92 26 upplåta
833 730 79 20 nästan
926 729 42 22 alla
983 729 47 22 sina

205 756 83 22 lokaler
310 756 7 21 i
341 756 38 22 och
400 756 33 22 för
451 757 143 27 landtdagens
609 757 70 22 behof.
710 757 130 28 Derigenom
855 757 70 22 blefve
940 758 37 21 det
992 760 37 19 nä-

206 787 48 20 stan
275 785 96 28 omöjligt
386 787 32 20 att
433 785 78 22 mellan
526 786 155 27 landtdagarne
696 786 53 27 hyra
763 788 26 19 ut
804 787 64 21 dessa
882 786 89 27 lokaler,
988 787 41 21 och

207 814 26 21 de
249 814 70 21 skulle
335 814 28 21 då
378 814 77 22 endast
470 821 51 15 vara
536 821 26 15 en
577 815 98 22 kostsam
689 815 102 28 prydnad.
815 815 33 22 De
864 815 54 26 skäl,
929 821 46 16 som
986 816 44 21 tala

205 842 33 22 för
254 849 26 15 en
295 842 98 28 förening
409 843 22 21 af
445 844 100 27 samtliga
560 844 92 21 stånden
667 844 7 21 i
690 845 32 20 ett
736 844 49 26 hus,
802 846 37 20 äro
855 844 125 27 tillräckligt
994 846 35 20 ut-

204 871 103 22 vecklade
330 871 7 22 i
357 871 119 23 utskottets
491 872 143 28 betänkande,
649 872 33 22 för
698 874 33 20 att
745 872 93 23 behöfva
853 873 72 22 vidare
941 873 88 22 utveck-

204 900 50 28 ling,
270 907 49 15 men
332 901 38 27 jag
385 901 97 22 önskade
497 903 99 25 motsäga
611 902 42 22 den
667 901 139 28 formulering
821 901 23 23 af
856 904 32 20 ett
903 908 49 16 svar
967 902 6 22 i
987 902 41 22 frä-

205 936 49 20 gan,
273 936 46 15 som
335 930 66 26 nägra
416 930 67 22 talare
498 930 121 27 framställt,
635 930 106 28 nemligen
757 932 32 20 att
805 931 123 21 alternativt
938 931 92 27 upplysa

205 958 244 22 Ständerhusutskottet
465 965 34 16 om
515 960 170 27 Ridderskapets
701 960 40 21 och
757 960 81 22 Adelns
848 960 136 27 önskningar,
996 960 33 22 för

206 987 41 21 den
262 987 103 22 händelse
381 989 34 19 att
430 987 27 22 de
472 988 68 27 öfriga
554 988 143 22 medständen
713 989 48 21 icke
777 989 71 21 skulle
857 989 27 27 gä
892 988 22 22 in
921 989 28 27 pä
960 989 69 22 denna

205 1016 208 27 sammanbyggnad;
437 1016 32 22 till
489 1017 71 21 denna
579 1018 34 21 del
629 1017 23 22 af
665 1017 74 27 frågan
754 1018 44 21 kan
814 1018 159 27 Ridderskapet
988 1018 40 21 och

204 1044 69 22 Adeln
289 1045 138 27 äterkomma,
444 1046 27 21 dä
487 1046 119 22 detsamma
615 1046 105 22 inhemtat
731 1046 254 22 Ständerhusutskottets
996 1049 34 19 ut-

205 1074 92 21 lätande
312 1074 7 21 i
335 1074 74 22 saken.

269 1102 57 22 Herr
335 1102 155 28 Schauman,
498 1104 95 27 August:
604 1104 148 22 Ordföranden
767 1104 8 21 i
790 1104 241 22 Ständerhusutskottet

203 1132 50 21 herr
275 1132 120 26 Jägerhorn
413 1132 40 21 har
473 1133 81 27 antydt,
575 1135 32 19 att
627 1133 60 21 tiden
703 1133 41 21 blir
759 1134 72 27 knapp
848 1132 34 22 för
897 1134 33 20 att
944 1134 86 21 komma

203 1161 32 21 till
251 1162 32 20 ett
298 1161 45 21 slut
357 1160 49 22 med
423 1161 70 22 denna
507 1161 180 28 byggnadsfräga.
712 1162 43 21 Det
771 1164 24 19 är
813 1162 6 21 i
838 1162 78 21 sädant
927 1162 103 22 afseende

203 1189 41 22 och
267 1189 32 21 för
321 1189 106 22 vinnande
450 1190 22 21 af
488 1190 38 26 tid,
547 1196 47 16 som
607 1190 37 28 jag
659 1190 112 28 föreslagit
787 1192 33 20 att
834 1191 28 26 pä
878 1197 80 15 samma
973 1191 57 27 gäng

203 1224 49 15 man
280 1218 64 26 gäfve
372 1218 37 22 det
435 1218 84 22 direkta
539 1221 72 19 svaret
631 1220 29 26 pä
682 1219 254 22 Ständerhusutskottets
961 1219 66 28 fråga,

202 1246 159 28 Ridderskapet
384 1247 40 21 och
446 1248 69 21 Adeln
535 1248 68 22 skulle
624 1247 119 23 framställa
765 1248 37 22 det
820 1248 162 27 ifrägavarande
998 1249 31 21 al-

203 1276 124 26 ternativet,
344 1276 33 21 för
392 1277 33 20 att
439 1276 134 22 förekomma
588 1277 93 27 onödiga
696 1277 101 22 remisser
812 1277 54 21 fram
882 1277 40 21 och
933 1277 95 27 tillbaka,

202 1305 25 21 sä
243 1306 33 20 att
291 1304 27 22 de
334 1304 68 28 öfriga
417 1305 99 26 ständen,
532 1306 7 21 i
555 1306 104 21 händelse
677 1306 27 22 de
720 1306 80 27 ansäge
808 1306 172 26 Ridderskapets
988 1306 40 22 och

201 1333 80 22 Adelns
304 1333 45 27 pris
369 1334 28 26 pä
412 1333 65 23 huset
493 1334 34 22 för
541 1334 58 28 högt,
616 1335 69 21 skulle
700 1336 50 20 veta
765 1337 33 19 att
813 1334 159 28 Ridderskapet
988 1336 40 21 och

201 1362 70 21 Adeln
286 1362 49 21 icke
350 1364 24 19 är
389 1362 119 27 angelägen
524 1369 35 15 om
575 1365 32 20 att
622 1364 55 27 sälja
692 1364 39 21 sitt
745 1364 47 21 hus.

269 1390 57 22 Herr
341 1391 167 28 Lagerborg,
524 1392 93 21 Robert:
633 1392 42 27 Jag
691 1392 106 22 erkänner
811 1392 128 27 visserligen
950 1393 32 20 att
990 1392 38 22 det

200 1425 51 16 vore
268 1421 32 20 att
315 1419 64 22 vinna
395 1420 38 27 tid,
450 1427 34 15 om
499 1421 161 26 Ridderskapet
675 1421 41 22 och
732 1421 69 22 Adeln
816 1421 67 22 redan
899 1421 29 27 pä
937 1420 90 23 förhand

201 1448 70 22 skulle
293 1448 58 27 gifva
373 1449 32 21 sin
421 1449 50 28 vilja
487 1449 104 22 tillkänna
605 1449 33 22 för
653 1450 38 21 det
707 1450 122 27 åberopade
844 1449 66 26 fallet,
926 1456 49 15 men
988 1449 39 28 jag

200 1478 46 20 tror
261 1477 160 27 Ridderskapet
437 1478 40 21 och
493 1478 70 22 Adeln
573 1479 89 21 härmed
673 1479 69 22 skulle
753 1479 68 21 brista
831 1479 7 21 i
850 1478 174 28 grannlagenhet,

201 1505 39 22 och
256 1506 20 21 vi
292 1506 54 22 böra
362 1507 54 21 dock
432 1509 51 25 taga
498 1507 85 28 hänsyn
598 1507 32 22 till
645 1508 42 21 den
704 1507 133 28 ömtälighet,
854 1513 47 16 som
916 1507 42 22 kan
974 1509 52 26 göra

200 1535 33 27 sig
248 1535 102 28 gällande
365 1535 40 22 hos
420 1536 149 22 medständen.
