1109 1748
245 124 43 20 468
539 120 45 24 "Den
603 124 23 19 17
642 125 59 24 April.

217 189 8 21 i
240 188 102 22 afseende
359 189 12 21 å
387 189 106 21 stadsrätt
509 188 98 27 godkänt
622 195 29 15 nu
666 188 101 28 gällande
783 188 127 27 stadgande.
936 187 42 27 Jag
986 187 60 21 hem-

219 218 77 22 ställer
311 216 92 28 derföre,
420 217 106 22 huruvida
540 218 48 21 icke
604 217 162 28 propositionen
778 216 40 22 och
829 216 216 22 utskottsbetänkan-

218 247 37 21 det
269 246 74 22 kunna
359 246 131 27 godkännas.

288 275 34 21 Då
339 275 48 21 icke
407 275 70 27 någon
497 274 100 22 anhållan
618 281 34 15 om
668 274 62 22 ordet
745 274 74 22 vidare
834 274 152 26 framställdes,
1002 273 43 22 för-

218 304 101 21 klarades
339 304 151 21 diskussionen
506 303 101 27 afslutad,
624 304 40 21 och
679 303 159 22 öfverlemnade
852 303 51 22 herr
918 303 127 21 Landtmar-

219 333 90 21 skalken
328 332 49 22 med
398 332 116 28 anledning
528 332 22 22 af
564 333 37 21 det
615 332 49 22 utaf
676 332 91 22 friherre
782 338 42 16 von
839 332 60 22 Troil
914 332 76 27 gjorda
1005 331 40 21 och

220 361 24 22 af
256 361 89 21 friherre
361 360 103 28 Hisinger
478 361 150 22 understödda
642 361 105 27 förslaget
757 361 33 21 till
801 360 99 22 ståndets
911 360 134 22 besvarande

219 396 27 16 en
262 390 25 21 så
301 389 99 28 lydande,
416 390 163 27 förberedande,
596 389 289 29 omröstningsproposition:

290 435 8 9 »
302 418 42 26 Vill
359 418 161 28 Ridderskapet
535 419 41 21 och
583 419 69 21 Adeln
660 419 66 27 ingå
718 414 12 37 i
737 418 133 28 granskning
882 418 22 22 af
913 418 131 28 Lagutskot-

219 449 44 20 tets
278 446 163 28 ifrågavarande
456 448 138 22 betänkande
609 447 142 28 paragrafvis;

287 476 76 22 vinner
377 477 41 27 nej,
434 476 106 22 förklaras
556 478 33 20 att
604 476 88 23 ståndet
707 476 49 22 icke
769 476 85 22 kunnat
864 477 80 26 antaga
955 476 41 21 den
1006 476 38 21 nå-

221 505 50 27 diga
285 505 169 27 propositionen,
471 505 39 22 och
527 506 140 26 petitioneras
683 512 34 15 om
733 507 48 25 nytt
795 504 119 28 lagförslag
929 505 7 21 i
952 504 37 22 det
1000 510 44 16 om-

221 534 98 22 fattande
333 534 63 28 syfte,
412 534 129 22 friherrarne
557 540 41 16 von
613 534 58 22 Troil
687 534 40 22 och
742 534 102 27 Hisinger
856 534 118 22 förordat".

289 562 47 22 Och
351 569 47 15 som
413 563 36 21 vid
464 563 94 22 anställd
574 563 133 27 omröstning
722 562 71 22 denna
800 563 136 27 proposition
944 562 101 22 besvara-

221 592 38 21 des
282 592 49 21 med
351 593 26 20 65
396 592 23 27 ja
439 592 40 21 och
499 594 25 19 18
540 592 41 27 nej,
597 592 70 22 skulle
682 592 85 22 således
784 598 26 15 en
825 592 132 27 granskning
972 590 23 22 af
1008 591 37 22 be-

221 620 120 22 tänkandet
354 620 133 27 paragrafvis
501 620 116 27 företagas.
642 632 15 3 —
663 620 56 23 Herr
733 620 210 22 Landtmarskalken
952 620 94 27 föreslog

220 649 76 22 härvid
319 649 72 22 såsom
409 649 37 22 det
464 649 136 28 lämpligaste
619 651 67 20 sättet
705 650 32 21 att
757 649 123 27 tillvägagå,
896 650 34 21 att
944 648 55 23 först
1014 648 32 22 till

220 677 131 51 belsndling
366 679 96 26 upptaga
476 678 119 22 utskottets
611 677 80 28 förslag
706 678 32 22 till
753 677 83 28 lydelse
851 677 33 22 för
899 679 13 20 2
928 677 11 28 $
957 679 25 20 10
995 677 51 28 kap.

222 707 25 21 G.
267 706 33 23 B.,
316 706 47 27 och,
379 707 68 21 sedan
463 707 69 22 denna
546 706 107 28 paragraf,
669 707 152 22 innehållande
836 706 161 27 bestämningar
1012 712 35 16 om

221 735 133 28 giftorätten,
369 735 70 22 blifvit
449 735 91 28 afgjord,
552 735 89 28 öfvergå
652 735 33 22 till
694 735 162 28 handläggning
866 735 24 22 af
898 735 149 28 stadgandena

222 770 35 15 om
271 763 153 28 morgongåfva
439 764 40 22 och
495 763 98 28 arfsrätt;
610 764 41 22 och
666 770 47 16 som
728 765 71 21 denna
809 764 51 22 herr
870 764 176 22 Landtmarskal-

221 793 54 21 kens
291 792 58 28 åsigt
363 793 88 22 delades
467 792 23 23 af
503 793 93 26 ståndet,
613 795 57 20 samt
684 793 65 28 ingen
759 793 24 22 af
791 793 99 22 ståndets
901 793 145 26 medlemmar,

221 822 29 27 på
269 821 51 22 herr
334 821 221 22 Landtmarskalkens
570 821 115 28 förfrågan,
701 821 97 23 önskade
813 822 73 22 vidare
901 822 7 21 i
923 821 75 28 frågan
1013 821 34 28 sig

221 851 59 27 yttra
303 850 40 21 och
367 850 28 21 då
416 850 27 22 de
465 850 24 22 af
508 850 76 22 herrar
598 851 92 27 Pipping
705 851 40 22 och
761 851 81 21 Munck
856 850 77 28 gjorda
948 851 98 21 anmärk-

221 879 105 27 ningarna
348 881 46 19 mot
413 879 70 22 denna
501 879 104 28 paragraf
617 880 48 22 icke
680 880 76 22 vunnit
771 880 126 26 understöd,
914 880 68 27 ansåg
997 880 51 21 herr

222 908 207 22 Landtmarskalken
444 908 33 27 sig
492 908 78 22 endast
580 908 53 22 böra
644 908 94 28 tillfråga
748 908 161 28 Ridderskapet
919 908 41 22 och
970 908 76 27 Adeln,

222 936 107 22 huruvida
343 937 88 21 ståndet
446 937 49 22 ville
510 937 115 27 godkänna
641 939 13 20 2
670 937 11 28 &
699 940 25 19 10
740 937 50 27 kap.
803 937 24 22 G.
838 937 33 27 B.,
882 937 68 22 sådan
960 937 86 22 utskot-

222 967 33 20 tet
273 965 114 28 föreslagit
402 966 47 22 den.
481 966 82 22 Genom
579 966 70 22 denna
664 966 168 27 framställnings
849 966 133 22 besvarande
998 966 50 22 med

223 994 90 22 allmänt
325 994 29 28 ja,
370 1000 37 16 var
422 994 94 22 nämnda
530 995 103 27 paragraf
645 995 7 21 i
666 995 121 23 utskottets
803 995 138 23 betänkande
957 995 23 22 af
988 996 59 21 stån-

223 1023 37 22 det
275 1022 107 28 godkänd.

290 1109 101 23 Härefter
406 1109 142 29 uppställdes,
563 1110 50 22 med
628 1110 115 28 anledning
759 1110 24 22 af
796 1110 27 22 de
834 1110 58 22 olika
902 1110 87 28 åsigter,
1000 1116 47 16 som

221 1137 37 23 vid
272 1138 131 27 föregående
418 1138 40 22 och
474 1139 60 22 detta
544 1139 87 33 plenum
642 1139 90 22 uttalats
743 1138 135 23 beträffande
888 1139 158 27 morgongåfva,

222 1173 27 15 en
269 1167 25 21 så
308 1167 91 27 lydande
414 1168 141 27 proposition,
571 1168 7 22 i
593 1168 102 22 afseende
711 1168 12 22 å
739 1168 129 22 anhållande
884 1168 22 22 af
918 1168 128 28 kontrapro-

221 1195 101 27 position.

293 1240 9 10 »
305 1224 43 22 Vill
362 1224 160 28 Ridderskapet
538 1224 40 22 och
593 1225 69 22 Adeln
677 1225 32 21 till
724 1225 214 28 kontraproposition
946 1227 58 20 emot
1011 1227 34 20 ut-

223 1240 94 34 skottets
332 1253 143 27 betänkande,
491 1253 136 23 beträffande
643 1256 11 20 3
671 1253 10 28 $
697 1256 12 20 9
725 1254 50 27 kap.
793 1254 26 22 G.
835 1254 32 26 B.,
883 1256 80 25 antaga
973 1254 41 22 den
1024 1254 23 22 af

221 1281 50 22 herr
285 1280 82 34 Nysten
381 1282 8 21 i
405 1282 49 22 dess
469 1267 132 47 reservation
617 1282 122 28 föreslagna
752 1260 84 50 lydelse
847 1267 27 48 af
886 1282 137 28 paragrafen;

289 1310 75 22 vinner
383 1311 40 27 nej,
445 1312 89 26 antages
549 1311 33 21 till
597 1295 220 47 kontraproposition,
834 1313 34 20 att
882 1312 49 22 hela
946 1309 98 40 morgon-

218 1334 175 36 gåfvoinstitutet
407 1339 111 33 bortfaller
534 1340 40 22 och
590 1340 26 22 de
633 1340 73 22 derom
721 1340 100 28 gällande
836 1340 206 27 lagstadgandena
1030 1335 17 41 i

218 1367 81 22 sådant
321 1368 54 32 syfte
398 1368 88 27 ändras;
509 1368 7 21 i
535 1368 106 22 hvardera
660 1368 61 23 fallet
735 1369 171 22 återremitteras
921 1368 75 28 frågan
1011 1370 32 21 till

219 1395 115 28 utskottet,
350 1396 7 21 i
373 1396 100 22 afseende
489 1397 13 22 å
517 1397 178 27 omredigering".

288 1413 77 33 Denna
383 1431 26 21 pr
410 1425 107 50 oposifion
534 1426 131 21 besvarades
685 1414 49 34 med
753 1425 159 28 öfvervägande
932 1426 40 22 och
992 1427 50 22 obe-

220 1453 65 21 stridt
304 1453 44 28 nej;
369 1453 86 22 hvarför
470 1455 42 22 den
528 1453 109 24 definitiva
652 1455 308 27 omröstningspropositionen
975 1455 67 23 erhöll

219 1487 26 16 en
261 1482 68 21 sådan
343 1482 91 27 lydelse:

289 1511 60 26 »Den
364 1516 46 17 som
425 1511 125 33 godkänner
565 1511 158 24 betänkandets
739 1511 82 28 förslag
836 1512 33 21 till
884 1514 12 20 3
913 1512 11 28 $
936 1514 11 20 9
956 1513 48 28 kap.
1015 1513 25 22 G.

215 1538 26 21 B.
258 1527 54 33 utan
327 1539 96 28 ändring,
440 1545 76 18 svarar
528 1540 35 27 ja;
