1109 1748
247 110 40 21 136
528 112 41 18 Den
586 110 25 18 23
629 111 92 18 Februari.

216 176 47 20 dets
279 175 138 22 medlemmar
432 175 92 27 utdelas,
540 175 119 27 bordlagda
674 175 32 21 till
721 176 64 20 nästa
800 175 165 27 sammanträde,
982 182 57 14 nem-

215 204 67 28 ligen:

285 234 78 26 nådiga
381 232 162 28 propositionen
561 233 40 21 N:o
621 235 34 25 27,
677 233 111 27 angående
803 233 127 22 förändrade
946 233 93 21 bestäm-

216 263 76 27 ningar
307 268 34 16 om
355 262 176 22 häradsrätterne
546 262 7 20 i
568 262 85 26 landet;

285 291 80 27 nådiga
382 291 162 27 propositionen
562 291 40 21 N:o
621 293 33 25 28,
675 291 111 27 angående
805 290 128 22 förändrade
948 290 92 28 grunder

217 320 32 22 för
264 320 322 26 räntepersedleomsättningen
601 320 7 20 i
623 320 83 26 landet;

286 349 79 27 nådiga
380 348 162 28 propositionen
558 348 39 22 N:o
614 351 33 24 35,
664 349 112 26 angående
791 349 125 27 utvidgning
933 349 22 21 af
963 349 78 22 valrätt

219 378 39 22 och
273 378 112 21 valbarhet
398 378 33 20 till
445 377 165 27 landtdagsman
626 378 6 20 i
648 377 193 27 Borgareståndet;

286 406 79 27 nådiga
387 406 160 27 propositionen
570 406 41 22 N:o
635 408 33 25 36,
693 406 110 27 angående
823 406 89 28 ändring
928 406 23 22 af
963 406 79 27 nådiga

218 435 150 27 förordningen
388 435 40 21 den
451 437 24 19 13
496 435 61 27 April
574 436 54 20 1874
645 442 34 14 om
693 435 112 22 valörerne
821 435 23 21 af
856 436 101 21 Finlands
973 435 68 22 banks

219 464 120 27 sedelmynt
353 470 27 15 m.
396 470 27 15 m.
441 466 61 19 samt.

287 493 78 27 nådiga
385 493 162 27 propositionen
571 493 39 21 N:o
635 495 32 24 29,
692 493 111 27 angående
821 493 111 22 införande
948 493 22 21 af
984 494 58 21 skatt

218 522 33 22 för
266 522 89 22 hundar.

289 551 172 21 Sammanträdet
477 550 74 22 afslöts
568 550 54 22 härå
636 550 92 22 klockan
745 552 26 20 12
787 551 28 27 på
831 551 75 27 dagen.

842 596 22 18 In
876 596 62 18 fidem:

751 625 70 22 Victor
836 625 24 22 de
876 626 20 21 la
913 625 100 28 Chapelle.

349 730 44 23 Den
409 729 30 23 27
455 729 106 24 Februari
579 729 94 23 klockan
692 729 14 22 II
723 729 52 23 före
791 729 125 28 middagen.

289 776 61 22 Efter
373 777 37 21 det
429 777 107 26 justering
555 776 23 22 af
591 776 200 27 protokollsutdrag
807 776 58 22 öfver
880 777 27 20 de
923 777 21 20 af
958 777 87 21 ståndet

221 806 35 21 vid
279 807 86 20 senaste
388 805 156 22 sammanträde
567 805 82 22 fattade
671 805 72 22 beslut
764 805 120 27 försiggått,
904 805 142 28 tillkännagaf

222 835 49 21 herr
289 835 208 21 Landtmarskalken
514 836 32 19 att
564 835 77 26 pollett
660 834 139 21 återlemnats
815 834 33 21 för
863 834 71 27 adliga
950 836 59 20 ätten
1025 835 22 21 af

221 864 128 26 Tengström
371 863 22 21 af
414 864 49 21 dess
483 862 120 28 fullmäktig
622 863 51 22 herr
687 863 100 27 Idestam,
804 863 60 22 Knut
878 863 94 27 Fredrik,
989 865 56 20 samt

222 894 32 20 att
269 892 77 28 pollett
361 893 90 27 uttagits

291 921 33 22 för
347 921 70 27 adliga
439 923 60 19 ätten
521 921 40 21 N:o
585 922 41 20 204
643 927 42 15 von
703 921 116 21 Ammondt
836 920 23 22 af
876 921 49 21 herr
939 928 41 15 von
995 922 50 20 Am-

222 950 79 27 mondt,
321 950 86 21 Edvard
426 950 112 26 Reinhold,
560 950 155 27 generalmajor
733 950 36 22 vid
788 950 60 22 Hans
864 950 120 27 Kejserliga
1000 951 45 21 Ma-

219 979 79 27 jestäts
314 979 47 21 svit.

291 1008 47 21 Och
360 1008 135 26 uppmanade
518 1008 49 21 herr
586 1008 208 21 Landtmarskalken
816 1008 97 21 ståndets
938 1008 106 22 elektorer

224 1038 38 25 att,
279 1038 51 20 enär
345 1036 50 22 herr
409 1036 95 22 Idestam
518 1037 54 21 varit
588 1037 91 21 medlem
695 1036 22 22 af
730 1037 218 27 Jernvägsutskottet,
964 1038 82 26 utvälja

223 1072 27 21 ny
265 1066 95 22 ledamot
375 1066 7 20 i
396 1066 49 22 herr
460 1066 106 21 Idestams
583 1066 69 21 ställe.

291 1158 79 21 Vidare
381 1158 126 22 meddelade
517 1158 50 22 herr
577 1158 214 26 Landtmarskalken,
804 1159 32 20 att
848 1158 65 26 enligt
924 1158 70 27 gjordt
1004 1158 42 22 till-

223 1186 170 28 kännagifvande
413 1187 86 21 ståndet
518 1187 56 21 hade
595 1189 32 19 att
646 1187 35 21 vid
702 1187 60 21 detta
777 1186 87 27 plenum
880 1188 81 20 emotse
977 1186 67 23 öfver-

223 1216 123 21 lemnandet
365 1222 76 20 genom
460 1222 26 15 en
501 1216 96 21 ledamot
612 1215 22 22 af
647 1216 121 26 Kejserliga
783 1215 95 22 Senaten
894 1215 22 21 af
928 1216 66 26 några
1008 1216 38 21 nå-

224 1244 48 27 diga
287 1244 162 27 propositioner,
467 1245 31 21 till
513 1244 52 28 följd
579 1244 77 22 hvaraf
669 1244 49 22 herr
728 1244 207 22 Landtmarskalken
946 1244 32 21 till
988 1245 58 21 med-

223 1274 89 20 lemmar
328 1273 7 21 i
351 1273 42 21 den
416 1274 132 26 deputation,
571 1279 46 15 som
635 1273 36 21 vid
689 1273 96 21 inträdet
802 1273 68 21 borde
887 1274 107 26 emottaga
1008 1274 38 21 be-

224 1302 71 22 mälde
311 1302 178 26 Senatsledamot,
506 1302 65 27 utsåg
585 1302 130 21 friherrarne
730 1308 41 15 von
786 1302 64 26 Troil,
862 1302 86 21 Samuel
957 1302 90 22 Werner

226 1331 40 21 och
277 1332 26 20 de
315 1331 21 21 la
350 1330 101 28 Chapelle
462 1332 56 20 samt
528 1331 103 21 herrarne
641 1330 127 27 Jägerhorn,
779 1330 130 28 Lagerborg,
921 1330 124 28 Alexander,

224 1360 154 27 Wasastjerna,
395 1360 73 21 Alfred
483 1360 74 27 Edgar
573 1360 40 21 och
627 1360 118 21 Hackman.

293 1446 56 21 Från
367 1446 140 21 medständen
527 1446 56 22 hade
598 1445 93 28 följande
706 1445 199 28 protokollsutdrag
920 1446 125 22 ankommit:

293 1475 56 21 Frän
370 1475 163 22 Presteständet
556 1475 23 22 af
599 1475 42 21 den
659 1476 27 20 23
702 1474 109 27 Februari,
831 1475 141 21 meddelande
988 1475 59 22 detta

228 1503 75 22 ständs
318 1503 73 22 beslut
406 1511 34 14 om
455 1503 134 22 tillsättande
605 1503 22 22 af
641 1505 32 20 ett
688 1503 104 22 särskildt
806 1504 86 21 utskott
906 1503 32 22 för
953 1503 93 23 behand-

226 1532 44 27 ling
285 1532 22 22 af
320 1533 41 21 den
377 1533 76 22 väckta
467 1533 119 26 petitionen
601 1538 34 16 om
651 1532 132 27 uppförande
799 1531 22 22 af
836 1534 31 21 ett
883 1532 142 29 Ständerhus;
