1109 1748
212 108 41 20 294
521 111 40 17 Den
577 108 26 19 23
620 110 53 18 Mars.

251 172 100 22 Friherre
370 178 42 16 von
432 172 82 27 Troil,
533 172 86 22 Samuel
633 173 99 21 Werner:
755 168 68 26 Äfven
836 173 38 27 jag
888 173 39 22 ber
942 172 22 22 få
978 173 32 21 bi-

183 201 63 22 träda
261 201 104 27 förslaget
380 203 33 20 att
428 201 141 22 förevarande
585 201 78 27 nådiga
673 201 135 28 proposition
819 202 70 22 skulle
900 201 111 27 samtidigt

182 230 123 22 remitteras
322 230 33 22 till
371 230 70 22 Stats-
458 230 40 22 och
513 230 258 27 Bevillningsutskotten;
788 236 49 15 men
853 230 27 22 då
895 230 116 27 bevillning

182 259 36 21 vid
241 259 71 21 denna
333 259 105 27 landtdag
461 258 23 22 af
505 259 118 21 ständerna
642 259 71 27 äskas,
729 258 104 22 särskildt
852 258 33 22 för
904 260 26 21 de
945 259 8 22 i
969 258 41 22 den

182 288 80 27 nådiga
284 288 161 27 propositionen
469 288 116 21 omordade
607 287 118 27 utgifterna
745 287 34 22 för
801 287 207 27 fängelseväsendet,

183 318 57 20 samt
256 323 27 15 en
297 316 78 28 mängd
391 316 184 27 petitionsförslag
589 316 112 27 angående
711 316 70 22 finska
792 315 84 23 skolors
886 316 124 22 inrättande

184 346 112 22 dessutom
311 345 132 21 förekomma
459 345 32 21 till
507 346 128 20 ständernas
651 345 136 27 behandling,
805 351 63 16 anser
876 345 38 27 jag
924 346 32 21 för
967 345 42 22 min

184 374 34 22 del
234 374 117 21 ständerna
366 380 51 15 vara
433 374 104 28 skyldiga,
554 375 33 20 att
601 373 34 23 för
650 374 42 22 den
705 374 104 21 händelse
821 374 65 21 dessa
895 374 114 27 petitions-

182 403 82 27 förslag
278 402 65 22 vinna
357 402 109 27 afseende,
483 403 66 21 också
564 402 33 22 för
612 403 133 22 statsverket
760 402 74 22 anvisa
850 403 79 27 nödiga
939 403 70 22 medel

182 432 33 21 till
231 432 64 21 deras
311 431 118 27 bringande
444 432 7 20 i
467 432 170 26 verkställighet.
667 432 10 21 I
693 432 78 21 sådant
786 431 102 22 afseende
899 432 62 22 utber
972 432 37 27 jag

183 461 42 26 mig
248 462 33 20 att
302 460 22 21 få
346 460 79 22 föreslå
444 461 37 21 det
496 460 239 28 Bevillningsutskottet
751 460 70 22 skulle
837 460 81 22 erhålla
932 461 7 21 i
955 467 53 21 upp-

183 490 53 26 drag
251 490 33 20 att
299 489 101 21 utarbeta
415 488 154 28 författningen
585 490 31 26 så,
633 491 32 20 att
676 489 27 22 de
715 489 237 27 undantagsförmåner,
962 496 46 15 som

182 518 77 22 hittills
285 518 8 21 i
317 518 101 22 afseende
441 518 13 21 å
476 518 258 28 kartasigillata-afgiften
757 518 123 22 tillkommit
902 518 107 22 särskilda

183 547 63 21 stånd
268 547 41 21 och
328 553 109 21 personer,
454 548 68 21 måtte
537 546 108 28 bortfalla,
662 547 40 21 och
718 547 113 27 samteliga
846 547 86 21 landets
948 548 60 21 inne-

182 576 80 21 vånare
285 576 106 21 likställas
415 576 7 21 i
445 576 101 22 afseende
567 576 12 21 å
598 576 69 22 denna
682 576 123 27 bevillning.
836 576 41 27 Jag
892 582 64 16 anser
972 576 36 22 det

183 611 51 15 vara
249 605 26 20 så
289 604 86 27 mycket
390 605 160 26 nödvändigare
567 604 39 22 och
621 605 126 27 lämpligare
763 605 32 20 uti
810 604 140 22 förevarande
964 604 43 27 fall,

183 640 46 15 som
241 633 48 27 just
305 633 26 21 de
347 633 23 21 af
382 633 43 27 mig
441 633 116 22 omordade
573 633 144 27 petitionerna
732 634 78 21 beröra
825 634 42 21 den
884 633 33 22 del
932 633 75 22 aflan-

183 662 48 21 dets
255 661 129 28 befolkning,
400 662 87 22 hvilken
510 662 76 21 hittills
606 663 89 26 åtnjutit
709 662 94 27 lindring
818 662 6 21 i
840 662 168 27 kartasigillata-

184 690 94 28 afgiften.

251 720 57 21 Herr
323 719 165 22 Oker-Blom:
512 721 41 26 Jag
568 720 39 21 har
621 720 77 27 begärt
713 721 63 20 ordet
791 719 33 22 för
840 721 32 20 att
882 720 78 21 endast
970 727 37 14 an-

182 749 59 20 hålla
257 755 34 14 om
308 750 33 19 att
355 748 21 21 få
392 750 53 25 göra
460 755 26 15 en
502 749 52 21 liten
571 749 145 27 anmärkning.
747 749 10 21 I
773 748 11 28 &
801 751 26 19 36
839 748 23 22 af
870 748 78 28 nådiga
958 755 49 21 pro-

183 777 123 28 positionen
322 778 51 25 står,
391 779 32 20 att
438 777 33 22 till
486 778 246 27 registratorskontoren
747 778 36 21 vid
799 777 105 22 Senatens
913 778 95 27 justitie-

184 806 40 21 och
243 806 250 27 ekonomidepartement
513 807 55 21 skall
583 807 106 21 utlemnas
705 807 176 26 stämpelpapper
895 807 28 26 på
938 807 69 26 reqvi-

184 835 71 21 sition.
286 835 42 20 Vid
342 835 157 22 landskansliet
519 835 2 21 i
536 835 89 27 Wiborg
639 835 68 22 finnes
723 842 26 15 en
765 835 130 27 tjensteman
907 835 99 26 anställd,

185 870 26 15 en
233 864 266 27 landskanslibokhällare,
516 871 46 15 som
585 864 104 22 likaledes
712 865 29 27 pä
756 864 126 27 regvisition
902 864 33 22 fär
954 864 54 28 sälja

185 892 66 28 enligt
267 892 41 22 den
327 893 136 26 instruktion,
480 900 46 14 som
542 893 33 21 för
590 894 77 21 honom
684 896 23 19 är
723 893 101 22 utfärdad
837 893 40 21 och
884 893 124 22 fastställd
1001 888 10 37 i

184 922 121 26 Kejserliga
327 922 92 21 Senaten
443 922 42 22 den
505 924 24 20 15
545 922 120 22 December
681 924 61 20 1865.
773 922 35 21 Dä
822 929 29 14 nu
866 922 78 26 nädiga
958 928 49 21 pro-

183 950 121 27 positionen
321 950 92 22 förbiser
428 951 67 27 detta,
505 952 24 20 sä
544 951 70 21 skulle
627 951 38 27 jag
680 958 51 15 anse
747 952 34 20 att
795 951 34 21 till
840 950 136 22 undvikande
988 951 22 21 af

183 979 151 21 missförstånd
353 980 124 26 lämpligast
499 980 32 21 uti
549 982 27 20 36
599 980 10 28 $
625 980 69 22 skulle
709 980 99 28 inryckas
825 980 54 21 efter
894 980 66 21 orden
976 980 32 21 till

183 1008 219 26 registratorskontor
417 1008 36 21 vid
468 1009 106 21 Senatens
588 1009 94 27 justitie-
701 1010 40 20 och
759 1008 249 28 ekonomidepartement

185 1036 123 27 väfvensom
323 1037 137 22 bokhällaren
477 1038 35 21 vid
527 1038 155 21 landskansliet
700 1038 3 21 i
719 1038 100 26 Wiborgs
836 1038 55 21 län".

253 1066 56 21 Herr
330 1072 42 15 von
391 1066 151 27 Haartman,
558 1066 85 22 Viktor:
667 1067 37 21 Uti
719 1066 163 28 propositionen
897 1066 61 27 ingär
973 1068 35 20 ut-

184 1094 127 28 tryckligen,
327 1096 33 20 att
378 1095 59 21 Hans
456 1095 104 27 Majestät
575 1095 122 22 förbehällit
713 1096 33 26 sig
762 1096 33 20 att
809 1095 135 22 beträffande
959 1096 27 21 de
1001 1096 7 20 i

185 1124 40 20 den
240 1123 108 22 blifvande
363 1123 153 28 författningen
531 1124 88 27 intagna
633 1125 142 26 stadganden,
792 1124 73 21 hvilka
875 1124 90 22 hänföra
976 1124 32 27 sig

184 1152 32 20 till
227 1152 191 27 verkställigheten
429 1152 22 22 af
459 1153 57 22 hvad
525 1154 116 20 ständerna
648 1154 86 21 besluta
741 1153 93 22 rörande
842 1153 166 27 kartasigillata-

184 1180 96 27 afgiften,
296 1181 88 27 vidtaga
404 1182 26 21 de
445 1181 147 28 förfoganden,
608 1188 47 16 som
669 1182 74 22 kunna
758 1182 23 21 af
796 1182 213 26 omständigheterna

183 1209 104 27 päkallas.
318 1210 42 21 Vid
375 1210 79 22 sädant
469 1210 133 22 förhällande
618 1217 63 15 anser
689 1211 37 28 jag
737 1211 38 21 det
786 1210 23 22 af
817 1211 51 21 herr
879 1210 130 22 Oker-Blom

184 1238 76 27 gjorda
281 1238 107 28 yrkandet
410 1240 73 21 kunna
505 1240 7 21 i
535 1240 157 21 administrativ
710 1242 42 25 väg
767 1239 126 28 medgifvas,
909 1241 52 20 utan
977 1241 33 19 att

184 1267 118 21 ständerna
317 1267 88 22 dermed
420 1275 29 14 nu
463 1268 92 22 behöfva
570 1270 51 26 taga
635 1268 126 28 befattning.

253 1296 57 21 Herr
324 1296 143 22 Molander:
491 1297 50 22 Med
557 1298 114 26 anledning
687 1297 23 21 af
723 1298 38 21 det
776 1297 77 27 tillägg
868 1296 89 22 friherre
968 1303 41 15 von

183 1324 59 21 Born
264 1325 49 21 ville
337 1326 52 26 göra
406 1326 36 21 vid
457 1326 70 21 denna
541 1326 79 27 nådiga
634 1326 145 28 propositions
795 1326 77 21 remiss
888 1326 32 21 till
935 1326 75 21 veder-

183 1353 97 21 börande
303 1354 90 26 utskott,
410 1354 36 21 vill
467 1355 39 26 jag
528 1356 77 20 endast
627 1356 95 26 åberopa
740 1355 57 21 hvad
813 1355 60 21 Hans
889 1354 121 27 Kejserliga

183 1382 104 27 Majestät
307 1383 71 21 täckts
397 1383 7 20 i
419 1383 68 22 nåder
502 1383 94 22 förklara
610 1383 36 22 vid
661 1383 130 22 utfärdande
807 1383 24 22 af
844 1383 166 26 kartasigillata-

183 1410 153 27 förordningen
351 1411 22 21 af
386 1412 24 21 år
427 1414 60 19 1872.
518 1413 43 26 Jag
576 1412 93 22 afhåller
683 1413 44 26 mig
741 1413 36 21 vid
794 1412 61 21 detta
870 1411 83 22 tillfälle
963 1411 47 22 från

184 1439 69 27 några
274 1440 73 21 vidare
370 1441 115 27 yttranden
504 1441 52 21 eller
575 1441 142 22 bemötanden
733 1442 25 21 så
773 1441 88 28 mycket
874 1441 74 26 hellre,
964 1447 46 15 som

184 1467 105 28 förslaget
303 1475 28 15 nu
347 1469 38 27 går
400 1469 32 21 till
447 1469 164 23 vederbörande
626 1470 91 22 utskott.

254 1497 72 22 Sedan
350 1498 150 22 diskussionen
516 1499 100 21 afslutats
632 1499 72 22 beslöt
718 1499 89 22 ståndet
823 1499 28 26 på
866 1498 50 22 herr
930 1498 80 21 Landt-

184 1525 148 23 marskalkens
351 1526 157 29 framställning
522 1529 33 20 att
570 1528 111 21 remittera
697 1528 41 22 den
754 1527 79 28 nådiga
849 1527 161 28 propositionen
