1075 1753
36 98 55 23 "28
102 104 47 20 maj.
361 103 69 17 Skifte
442 103 24 16 af
474 103 137 16 fiskevatten.
850 95 42 22 949

64 171 13 21 6
92 171 12 28 8
118 171 51 21 eller
185 171 66 22 orden
269 171 105 21 »Tillhöra
390 171 51 27 byar
457 177 82 15 samma
554 177 69 21 egare,
631 171 36 21 mä
681 171 136 21 räskilnaden
828 170 63 22 emel-

63 199 35 22 lan
121 200 48 21 dem
192 200 46 21 icke
260 200 90 27 uppgås,
372 200 38 21 där
426 205 79 22 egaren
521 200 76 21 sådant
612 201 121 25 motsäger»
751 199 69 22 skulle
835 199 57 27 utgå.

64 228 94 21 Sålunda
180 228 69 21 skulle
270 227 127 28 paragrafen
420 227 22 22 få
464 228 90 27 ungefär
574 235 83 15 samma
671 228 80 27 lydelse
767 234 46 15 som
829 228 6 21 i
851 228 41 21 den

64 257 76 26 nådiga
155 257 168 27 propositionen.
353 257 31 20 På
400 257 26 21 de
441 257 53 26 skäl,
509 263 47 15 som
572 257 7 21 i
591 257 162 21 reservationen
764 255 127 26 framhållas,

64 287 56 19 samt
134 285 28 21 då
173 285 38 27 jag
225 291 63 15 anser
303 285 36 22 det
354 291 51 16 vara
420 285 118 27 oegentligt
553 287 32 20 att
597 287 52 25 göra
664 285 138 27 uppgåendet
813 284 23 21 af
843 285 48 21 råar

63 314 108 21 beroende
191 313 22 22 af
228 313 103 22 växlande
346 313 217 28 egareförhållanden,
579 314 27 21 då
618 314 25 27 ju
659 313 92 28 byarnas
766 313 126 27 rättigheter

64 344 36 19 äro
123 342 118 27 fastslagna
265 343 122 21 oberoende
402 342 62 21 däraf
477 343 40 21 och
533 343 26 21 då
573 343 165 25 bestämningen
753 348 79 15 annars
847 341 46 21 icke

63 370 66 22 häller
150 370 45 22 står
216 371 7 21 i
238 370 223 22 öfverensstämmelse
476 371 49 21 med
540 370 56 22 hvad
612 371 37 21 vår
665 370 153 26 skiftesstadga
832 370 59 21 inne-

62 399 71 25 hållet,
163 398 32 22 får
221 399 38 27 jag
288 399 112 21 hemställa
427 401 32 19 att
489 400 43 21 min
561 399 139 26 reservation,
727 399 88 21 oaktadt
842 398 50 22 den-

64 434 81 14 samma
164 428 45 21 icke
230 428 39 21 bör
289 428 101 21 tillmätas
405 428 71 26 någon
493 431 46 18 stor
554 428 97 27 praktisk
666 428 116 27 betydelse,
798 427 54 22 dock
867 434 25 14 ur

63 456 110 27 principiel
189 456 109 28 synpunkt
313 457 66 21 måtte
394 456 133 28 godkännas.

132 525 33 21 Hr
180 525 136 27 Kyander
331 525 147 21 understödde
494 525 25 21 hr
535 524 99 22 Erenius'
649 524 87 28 förslag.

132 594 70 21 Sedan
218 593 150 21 diskussionen
384 593 115 22 förklarats
514 593 99 27 afslutad,
628 593 124 22 framstälde
765 593 25 21 hr
803 592 88 22 talman-

63 628 41 15 nen
119 622 93 27 följande
228 622 293 28 omröstningsproposition:

131 691 40 27 De,
187 691 75 21 hvilka
281 691 118 27 godkänna
414 691 114 21 utskottets
543 691 84 27 förslag
643 691 35 21 till
694 690 80 28 lydelse
789 690 37 27 för
841 691 15 25 $
873 691 19 25 6,

62 721 60 19 rösta
131 719 40 28 ja;
187 719 31 27 de,
233 719 35 21 det
282 719 45 21 icke
341 722 60 24 göra,
417 721 60 19 rösta
493 720 48 26 nej;

131 748 80 20 vinner
233 748 42 27 nej,
290 747 42 21 har
347 748 179 27 borgareständet
541 748 105 28 omfattat
661 747 42 21 den
719 747 35 21 till
770 747 121 21 vetänkan-

62 776 35 22 det
111 776 77 28 fogade
200 776 170 22 reservationen.

131 845 165 27 Propositionen
319 845 129 21 besvarades
471 845 50 21 med
543 845 157 27 öfvervägande
723 845 41 27 nej,
784 845 40 21 och
839 845 54 21 hade

62 874 178 26 borgareständet
260 873 89 26 säledes,
364 874 6 20 i
387 873 94 27 enlighet
503 874 49 21 med
574 874 105 27 yrkandet
693 874 8 21 i
716 874 40 22 den
773 874 31 21 till
819 874 74 20 betän-

62 902 79 21 kandet
155 902 78 26 fogade
248 902 166 26 reservationen,
430 902 99 22 uteslutit
545 908 76 16 senare
637 903 114 27 meningen
768 909 25 15 ur
809 902 12 28 &
837 902 18 21 6.

133 971 11 26 8
162 971 12 21 7
191 970 39 22 och
246 970 13 22 8
275 970 124 27 godkändes
415 972 51 20 utan
482 971 252 27 meningsskiljaktighet.

132 1033 136 22 Beträffande
284 1034 12 26 &
313 1034 13 20 9
341 1034 73 20 anhöll

131 1102 25 21 hr
180 1102 123 21 Berneri
325 1108 35 15 om
384 1102 61 21 ordet
469 1102 40 21 och
531 1103 92 26 yttrade:
645 1103 88 26 Pyydän
756 1102 65 21 saada
841 1102 52 21 huo-

63 1133 95 18 mauttaa
180 1132 71 19 erästä
269 1131 72 26 pientä
355 1130 114 21 kielellistä
484 1131 93 21 seikkaa.
607 1131 172 23 Ruotsalaisessa
794 1131 99 21 lakiteks-

63 1159 53 21 tissä
131 1164 27 16 on
175 1159 68 21 toisen
259 1159 118 21 momentin
393 1159 166 22 ensimmäisellä
574 1159 69 22 rivillä
657 1159 60 28 tehty
732 1160 56 27 pieni
799 1159 94 27 korjaus.

64 1187 34 22 On
114 1194 53 15 sana
183 1194 105 15 »samma>
306 1187 111 22 vaihdettu
433 1194 80 15 sanaan
531 1194 60 15 »en».
623 1188 55 27 »Sjö,
695 1195 45 14 som
756 1188 69 27 ligger
835 1188 57 21 inom

63 1223 27 14 en
111 1216 112 27 lägenhets
243 1216 78 21 mark.»
353 1216 62 21 Vielä
434 1217 154 21 suuremmalla
603 1217 66 27 syyllä
684 1217 48 21 olisi
747 1216 146 22 samanlainen

62 1245 88 26 korjaus
166 1245 86 21 tehtävä
267 1245 155 21 suomalaiseen
438 1245 95 21 tekstiin.
564 1245 27 22 Se
613 1252 27 15 on
663 1245 121 22 nähtävästi
800 1245 93 27 epähuo-

63 1273 78 22 miosta
153 1273 74 27 jäänyt
243 1273 66 22 siihen
325 1273 117 22 tekemättä
454 1273 24 27 ja
501 1273 136 24 ehdottaisin.
653 1276 44 19 että
712 1274 70 21 toisen
798 1279 95 16 momen-

63 1303 32 20 tin
111 1302 68 27 neljäs
195 1308 52 15 sana
264 1308 99 15 »saman»
381 1302 159 21 vaihdettaisiin
564 1309 78 14 sanaan
660 1302 103 27 »yhden»,
776 1302 57 27 jotta
848 1307 45 16 mo-

63 1331 79 20 mentin
160 1330 49 21 alku
225 1331 58 20 tulisi
299 1330 140 21 kuulumaan:
458 1331 79 26 »Järvi,
550 1331 53 27 joka
613 1337 27 15 on
651 1331 72 28 yhden
734 1331 51 21 tilan
797 1330 96 25 alueella,

63 1359 47 21 eikä
125 1359 33 21 ole
173 1359 147 27 yhteydessä»,
333 1359 16 27 j.
364 1365 20 15 n.
401 1365 17 15 e.

132 1426 157 22 Diskussionen
313 1427 132 22 förklarades
468 1427 94 23 afslutad
585 1428 39 21 och
646 1428 26 21 hr
692 1428 122 21 talmannen
830 1427 63 22 fram-

63 1455 68 21 stälde
146 1455 93 27 följande
255 1456 294 27 omröstningsproposition:
