1073 1764
52 105 21 25 11
85 104 40 19 maj
369 95 191 33 Söndagstrafiken.
837 96 43 21 569

53 167 45 26 mig
112 166 69 27 precis
197 167 35 21 vid
248 167 40 21 den
304 166 145 27 formulering,
465 173 46 14 som
522 166 42 21 han
577 165 117 27 föreslagit,
706 172 48 15 men
768 166 7 20 i
788 165 92 21 hufvud-

54 195 38 21 sak
111 195 86 21 ansluta
218 195 44 27 mig
282 195 30 21 till
334 197 31 19 ett
380 195 110 21 uttalande
505 195 7 20 i
527 195 41 21 den
585 194 100 27 riktning,
700 196 32 19 att
752 194 127 27 regeringen

54 223 66 21 borde
141 223 53 21 söka
214 223 148 22 ästadkomma
385 229 25 15 en
427 223 24 21 sä
465 223 46 22 vidt
525 223 84 27 möjligt
624 222 126 27 fullständig
765 222 115 27 utredning

54 258 35 15 om
114 251 118 22 kostnaden
252 251 33 22 för
308 258 26 15 en
350 251 87 26 reform,
453 258 46 15 som
515 251 57 22 afser
587 253 32 20 att
634 251 79 21 bereda
728 251 152 26 söndagshvila

54 281 22 20 ät
98 280 240 27 järnvägsbetjäningen
361 281 123 20 hvarannan
505 280 88 27 söndag.
623 280 33 21 En
680 280 89 26 petition
788 279 7 21 i
810 279 70 22 denna

54 309 96 26 riktning
172 309 37 26 går
234 309 65 22 också
318 309 70 21 bättre
407 309 49 26 ihop
476 309 48 21 med
540 309 26 21 de
581 309 73 25 motiv,
670 315 47 14 som
732 309 7 20 i
755 309 41 20 den
812 307 68 22 andra

54 337 160 22 reservationen
235 337 69 22 blifvit
322 337 95 26 anförda,
437 337 68 22 ehuru
525 337 164 22 konsekvensen
708 337 38 21 där
761 339 23 19 är
800 337 80 26 dragen

55 366 22 21 åt
97 368 66 19 annat
184 365 48 22 håll.
260 367 42 26 Jag
317 367 38 20 ber
371 366 72 21 därför
458 368 31 19 att
504 365 21 22 få
540 366 6 21 i
561 365 121 22 hufvudsak
698 365 74 22 förena
787 365 43 26 mig
845 371 35 15 om

56 395 26 20 hr
97 395 136 21 Töttermans
248 394 81 27 förslag
344 401 35 15 om
395 395 123 21 återremiss
534 395 32 20 till
581 394 107 21 utskottet
702 394 7 21 i
724 394 36 21 det
770 393 23 22 af
801 393 79 22 honom

56 423 94 27 antydda
164 423 106 22 afseende.

125 481 33 20 Hr
173 481 130 21 Andstén:
318 481 42 27 Jag
375 481 38 21 har
427 481 88 21 anhållit
530 487 35 15 om
582 481 61 20 ordet
653 480 77 21 endast
740 480 32 21 för
783 482 31 19 att
831 485 50 21 gen-

56 511 59 19 emot
137 509 36 21 det
198 509 86 27 förslag,
307 516 45 15 som
376 509 117 22 framstälts
515 509 23 21 af
554 509 25 21 hr
599 509 155 27 Schybergson,
769 508 21 21 få
808 507 74 22 anföra

56 539 32 20 att
106 538 60 21 detta
179 538 29 27 på
222 538 54 21 intet
288 540 48 24 sätt,
352 545 35 14 om
403 538 35 21 det
453 545 72 14 vunne
540 538 142 25 erkännande,
698 537 69 21 skulle
782 536 99 22 tillfreds-

58 566 62 21 ställa
137 566 243 27 järnvägspersonalens
400 567 136 26 önskningar.
566 567 43 20 Det
627 566 41 21 kan
682 566 24 27 ju
723 566 45 21 icke
784 571 51 15 vara
849 564 33 21 för

57 601 27 14 en
102 594 194 27 lokomotivförare,
310 595 122 21 konduktör
448 595 51 21 eller
515 595 111 21 bromsare
642 596 115 25 angenämt
772 596 30 19 att
824 593 58 27 ligga

57 623 67 27 några
139 623 85 21 timmar
239 624 28 26 på
282 624 108 26 söndagen
406 624 59 26 långt
480 623 47 21 från
544 624 37 20 sitt
596 624 47 20 hem
660 623 76 21 endast
751 623 33 21 för
794 624 32 19 att
838 628 44 14 me-

58 652 68 20 ditera
148 652 39 20 och
208 652 100 27 hängifva
330 652 34 27 sig
386 652 21 21 åt
422 652 175 27 kontemplation.
626 652 42 26 Jag
683 653 45 19 tror
744 653 31 19 att
790 651 6 21 i
812 650 70 22 stället

58 679 32 22 för
106 680 59 21 detta
187 680 69 21 skulle
276 681 127 27 personalen
427 681 26 21 då
472 681 86 21 komma
574 682 31 20 att
624 680 98 21 använda
742 680 70 20 denna
826 678 56 22 hvila

58 708 32 21 till
105 708 84 22 diverse
204 709 67 21 andra
286 709 45 21 icke
346 709 88 21 afsedda
456 709 104 21 ändamål.
590 709 111 26 Förslaget
716 708 38 21 har
770 714 43 20 nog
828 708 54 20 varit

58 736 46 22 före
122 737 57 21 inom
201 738 110 26 utskottet,
334 744 49 15 men
405 737 89 27 kraftigt
515 737 86 27 afböjts.
631 738 33 20 De
686 737 50 24 skäl,
761 743 45 15 som
822 736 23 21 af
858 736 25 20 hr

58 772 42 14 von
122 765 71 21 Pfaler
216 766 81 21 anförts
320 766 32 21 för
376 773 25 14 en
425 767 132 20 åtterremiss
581 766 31 21 till
635 766 105 21 utskottet
755 766 7 20 i
778 765 36 21 det
828 764 54 21 afse-

59 794 60 26 ende,
136 800 46 15 som
202 794 25 21 hr
243 795 136 21 Töttermans
394 794 81 27 förslag
489 795 31 21 till
536 795 54 21 kläm
608 794 122 26 innehåller,
739 794 38 20 har
792 793 46 21 icke
853 792 30 21 öf-

59 825 99 25 vertygat
178 824 44 26 mig
245 830 33 14 om
301 825 32 19 att
348 824 58 20 detta
422 824 68 20 skulle
506 823 156 21 tillfredsställa
677 829 29 15 nu
721 821 163 28 ifrågavarande

60 851 99 27 anspråk.
188 852 42 26 Jag
252 852 126 21 inskränker
404 852 44 27 mig
470 852 31 21 till
521 854 31 19 att
574 852 49 20 med
648 851 140 21 användande
810 850 23 21 af
853 852 31 18 ett

59 880 57 21 inom
133 880 86 21 ståndet
234 880 115 27 bevingadt
364 881 84 27 uttryck
458 880 84 22 anhålla
550 882 31 20 att
592 880 85 21 ståndet
688 882 50 18 utan
749 878 135 22 betänkande

59 910 89 25 antager
164 909 66 21 andra
242 910 166 20 reservationen.

129 966 33 20 Hr
178 966 132 26 Krogius:
333 966 72 22 Jämte
427 966 36 21 det
481 967 38 26 jag
533 966 85 21 förenar
638 966 43 26 mig
696 966 7 20 i
718 966 36 20 det
769 964 117 25 uttalande,

59 1000 46 15 som
127 994 69 27 gjorts
218 994 23 22 af
261 994 25 22 hr
308 994 103 28 Tallqvist
427 997 96 19 närmast
538 995 90 21 rörande
644 994 26 21 de
686 994 136 26 svårigheter,
839 999 46 15 som

59 1022 156 28 otvifvelaktigt
237 1023 69 21 skulle
328 1024 79 26 uppstå
430 1024 35 21 vid
487 1026 31 18 ett
540 1023 110 21 ordnande
665 1022 22 22 af
702 1022 96 26 trafiken,
814 1022 72 21 därest

59 1058 49 14 man
131 1052 69 21 skulle
222 1052 80 21 sträfva
320 1052 31 21 till
366 1052 86 21 absolut
467 1052 57 21 hvila
539 1052 32 21 för
588 1052 117 26 godstågen
722 1052 68 21 under
810 1050 76 21 sönda-

60 1086 72 20 garna,
147 1080 36 21 vill
196 1080 37 27 jag
248 1082 58 20 ännu
322 1080 67 22 uttala
404 1081 39 21 den
460 1081 78 21 tvekan
551 1080 38 27 jag
604 1080 68 21 måste
682 1080 53 26 hysa
748 1080 60 21 öfver
819 1079 67 26 lämp-

58 1108 94 27 ligheten
168 1108 23 22 af
204 1115 25 15 en
246 1109 65 21 sådan
328 1109 81 27 åtgärd.
438 1110 42 26 Jag
495 1109 71 21 tviflar
584 1109 28 27 på
626 1108 199 22 tilltredsställelsen
838 1107 46 21 från

58 1137 245 27 järnvägspersonalens
329 1138 46 21 sida
397 1137 22 22 af
438 1140 32 19 att
492 1137 64 22 blifva
576 1137 127 27 uppehållen
722 1138 26 26 på
764 1144 25 14 en
806 1136 78 21 station

60 1166 53 20 midt
132 1166 28 26 på
184 1172 26 14 en
234 1166 50 27 lång
304 1166 127 22 bansträcka
446 1166 69 22 under
530 1168 31 19 ett
576 1166 54 21 visst
645 1166 57 20 antal
717 1166 85 21 timmar
817 1164 68 21 under

60 1194 116 27 söndagen.
206 1195 42 26 Jag
262 1195 42 21 kan
319 1195 46 21 icke
381 1195 64 21 tänka
459 1195 50 27 mig,
525 1201 35 15 om
573 1195 38 26 jag
626 1194 63 22 söker
704 1197 56 19 sätta
775 1194 44 26 mig
838 1192 50 27 själf

60 1223 22 21 in
105 1223 7 20 i
131 1229 26 15 en
174 1223 66 21 sådan
264 1224 108 25 situation,
387 1226 32 18 att
433 1224 37 20 det
484 1230 52 14 vore
551 1224 28 26 på
594 1223 65 27 något
682 1225 42 19 sätt
744 1224 142 26 angenämare

60 1253 32 19 att
114 1253 67 19 starta
197 1252 37 20 sitt
250 1252 90 27 godståg
355 1252 75 27 lördag
444 1252 66 26 afton,
525 1252 162 27 tillryggalägga
702 1258 26 14 en
740 1252 51 26 lång
803 1250 83 22 sträcka

61 1280 39 20 och
123 1280 64 21 sedan
211 1280 53 21 midt
279 1280 7 21 i
301 1280 128 22 ödemarken
449 1282 77 20 stanna
543 1280 33 21 för
591 1280 14 21 4
620 1280 12 21 a
647 1280 13 20 5
676 1280 90 26 timmar,
782 1281 32 19 att
829 1278 58 22 detta

62 1314 51 15 vore
136 1308 164 28 fördelaktigare
323 1311 27 19 än
368 1311 32 19 att
415 1309 52 21 hvar
482 1308 66 22 femte
563 1309 51 21 eller
629 1309 72 21 tionde
717 1308 41 27 dag
773 1307 63 22 hafva
850 1307 37 21 ab-

62 1336 59 22 solut
130 1337 99 27 ledighet,
242 1344 47 14 som
302 1338 38 26 jag
355 1337 41 21 kan
412 1338 125 26 tillbringa
529 1332 13 37 i
548 1338 48 20 mitt
605 1338 55 20 hem.
684 1338 34 20 En
729 1337 66 21 sådan
806 1336 82 26 åtgärd,

62 1372 46 14 som
121 1365 25 21 hr
156 1365 148 27 Schybergson
317 1366 116 27 föreslagit,
443 1366 107 27 nämligen
561 1368 32 19 att
607 1366 99 21 afstanna
720 1364 90 23 trafiken
822 1364 66 27 några

62 1393 85 21 timmar
162 1394 28 27 på
210 1394 116 27 söndagen,
343 1394 69 21 skulle
427 1394 157 27 otvifvelaktigt
598 1394 88 27 betinga
701 1393 187 27 nödvändigheten

62 1424 31 19 att
108 1422 68 21 ordna
191 1422 90 21 trafiken
298 1423 29 25 så,
338 1425 32 18 att
383 1422 126 27 uppehållen
526 1423 68 21 skulle
610 1423 38 20 ske
663 1423 27 26 på
705 1423 57 20 vissa
778 1421 110 24 stationer,

62 1451 38 20 där
116 1451 27 20 då
158 1451 64 21 också
237 1451 81 21 tillfälle
328 1451 70 21 skulle
408 1451 89 21 beredas
509 1451 127 27 personalen
649 1453 31 19 att
691 1451 64 20 åhöra
766 1449 123 28 gudstjänst

64 1479 38 21 och
125 1479 28 26 på
176 1481 30 19 ett
229 1479 124 27 anständigt
376 1481 43 20 sätt
442 1479 109 28 tillbringa
572 1480 69 21 denna
658 1479 99 27 ledighet.
786 1479 42 26 Jag
843 1480 46 19 tror
