1073 1731
81 92 15 17 8
108 92 47 20 maj.
390 83 215 34 Stämpelbevillning.
869 84 43 21 519

152 160 39 26 De,
212 159 74 21 hvilka
305 160 118 26 godkänna
440 160 113 21 utskottets
567 159 84 28 förslag
667 159 36 21 till
718 159 81 27 lydelse
814 158 37 28 för
865 158 16 28 $
897 159 15 20 3

84 188 70 22 under
167 188 105 21 rubriken
285 188 165 32 »Resolution»,
462 190 60 19 rösta
529 188 38 27 ja;
583 188 31 26 de,
624 188 36 20 det
669 188 46 21 icke
725 190 60 30 göra,
795 189 60 19 rösta
865 187 45 27 nej;

152 217 81 21 vinner
252 216 42 28 nej,
313 216 42 21 har
370 201 177 48 borgareståndet
562 205 89 32 beslutit
665 216 162 21 återremittera
840 222 70 21 para-

82 246 79 26 grafen
177 245 10 21 i
201 245 34 21 det
250 245 57 28 syfte
323 245 27 21 hr
365 245 96 21 Pentxin
476 245 121 27 föreslagit.

152 302 166 27 Propositionen
334 302 127 22 besvarades
477 302 49 22 med
542 302 159 27 öfvervägande
715 302 42 26 nej,
769 302 83 20 hvadan
863 301 49 21 bor-

85 331 137 27 gareståndet
244 331 88 21 beslutit
352 331 156 21 återremittera
522 330 128 28 paragrafen
666 330 32 22 till
713 330 107 22 utskottet
833 330 34 21 för
881 331 32 19 att

85 359 106 21 utskottet
212 360 65 20 måtte
300 361 81 19 utsätta
395 360 59 26 lägre
469 358 154 28 stämpelafgift
637 358 34 22 för
687 359 72 27 utslag
774 358 51 22 eller
840 360 72 25 proto-

86 388 138 27 kollsutdrag,
245 388 146 21 innefattande
410 388 96 21 tillstånd
527 390 32 19 att
573 388 94 21 förevisa
682 388 81 21 sådana
778 392 134 22 panoramor,

85 422 47 15 som
148 422 51 16 vore
214 416 23 22 af
250 417 156 21 undervisande
421 417 50 21 eller
487 416 80 22 lärorik
582 419 39 19 art.

154 474 32 20 På
201 473 92 27 begäran
309 474 108 21 lämnades
433 474 62 21 ordet
510 474 22 21 åt

154 531 26 21 hr
200 527 87 30 Öberg
302 538 46 14 som
364 531 92 27 yttrade:
489 531 42 27 Jag
552 531 54 21 hade
621 531 62 21 tänkt
705 532 51 26 göra
774 536 26 15 en
815 529 97 22 anmärk-

86 560 52 27 ning
153 562 45 19 mot
221 560 116 21 utskottets
356 559 81 27 förslag
452 566 34 14 om
502 559 139 27 förpassning
655 559 33 21 för
703 559 92 27 forsling
809 558 23 22 af
845 558 68 22 under

86 595 64 15 mom.
172 589 21 26 a)
216 590 109 26 upptagna
341 594 62 16 varor
425 588 28 27 på
467 588 47 22 sida
528 588 28 22 28
572 588 23 22 af
608 588 150 25 betänkandet,
774 588 89 20 emedan
875 587 39 27 jag

86 616 130 22 beträffande
231 617 70 21 denna
316 617 69 27 punkt
399 617 46 21 icke
460 616 41 22 kan
517 616 48 22 dela
580 617 41 21 den
637 616 22 22 af
675 616 106 22 utskottet
792 616 122 26 föreslagna

85 646 95 26 lydelsen
198 645 23 22 af
239 648 122 19 momentet.
390 645 50 22 Med
461 645 116 33 anledning
595 645 61 21 däraf
669 645 38 22 har
720 645 38 33 jag
773 646 6 20 i
795 644 71 27 bilagd
881 650 32 15 re-

88 674 107 22 servation
211 674 98 27 framlagt
327 674 58 21 mina
400 674 45 21 skäl
460 674 33 21 för
509 674 44 21 min
569 674 113 21 afvikande
697 674 93 26 mening.
819 674 41 26 Jag
875 672 39 22 har

86 703 7 21 i
109 703 58 21 detta
182 702 100 22 afseende
303 702 56 22 velat
383 702 63 22 häfda
467 703 41 21 den
531 698 89 43 princip,
636 705 31 19 att
682 708 27 15 en
725 702 58 21 skatt
797 702 40 20 bör
847 689 67 33 träffa

86 732 37 20 det
136 731 89 21 afsedda
245 731 100 27 objektet.
375 731 39 21 Att
432 731 59 21 detta
511 731 63 21 äfven
593 733 24 19 är
632 731 129 27 nugällande
775 730 138 26 författnings

86 760 55 21 anda
162 760 39 21 och
222 760 87 26 mening
328 760 61 21 torde
411 766 51 15 vara
477 760 65 26 klart;
557 766 50 14 men
623 760 28 21 då
665 760 36 21 vid
715 759 162 27 tillämpningen
893 758 23 21 af

87 788 59 22 detta
160 790 97 20 moment
271 789 40 21 kan
328 788 84 22 inträffa
427 791 31 18 att
473 788 129 22 tvifvelsmål
617 788 90 27 uppstår
718 788 80 26 därom,
809 787 105 21 huruvida

86 816 84 22 skatten
189 816 72 22 träffar
282 817 36 21 det
338 817 77 27 riktiga
433 817 100 27 objektet,
555 817 24 21 så
595 817 38 21 har
645 817 38 27 jag
697 817 7 21 i
720 816 43 22 min
780 816 132 22 reservation

85 845 115 21 framhållit
223 847 64 19 sättet
306 845 33 21 för
360 845 126 21 inträffande
508 845 23 21 af
551 846 67 26 dylikt
632 845 42 21 fall.
704 845 66 21 Detta
785 844 86 26 händer,
886 844 27 21 då

86 880 26 14 en
135 873 47 22 från
203 874 96 21 utlandet
319 874 130 27 importerad
469 874 120 27 spritdryck
605 874 51 21 eller
672 880 51 15 vara
737 873 23 22 af
773 874 40 20 den
830 872 83 22 beskaf-

86 902 78 26 fenhet,
179 909 47 15 som
239 905 124 19 omnämnes
378 903 6 21 i
400 909 64 15 mom.
479 903 27 27 a).
522 902 115 22 oförtullad
652 902 99 22 afsändes
767 902 47 22 från
827 908 26 14 en
864 901 50 21 tull-

86 931 79 21 anstalt
187 931 30 21 till
240 938 27 14 en
287 938 76 14 annan.
393 931 136 21 Tvifvelsmål
552 931 41 21 kan
614 931 75 21 därvid
707 931 85 27 uppstå,
807 930 107 21 huruvida

87 959 84 21 skatten
187 959 73 22 träffar
275 962 42 19 rätt
332 966 56 15 vara.
418 960 43 21 Det
475 960 42 21 kan
532 960 108 26 nämligen
656 960 70 21 hända
744 961 32 20 att
791 965 66 15 varan
867 958 47 22 icke

86 988 96 27 angifves
203 988 31 21 till
257 988 32 22 sin
307 990 57 20 rätta
378 988 146 22 beskaffenhet
539 988 23 22 af
575 988 70 24 orsak,
661 991 32 19 att
708 988 41 21 den
765 994 85 21 person,
866 993 46 15 som

85 1016 100 22 afsänder
201 1023 70 19 varan,
287 1017 46 21 icke
348 1020 36 18 vet
404 1019 65 19 annat
484 1019 26 19 än
533 1019 32 19 att
585 1017 40 21 den
647 1019 23 19 är
690 1016 23 22 af
729 1017 36 21 det
777 1016 52 27 slag,
845 1022 46 15 som
907 1016 7 20 i

86 1045 129 21 märkrullan
237 1046 52 21 eller
310 1046 191 21 konnossementet
523 1045 70 22 finnes
613 1045 100 27 angifvet.
746 1045 34 21 Då
795 1051 26 15 en
837 1044 76 21 tullan-

86 1074 50 20 stalt
150 1074 8 20 i
173 1074 58 21 detta
245 1074 36 21 fall
302 1074 45 21 icke
363 1080 50 21 eger
428 1074 102 26 rättighet
545 1076 32 19 att
592 1062 122 33 undersöka
729 1080 66 15 varan
811 1075 50 19 utan
877 1078 37 16 en-

86 1102 49 21 dast
153 1102 98 27 förpassa
265 1103 124 21 densamma
404 1103 7 21 i
426 1102 95 28 enlighet
535 1103 50 21 med
600 1102 112 28 uppgiften
727 1102 75 22 härom
818 1102 32 21 till
865 1101 49 21 tull-

86 1131 112 25 anstalten,
221 1132 24 20 så
260 1131 41 21 kan
317 1132 36 20 det
374 1131 84 21 inträffa
479 1133 32 19 att
531 1138 26 14 en
574 1138 50 14 vara
638 1131 115 27 förpassas,
769 1130 88 22 oaktadt
872 1130 41 21 den

84 1159 46 21 icke
151 1161 23 19 är
197 1159 22 21 af
233 1160 40 21 den
290 1160 150 26 beskaffenhet,
462 1166 47 15 som
524 1160 7 21 i
547 1160 176 27 förrpassningen
739 1158 102 28 angifves.
871 1158 42 27 Jag

86 1188 38 21 har
145 1188 8 20 i
175 1188 159 22 reservationen
356 1190 96 20 omnämt
473 1188 42 26 fall,
538 1188 27 22 då
587 1195 26 15 en
636 1194 51 16 vara
709 1188 7 21 i
736 1188 177 22 konossementet

86 1216 117 28 uppgifvits
224 1216 33 22 för
276 1217 42 25 vin,
333 1218 7 20 i
355 1217 72 21 stället
440 1216 33 22 för
488 1217 101 27 bomolja.
617 1217 43 26 Jag
674 1217 81 21 känner
771 1216 32 22 till
817 1216 43 25 fall,
876 1216 38 21 där

85 1245 63 27 kolly,
168 1252 46 14 som
230 1246 49 20 bort
294 1246 106 21 innehålla
415 1246 52 26 glas,
483 1246 104 26 därjämte
601 1245 111 21 innehållit
727 1245 100 27 sidentyg
837 1250 19 15 o.
867 1250 17 15 s.
895 1250 19 15 v.

85 1274 51 20 Man
151 1273 41 21 kan
207 1274 46 21 icke
268 1276 49 19 veta
332 1274 144 27 sändningens
491 1274 108 27 egentliga
615 1274 152 25 beskaffenhet,
777 1273 28 21 då
815 1273 41 22 den
867 1272 47 22 icke

85 1302 8 21 i
107 1301 67 22 första
189 1302 56 21 hand
261 1302 23 22 af
296 1302 147 22 tullanstalten
457 1302 150 22 kontrolleras.
637 1303 63 21 Först
715 1302 66 22 sedan
796 1308 66 15 varan
875 1308 39 16 un-

84 1330 86 27 dergått
188 1331 175 27 tullbehandling,
381 1331 90 21 erhålles
486 1330 39 22 full
541 1331 82 21 visshet
639 1337 40 20 om,
695 1333 38 19 när
748 1330 165 28 förpassningen

86 1359 39 21 bör
144 1359 96 21 karteras
258 1360 67 26 enligt
344 1366 65 15 mom.
428 1360 19 26 a)
465 1360 52 21 eller
531 1360 31 26 b).
592 1359 77 22 Därför
685 1359 38 22 har
735 1359 38 27 jag
788 1359 7 21 i
810 1359 59 21 detta
884 1358 30 21 af-

84 1388 80 20 seende
186 1388 116 27 föreslagit,
324 1390 31 20 att
373 1388 164 27 förpassningen
553 1388 55 21 skall
622 1388 96 21 karteras
733 1388 68 26 enligt
815 1393 64 16 mom.
892 1387 22 25 a)

85 1416 77 21 endast
184 1416 27 21 då
233 1416 77 22 sådant
332 1416 41 22 kan
397 1423 40 21 ega
459 1423 47 15 rum
529 1416 52 22 eller
596 1416 53 22 efter
665 1417 36 21 det
716 1422 66 16 varan
798 1415 116 27 undergått

86 1444 174 28 tullbehandling.
293 1445 123 21 Utskottets
431 1445 108 27 majoritet
555 1445 38 21 har
607 1444 115 28 föreslagit,
735 1444 32 22 för
778 1446 32 20 att
821 1443 94 23 undvika

83 1472 72 22 denna
174 1457 137 47 tvetydighet,
333 1476 32 19 att
383 1474 120 26 skyldighet
518 1476 32 19 att
565 1474 90 26 belägga
669 1473 138 27 förpassning
823 1472 48 21 med
887 1478 27 15 en
