<?xml version="1.0" encoding="UTF-8"?>
<alto xmlns="http://www.loc.gov/standards/alto/ns-v3#" xmlns:xlink="http://www.w3.org/1999/xlink" xmlns:xsi="http://www.w3.org/2001/XMLSchema-instance" xsi:schemaLocation="http://www.loc.gov/standards/alto/ns-v3# http://www.loc.gov/alto/v3/alto-3-0.xsd">
	<Description>
		<MeasurementUnit>pixel</MeasurementUnit>
		<sourceImageInformation>
			<fileName>/tmp/tess_7mn2bkaq_input.PNG</fileName>
		</sourceImageInformation>
		<OCRProcessing ID="OCR_0">
			<ocrProcessingStep>
				<processingSoftware>
					<softwareName>tesseract 5.3.4</softwareName>
				</processingSoftware>
			</ocrProcessingStep>
		</OCRProcessing>
	</Description>
	<Layout>
		<Page WIDTH="1073" HEIGHT="1764" PHYSICAL_IMG_NR="0" ID="page_0">
			<PrintSpace HPOS="0" VPOS="0" WIDTH="1073" HEIGHT="1764">
				<ComposedBlock ID="cblock_0" HPOS="55" VPOS="101" WIDTH="826" HEIGHT="32">
					<TextBlock ID="block_0" HPOS="55" VPOS="101" WIDTH="826" HEIGHT="32">
						<TextLine ID="line_0" HPOS="55" VPOS="101" WIDTH="826" HEIGHT="32">
							<String ID="string_0" HPOS="55" VPOS="108" WIDTH="28" HEIGHT="17" WC="0.94" CONTENT="22"/><SP WIDTH="13" VPOS="108" HPOS="83"/>
							<String ID="string_1" HPOS="96" VPOS="108" WIDTH="48" HEIGHT="20" WC="0.95" CONTENT="maj."/><SP WIDTH="262" VPOS="108" HPOS="144"/>
							<String ID="string_2" HPOS="406" VPOS="101" WIDTH="125" HEIGHT="32" WC="0.96" CONTENT="Järnvägar."/><SP WIDTH="311" VPOS="101" HPOS="531"/>
							<String ID="string_3" HPOS="842" VPOS="102" WIDTH="39" HEIGHT="21" WC="0.57" CONTENT="771"/>
						</TextLine>
					</TextBlock>
				</ComposedBlock>
				<GraphicalElement ID="cblock_1" HPOS="57" VPOS="136" WIDTH="826" HEIGHT="4"></GraphicalElement >
				<ComposedBlock ID="cblock_2" HPOS="56" VPOS="175" WIDTH="828" HEIGHT="143">
					<TextBlock ID="block_1" HPOS="56" VPOS="175" WIDTH="828" HEIGHT="143">
						<TextLine ID="line_1" HPOS="56" VPOS="175" WIDTH="827" HEIGHT="29">
							<String ID="string_4" HPOS="56" VPOS="176" WIDTH="46" HEIGHT="22" WC="0.92" CONTENT="icke"/><SP WIDTH="22" VPOS="176" HPOS="102"/>
							<String ID="string_5" HPOS="124" VPOS="176" WIDTH="39" HEIGHT="22" WC="0.91" CONTENT="alls"/><SP WIDTH="23" VPOS="176" HPOS="163"/>
							<String ID="string_6" HPOS="186" VPOS="179" WIDTH="49" HEIGHT="25" WC="0.91" CONTENT="taga"/><SP WIDTH="14" VPOS="179" HPOS="235"/>
							<String ID="string_7" HPOS="249" VPOS="176" WIDTH="51" HEIGHT="27" WC="0.96" CONTENT="ihop"/><SP WIDTH="21" VPOS="176" HPOS="300"/>
							<String ID="string_8" HPOS="321" VPOS="177" WIDTH="49" HEIGHT="21" WC="0.93" CONTENT="med"/><SP WIDTH="19" VPOS="177" HPOS="370"/>
							<String ID="string_9" HPOS="389" VPOS="176" WIDTH="122" HEIGHT="22" WC="0.92" CONTENT="utförandet"/><SP WIDTH="12" VPOS="176" HPOS="511"/>
							<String ID="string_10" HPOS="523" VPOS="176" WIDTH="22" HEIGHT="22" WC="0.93" CONTENT="af"/><SP WIDTH="17" VPOS="176" HPOS="545"/>
							<String ID="string_11" HPOS="562" VPOS="177" WIDTH="76" HEIGHT="25" WC="0.93" CONTENT="banan,"/><SP WIDTH="16" VPOS="177" HPOS="638"/>
							<String ID="string_12" HPOS="654" VPOS="179" WIDTH="22" HEIGHT="25" WC="0.93" CONTENT="ty"/><SP WIDTH="16" VPOS="179" HPOS="676"/>
							<String ID="string_13" HPOS="692" VPOS="176" WIDTH="88" HEIGHT="22" WC="0.92" CONTENT="oaktadt"/><SP WIDTH="11" VPOS="176" HPOS="780"/>
							<String ID="string_14" HPOS="791" VPOS="176" WIDTH="38" HEIGHT="28" WC="0.93" CONTENT="jag"/><SP WIDTH="14" VPOS="176" HPOS="829"/>
							<String ID="string_15" HPOS="843" VPOS="175" WIDTH="40" HEIGHT="22" WC="0.93" CONTENT="alls"/>
						</TextLine>
						<TextLine ID="line_2" HPOS="56" VPOS="204" WIDTH="828" HEIGHT="28">
							<String ID="string_16" HPOS="56" VPOS="205" WIDTH="46" HEIGHT="21" WC="0.92" CONTENT="icke"/><SP WIDTH="22" VPOS="205" HPOS="102"/>
							<String ID="string_17" HPOS="124" VPOS="207" WIDTH="24" HEIGHT="19" WC="0.93" CONTENT="är"/><SP WIDTH="24" VPOS="207" HPOS="148"/>
							<String ID="string_18" HPOS="172" VPOS="205" WIDTH="104" HEIGHT="23" WC="0.90" CONTENT="fackman,"/><SP WIDTH="21" VPOS="205" HPOS="276"/>
							<String ID="string_19" HPOS="297" VPOS="205" WIDTH="40" HEIGHT="21" WC="0.96" CONTENT="kan"/><SP WIDTH="22" VPOS="205" HPOS="337"/>
							<String ID="string_20" HPOS="359" VPOS="205" WIDTH="39" HEIGHT="27" WC="0.96" CONTENT="jag"/><SP WIDTH="21" VPOS="205" HPOS="398"/>
							<String ID="string_21" HPOS="419" VPOS="204" WIDTH="58" HEIGHT="22" WC="0.96" CONTENT="finna"/><SP WIDTH="21" VPOS="204" HPOS="477"/>
							<String ID="string_22" HPOS="498" VPOS="208" WIDTH="37" HEIGHT="23" WC="0.96" CONTENT="att,"/><SP WIDTH="16" VPOS="208" HPOS="535"/>
							<String ID="string_23" HPOS="551" VPOS="212" WIDTH="33" HEIGHT="14" WC="0.93" CONTENT="om"/><SP WIDTH="20" VPOS="212" HPOS="584"/>
							<String ID="string_24" HPOS="604" VPOS="204" WIDTH="206" HEIGHT="28" WC="0.93" CONTENT="kostnadsförslaget"/><SP WIDTH="15" VPOS="204" HPOS="810"/>
							<String ID="string_25" HPOS="825" VPOS="205" WIDTH="7" HEIGHT="21" WC="0.96" CONTENT="i"/><SP WIDTH="15" VPOS="205" HPOS="832"/>
							<String ID="string_26" HPOS="847" VPOS="204" WIDTH="37" HEIGHT="22" WC="0.96" CONTENT="det"/>
						</TextLine>
						<TextLine ID="line_3" HPOS="56" VPOS="233" WIDTH="826" HEIGHT="27">
							<String ID="string_27" HPOS="56" VPOS="234" WIDTH="39" HEIGHT="20" WC="0.92" CONTENT="här"/><SP WIDTH="22" VPOS="234" HPOS="95"/>
							<String ID="string_28" HPOS="117" VPOS="233" WIDTH="59" HEIGHT="21" WC="0.90" CONTENT="fallet"/><SP WIDTH="16" VPOS="233" HPOS="176"/>
							<String ID="string_29" HPOS="192" VPOS="234" WIDTH="114" HEIGHT="21" WC="0.93" CONTENT="bibehälles"/><SP WIDTH="16" VPOS="234" HPOS="306"/>
							<String ID="string_30" HPOS="322" VPOS="233" WIDTH="143" HEIGHT="27" WC="0.90" CONTENT="oförändradt,"/><SP WIDTH="16" VPOS="233" HPOS="465"/>
							<String ID="string_31" HPOS="481" VPOS="234" WIDTH="77" HEIGHT="21" WC="0.92" CONTENT="sädant"/><SP WIDTH="15" VPOS="234" HPOS="558"/>
							<String ID="string_32" HPOS="573" VPOS="234" WIDTH="36" HEIGHT="21" WC="0.93" CONTENT="det"/><SP WIDTH="13" VPOS="234" HPOS="609"/>
							<String ID="string_33" HPOS="622" VPOS="234" WIDTH="114" HEIGHT="26" WC="0.91" CONTENT="uppgjorts"/><SP WIDTH="16" VPOS="234" HPOS="736"/>
							<String ID="string_34" HPOS="752" VPOS="234" WIDTH="68" HEIGHT="21" WC="0.93" CONTENT="under"/><SP WIDTH="15" VPOS="234" HPOS="820"/>
							<String ID="string_35" HPOS="835" VPOS="233" WIDTH="47" HEIGHT="21" WC="0.93" CONTENT="tidi-"/>
						</TextLine>
						<TextLine ID="line_4" HPOS="58" VPOS="262" WIDTH="824" HEIGHT="28">
							<String ID="string_36" HPOS="58" VPOS="268" WIDTH="50" HEIGHT="21" WC="0.93" CONTENT="gare"/><SP WIDTH="15" VPOS="268" HPOS="108"/>
							<String ID="string_37" HPOS="123" VPOS="262" WIDTH="96" HEIGHT="26" WC="0.88" CONTENT="billigare"/><SP WIDTH="15" VPOS="262" HPOS="219"/>
							<String ID="string_38" HPOS="234" VPOS="262" WIDTH="177" HEIGHT="27" WC="0.93" CONTENT="arbetsperioder,"/><SP WIDTH="16" VPOS="262" HPOS="411"/>
							<String ID="string_39" HPOS="427" VPOS="262" WIDTH="35" HEIGHT="21" WC="0.96" CONTENT="det"/><SP WIDTH="16" VPOS="262" HPOS="462"/>
							<String ID="string_40" HPOS="478" VPOS="262" WIDTH="53" HEIGHT="22" WC="0.96" CONTENT="skall"/><SP WIDTH="16" VPOS="262" HPOS="531"/>
							<String ID="string_41" HPOS="547" VPOS="269" WIDTH="51" HEIGHT="15" WC="0.93" CONTENT="vara"/><SP WIDTH="14" VPOS="269" HPOS="598"/>
							<String ID="string_42" HPOS="612" VPOS="265" WIDTH="78" HEIGHT="25" WC="0.93" CONTENT="ytterst"/><SP WIDTH="16" VPOS="265" HPOS="690"/>
							<String ID="string_43" HPOS="706" VPOS="262" WIDTH="59" HEIGHT="21" WC="0.92" CONTENT="svärt"/><SP WIDTH="9" VPOS="262" HPOS="765"/>
							<String ID="string_44" HPOS="774" VPOS="262" WIDTH="32" HEIGHT="21" WC="0.92" CONTENT="för"/><SP WIDTH="11" VPOS="262" HPOS="806"/>
							<String ID="string_45" HPOS="817" VPOS="262" WIDTH="65" HEIGHT="27" WC="0.92" CONTENT="bygg-"/>
						</TextLine>
						<TextLine ID="line_5" HPOS="56" VPOS="290" WIDTH="827" HEIGHT="28">
							<String ID="string_46" HPOS="56" VPOS="290" WIDTH="231" HEIGHT="27" WC="0.91" CONTENT="nadsmyndigheterna"/><SP WIDTH="21" VPOS="290" HPOS="287"/>
							<String ID="string_47" HPOS="308" VPOS="293" WIDTH="32" HEIGHT="19" WC="0.93" CONTENT="att"/><SP WIDTH="18" VPOS="293" HPOS="340"/>
							<String ID="string_48" HPOS="358" VPOS="290" WIDTH="21" HEIGHT="22" WC="0.93" CONTENT="fä"/><SP WIDTH="19" VPOS="290" HPOS="379"/>
							<String ID="string_49" HPOS="398" VPOS="291" WIDTH="83" HEIGHT="21" WC="0.93" CONTENT="arbetet"/><SP WIDTH="18" VPOS="291" HPOS="481"/>
							<String ID="string_50" HPOS="499" VPOS="291" WIDTH="82" HEIGHT="21" WC="0.92" CONTENT="utfördt"/><SP WIDTH="14" VPOS="291" HPOS="581"/>
							<String ID="string_51" HPOS="595" VPOS="291" WIDTH="58" HEIGHT="21" WC="0.93" CONTENT="inom"/><SP WIDTH="16" VPOS="291" HPOS="653"/>
							<String ID="string_52" HPOS="669" VPOS="290" WIDTH="214" HEIGHT="28" WC="0.91" CONTENT="kostnadsförslaget."/>
						</TextLine>
					</TextBlock>
				</ComposedBlock>
				<ComposedBlock ID="cblock_3" HPOS="54" VPOS="347" WIDTH="830" HEIGHT="315">
					<TextBlock ID="block_2" HPOS="54" VPOS="347" WIDTH="830" HEIGHT="107">
						<TextLine ID="line_6" HPOS="126" VPOS="347" WIDTH="758" HEIGHT="27">
							<String ID="string_53" HPOS="126" VPOS="348" WIDTH="33" HEIGHT="21" WC="0.96" CONTENT="Hr"/><SP WIDTH="15" VPOS="348" HPOS="159"/>
							<String ID="string_54" HPOS="174" VPOS="348" WIDTH="126" HEIGHT="21" WC="0.96" CONTENT="Neovius:"/><SP WIDTH="29" VPOS="348" HPOS="300"/>
							<String ID="string_55" HPOS="329" VPOS="348" WIDTH="42" HEIGHT="26" WC="0.96" CONTENT="Jag"/><SP WIDTH="15" VPOS="348" HPOS="371"/>
							<String ID="string_56" HPOS="386" VPOS="348" WIDTH="36" HEIGHT="21" WC="0.96" CONTENT="vill"/><SP WIDTH="15" VPOS="348" HPOS="422"/>
							<String ID="string_57" HPOS="437" VPOS="348" WIDTH="77" HEIGHT="21" WC="0.97" CONTENT="endast"/><SP WIDTH="14" VPOS="348" HPOS="514"/>
							<String ID="string_58" HPOS="528" VPOS="348" WIDTH="55" HEIGHT="21" WC="0.96" CONTENT="först"/><SP WIDTH="15" VPOS="348" HPOS="583"/>
							<String ID="string_59" HPOS="598" VPOS="348" WIDTH="39" HEIGHT="22" WC="0.96" CONTENT="och"/><SP WIDTH="15" VPOS="348" HPOS="637"/>
							<String ID="string_60" HPOS="652" VPOS="348" WIDTH="78" HEIGHT="21" WC="0.93" CONTENT="främst"/><SP WIDTH="10" VPOS="348" HPOS="730"/>
							<String ID="string_61" HPOS="740" VPOS="347" WIDTH="102" HEIGHT="21" WC="0.92" CONTENT="anmärka"/><SP WIDTH="10" VPOS="347" HPOS="842"/>
							<String ID="string_62" HPOS="852" VPOS="349" WIDTH="32" HEIGHT="19" WC="0.97" CONTENT="att"/>
						</TextLine>
						<TextLine ID="line_7" HPOS="54" VPOS="376" WIDTH="829" HEIGHT="28">
							<String ID="string_63" HPOS="54" VPOS="376" WIDTH="38" HEIGHT="27" WC="0.93" CONTENT="jag"/><SP WIDTH="15" VPOS="376" HPOS="92"/>
							<String ID="string_64" HPOS="107" VPOS="376" WIDTH="45" HEIGHT="22" WC="0.93" CONTENT="icke"/><SP WIDTH="16" VPOS="376" HPOS="152"/>
							<String ID="string_65" HPOS="168" VPOS="376" WIDTH="50" HEIGHT="22" WC="0.96" CONTENT="sade"/><SP WIDTH="15" VPOS="376" HPOS="218"/>
							<String ID="string_66" HPOS="233" VPOS="378" WIDTH="31" HEIGHT="20" WC="0.96" CONTENT="att"/><SP WIDTH="13" VPOS="378" HPOS="264"/>
							<String ID="string_67" HPOS="277" VPOS="376" WIDTH="37" HEIGHT="27" WC="0.93" CONTENT="jag"/><SP WIDTH="14" VPOS="376" HPOS="314"/>
							<String ID="string_68" HPOS="328" VPOS="376" WIDTH="85" HEIGHT="22" WC="0.92" CONTENT="förenar"/><SP WIDTH="16" VPOS="376" HPOS="413"/>
							<String ID="string_69" HPOS="429" VPOS="377" WIDTH="44" HEIGHT="27" WC="0.96" CONTENT="mig"/><SP WIDTH="15" VPOS="377" HPOS="473"/>
							<String ID="string_70" HPOS="488" VPOS="377" WIDTH="49" HEIGHT="21" WC="0.96" CONTENT="med"/><SP WIDTH="15" VPOS="377" HPOS="537"/>
							<String ID="string_71" HPOS="552" VPOS="376" WIDTH="25" HEIGHT="22" WC="0.96" CONTENT="hr"/><SP WIDTH="15" VPOS="376" HPOS="577"/>
							<String ID="string_72" HPOS="592" VPOS="377" WIDTH="58" HEIGHT="25" WC="0.96" CONTENT="Lille,"/><SP WIDTH="16" VPOS="377" HPOS="650"/>
							<String ID="string_73" HPOS="666" VPOS="379" WIDTH="52" HEIGHT="19" WC="0.97" CONTENT="utan"/><SP WIDTH="12" VPOS="379" HPOS="718"/>
							<String ID="string_74" HPOS="730" VPOS="378" WIDTH="33" HEIGHT="20" WC="0.97" CONTENT="att"/><SP WIDTH="10" VPOS="378" HPOS="763"/>
							<String ID="string_75" HPOS="773" VPOS="376" WIDTH="37" HEIGHT="27" WC="0.93" CONTENT="jag"/><SP WIDTH="10" VPOS="376" HPOS="810"/>
							<String ID="string_76" HPOS="820" VPOS="376" WIDTH="63" HEIGHT="27" WC="0.93" CONTENT="hyser"/>
						</TextLine>
						<TextLine ID="line_8" HPOS="56" VPOS="402" WIDTH="827" HEIGHT="56">
							<String ID="string_77" HPOS="56" VPOS="402" WIDTH="83" HEIGHT="56" WC="0.29" CONTENT="&quot;Alma"/><SP WIDTH="19" VPOS="402" HPOS="139"/>
							<String ID="string_78" HPOS="158" VPOS="405" WIDTH="168" HEIGHT="27" WC="0.95" CONTENT="betänkligheter"/><SP WIDTH="19" VPOS="405" HPOS="326"/>
							<String ID="string_79" HPOS="345" VPOS="411" WIDTH="46" HEIGHT="15" WC="0.96" CONTENT="som"/><SP WIDTH="19" VPOS="411" HPOS="391"/>
							<String ID="string_80" HPOS="410" VPOS="405" WIDTH="42" HEIGHT="21" WC="0.96" CONTENT="han"/><SP WIDTH="23" VPOS="405" HPOS="452"/>
							<String ID="string_81" HPOS="475" VPOS="405" WIDTH="131" HEIGHT="21" WC="0.90" CONTENT="beträffande"/><SP WIDTH="15" VPOS="405" HPOS="606"/>
							<String ID="string_82" HPOS="621" VPOS="405" WIDTH="141" HEIGHT="27" WC="0.92" CONTENT="affattningen"/><SP WIDTH="16" VPOS="405" HPOS="762"/>
							<String ID="string_83" HPOS="778" VPOS="404" WIDTH="22" HEIGHT="22" WC="0.96" CONTENT="af"/><SP WIDTH="13" VPOS="404" HPOS="800"/>
							<String ID="string_84" HPOS="813" VPOS="405" WIDTH="70" HEIGHT="21" WC="0.96" CONTENT="denna"/>
						</TextLine>
					</TextBlock>
					<TextBlock ID="block_3" HPOS="71" VPOS="434" WIDTH="49" HEIGHT="20">
						<TextLine ID="line_9" HPOS="71" VPOS="434" WIDTH="49" HEIGHT="20">
							<String ID="string_85" HPOS="71" VPOS="434" WIDTH="49" HEIGHT="20" WC="0.96" CONTENT="läm."/>
						</TextLine>
					</TextBlock>
					<TextBlock ID="block_4" HPOS="54" VPOS="462" WIDTH="830" HEIGHT="200">
						<TextLine ID="line_10" HPOS="126" VPOS="462" WIDTH="758" HEIGHT="28">
							<String ID="string_86" HPOS="126" VPOS="462" WIDTH="99" HEIGHT="21" WC="0.90" CONTENT="Därefter"/><SP WIDTH="23" VPOS="462" HPOS="225"/>
							<String ID="string_87" HPOS="248" VPOS="462" WIDTH="68" HEIGHT="21" WC="0.94" CONTENT="skulle"/><SP WIDTH="20" VPOS="462" HPOS="316"/>
							<String ID="string_88" HPOS="336" VPOS="462" WIDTH="38" HEIGHT="27" WC="0.96" CONTENT="jag"/><SP WIDTH="15" VPOS="462" HPOS="374"/>
							<String ID="string_89" HPOS="389" VPOS="462" WIDTH="50" HEIGHT="27" WC="0.93" CONTENT="vilja"/><SP WIDTH="14" VPOS="462" HPOS="439"/>
							<String ID="string_90" HPOS="453" VPOS="462" WIDTH="56" HEIGHT="22" WC="0.92" CONTENT="fästa"/><SP WIDTH="20" VPOS="462" HPOS="509"/>
							<String ID="string_91" HPOS="529" VPOS="462" WIDTH="217" HEIGHT="28" WC="0.92" CONTENT="uppmärksamheten"/><SP WIDTH="20" VPOS="462" HPOS="746"/>
							<String ID="string_92" HPOS="766" VPOS="462" WIDTH="70" HEIGHT="27" WC="0.92" CONTENT="därpä,"/><SP WIDTH="16" VPOS="462" HPOS="836"/>
							<String ID="string_93" HPOS="852" VPOS="463" WIDTH="32" HEIGHT="20" WC="0.96" CONTENT="att"/>
						</TextLine>
						<TextLine ID="line_11" HPOS="54" VPOS="490" WIDTH="829" HEIGHT="28">
							<String ID="string_94" HPOS="54" VPOS="491" WIDTH="39" HEIGHT="27" WC="0.90" CONTENT="jag"/><SP WIDTH="20" VPOS="491" HPOS="93"/>
							<String ID="string_95" HPOS="113" VPOS="490" WIDTH="46" HEIGHT="22" WC="0.90" CONTENT="icke"/><SP WIDTH="20" VPOS="490" HPOS="159"/>
							<String ID="string_96" HPOS="179" VPOS="490" WIDTH="108" HEIGHT="22" WC="0.91" CONTENT="kritiserat"/><SP WIDTH="22" VPOS="490" HPOS="287"/>
							<String ID="string_97" HPOS="309" VPOS="491" WIDTH="51" HEIGHT="21" WC="0.93" CONTENT="eller"/><SP WIDTH="23" VPOS="491" HPOS="360"/>
							<String ID="string_98" HPOS="383" VPOS="491" WIDTH="91" HEIGHT="21" WC="0.92" CONTENT="bestridt"/><SP WIDTH="21" VPOS="491" HPOS="474"/>
							<String ID="string_99" HPOS="495" VPOS="491" WIDTH="128" HEIGHT="27" WC="0.92" CONTENT="riktigheten"/><SP WIDTH="16" VPOS="491" HPOS="623"/>
							<String ID="string_100" HPOS="639" VPOS="490" WIDTH="23" HEIGHT="22" WC="0.93" CONTENT="af"/><SP WIDTH="17" VPOS="490" HPOS="662"/>
							<String ID="string_101" HPOS="679" VPOS="490" WIDTH="117" HEIGHT="22" WC="0.93" CONTENT="utskottets"/><SP WIDTH="15" VPOS="490" HPOS="796"/>
							<String ID="string_102" HPOS="811" VPOS="490" WIDTH="72" HEIGHT="26" WC="0.92" CONTENT="motiv,"/>
						</TextLine>
						<TextLine ID="line_12" HPOS="58" VPOS="519" WIDTH="825" HEIGHT="28">
							<String ID="string_103" HPOS="58" VPOS="525" WIDTH="48" HEIGHT="16" WC="0.96" CONTENT="men"/><SP WIDTH="21" VPOS="525" HPOS="106"/>
							<String ID="string_104" HPOS="127" VPOS="520" WIDTH="38" HEIGHT="27" WC="0.93" CONTENT="jag"/><SP WIDTH="21" VPOS="520" HPOS="165"/>
							<String ID="string_105" HPOS="186" VPOS="519" WIDTH="97" HEIGHT="22" WC="0.91" CONTENT="framhöll"/><SP WIDTH="20" VPOS="519" HPOS="283"/>
							<String ID="string_106" HPOS="303" VPOS="522" WIDTH="31" HEIGHT="19" WC="0.96" CONTENT="att"/><SP WIDTH="16" VPOS="522" HPOS="334"/>
							<String ID="string_107" HPOS="350" VPOS="520" WIDTH="36" HEIGHT="21" WC="0.96" CONTENT="det"/><SP WIDTH="17" VPOS="520" HPOS="386"/>
							<String ID="string_108" HPOS="403" VPOS="520" WIDTH="33" HEIGHT="21" WC="0.93" CONTENT="för"/><SP WIDTH="19" VPOS="520" HPOS="436"/>
							<String ID="string_109" HPOS="455" VPOS="521" WIDTH="115" HEIGHT="20" WC="0.92" CONTENT="ständerna"/><SP WIDTH="15" VPOS="521" HPOS="570"/>
							<String ID="string_110" HPOS="585" VPOS="520" WIDTH="105" HEIGHT="21" WC="0.92" CONTENT="mähända"/><SP WIDTH="16" VPOS="520" HPOS="690"/>
							<String ID="string_111" HPOS="706" VPOS="525" WIDTH="51" HEIGHT="16" WC="0.92" CONTENT="vore"/><SP WIDTH="15" VPOS="525" HPOS="757"/>
							<String ID="string_112" HPOS="772" VPOS="526" WIDTH="43" HEIGHT="20" WC="0.93" CONTENT="nog"/><SP WIDTH="15" VPOS="526" HPOS="815"/>
							<String ID="string_113" HPOS="830" VPOS="519" WIDTH="53" HEIGHT="21" WC="0.92" CONTENT="vidt-"/>
						</TextLine>
						<TextLine ID="line_13" HPOS="58" VPOS="548" WIDTH="826" HEIGHT="27">
							<String ID="string_114" HPOS="58" VPOS="548" WIDTH="82" HEIGHT="27" WC="0.91" CONTENT="gäende"/><SP WIDTH="22" VPOS="548" HPOS="140"/>
							<String ID="string_115" HPOS="162" VPOS="550" WIDTH="32" HEIGHT="19" WC="0.95" CONTENT="att"/><SP WIDTH="20" VPOS="550" HPOS="194"/>
							<String ID="string_116" HPOS="214" VPOS="549" WIDTH="28" HEIGHT="26" WC="0.96" CONTENT="pä"/><SP WIDTH="21" VPOS="549" HPOS="242"/>
							<String ID="string_117" HPOS="263" VPOS="548" WIDTH="38" HEIGHT="21" WC="0.96" CONTENT="rak"/><SP WIDTH="22" VPOS="548" HPOS="301"/>
							<String ID="string_118" HPOS="323" VPOS="555" WIDTH="45" HEIGHT="14" WC="0.90" CONTENT="arm"/><SP WIDTH="19" VPOS="555" HPOS="368"/>
							<String ID="string_119" HPOS="387" VPOS="551" WIDTH="110" HEIGHT="24" WC="0.90" CONTENT="acceptera"/><SP WIDTH="15" VPOS="551" HPOS="497"/>
							<String ID="string_120" HPOS="512" VPOS="549" WIDTH="106" HEIGHT="20" WC="0.92" CONTENT="klämmen"/><SP WIDTH="16" VPOS="549" HPOS="618"/>
							<String ID="string_121" HPOS="634" VPOS="548" WIDTH="110" HEIGHT="21" WC="0.91" CONTENT="definitivt."/><SP WIDTH="31" VPOS="548" HPOS="744"/>
							<String ID="string_122" HPOS="775" VPOS="548" WIDTH="43" HEIGHT="21" WC="0.93" CONTENT="Det"/><SP WIDTH="14" VPOS="548" HPOS="818"/>
							<String ID="string_123" HPOS="832" VPOS="554" WIDTH="52" HEIGHT="15" WC="0.93" CONTENT="vore"/>
						</TextLine>
						<TextLine ID="line_14" HPOS="58" VPOS="576" WIDTH="823" HEIGHT="28">
							<String ID="string_124" HPOS="58" VPOS="577" WIDTH="105" HEIGHT="21" WC="0.92" CONTENT="mähända"/><SP WIDTH="23" VPOS="577" HPOS="163"/>
							<String ID="string_125" HPOS="186" VPOS="577" WIDTH="46" HEIGHT="21" WC="0.96" CONTENT="skäl"/><SP WIDTH="22" VPOS="577" HPOS="232"/>
							<String ID="string_126" HPOS="254" VPOS="579" WIDTH="31" HEIGHT="19" WC="0.93" CONTENT="att"/><SP WIDTH="21" VPOS="579" HPOS="285"/>
							<String ID="string_127" HPOS="306" VPOS="576" WIDTH="74" HEIGHT="22" WC="0.93" CONTENT="affatta"/><SP WIDTH="15" VPOS="576" HPOS="380"/>
							<String ID="string_128" HPOS="395" VPOS="577" WIDTH="106" HEIGHT="21" WC="0.92" CONTENT="klämmen"/><SP WIDTH="17" VPOS="577" HPOS="501"/>
							<String ID="string_129" HPOS="518" VPOS="577" WIDTH="29" HEIGHT="26" WC="0.96" CONTENT="sä,"/><SP WIDTH="15" VPOS="577" HPOS="547"/>
							<String ID="string_130" HPOS="562" VPOS="579" WIDTH="32" HEIGHT="20" WC="0.96" CONTENT="att"/><SP WIDTH="15" VPOS="579" HPOS="594"/>
							<String ID="string_131" HPOS="609" VPOS="579" WIDTH="58" HEIGHT="19" WC="0.96" CONTENT="ännu"/><SP WIDTH="16" VPOS="579" HPOS="667"/>
							<String ID="string_132" HPOS="683" VPOS="583" WIDTH="26" HEIGHT="15" WC="0.92" CONTENT="en"/><SP WIDTH="16" VPOS="583" HPOS="709"/>
							<String ID="string_133" HPOS="725" VPOS="576" WIDTH="101" HEIGHT="28" WC="0.92" CONTENT="pröfning"/><SP WIDTH="14" VPOS="576" HPOS="826"/>
							<String ID="string_134" HPOS="840" VPOS="577" WIDTH="41" HEIGHT="21" WC="0.96" CONTENT="kan"/>
						</TextLine>
						<TextLine ID="line_15" HPOS="58" VPOS="605" WIDTH="825" HEIGHT="28">
							<String ID="string_135" HPOS="58" VPOS="605" WIDTH="87" HEIGHT="22" WC="0.95" CONTENT="komma"/><SP WIDTH="15" VPOS="605" HPOS="145"/>
							<String ID="string_136" HPOS="160" VPOS="605" WIDTH="31" HEIGHT="22" WC="0.93" CONTENT="till"/><SP WIDTH="15" VPOS="605" HPOS="191"/>
							<String ID="string_137" HPOS="206" VPOS="605" WIDTH="68" HEIGHT="26" WC="0.96" CONTENT="stånd,"/><SP WIDTH="16" VPOS="605" HPOS="274"/>
							<String ID="string_138" HPOS="290" VPOS="605" WIDTH="39" HEIGHT="22" WC="0.96" CONTENT="och"/><SP WIDTH="15" VPOS="605" HPOS="329"/>
							<String ID="string_139" HPOS="344" VPOS="608" WIDTH="32" HEIGHT="19" WC="0.93" CONTENT="att"/><SP WIDTH="15" VPOS="608" HPOS="376"/>
							<String ID="string_140" HPOS="391" VPOS="606" WIDTH="55" HEIGHT="21" WC="0.96" CONTENT="blott"/><SP WIDTH="15" VPOS="606" HPOS="446"/>
							<String ID="string_141" HPOS="461" VPOS="606" WIDTH="49" HEIGHT="21" WC="0.93" CONTENT="med"/><SP WIDTH="15" VPOS="606" HPOS="510"/>
							<String ID="string_142" HPOS="525" VPOS="606" WIDTH="67" HEIGHT="27" WC="0.96" CONTENT="några"/><SP WIDTH="15" VPOS="606" HPOS="592"/>
							<String ID="string_143" HPOS="607" VPOS="606" WIDTH="39" HEIGHT="21" WC="0.96" CONTENT="ord"/><SP WIDTH="16" VPOS="606" HPOS="646"/>
							<String ID="string_144" HPOS="662" VPOS="605" WIDTH="69" HEIGHT="22" WC="0.93" CONTENT="skulle"/><SP WIDTH="10" VPOS="605" HPOS="731"/>
							<String ID="string_145" HPOS="741" VPOS="605" WIDTH="104" HEIGHT="27" WC="0.93" CONTENT="häntydas"/><SP WIDTH="11" VPOS="605" HPOS="845"/>
							<String ID="string_146" HPOS="856" VPOS="605" WIDTH="27" HEIGHT="27" WC="0.97" CONTENT="pä"/>
						</TextLine>
						<TextLine ID="line_16" HPOS="58" VPOS="634" WIDTH="762" HEIGHT="28">
							<String ID="string_147" HPOS="58" VPOS="634" WIDTH="37" HEIGHT="21" WC="0.95" CONTENT="det"/><SP WIDTH="15" VPOS="634" HPOS="95"/>
							<String ID="string_148" HPOS="110" VPOS="636" WIDTH="86" HEIGHT="25" WC="0.95" CONTENT="system,"/><SP WIDTH="16" VPOS="636" HPOS="196"/>
							<String ID="string_149" HPOS="212" VPOS="641" WIDTH="45" HEIGHT="14" WC="0.96" CONTENT="som"/><SP WIDTH="17" VPOS="641" HPOS="257"/>
							<String ID="string_150" HPOS="274" VPOS="635" WIDTH="66" HEIGHT="20" WC="0.96" CONTENT="borde"/><SP WIDTH="16" VPOS="635" HPOS="340"/>
							<String ID="string_151" HPOS="356" VPOS="635" WIDTH="85" HEIGHT="20" WC="0.96" CONTENT="komma"/><SP WIDTH="15" VPOS="635" HPOS="441"/>
							<String ID="string_152" HPOS="456" VPOS="637" WIDTH="32" HEIGHT="19" WC="0.96" CONTENT="att"/><SP WIDTH="14" VPOS="637" HPOS="488"/>
							<String ID="string_153" HPOS="502" VPOS="635" WIDTH="106" HEIGHT="27" WC="0.96" CONTENT="tillämpas"/><SP WIDTH="16" VPOS="635" HPOS="608"/>
							<String ID="string_154" HPOS="624" VPOS="634" WIDTH="34" HEIGHT="21" WC="0.96" CONTENT="för"/><SP WIDTH="16" VPOS="634" HPOS="658"/>
							<String ID="string_155" HPOS="674" VPOS="635" WIDTH="70" HEIGHT="20" WC="0.93" CONTENT="denna"/><SP WIDTH="16" VPOS="635" HPOS="744"/>
							<String ID="string_156" HPOS="760" VPOS="634" WIDTH="60" HEIGHT="21" WC="0.91" CONTENT="bana."/>
						</TextLine>
					</TextBlock>
				</ComposedBlock>
				<ComposedBlock ID="cblock_4" HPOS="57" VPOS="691" WIDTH="827" HEIGHT="56">
					<TextBlock ID="block_5" HPOS="57" VPOS="691" WIDTH="827" HEIGHT="56">
						<TextLine ID="line_17" HPOS="128" VPOS="691" WIDTH="756" HEIGHT="26">
							<String ID="string_157" HPOS="128" VPOS="691" WIDTH="157" HEIGHT="22" WC="0.91" CONTENT="Diskussionen"/><SP WIDTH="25" VPOS="691" HPOS="285"/>
							<String ID="string_158" HPOS="310" VPOS="691" WIDTH="131" HEIGHT="22" WC="0.90" CONTENT="förklarades"/><SP WIDTH="28" VPOS="691" HPOS="441"/>
							<String ID="string_159" HPOS="469" VPOS="691" WIDTH="98" HEIGHT="26" WC="0.90" CONTENT="afslutad,"/><SP WIDTH="25" VPOS="691" HPOS="567"/>
							<String ID="string_160" HPOS="592" VPOS="691" WIDTH="66" HEIGHT="22" WC="0.91" CONTENT="hvarä"/><SP WIDTH="22" VPOS="691" HPOS="658"/>
							<String ID="string_161" HPOS="680" VPOS="691" WIDTH="117" HEIGHT="22" WC="0.91" CONTENT="utskottets"/><SP WIDTH="19" VPOS="691" HPOS="797"/>
							<String ID="string_162" HPOS="816" VPOS="691" WIDTH="68" HEIGHT="22" WC="0.96" CONTENT="första"/>
						</TextLine>
						<TextLine ID="line_18" HPOS="57" VPOS="720" WIDTH="201" HEIGHT="27">
							<String ID="string_163" HPOS="57" VPOS="720" WIDTH="57" HEIGHT="21" WC="0.93" CONTENT="kläm"/><SP WIDTH="16" VPOS="720" HPOS="114"/>
							<String ID="string_164" HPOS="130" VPOS="720" WIDTH="128" HEIGHT="27" WC="0.92" CONTENT="godkändes."/>
						</TextLine>
					</TextBlock>
				</ComposedBlock>
				<ComposedBlock ID="cblock_5" HPOS="58" VPOS="776" WIDTH="825" HEIGHT="57">
					<TextBlock ID="block_6" HPOS="58" VPOS="776" WIDTH="825" HEIGHT="57">
						<TextLine ID="line_19" HPOS="127" VPOS="776" WIDTH="756" HEIGHT="28">
							<String ID="string_165" HPOS="127" VPOS="777" WIDTH="136" HEIGHT="21" WC="0.92" CONTENT="Beträffande"/><SP WIDTH="18" VPOS="777" HPOS="263"/>
							<String ID="string_166" HPOS="281" VPOS="777" WIDTH="117" HEIGHT="21" WC="0.92" CONTENT="utskottets"/><SP WIDTH="19" VPOS="777" HPOS="398"/>
							<String ID="string_167" HPOS="417" VPOS="777" WIDTH="66" HEIGHT="22" WC="0.93" CONTENT="andra"/><SP WIDTH="18" VPOS="777" HPOS="483"/>
							<String ID="string_168" HPOS="501" VPOS="777" WIDTH="213" HEIGHT="27" WC="0.92" CONTENT="resolutionsförslag"/><SP WIDTH="15" VPOS="777" HPOS="714"/>
							<String ID="string_169" HPOS="729" VPOS="777" WIDTH="113" HEIGHT="27" WC="0.93" CONTENT="uppstälde"/><SP WIDTH="15" VPOS="777" HPOS="842"/>
							<String ID="string_170" HPOS="857" VPOS="776" WIDTH="26" HEIGHT="21" WC="0.96" CONTENT="hr"/>
						</TextLine>
						<TextLine ID="line_20" HPOS="58" VPOS="805" WIDTH="535" HEIGHT="28">
							<String ID="string_171" HPOS="58" VPOS="805" WIDTH="122" HEIGHT="22" WC="0.92" CONTENT="talmannan"/><SP WIDTH="15" VPOS="805" HPOS="180"/>
							<String ID="string_172" HPOS="195" VPOS="805" WIDTH="92" HEIGHT="28" WC="0.93" CONTENT="följande"/><SP WIDTH="15" VPOS="805" HPOS="287"/>
							<String ID="string_173" HPOS="302" VPOS="806" WIDTH="291" HEIGHT="27" WC="0.89" CONTENT="omröstningsproposition:"/>
						</TextLine>
					</TextBlock>
				</ComposedBlock>
				<ComposedBlock ID="cblock_6" HPOS="57" VPOS="862" WIDTH="826" HEIGHT="115">
					<TextBlock ID="block_7" HPOS="57" VPOS="862" WIDTH="826" HEIGHT="57">
						<TextLine ID="line_21" HPOS="127" VPOS="862" WIDTH="756" HEIGHT="28">
							<String ID="string_174" HPOS="127" VPOS="863" WIDTH="39" HEIGHT="27" WC="0.92" CONTENT="De,"/><SP WIDTH="22" VPOS="863" HPOS="166"/>
							<String ID="string_175" HPOS="188" VPOS="863" WIDTH="75" HEIGHT="20" WC="0.96" CONTENT="hvilka"/><SP WIDTH="20" VPOS="863" HPOS="263"/>
							<String ID="string_176" HPOS="283" VPOS="863" WIDTH="118" HEIGHT="27" WC="0.94" CONTENT="godkänna"/><SP WIDTH="20" VPOS="863" HPOS="401"/>
							<String ID="string_177" HPOS="421" VPOS="863" WIDTH="112" HEIGHT="21" WC="0.94" CONTENT="utskottets"/><SP WIDTH="20" VPOS="863" HPOS="533"/>
							<String ID="string_178" HPOS="553" VPOS="863" WIDTH="72" HEIGHT="21" WC="0.93" CONTENT="andra"/><SP WIDTH="14" VPOS="863" HPOS="625"/>
							<String ID="string_179" HPOS="639" VPOS="863" WIDTH="215" HEIGHT="27" WC="0.88" CONTENT="resolutionsförslag"/><SP WIDTH="15" VPOS="863" HPOS="854"/>
							<String ID="string_180" HPOS="869" VPOS="862" WIDTH="14" HEIGHT="21" WC="0.87" CONTENT="ä"/>
						</TextLine>
						<TextLine ID="line_22" HPOS="57" VPOS="891" WIDTH="579" HEIGHT="28">
							<String ID="string_181" HPOS="57" VPOS="891" WIDTH="50" HEIGHT="21" WC="0.96" CONTENT="sida"/><SP WIDTH="18" VPOS="891" HPOS="107"/>
							<String ID="string_182" HPOS="125" VPOS="892" WIDTH="18" HEIGHT="25" WC="0.93" CONTENT="9,"/><SP WIDTH="16" VPOS="892" HPOS="143"/>
							<String ID="string_183" HPOS="159" VPOS="893" WIDTH="59" HEIGHT="19" WC="0.90" CONTENT="rösta"/><SP WIDTH="9" VPOS="893" HPOS="218"/>
							<String ID="string_184" HPOS="227" VPOS="891" WIDTH="40" HEIGHT="28" WC="0.96" CONTENT="ja;"/><SP WIDTH="16" VPOS="891" HPOS="267"/>
							<String ID="string_185" HPOS="283" VPOS="892" WIDTH="31" HEIGHT="26" WC="0.96" CONTENT="de,"/><SP WIDTH="15" VPOS="892" HPOS="314"/>
							<String ID="string_186" HPOS="329" VPOS="892" WIDTH="35" HEIGHT="20" WC="0.93" CONTENT="det"/><SP WIDTH="15" VPOS="892" HPOS="364"/>
							<String ID="string_187" HPOS="379" VPOS="891" WIDTH="44" HEIGHT="21" WC="0.92" CONTENT="icke"/><SP WIDTH="14" VPOS="891" HPOS="423"/>
							<String ID="string_188" HPOS="437" VPOS="894" WIDTH="60" HEIGHT="25" WC="0.93" CONTENT="göra,"/><SP WIDTH="16" VPOS="894" HPOS="497"/>
							<String ID="string_189" HPOS="513" VPOS="893" WIDTH="59" HEIGHT="20" WC="0.93" CONTENT="rösta"/><SP WIDTH="15" VPOS="893" HPOS="572"/>
							<String ID="string_190" HPOS="587" VPOS="892" WIDTH="49" HEIGHT="27" WC="0.95" CONTENT="nej;"/>
						</TextLine>
					</TextBlock>
					<TextBlock ID="block_8" HPOS="57" VPOS="909" WIDTH="824" HEIGHT="68">
						<TextLine ID="line_23" HPOS="127" VPOS="909" WIDTH="754" HEIGHT="38">
							<String ID="string_191" HPOS="127" VPOS="920" WIDTH="79" HEIGHT="21" WC="0.96" CONTENT="vinner"/><SP WIDTH="22" VPOS="920" HPOS="206"/>
							<String ID="string_192" HPOS="228" VPOS="920" WIDTH="42" HEIGHT="27" WC="0.95" CONTENT="nej,"/><SP WIDTH="22" VPOS="920" HPOS="270"/>
							<String ID="string_193" HPOS="292" VPOS="909" WIDTH="42" HEIGHT="32" WC="0.96" CONTENT="har"/><SP WIDTH="21" VPOS="909" HPOS="334"/>
							<String ID="string_194" HPOS="355" VPOS="920" WIDTH="177" HEIGHT="32" WC="0.92" CONTENT="borgareståndet"/><SP WIDTH="22" VPOS="920" HPOS="532"/>
							<String ID="string_195" HPOS="554" VPOS="920" WIDTH="89" HEIGHT="21" WC="0.87" CONTENT="beslutit"/><SP WIDTH="17" VPOS="920" HPOS="643"/>
							<String ID="string_196" HPOS="660" VPOS="920" WIDTH="160" HEIGHT="21" WC="0.93" CONTENT="återremittera"/><SP WIDTH="15" VPOS="920" HPOS="820"/>
							<String ID="string_197" HPOS="835" VPOS="920" WIDTH="46" HEIGHT="21" WC="0.92" CONTENT="det-"/>
						</TextLine>
						<TextLine ID="line_24" HPOS="57" VPOS="949" WIDTH="772" HEIGHT="28">
							<String ID="string_198" HPOS="57" VPOS="955" WIDTH="89" HEIGHT="15" WC="0.96" CONTENT="samma"/><SP WIDTH="14" VPOS="955" HPOS="146"/>
							<String ID="string_199" HPOS="160" VPOS="949" WIDTH="36" HEIGHT="27" WC="0.95" CONTENT="för"/><SP WIDTH="15" VPOS="949" HPOS="196"/>
							<String ID="string_200" HPOS="211" VPOS="949" WIDTH="183" HEIGHT="27" WC="0.73" CONTENT="omformulering"/><SP WIDTH="15" VPOS="949" HPOS="394"/>
							<String ID="string_201" HPOS="409" VPOS="949" WIDTH="10" HEIGHT="21" WC="0.78" CONTENT="i"/><SP WIDTH="14" VPOS="949" HPOS="419"/>
							<String ID="string_202" HPOS="433" VPOS="949" WIDTH="35" HEIGHT="21" WC="0.96" CONTENT="det"/><SP WIDTH="14" VPOS="949" HPOS="468"/>
							<String ID="string_203" HPOS="482" VPOS="949" WIDTH="58" HEIGHT="28" WC="0.96" CONTENT="syfte"/><SP WIDTH="15" VPOS="949" HPOS="540"/>
							<String ID="string_204" HPOS="555" VPOS="949" WIDTH="27" HEIGHT="21" WC="0.96" CONTENT="hr"/><SP WIDTH="14" VPOS="949" HPOS="582"/>
							<String ID="string_205" HPOS="596" VPOS="949" WIDTH="98" HEIGHT="21" WC="0.93" CONTENT="Neovius"/><SP WIDTH="15" VPOS="949" HPOS="694"/>
							<String ID="string_206" HPOS="709" VPOS="949" WIDTH="120" HEIGHT="28" WC="0.95" CONTENT="föreslagit."/>
						</TextLine>
					</TextBlock>
				</ComposedBlock>
				<ComposedBlock ID="cblock_7" HPOS="58" VPOS="1006" WIDTH="826" HEIGHT="84">
					<TextBlock ID="block_9" HPOS="58" VPOS="1006" WIDTH="826" HEIGHT="84">
						<TextLine ID="line_25" HPOS="128" VPOS="1006" WIDTH="756" HEIGHT="28">
							<String ID="string_207" HPOS="128" VPOS="1006" WIDTH="165" HEIGHT="27" WC="0.95" CONTENT="Propositionen"/><SP WIDTH="21" VPOS="1006" HPOS="293"/>
							<String ID="string_208" HPOS="314" VPOS="1006" WIDTH="129" HEIGHT="22" WC="0.96" CONTENT="besvarades"/><SP WIDTH="24" VPOS="1006" HPOS="443"/>
							<String ID="string_209" HPOS="467" VPOS="1007" WIDTH="48" HEIGHT="21" WC="0.91" CONTENT="med"/><SP WIDTH="23" VPOS="1007" HPOS="515"/>
							<String ID="string_210" HPOS="538" VPOS="1006" WIDTH="157" HEIGHT="28" WC="0.91" CONTENT="öfvervägande"/><SP WIDTH="17" VPOS="1006" HPOS="695"/>
							<String ID="string_211" HPOS="712" VPOS="1007" WIDTH="28" HEIGHT="27" WC="0.96" CONTENT="ja,"/><SP WIDTH="15" VPOS="1007" HPOS="740"/>
							<String ID="string_212" HPOS="755" VPOS="1007" WIDTH="7" HEIGHT="21" WC="0.96" CONTENT="i"/><SP WIDTH="15" VPOS="1007" HPOS="762"/>
							<String ID="string_213" HPOS="777" VPOS="1006" WIDTH="107" HEIGHT="22" WC="0.96" CONTENT="anseende"/>
						</TextLine>
						<TextLine ID="line_26" HPOS="58" VPOS="1034" WIDTH="825" HEIGHT="28">
							<String ID="string_214" HPOS="58" VPOS="1034" WIDTH="85" HEIGHT="22" WC="0.91" CONTENT="hvartill"/><SP WIDTH="23" VPOS="1034" HPOS="143"/>
							<String ID="string_215" HPOS="166" VPOS="1035" WIDTH="40" HEIGHT="21" WC="0.96" CONTENT="den"/><SP WIDTH="22" VPOS="1035" HPOS="206"/>
							<String ID="string_216" HPOS="228" VPOS="1036" WIDTH="67" HEIGHT="20" WC="0.92" CONTENT="andra"/><SP WIDTH="21" VPOS="1036" HPOS="295"/>
							<String ID="string_217" HPOS="316" VPOS="1035" WIDTH="107" HEIGHT="21" WC="0.91" CONTENT="klämmen"/><SP WIDTH="21" VPOS="1035" HPOS="423"/>
							<String ID="string_218" HPOS="444" VPOS="1035" WIDTH="67" HEIGHT="21" WC="0.96" CONTENT="blifvit"/><SP WIDTH="15" VPOS="1035" HPOS="511"/>
							<String ID="string_219" HPOS="526" VPOS="1035" WIDTH="23" HEIGHT="21" WC="0.93" CONTENT="af"/><SP WIDTH="13" VPOS="1035" HPOS="549"/>
							<String ID="string_220" HPOS="562" VPOS="1036" WIDTH="178" HEIGHT="26" WC="0.91" CONTENT="borgareståndet"/><SP WIDTH="15" VPOS="1036" HPOS="740"/>
							<String ID="string_221" HPOS="755" VPOS="1035" WIDTH="128" HEIGHT="21" WC="0.96" CONTENT="oförändrad"/>
						</TextLine>
						<TextLine ID="line_27" HPOS="59" VPOS="1063" WIDTH="105" HEIGHT="27">
							<String ID="string_222" HPOS="59" VPOS="1063" WIDTH="105" HEIGHT="27" WC="0.96" CONTENT="godkänd."/>
						</TextLine>
					</TextBlock>
				</ComposedBlock>
				<ComposedBlock ID="cblock_8" HPOS="57" VPOS="1120" WIDTH="827" HEIGHT="57">
					<TextBlock ID="block_10" HPOS="57" VPOS="1120" WIDTH="827" HEIGHT="57">
						<TextLine ID="line_28" HPOS="127" VPOS="1120" WIDTH="757" HEIGHT="28">
							<String ID="string_223" HPOS="127" VPOS="1120" WIDTH="117" HEIGHT="28" WC="0.96" CONTENT="Angående"/><SP WIDTH="23" VPOS="1120" HPOS="244"/>
							<String ID="string_224" HPOS="267" VPOS="1121" WIDTH="40" HEIGHT="21" WC="0.96" CONTENT="den"/><SP WIDTH="23" VPOS="1121" HPOS="307"/>
							<String ID="string_225" HPOS="330" VPOS="1121" WIDTH="68" HEIGHT="27" WC="0.93" CONTENT="tredje"/><SP WIDTH="23" VPOS="1121" HPOS="398"/>
							<String ID="string_226" HPOS="421" VPOS="1121" WIDTH="106" HEIGHT="21" WC="0.92" CONTENT="klämmen"/><SP WIDTH="21" VPOS="1121" HPOS="527"/>
							<String ID="string_227" HPOS="548" VPOS="1121" WIDTH="54" HEIGHT="21" WC="0.96" CONTENT="hade"/><SP WIDTH="18" VPOS="1121" HPOS="602"/>
							<String ID="string_228" HPOS="620" VPOS="1121" WIDTH="66" HEIGHT="27" WC="0.92" CONTENT="något"/><SP WIDTH="16" VPOS="1121" HPOS="686"/>
							<String ID="string_229" HPOS="702" VPOS="1120" WIDTH="182" HEIGHT="28" WC="0.91" CONTENT="ändringsförslag"/>
						</TextLine>
						<TextLine ID="line_29" HPOS="57" VPOS="1149" WIDTH="651" HEIGHT="28">
							<String ID="string_230" HPOS="57" VPOS="1149" WIDTH="46" HEIGHT="21" WC="0.93" CONTENT="icke"/><SP WIDTH="16" VPOS="1149" HPOS="103"/>
							<String ID="string_231" HPOS="119" VPOS="1149" WIDTH="122" HEIGHT="26" WC="0.92" CONTENT="framstälts,"/><SP WIDTH="16" VPOS="1149" HPOS="241"/>
							<String ID="string_232" HPOS="257" VPOS="1150" WIDTH="39" HEIGHT="21" WC="0.96" CONTENT="och"/><SP WIDTH="15" VPOS="1150" HPOS="296"/>
							<String ID="string_233" HPOS="311" VPOS="1156" WIDTH="38" HEIGHT="15" WC="0.96" CONTENT="var"/><SP WIDTH="16" VPOS="1156" HPOS="349"/>
							<String ID="string_234" HPOS="365" VPOS="1150" WIDTH="124" HEIGHT="21" WC="0.96" CONTENT="densamma"/><SP WIDTH="15" VPOS="1150" HPOS="489"/>
							<String ID="string_235" HPOS="504" VPOS="1150" WIDTH="83" HEIGHT="21" WC="0.96" CONTENT="således"/><SP WIDTH="15" VPOS="1150" HPOS="587"/>
							<String ID="string_236" HPOS="602" VPOS="1150" WIDTH="106" HEIGHT="27" WC="0.96" CONTENT="godkänd."/>
						</TextLine>
					</TextBlock>
				</ComposedBlock>
				<ComposedBlock ID="cblock_9" HPOS="57" VPOS="1206" WIDTH="827" HEIGHT="56">
					<TextBlock ID="block_11" HPOS="57" VPOS="1206" WIDTH="827" HEIGHT="56">
						<TextLine ID="line_30" HPOS="127" VPOS="1206" WIDTH="757" HEIGHT="28">
							<String ID="string_237" HPOS="127" VPOS="1207" WIDTH="11" HEIGHT="21" WC="0.96" CONTENT="I"/><SP WIDTH="16" VPOS="1207" HPOS="138"/>
							<String ID="string_238" HPOS="154" VPOS="1207" WIDTH="115" HEIGHT="27" WC="0.95" CONTENT="anledning"/><SP WIDTH="14" VPOS="1207" HPOS="269"/>
							<String ID="string_239" HPOS="283" VPOS="1206" WIDTH="23" HEIGHT="22" WC="0.96" CONTENT="af"/><SP WIDTH="16" VPOS="1206" HPOS="306"/>
							<String ID="string_240" HPOS="322" VPOS="1207" WIDTH="25" HEIGHT="21" WC="0.92" CONTENT="hr"/><SP WIDTH="15" VPOS="1207" HPOS="347"/>
							<String ID="string_241" HPOS="362" VPOS="1207" WIDTH="64" HEIGHT="21" WC="0.92" CONTENT="Lilles"/><SP WIDTH="16" VPOS="1207" HPOS="426"/>
							<String ID="string_242" HPOS="442" VPOS="1207" WIDTH="142" HEIGHT="27" WC="0.96" CONTENT="anmärkning"/><SP WIDTH="15" VPOS="1207" HPOS="584"/>
							<String ID="string_243" HPOS="599" VPOS="1213" WIDTH="35" HEIGHT="15" WC="0.96" CONTENT="om"/><SP WIDTH="16" VPOS="1213" HPOS="634"/>
							<String ID="string_244" HPOS="650" VPOS="1207" WIDTH="155" HEIGHT="27" WC="0.93" CONTENT="motiveringen"/><SP WIDTH="17" VPOS="1207" HPOS="805"/>
							<String ID="string_245" HPOS="822" VPOS="1206" WIDTH="62" HEIGHT="22" WC="0.91" CONTENT="afläts"/>
						</TextLine>
						<TextLine ID="line_31" HPOS="57" VPOS="1234" WIDTH="398" HEIGHT="28">
							<String ID="string_246" HPOS="57" VPOS="1234" WIDTH="93" HEIGHT="28" WC="0.93" CONTENT="följande"/><SP WIDTH="16" VPOS="1234" HPOS="150"/>
							<String ID="string_247" HPOS="166" VPOS="1236" WIDTH="289" HEIGHT="26" WC="0.90" CONTENT="omröstningsproposition:"/>
						</TextLine>
					</TextBlock>
				</ComposedBlock>
				<ComposedBlock ID="cblock_10" HPOS="57" VPOS="1292" WIDTH="827" HEIGHT="86">
					<TextBlock ID="block_12" HPOS="57" VPOS="1292" WIDTH="827" HEIGHT="86">
						<TextLine ID="line_32" HPOS="127" VPOS="1292" WIDTH="757" HEIGHT="29">
							<String ID="string_248" HPOS="127" VPOS="1292" WIDTH="39" HEIGHT="27" WC="0.94" CONTENT="De,"/><SP WIDTH="14" VPOS="1292" HPOS="166"/>
							<String ID="string_249" HPOS="180" VPOS="1293" WIDTH="76" HEIGHT="21" WC="0.96" CONTENT="hvilka"/><SP WIDTH="13" VPOS="1293" HPOS="256"/>
							<String ID="string_250" HPOS="269" VPOS="1293" WIDTH="117" HEIGHT="32" WC="0.96" CONTENT="godkänna"/><SP WIDTH="15" VPOS="1293" HPOS="386"/>
							<String ID="string_251" HPOS="401" VPOS="1293" WIDTH="114" HEIGHT="21" WC="0.96" CONTENT="utskottets"/><SP WIDTH="14" VPOS="1293" HPOS="515"/>
							<String ID="string_252" HPOS="529" VPOS="1293" WIDTH="139" HEIGHT="27" WC="0.90" CONTENT="motivering,"/><SP WIDTH="16" VPOS="1293" HPOS="668"/>
							<String ID="string_253" HPOS="684" VPOS="1295" WIDTH="59" HEIGHT="19" WC="0.96" CONTENT="rösta"/><SP WIDTH="10" VPOS="1295" HPOS="743"/>
							<String ID="string_254" HPOS="753" VPOS="1293" WIDTH="40" HEIGHT="28" WC="0.96" CONTENT="ja;"/><SP WIDTH="14" VPOS="1293" HPOS="793"/>
							<String ID="string_255" HPOS="807" VPOS="1292" WIDTH="31" HEIGHT="27" WC="0.96" CONTENT="de,"/><SP WIDTH="11" VPOS="1292" HPOS="838"/>
							<String ID="string_256" HPOS="849" VPOS="1292" WIDTH="35" HEIGHT="21" WC="0.96" CONTENT="det"/>
						</TextLine>
						<TextLine ID="line_33" HPOS="57" VPOS="1321" WIDTH="255" HEIGHT="28">
							<String ID="string_257" HPOS="57" VPOS="1321" WIDTH="45" HEIGHT="21" WC="0.93" CONTENT="icke"/><SP WIDTH="13" VPOS="1321" HPOS="102"/>
							<String ID="string_258" HPOS="115" VPOS="1324" WIDTH="60" HEIGHT="30" WC="0.96" CONTENT="göra,"/><SP WIDTH="16" VPOS="1324" HPOS="175"/>
							<String ID="string_259" HPOS="191" VPOS="1323" WIDTH="59" HEIGHT="19" WC="0.96" CONTENT="rösta"/><SP WIDTH="15" VPOS="1323" HPOS="250"/>
							<String ID="string_260" HPOS="265" VPOS="1322" WIDTH="47" HEIGHT="26" WC="0.96" CONTENT="nej;"/>
						</TextLine>
						<TextLine ID="line_34" HPOS="126" VPOS="1350" WIDTH="722" HEIGHT="28">
							<String ID="string_261" HPOS="126" VPOS="1350" WIDTH="80" HEIGHT="21" WC="0.96" CONTENT="vinner"/><SP WIDTH="15" VPOS="1350" HPOS="206"/>
							<String ID="string_262" HPOS="221" VPOS="1350" WIDTH="43" HEIGHT="28" WC="0.96" CONTENT="nej,"/><SP WIDTH="16" VPOS="1350" HPOS="264"/>
							<String ID="string_263" HPOS="280" VPOS="1350" WIDTH="42" HEIGHT="21" WC="0.91" CONTENT="har"/><SP WIDTH="15" VPOS="1350" HPOS="322"/>
							<String ID="string_264" HPOS="337" VPOS="1350" WIDTH="178" HEIGHT="28" WC="0.90" CONTENT="borgareståndet"/><SP WIDTH="14" VPOS="1350" HPOS="515"/>
							<String ID="string_265" HPOS="529" VPOS="1350" WIDTH="88" HEIGHT="28" WC="0.96" CONTENT="antagit"/><SP WIDTH="14" VPOS="1350" HPOS="617"/>
							<String ID="string_266" HPOS="631" VPOS="1350" WIDTH="27" HEIGHT="21" WC="0.92" CONTENT="hr"/><SP WIDTH="15" VPOS="1350" HPOS="658"/>
							<String ID="string_267" HPOS="673" VPOS="1350" WIDTH="69" HEIGHT="21" WC="0.91" CONTENT="Lilles"/><SP WIDTH="16" VPOS="1350" HPOS="742"/>
							<String ID="string_268" HPOS="758" VPOS="1350" WIDTH="90" HEIGHT="28" WC="0.96" CONTENT="förslag."/>
						</TextLine>
					</TextBlock>
				</ComposedBlock>
				<ComposedBlock ID="cblock_11" HPOS="57" VPOS="1407" WIDTH="828" HEIGHT="113">
					<TextBlock ID="block_13" HPOS="57" VPOS="1407" WIDTH="828" HEIGHT="113">
						<TextLine ID="line_35" HPOS="127" VPOS="1407" WIDTH="757" HEIGHT="28">
							<String ID="string_269" HPOS="127" VPOS="1407" WIDTH="58" HEIGHT="21" WC="0.93" CONTENT="Enär"/><SP WIDTH="22" VPOS="1407" HPOS="185"/>
							<String ID="string_270" HPOS="207" VPOS="1408" WIDTH="163" HEIGHT="27" WC="0.96" CONTENT="propositionen"/><SP WIDTH="23" VPOS="1408" HPOS="370"/>
							<String ID="string_271" HPOS="393" VPOS="1408" WIDTH="128" HEIGHT="21" WC="0.96" CONTENT="besvarades"/><SP WIDTH="17" VPOS="1408" HPOS="521"/>
							<String ID="string_272" HPOS="538" VPOS="1408" WIDTH="48" HEIGHT="21" WC="0.93" CONTENT="med"/><SP WIDTH="16" VPOS="1408" HPOS="586"/>
							<String ID="string_273" HPOS="602" VPOS="1407" WIDTH="156" HEIGHT="28" WC="0.90" CONTENT="öfvervägande"/><SP WIDTH="16" VPOS="1407" HPOS="758"/>
							<String ID="string_274" HPOS="774" VPOS="1408" WIDTH="40" HEIGHT="27" WC="0.96" CONTENT="nej,"/><SP WIDTH="16" VPOS="1408" HPOS="814"/>
							<String ID="string_275" HPOS="830" VPOS="1407" WIDTH="54" HEIGHT="21" WC="0.96" CONTENT="hade"/>
						</TextLine>
						<TextLine ID="line_36" HPOS="58" VPOS="1435" WIDTH="827" HEIGHT="28">
							<String ID="string_276" HPOS="58" VPOS="1436" WIDTH="177" HEIGHT="26" WC="0.91" CONTENT="borgareståndet"/><SP WIDTH="15" VPOS="1436" HPOS="235"/>
							<String ID="string_277" HPOS="250" VPOS="1437" WIDTH="6" HEIGHT="20" WC="0.96" CONTENT="i"/><SP WIDTH="15" VPOS="1437" HPOS="256"/>
							<String ID="string_278" HPOS="271" VPOS="1435" WIDTH="60" HEIGHT="28" WC="0.95" CONTENT="fråga"/><SP WIDTH="13" VPOS="1435" HPOS="331"/>
							<String ID="string_279" HPOS="344" VPOS="1443" WIDTH="34" HEIGHT="14" WC="0.96" CONTENT="om"/><SP WIDTH="14" VPOS="1443" HPOS="378"/>
							<String ID="string_280" HPOS="392" VPOS="1436" WIDTH="40" HEIGHT="21" WC="0.97" CONTENT="den"/><SP WIDTH="11" VPOS="1436" HPOS="432"/>
							<String ID="string_281" HPOS="443" VPOS="1437" WIDTH="135" HEIGHT="26" WC="0.96" CONTENT="motivering,"/><SP WIDTH="11" VPOS="1437" HPOS="578"/>
							<String ID="string_282" HPOS="589" VPOS="1443" WIDTH="46" HEIGHT="14" WC="0.96" CONTENT="som"/><SP WIDTH="11" VPOS="1443" HPOS="635"/>
							<String ID="string_283" HPOS="646" VPOS="1436" WIDTH="96" HEIGHT="27" WC="0.93" CONTENT="föregick"/><SP WIDTH="10" VPOS="1436" HPOS="742"/>
							<String ID="string_284" HPOS="752" VPOS="1436" WIDTH="133" HEIGHT="21" WC="0.92" CONTENT="klämmarna"/>
						</TextLine>
						<TextLine ID="line_37" HPOS="58" VPOS="1464" WIDTH="826" HEIGHT="28">
							<String ID="string_285" HPOS="58" VPOS="1464" WIDTH="12" HEIGHT="21" WC="0.90" CONTENT="å"/><SP WIDTH="16" VPOS="1464" HPOS="70"/>
							<String ID="string_286" HPOS="86" VPOS="1464" WIDTH="52" HEIGHT="21" WC="0.90" CONTENT="sidd."/><SP WIDTH="17" VPOS="1464" HPOS="138"/>
							<String ID="string_287" HPOS="155" VPOS="1465" WIDTH="61" HEIGHT="25" WC="0.89" CONTENT="8—9,"/><SP WIDTH="12" VPOS="1465" HPOS="216"/>
							<String ID="string_288" HPOS="228" VPOS="1465" WIDTH="87" HEIGHT="21" WC="0.92" CONTENT="beslutit"/><SP WIDTH="10" VPOS="1465" HPOS="315"/>
							<String ID="string_289" HPOS="325" VPOS="1467" WIDTH="31" HEIGHT="18" WC="0.96" CONTENT="att"/><SP WIDTH="10" VPOS="1467" HPOS="356"/>
							<String ID="string_290" HPOS="366" VPOS="1465" WIDTH="128" HEIGHT="21" WC="0.93" CONTENT="ständernas"/><SP WIDTH="15" VPOS="1465" HPOS="494"/>
							<String ID="string_291" HPOS="509" VPOS="1465" WIDTH="148" HEIGHT="27" WC="0.91" CONTENT="underdåniga"/><SP WIDTH="16" VPOS="1465" HPOS="657"/>
							<String ID="string_292" HPOS="673" VPOS="1471" WIDTH="49" HEIGHT="15" WC="0.92" CONTENT="svar"/><SP WIDTH="10" VPOS="1471" HPOS="722"/>
							<String ID="string_293" HPOS="732" VPOS="1465" WIDTH="12" HEIGHT="21" WC="0.92" CONTENT="å"/><SP WIDTH="11" VPOS="1465" HPOS="744"/>
							<String ID="string_294" HPOS="755" VPOS="1465" WIDTH="41" HEIGHT="21" WC="0.96" CONTENT="den"/><SP WIDTH="10" VPOS="1465" HPOS="796"/>
							<String ID="string_295" HPOS="806" VPOS="1464" WIDTH="78" HEIGHT="27" WC="0.96" CONTENT="nådiga"/>
						</TextLine>
						<TextLine ID="line_38" HPOS="57" VPOS="1492" WIDTH="828" HEIGHT="28">
							<String ID="string_296" HPOS="57" VPOS="1493" WIDTH="162" HEIGHT="26" WC="0.96" CONTENT="propositionen"/><SP WIDTH="15" VPOS="1493" HPOS="219"/>
							<String ID="string_297" HPOS="234" VPOS="1493" WIDTH="7" HEIGHT="21" WC="0.96" CONTENT="i"/><SP WIDTH="15" VPOS="1493" HPOS="241"/>
							<String ID="string_298" HPOS="256" VPOS="1495" WIDTH="72" HEIGHT="19" WC="0.97" CONTENT="ämnet"/><SP WIDTH="14" VPOS="1495" HPOS="328"/>
							<String ID="string_299" HPOS="342" VPOS="1493" WIDTH="67" HEIGHT="21" WC="0.96" CONTENT="borde"/><SP WIDTH="16" VPOS="1493" HPOS="409"/>
							<String ID="string_300" HPOS="425" VPOS="1493" WIDTH="24" HEIGHT="21" WC="0.93" CONTENT="så"/><SP WIDTH="15" VPOS="1493" HPOS="449"/>
							<String ID="string_301" HPOS="464" VPOS="1493" WIDTH="90" HEIGHT="26" WC="0.89" CONTENT="aftattas,"/><SP WIDTH="16" VPOS="1493" HPOS="554"/>
							<String ID="string_302" HPOS="570" VPOS="1496" WIDTH="32" HEIGHT="19" WC="0.96" CONTENT="att"/><SP WIDTH="14" VPOS="1496" HPOS="602"/>
							<String ID="string_303" HPOS="616" VPOS="1494" WIDTH="127" HEIGHT="26" WC="0.96" CONTENT="regeringen"/><SP WIDTH="14" VPOS="1494" HPOS="743"/>
							<String ID="string_304" HPOS="757" VPOS="1493" WIDTH="46" HEIGHT="22" WC="0.96" CONTENT="icke"/><SP WIDTH="13" VPOS="1493" HPOS="803"/>
							<String ID="string_305" HPOS="816" VPOS="1492" WIDTH="69" HEIGHT="22" WC="0.96" CONTENT="skulle"/>
						</TextLine>
					</TextBlock>
				</ComposedBlock>
			</PrintSpace>
		</Page>
	</Layout>
</alto>
