1075 1778
38 113 25 16 18
75 112 47 20 maj.
318 104 284 35 Kommunikationsfonden.
823 105 40 21 681

40 181 94 21 nomiskt
156 182 82 27 riktiga,
261 187 48 15 men
330 182 38 26 jag
390 183 23 20 är
429 181 66 22 tillika
511 181 47 28 glad
574 181 58 21 öfver
648 182 32 20 att
692 181 38 26 jag
745 179 45 22 blef
803 180 62 21 miss-

39 210 96 21 förstådd
158 210 22 21 af
192 211 26 20 hr
233 210 108 27 Tallqvist,
358 211 27 20 då
399 211 40 20 han
457 211 121 26 därigenom
595 210 54 21 hade
664 209 116 27 anledning
794 211 32 19 att
841 208 24 21 så

40 238 134 27 fullständigt
189 239 71 27 belysa
276 238 81 28 frågan.

109 296 32 21 Hr
164 303 50 14 von
230 295 108 22 Pfaler:
362 297 41 26 Jag
422 296 92 27 begärde
530 296 60 21 ordet
606 296 47 21 med
670 295 116 27 anledning
801 293 64 26 däraf,

40 327 31 19 att
93 325 37 20 här
152 325 125 21 framhållits
300 327 32 19 att
354 325 161 21 statsutskottet
537 325 68 21 skulle
627 325 27 26 på
675 325 67 26 något
762 324 31 21 vis
817 323 49 26 vilja

40 353 134 27 prejudicera
194 354 126 20 ständernas
336 353 115 27 afgörande
467 353 131 21 beträffande
614 353 35 21 det
664 353 85 27 belopp,
765 358 46 15 som
828 352 38 20 bör

40 382 85 21 anvisas
147 382 33 21 för
204 388 40 20 nya
256 382 197 27 järnvägsarbeten.
483 382 43 21 Det
540 382 103 27 antyddes
659 382 65 20 redan
741 381 90 27 tidigare
846 379 23 21 af

40 410 25 21 hr
80 410 108 27 Tallgvist,
204 411 68 20 ehuru
287 411 41 20 han
344 411 111 26 hoppades
470 412 30 19 att
517 410 160 21 statsutskottet
692 410 48 21 med
752 409 115 26 anledning

40 438 23 21 af
80 439 220 26 järnvägsutskottets
324 439 134 21 betänkande
481 439 68 21 skulle
571 439 85 21 komma
679 439 31 20 till
732 439 67 20 andra
814 437 52 21 slut-

40 469 74 24 satser,
130 467 39 22 och
190 475 29 14 nu
235 470 73 19 senast
323 467 23 22 af
360 468 23 21 hr
400 468 154 27 Schybergson.
585 468 42 21 Det
642 469 23 19 är
678 468 23 26 ju
720 467 54 21 dock
789 467 30 22 sä,
835 467 31 20 att

40 497 59 20 detta
122 497 172 20 statsutskottets
318 497 133 21 betänkande
467 497 76 21 endast
558 496 56 22 afser
631 498 31 19 att
677 497 78 26 utgöra
770 494 96 23 material

40 524 32 22 för
95 525 115 21 ständerna
225 526 35 21 vid
275 525 144 22 bedömandet
433 525 23 21 af
469 526 26 20 de
510 525 78 27 frägor,
604 531 46 16 som
665 524 90 21 föresläs
772 525 47 20 dem
835 523 31 21 till

40 553 116 28 afgörande
178 554 23 21 af
219 554 215 27 järnvägsutskottet.
465 555 41 20 För
529 557 31 18 att
581 554 115 21 ständerna
719 553 61 22 skola
795 553 72 20 kunna

40 583 96 26 bedöma,
159 583 56 20 huru
238 583 251 27 penningetillgängarna
511 583 61 21 ställa
588 583 38 26 sig,
642 583 68 20 måste
726 583 26 20 de
765 582 24 27 ju
796 581 72 21 hafva

41 617 26 15 en
83 611 65 21 sådan
164 611 154 22 förberedande
334 612 121 27 utredning,
472 619 46 14 som
534 612 38 21 här
586 611 120 22 förefinnes.
729 607 58 37 Meni
795 611 72 20 stats-

41 640 116 21 utskottets
173 641 134 20 betänkande
323 643 62 24 säges
401 641 137 26 ingenstädes
550 642 31 19 att
592 640 125 26 30,000,000
728 640 60 21 mark
799 639 69 21 skulle

41 675 51 15 vara
106 669 36 21 det
156 669 77 26 högsta
248 669 84 27 belopp,
348 675 46 15 som
411 669 72 21 kunde
497 669 169 27 komma
583 663 10 38 i
602 669 62 27 fråga
676 671 32 18 att
718 668 99 27 uppläna,
829 667 38 22 och

40 697 78 27 tydligt
140 699 22 19 är
185 699 32 19 att
240 698 69 20 denna
329 698 46 20 sida
390 697 23 21 af
426 698 65 20 saken
507 698 39 21 alls
562 698 17 26 ej
596 698 41 20 kan
652 697 86 21 fixeras.
769 696 98 22 Hufvud-

42 726 64 21 saken
122 728 23 19 är
158 726 23 26 ju
199 726 37 21 här
252 728 31 19 att
298 726 163 21 statsutskottet
480 728 92 20 tvärtom
584 726 35 21 vill
629 726 111 21 framhälla
751 726 40 20 den
803 725 65 21 nedre

42 756 97 25 gränsen,
156 755 18 21 d.
190 762 19 14 v.
225 761 16 15 s.
257 755 36 21 det
316 755 83 27 belopp,
420 762 47 14 som
491 756 105 20 utskottet
615 761 63 15 anser
693 756 32 19 att
739 755 7 20 i
762 754 41 21 alla
817 754 51 20 hän-

42 783 69 21 delser
134 784 38 20 bör
195 784 109 20 användas
322 784 32 20 till
369 790 42 20 nya
423 784 226 27 järnvägsbyggnader
664 783 33 21 för
712 785 31 19 att
756 783 112 27 järnvägs-

41 812 121 26 byggandet
178 812 52 21 skall
246 812 73 21 kunna
334 813 49 20 med
399 812 126 22 ekonomisk
540 813 58 20 vinst
612 812 76 27 fortgä,
704 818 34 14 om
755 812 66 20 ocksä
836 813 33 19 ut-

42 841 80 21 skottet
137 841 12 21 ä
164 841 68 21 andra
246 841 59 21 sidan
322 840 122 22 framhäller
461 842 26 20 de
503 842 51 25 skäl,
570 848 46 14 som
632 841 42 21 tala
689 840 32 21 för
734 840 136 27 försiktighet

41 870 35 20 vid
92 870 151 26 uppläningen.

112 927 32 21 Hr
162 926 201 28 Schybergson:
385 926 61 22 Efter
462 928 69 20 denna
546 927 116 27 förklaring
677 926 23 22 af
712 928 116 26 yttermera
843 932 26 14 en

42 955 90 21 medlem
148 955 22 21 af
184 956 162 21 statsutskottet
361 956 38 21 har
415 956 43 20 min
467 956 145 27 förhoppning
624 956 78 25 därom,
714 957 31 19 att
757 954 113 22 statslänet

42 984 6 20 i
65 984 73 27 själfva
162 984 74 22 värket
256 984 41 22 kan
317 986 106 26 upptagas
439 985 32 21 till
487 986 69 20 större
572 985 77 26 belopp
665 986 26 19 än
708 984 35 21 det
759 984 6 20 i
781 985 89 19 statsut-

43 1012 91 22 skottets
157 1012 140 22 förevarande
317 1014 134 20 betänkande
473 1014 126 26 föreslagna,
616 1013 105 27 öfvergätt
736 1012 31 22 till
783 1012 88 21 visshet.

41 1042 42 26 Jag
98 1041 86 27 frängär
200 1042 48 21 mitt
262 1042 101 27 yrkande.

111 1099 32 20 Hr
168 1099 150 21 Stenroth:
342 1100 59 20 Minä
422 1100 106 27 pyytäisin
551 1099 64 21 saada
630 1099 105 26 ehdottaa,
752 1099 44 20 että
811 1099 60 25 sääty

43 1127 88 27 hylkäisi
154 1128 151 21 ensimmäisen
328 1128 40 21 hra
389 1128 140 21 Neoviuksen
545 1128 151 21 ehdottamista
712 1127 103 28 ponsista,
832 1132 38 15 sen

42 1156 56 25 nim.,
120 1156 52 27 joka
196 1157 80 20 koskee
301 1159 72 19 tämän
399 1157 87 21 tilaston
509 1157 47 27 pois
580 1157 124 21 sulkemista
727 1155 143 26 mietinnöstä,

42 1187 69 19 mutta
132 1185 122 28 hyväksyisi
270 1186 124 21 sitävastoin
411 1186 70 21 toisen
497 1186 39 21 hra
551 1185 135 22 Neoviuksen
703 1185 104 26 ponsista,
819 1183 52 27 joka

42 1213 79 22 koskee
144 1214 46 25 sitä,
213 1216 43 19 että
279 1215 149 26 pyydettäisiin
453 1215 128 20 hallituksen
600 1215 211 25 toimeenpanemaan
828 1214 43 19 tut-

42 1242 118 27 kimuksen,
178 1243 63 26 josko
255 1243 23 26 ja
294 1243 66 21 missä
374 1243 81 21 määrin
473 1243 48 21 olisi
536 1243 134 21 mahdollista
685 1242 62 21 lisätä
763 1241 107 27 vaunujen

41 1271 120 27 käytäntöä.

112 1328 68 21 Sedan
204 1329 151 21 diskussionen
376 1329 52 20 härä
448 1329 105 26 afslutats,
569 1329 123 21 framstälde
706 1328 26 21 hr
748 1328 123 21 talmannen

42 1356 76 22 främst
133 1363 26 14 en
176 1358 283 27 omröstningsproposition
476 1358 23 21 af
512 1357 92 28 följande
619 1357 89 27 lydelse:

111 1414 37 26 De,
165 1415 75 20 hvilka
254 1415 118 27 godkänna
387 1415 114 21 utskottets
517 1415 121 21 statistiska
654 1415 96 27 kalkyler
760 1414 14 20 ä
784 1414 50 20 sida
845 1414 28 19 16

41 1442 10 21 i
67 1442 149 27 betänkandet,
232 1445 60 19 rösta
302 1443 39 27 ja;
358 1444 30 25 de,
404 1444 34 20 det
454 1444 45 20 icke
513 1447 61 24 göra,
590 1445 57 19 rösta
662 1443 47 27 nej;

110 1471 80 21 vinner
210 1472 42 27 nej,
268 1472 42 20 har
326 1472 178 27 borgareståndet
519 1472 167 21 återremitterat
702 1470 145 22 betänkandet
862 1470 9 20 i

41 1499 73 21 denna
128 1500 35 20 del
177 1500 35 21 uti
227 1500 35 21 det
276 1501 58 27 syfte
350 1501 27 20 hr
392 1500 99 22 Neovius
506 1501 119 27 föreslagit.
