1078 1786
199 111 42 37 960
532 118 156 29 Vattenrätten.
936 121 28 17 28
976 121 47 21 maj.

201 189 107 28 genheter,
331 197 46 15 som
393 190 18 27 ej
429 197 39 21 ega
484 191 74 21 strand
574 192 35 20 vid
625 191 132 24 strömfallet,
765 190 102 27 rättighet
882 192 32 19 att
929 190 97 27 begagna

201 219 33 26 sig
258 218 22 22 af
301 219 64 25 detta,
391 220 44 21 står
460 226 50 15 man
532 220 56 21 inför
611 226 26 15 en
659 220 80 26 ganska
755 219 113 27 obehaglig
882 225 68 15 casus.
980 219 44 21 Min

200 247 143 27 öfvertygelse
358 250 24 19 är
396 250 32 19 att
442 248 80 27 otaliga
537 255 112 20 processer
663 248 87 22 komma
765 250 32 19 att
811 248 30 21 alt
855 247 112 27 framgent,
986 247 39 21 och

200 276 82 21 kanske
300 278 56 20 ännu
372 283 45 15 mer
432 278 27 20 än
475 277 73 25 hittils,
565 278 79 25 uppstå
658 278 7 20 i
681 277 39 21 och
735 276 32 22 för
783 276 149 22 vindicerande
947 276 23 21 af
982 278 44 19 rätt

200 304 71 21 härtill
286 304 23 22 åt
324 305 215 27 strömfallsegarena.
561 305 43 22 Det
619 307 23 19 är
658 305 49 22 med
722 305 100 21 afseende
837 305 51 20 härå
903 304 39 21 och
952 304 32 21 för
994 306 32 19 att

201 333 91 21 sålunda
311 333 81 28 skydda
406 334 106 21 industrin
530 334 38 21 och
584 334 70 21 såvidt
669 334 83 27 möjligt
766 334 79 21 bevara
860 333 36 21 det
903 333 122 24 bestående,

201 368 47 15 som
271 362 106 21 utskottet
399 362 65 21 infört
486 363 70 20 denna
578 363 26 21 12
627 363 17 27 8
673 363 42 26 Jag
733 362 36 21 vill
784 362 110 21 dessutom
910 361 115 26 framhålla,

201 390 49 21 med
274 390 114 27 anledning
409 391 23 21 af
445 391 56 21 hvad
516 391 26 21 hr
558 391 148 27 Schybergson
723 393 48 25 sagt
786 397 35 14 om
837 390 188 27 storskiftesregle-

201 419 76 26 ringen
292 419 51 21 eller
358 421 31 19 att
404 426 49 15 man
466 420 25 26 ju
507 426 52 15 vore
574 420 7 21 i
596 419 81 22 tillfälle
692 422 32 19 att
734 419 100 22 förändra
844 419 73 21 härom
929 419 97 26 gällande

201 447 41 27 lag,
253 453 34 15 om
303 454 48 15 man
368 449 24 20 så
407 448 55 26 ville,
478 450 31 19 att
525 449 148 26 utvecklingen
689 447 132 23 beträffande
836 447 189 27 storskiftesregle-

201 476 76 27 ringen
294 477 45 26 gått
354 477 85 26 därhän,
456 479 31 19 att
502 477 36 21 det
552 477 8 21 i
574 477 113 21 framtiden
701 477 61 21 torde
772 477 30 21 bli
815 476 82 27 mycket
907 476 75 21 lättare
995 478 31 19 att

201 504 21 21 få
245 505 64 20 sådan
334 505 31 21 till
389 506 63 21 stånd
467 507 26 20 än
515 506 88 25 härtills,
624 512 33 15 om
674 512 49 15 man
739 505 106 27 nämligen
860 505 69 21 finner
944 507 31 18 att
991 505 35 20 vid

199 533 90 26 jordens
309 533 86 28 delning
411 541 76 20 genom
504 534 62 21 skifte
582 535 115 20 orättvisor
713 534 51 21 eller
780 534 118 27 prejudicer
914 533 31 22 till
961 533 65 21 skada

201 561 33 22 för
258 562 278 27 lägenhetsinnehafvarena
558 563 90 27 begåtts.
678 564 42 26 Jag
742 563 41 21 kan
808 563 89 21 sålunda
918 562 46 21 icke
978 561 48 22 fullt

203 590 69 21 befria
287 591 44 26 mig
345 591 46 21 från
408 592 40 20 den
464 591 108 27 farhågan,
590 594 32 18 att
636 592 25 26 ju
672 592 17 26 ej
703 591 229 27 storskiftesreglering
942 591 84 20 komme

202 621 31 19 att
255 618 33 22 fås
311 619 31 21 till
365 620 63 21 stånd
450 620 62 21 äfven
528 620 7 21 i
554 620 78 21 sådana
648 620 41 26 fali,
706 620 37 21 där
759 620 123 26 lägenheter
897 619 69 21 blifvit
981 621 45 19 ute-

203 648 72 20 slutna
296 647 47 21 från
359 649 162 21 strandområde
536 649 36 21 vid
584 648 110 22 strömfall.
722 649 27 20 Vi
764 650 49 19 veta
828 648 40 21 alla
883 648 71 21 hvilka
972 650 54 18 stor-

202 676 74 21 artade
292 677 167 27 omstörtningar
470 678 7 20 i
486 678 116 20 bestående
613 676 283 28 eganderättsförhållanden
907 676 39 22 och
956 676 71 21 hvilka

202 704 116 22 kostnader
341 706 61 20 däraf
424 706 69 21 skulle
515 706 56 26 följa.
601 706 78 21 Kunde
702 712 49 15 man
767 705 21 22 få
803 705 73 27 frågan
892 705 42 21 löst
949 706 27 26 på
991 705 36 21 det

203 735 48 23 sätt,
280 740 46 15 som
354 734 23 21 af
398 734 105 22 utskottet
524 734 127 27 föreslagits,
677 735 72 21 kunde
769 734 26 27 ju
817 734 58 21 detta
897 734 129 21 missförhål-

202 762 63 21 lande
287 764 31 19 att
340 763 47 25 den,
409 769 46 15 som
471 763 38 21 har
524 765 44 19 rätt
583 763 31 21 till
630 763 104 21 strömfall
749 770 49 14 men
813 763 46 21 icke
873 762 41 22 kan
931 763 96 27 begagna

203 790 33 27 sig
260 790 64 26 däraf,
347 792 88 20 emedan
456 792 40 21 han
512 792 46 21 icke
573 792 38 21 har
627 792 74 21 strand
717 792 103 23 därinvid,
835 792 27 26 på
878 793 30 19 ett
923 792 64 26 något
1003 791 25 21 så

203 821 38 19 när
264 819 97 27 lämpligt
383 822 44 19 sätt
447 820 64 22 lösas.
540 821 45 26 Mig
604 827 64 21 synes
684 820 77 26 därför,
777 820 39 21 och
833 820 57 21 detta
906 820 24 21 så
944 820 84 26 mycket

203 854 52 20 mer,
271 854 46 15 som
340 848 46 22 icke
409 849 66 26 något
497 852 65 18 annat
577 849 176 27 ändamålsenligt
768 848 81 27 förslag
865 849 68 27 gjorts
949 848 33 21 för
997 848 29 21 af-

203 876 113 27 hjälpande
338 877 23 20 af
379 877 161 27 ifrågavarande
556 878 103 26 olyckliga
674 878 157 26 bristfällighet,
847 884 45 14 som
908 877 41 21 kan
965 876 63 21 hafva

203 911 44 20 nog
269 905 92 27 menliga
384 905 76 27 följder
481 905 35 22 för
531 906 47 21 vårt
593 906 56 26 land,
664 908 32 19 att
712 906 106 21 utskottet
833 905 115 22 tillsvidare
963 905 63 21 fram-

204 933 51 21 stält
271 933 36 21 det
322 934 54 21 enda
391 935 108 26 antagliga
514 934 102 27 förslaget
632 935 31 20 till
679 935 86 26 lösning
779 934 23 21 af
816 934 79 27 frågan.

272 962 42 27 Jag
338 963 67 20 skulle
428 963 82 21 således
532 963 79 21 föreslå
626 965 31 19 att
672 963 85 21 ståndet
772 963 66 20 måtte
853 965 77 24 antaga
945 962 82 21 utskot-

203 992 42 19 tets
261 990 86 28 förslag,
363 997 49 15 men
429 992 53 21 dock
497 992 155 21 återremittera
668 992 145 21 betänkandet
829 991 31 21 till
875 991 105 21 utskottet
994 990 33 21 för

202 1021 32 18 att
249 1019 164 22 omformuleras
428 1021 7 20 i
450 1021 36 20 det
501 1020 23 21 af
536 1020 25 21 hr
577 1021 124 20 Lundenius
716 1020 122 27 föreslagna
853 1019 69 28 syftet.

272 1076 33 21 Hr
329 1076 149 22 Stenroth:
508 1077 59 21 Minä
585 1077 71 21 luulen
673 1077 128 27 puolestani,
817 1079 43 19 että
875 1083 23 15 se
914 1077 114 25 arvostelu,

200 1104 68 27 jonka
284 1105 39 21 hra
340 1105 147 27 Schybergson
504 1112 26 15 on
547 1107 56 20 tästä
618 1106 111 27 pykälästä
737 1108 96 23 antanut,
843 1106 57 26 pitää
911 1105 116 28 täydelleen

203 1133 123 26 paikkansa.
357 1134 130 21 Valiokunta
509 1141 27 14 on
552 1136 72 19 tämän
639 1135 90 26 pykälän
746 1134 75 21 kautta
836 1134 78 21 todella
929 1134 99 21 tahtonut

203 1161 82 21 edistää
307 1163 131 20 vesivoiman
461 1163 137 26 käyttämistä
619 1163 142 21 teollisuuden
778 1163 166 26 palveluksessa.
960 1164 68 19 mutta

203 1190 58 20 minä
284 1190 79 26 luulen,
387 1191 61 21 aivan
472 1191 96 21 niinkuin
584 1191 38 21 hra
638 1191 193 27 Schyhergsonkin,
847 1193 44 19 että
906 1191 122 21 valiokunta

203 1224 27 15 on
254 1218 75 27 tehnyt
351 1219 88 21 huonon
461 1220 137 26 palveluksen
621 1220 113 21 teollisuus
756 1220 162 20 liikkeellemme
933 1219 95 21 ehdotta-

203 1247 63 20 malla
288 1247 92 21 tällaista
403 1250 37 25 nyt
463 1248 153 21 käsiteltävänä
638 1248 74 21 olevaa
731 1248 91 27 pykälää
837 1247 191 22 vesioikeuslakiin.

202 1275 60 21 Minä
278 1281 37 15 sen
331 1276 58 21 takia
404 1277 68 20 voisin
489 1276 42 21 olla
541 1277 75 20 valmis
630 1277 165 20 kannattamaan
809 1277 38 20 hra
858 1276 170 27 Schybergsonin

203 1303 121 27 ehdotusta,
340 1306 44 19 että
407 1305 75 26 pykälä
501 1305 112 21 kokonaan
626 1305 126 27 jätettäisiin
768 1305 55 26 pois.
852 1305 70 20 Mutta
936 1305 44 20 kun
996 1311 32 14 sa-

203 1332 65 21 malla
283 1335 50 19 otan
349 1333 116 21 huomioon
481 1339 27 15 ne
524 1333 72 27 seikat,
610 1334 54 27 joita
679 1334 38 21 hra
733 1333 110 27 Wegelius
859 1333 63 21 täällä
936 1339 27 14 on
980 1333 48 20 esit-

202 1362 61 25 tänyt
276 1361 23 26 ja
310 1361 62 27 jotka
388 1362 117 21 mielestäni
520 1362 133 21 välttämättä
667 1363 94 20 vaativat
773 1362 84 27 jotakin
868 1361 161 27 toimenpidettä

203 1389 95 27 säätyjen
321 1390 101 26 puolelta,
435 1390 56 27 jotta
508 1391 53 20 vielä
577 1391 63 21 viime
654 1391 93 20 hetkenä
762 1391 107 20 voitaisiin
886 1390 64 21 saada
964 1390 64 21 lakiin

199 1417 62 27 jokin
280 1420 97 25 määräys
392 1419 53 20 niitä
460 1419 217 27 poikkeustapauksia
692 1421 81 24 varten,
785 1419 68 26 joista
866 1419 39 20 hra
920 1418 109 27 Wegelius

202 1452 27 15 on
253 1447 101 26 puhunut
373 1447 23 27 ja
416 1447 66 27 joista
503 1447 83 26 todella,
605 1448 36 26 jos
656 1448 43 21 laki
713 1447 58 22 tulee
787 1447 123 26 sellaiseksi,
925 1447 51 21 kuin
992 1450 37 24 nyt

201 1480 28 15 on
254 1475 118 26 ehdotettu,
388 1476 54 20 voisi
457 1476 73 21 koitua
546 1476 109 21 suuriakin
672 1476 147 21 oikeudellisia
834 1475 129 27 vääryyksiä,
978 1475 50 25 kun,

202 1502 67 22 kuten
292 1506 93 24 sanottu,
409 1506 49 19 otan
480 1504 116 22 huomioon
619 1504 97 28 myöskin
729 1506 74 19 nämät
818 1504 68 21 seikat
898 1504 24 26 ja
936 1504 44 21 kun
996 1510 32 15 sa-
