1075 1720
48 114 28 16 22
88 113 47 21 maj.
406 114 126 21 Järnvägar.
835 107 42 22 813

49 182 71 21 olevat
135 182 72 27 seikat,
222 182 97 22 tulimme
334 189 87 15 samaan
436 182 135 26 havaintoon,
587 182 72 21 minkä
673 182 35 21 hrt
724 182 58 21 Sikio
790 182 24 26 ja
823 181 54 21 Tall-

50 211 57 27 qvist
126 211 23 26 jo
171 213 50 19 ovat
244 211 63 21 täällä
329 212 118 20 esittäneet.
476 211 139 27 Yhtymärata
640 211 70 21 Savon
731 211 23 26 ja
776 210 101 27 Karjalan

50 240 67 20 ratain
140 240 69 21 välillä
229 240 68 21 lienee
309 240 24 26 jo
349 240 91 20 melkein
455 240 94 26 yleisesti
564 241 138 19 tunnustettu
715 240 24 26 ja
754 241 124 25 myönnetty

49 268 208 22 välttämättömäksi.
287 268 26 22 Ja
333 268 144 27 jompikumpi
500 275 37 14 osa
559 270 45 19 tätä
624 268 147 27 yhtymärataa
793 268 34 20 kai
850 274 27 14 on

50 297 60 21 ensin
134 297 158 21 rakennettava.
323 297 86 21 Osaväli
432 297 298 21 Savonlinna—Elisenvaara
745 303 27 15 on
789 296 53 21 ollut
854 296 24 27 jo

50 325 87 21 monilla
159 326 150 26 valtiopäivillä
331 326 103 26 puheena,
458 332 27 15 on
506 326 24 26 jo
552 326 172 26 monipuolisesti
746 325 90 21 tutkittu
855 325 23 27 ja

50 354 113 27 selvitetty,
183 354 57 27 jotta
261 355 19 20 ei
302 354 84 21 mikään
405 355 73 21 estäisi
494 354 80 27 säätyjä
589 356 143 25 päättämästä
747 354 41 21 sitä
803 354 75 20 raken-

50 383 126 21 nettavaksi.
206 384 61 20 Tuon
283 385 100 19 rataosan
399 383 187 21 rakennettavaksi
601 383 145 27 päättäminen
763 382 80 27 tietysti
859 382 19 20 ei

50 411 34 21 ole
107 412 121 20 mitenkään
251 413 86 19 esteenä
356 418 38 15 sen
410 418 74 15 saman
497 412 142 26 jatkamiselle
655 411 157 25 Savonradalle,
826 411 52 26 joko

50 441 57 20 tämä
124 440 59 27 jatko
200 440 64 21 sitten
280 441 89 20 viedään
384 440 154 21 Pieksämäelle
553 441 29 20 tai
597 440 116 21 Mikkeliin.
742 440 86 21 Lausun
845 445 32 15 sa-

49 468 63 21 malla
132 475 80 15 suuren
227 469 158 27 myötätuntoni
401 469 51 25 sille,
468 469 52 21 mitä
534 471 59 19 tässä
609 469 101 26 säädyssä
726 475 26 14 on
769 468 109 21 ilmitullut

50 497 138 22 Savonradan
211 497 23 27 ja
257 497 145 22 Savonlinnan
433 497 180 28 yhdistämisestä.
653 497 71 21 Mutta
754 497 124 21 molemmat

48 526 145 27 yhdistysosat
215 526 57 21 eivät
295 527 87 20 samalla
400 526 74 21 kertaa
490 527 61 21 voine
567 526 52 21 tulla
634 526 188 21 rakennettaviksi.
851 525 27 22 Ja

49 555 43 20 kun
111 555 167 25 ensinmainittu,
294 555 326 21 Savonlinnan
453 550 9 36 —
471 555 147 21 Elisenvaaran
637 561 42 20 osa,
695 561 34 20 on,
744 555 97 20 niinkuin
854 554 24 27 jo

49 583 81 26 sanoin,
147 583 117 28 täydelleen
288 584 89 21 tutkittu
397 584 23 27 ja
442 584 108 27 selvitetty
572 583 95 28 puolelta
686 583 23 27 ja
727 583 91 26 toiselta,
833 583 43 20 niin

50 612 93 21 minusta
163 612 18 21 ei
197 613 71 26 pitäisi
283 613 68 20 toisen
368 613 115 26 puoliskon
499 613 52 21 tulla
566 613 69 20 toisen
651 612 98 21 esteeksi.
778 613 40 20 Jos
834 611 42 21 niin

50 641 110 26 tapahtuu,
176 641 42 21 niin
235 641 122 21 ehkäistään
374 641 56 21 koko
445 641 66 27 linjan
528 643 103 19 suotavaa
645 641 184 21 aikaansaamista.
851 641 27 20 Ja

50 675 37 15 sen
110 669 77 22 vuoksi
208 670 73 21 toivon
305 670 66 21 siihen
388 670 18 21 ei
422 670 72 27 pitkää
515 670 60 21 aikaa
590 670 100 25 kuluvan,
706 669 43 22 kun
766 669 111 22 Savonlin-

49 700 63 19 nasta
131 699 88 20 viedään
235 699 133 26 yhtymärata
384 699 71 21 Savon
470 699 85 26 linjalle.
585 699 45 20 Sitä
645 698 93 24 suosien,
754 698 124 27 empimättä

49 727 107 21 kannatan
171 723 12 36 —
192 727 142 21 valiokunnan
364 727 157 27 —ponsilausetta
550 727 326 22 Savonlinnan-—Elisenvaaran

49 756 86 21 radasta
147 756 23 26 ja
184 755 129 28 lämpimästi
329 756 114 27 puolustan
462 763 37 14 sen
518 756 163 27 hyväksymistä.

119 842 33 20 Hr
174 841 119 21 Genetz:
317 842 34 20 Dä
370 842 38 26 jag
430 842 38 26 gär
491 844 31 19 att
537 841 111 27 gendrifva
663 842 26 21 de
704 842 132 26 pästäenden
852 841 25 21 hr

50 870 104 27 Tallgvist
175 870 130 26 framstälde,
328 872 60 25 tager
408 870 38 27 jag
469 871 44 27 mig
535 870 90 21 friheten
647 870 51 28 följa
723 876 83 16 samma
828 870 48 21 ord-

50 899 57 26 ning,
128 905 47 15 som
198 899 41 21 han
263 899 110 27 därvidlag
395 900 113 26 begagnat.
537 900 42 26 Jag
601 899 71 27 börjar
690 900 48 20 med
754 899 54 21 hans
825 899 53 21 sista

50 928 122 26 pästäende.
202 928 33 20 Hr
253 928 104 26 Tallgvist
371 928 38 20 har
424 928 115 21 framhällit
553 928 71 21 säsom
641 930 30 19 ett
686 928 23 21 af
722 928 26 21 de
764 928 114 26 viktigaste

50 956 93 21 motiven
160 956 32 21 för
208 956 155 27 godkännande
378 956 23 21 af
414 957 72 21 denna
500 956 77 22 bandel
591 958 32 19 att
638 957 41 21 den
695 957 101 26 utgjorde
808 962 26 15 en
844 956 33 20 del

50 984 23 22 af
90 985 41 21 den
152 984 106 22 blifvande
273 984 195 28 föreningslänken,
484 992 45 14 som
546 985 53 21 skall
614 984 73 22 förena
702 984 175 26 österbottniska,

50 1013 103 21 Savolaks
176 1014 39 21 och
237 1014 98 21 karelska
356 1014 97 21 banorna
475 1014 48 21 med
541 1014 126 21 hvarandra.
696 1014 43 21 Det
754 1016 24 19 är
790 1014 48 26 just
852 1020 26 14 ur

50 1042 70 21 denna
142 1042 110 27 synpunkt
271 1042 38 27 jag
330 1043 7 20 i
356 1042 90 22 främsta
461 1045 93 19 rummet
569 1044 112 20 motsätter
697 1044 44 26 mig
756 1042 122 28 byggandet

49 1070 23 22 af
92 1066 87 37 Nyslott
189 1071 234 21 -Elisenvaarabanan.
453 1072 43 26 Jag
516 1071 31 21 för
570 1072 43 20 min
630 1071 34 21 del
679 1071 41 21 kan
736 1071 39 21 alls
792 1071 17 27 ej
827 1071 51 27 god-

49 1099 71 21 känna
137 1101 32 19 att
183 1100 70 21 denna
268 1100 270 27 sammanbindningsbana
553 1100 69 21 skulle
637 1100 87 27 byggas.
753 1100 42 26 Jag
809 1099 69 21 finner

50 1128 35 21 det
108 1128 103 27 betydligt
233 1129 131 26 naturligare
380 1128 39 22 och
434 1129 125 27 lämpligare
574 1130 33 20 att
622 1135 48 15 man
687 1129 63 21 söker
765 1135 27 14 en
807 1134 70 15 annan

49 1158 42 26 väg
112 1156 32 22 för
160 1157 130 21 densamma.
320 1158 119 20 Dessutom
454 1157 69 21 finner
535 1158 38 26 jag
588 1158 36 20 det
639 1157 45 21 icke
699 1157 67 21 häller
781 1156 97 28 lämpligt

49 1187 32 19 att
101 1186 35 20 vid
159 1186 58 21 detta
239 1185 131 22 förhållande
392 1186 102 21 inblanda
516 1186 69 21 denna
607 1186 271 26 sammanbindningsbana

49 1214 48 21 med
120 1213 74 28 frägan
210 1216 33 19 att
257 1214 66 21 skaffa
338 1214 98 27 Nyslotts
454 1215 48 21 stad
514 1214 294 27 järnvägskommunikation.
836 1214 42 26 Jag

50 1242 68 21 skulle
140 1243 50 26 vilja
209 1243 56 20 hålla
279 1243 44 27 mig
339 1243 137 21 uteslutande
491 1243 30 21 till
538 1243 58 21 detta
611 1243 168 27 önskningsmäl,
796 1242 39 21 och
852 1243 26 20 dä

49 1271 63 21 hafva
134 1271 21 21 vi
177 1273 32 19 att
228 1271 55 27 välja
298 1271 77 21 mellan
392 1272 41 20 den
450 1278 40 14 ena
505 1272 50 20 eller
570 1272 67 20 andra
651 1271 23 21 af
687 1272 64 20 dessa
767 1272 73 24 banor,
856 1273 22 24 ty

48 1299 130 21 ätminstone
201 1300 36 21 vid
259 1300 70 21 denna
349 1300 103 27 landtdag
474 1300 72 21 kunna
567 1300 20 21 vi
608 1300 45 21 icke
669 1300 83 21 besluta
768 1300 110 21 hvardera.

49 1328 33 20 Hr
103 1328 104 27 Tallgvist
228 1328 39 21 har
289 1328 107 22 framstält
418 1335 26 15 en
468 1328 96 28 vidlyftig
586 1329 112 26 bevisning
720 1328 33 22 för
769 1330 31 19 att
816 1328 26 21 de
857 1328 23 20 af

46 1356 210 27 järnvägsutskottet
278 1357 124 21 framstälda
423 1358 171 26 beräkningarna
609 1357 59 21 öfver
683 1357 158 21 räntabiliteten
857 1356 23 21 af

48 1381 87 36 Nyslott
152 1386 220 21 —Elisenvaarabanan
404 1388 38 19 äro
471 1386 129 26 fullkomligt
619 1386 6 20 i
644 1386 32 20 sin
698 1386 99 26 ordning.
836 1385 42 27 Jag

49 1414 53 20 skall
118 1414 71 20 därför
204 1414 55 21 hälla
275 1415 44 26 mig
334 1414 31 21 till
381 1421 26 14 en
423 1414 76 27 början
514 1414 31 22 till
558 1414 176 27 persontrafiken.
756 1414 43 26 Jag
809 1414 68 20 mäste

49 1444 51 25 säga
119 1444 32 19 att
162 1442 39 27 jag
215 1443 46 21 icke
276 1445 23 19 är
314 1443 130 27 fullkomligt
459 1443 73 26 invigd
547 1444 6 20 i
569 1444 34 20 det
619 1444 48 24 sätt,
682 1443 28 27 pä
724 1442 82 22 hvilket
818 1442 58 27 järn-

48 1471 147 26 vägskomitön
219 1471 128 21 framställer
363 1472 46 20 sina
425 1472 142 26 beräkningar
582 1471 59 21 öfver
657 1472 26 20 de
697 1472 57 20 olika
770 1472 106 20 banornas

48 1500 135 25 räntabilitet,
206 1506 47 14 men
277 1506 34 15 om
330 1500 39 27 jag
391 1500 46 21 icke
459 1500 138 21 missförstätt
619 1500 46 26 den,
681 1500 24 21 sä
720 1499 106 21 förefaller
842 1499 36 21 det
