1078 1786
174 113 56 21 1074
395 119 144 22 Inmutnings-
553 120 39 17 och
603 120 173 21 grufvestadgan.
925 120 13 17 2
948 120 53 21 juni.

174 193 62 21 synes
251 187 45 27 mig
311 187 54 22 dock
379 190 32 19 att
426 189 59 21 detta
499 189 94 21 intresse
607 188 46 21 icke
668 189 39 21 bör
722 188 21 22 få
755 189 50 26 taga
817 187 114 22 öfverhand
942 187 60 23 öfver

173 216 41 21 alla
229 216 72 21 andra.
324 217 11 21 I
351 217 40 21 den
402 217 77 27 nådiga
490 218 169 26 propositionen,
670 223 46 16 som
728 217 23 22 af
759 217 106 21 utskottet
872 217 69 22 blifvit
950 217 52 27 god-

172 245 63 26 känd,
257 244 90 23 föreslås
368 245 7 21 i
390 245 53 22 sista
459 252 64 15 mom.
538 248 32 19 att
585 245 145 27 sjömalmtäkt
745 245 35 22 må
792 245 55 22 efter
856 245 144 28 islossningen

173 273 18 27 ej
208 273 87 27 vidtaga
309 273 90 28 tidigare
414 276 26 19 än
457 274 53 22 efter
525 275 42 21 den
584 274 27 22 15
623 274 55 27 juni.
707 275 44 20 Det
766 276 23 19 är
805 281 26 14 en
844 273 156 28 jämförelsevis

172 302 50 21 kort
243 302 32 21 tid
295 302 23 22 af
338 302 51 26 året,
411 309 47 15 som
474 302 113 22 malmtäkt
602 303 41 21 kan
659 309 40 21 ega
713 309 55 20 rum,
784 302 39 22 och
839 309 76 20 genom
930 302 70 22 denna

173 330 125 27 stipulation
320 330 107 22 förkortas
449 333 116 25 yttermera
581 332 70 20 denna
666 332 36 20 tid.
732 332 34 20 En
782 331 66 21 sådan
863 330 138 28 förkortning

172 361 24 19 är
217 358 24 22 af
262 360 109 26 synnerlig
392 360 110 27 betydelse
523 360 130 22 åtminstone
668 360 7 21 i
690 360 26 21 de
731 360 99 21 karelska
845 362 92 23 vattnen,
953 366 47 15 som

172 388 63 26 tidigt
249 388 128 28 isbeläggas.
405 389 42 27 Jag
462 388 79 22 tillåter
555 389 45 27 mig
614 388 79 22 föreslå
713 390 32 20 att
761 389 58 21 detta
835 389 51 21 sista
901 390 96 20 moment

172 416 66 22 måtte
253 416 113 22 uteslutas.

241 474 34 21 Hr
297 480 50 15 von
369 474 109 22 Pfaler:
500 476 43 26 Jag
561 476 38 20 ber
615 477 31 19 att
661 474 23 22 få
698 475 133 21 understöda
845 474 25 22 hr
885 474 115 28 Hallbergs

171 502 86 28 förslag.

240 560 34 22 Hr
296 560 103 22 Lilius:
422 561 59 21 Minä
503 562 79 26 luulen,
605 563 43 20 että
663 561 164 27 poikkeeminen
843 562 57 20 tässä
914 560 85 22 kohden

171 588 144 22 valiokunnan
331 590 154 21 ehdotuksesta
500 590 18 21 ei
534 590 34 21 ole
584 590 146 21 välttämätön.
759 590 76 21 Jäiden
851 589 107 27 lähdettyä
970 595 27 14 on

172 617 142 28 vesijaksojen
329 618 106 27 yläpäissä
449 619 75 26 tulvat,
533 619 62 26 jotka
605 619 140 21 melkoisessa
755 620 109 19 määrässä
873 617 126 22 kohottavat

171 646 68 21 veden
262 646 114 22 korkeutta
397 647 198 33 malminpitoisissa
615 647 99 27 järvissä.
747 647 150 22 Semmoisissa
919 646 80 21 oloissa

171 675 87 21 malmin
281 676 135 21 nostaminen
438 676 20 21 ei
477 676 34 21 ole
523 676 61 27 juuri
599 676 110 21 mukavaa.
739 675 83 22 Vaikka
831 675 167 33 säilytetäänkin

170 706 39 24 nyt
223 703 111 22 ehdotettu
350 706 103 25 määräys,
468 705 57 27 kyllä
539 705 151 21 malminnosto
703 705 92 26 järvistä
811 704 36 21 siis
860 703 138 22 arvattavasti

171 731 99 22 ehditään
285 732 70 22 tehdä.
384 733 120 22 Harvoissa
519 733 136 27 tapauksissa
670 733 87 22 malmin
768 733 143 21 nostamiseen
922 732 76 27 ryhdy-

170 762 49 19 tään
241 761 80 21 tulvien
337 761 81 22 aikana.
449 762 28 21 Se
499 762 104 27 tapahtuu
619 764 111 19 enemmän
747 761 163 28 syksypuolella,
922 761 76 27 jolloin

170 791 74 20 väestö
260 790 118 27 paremmin
393 792 78 25 pääsee
486 791 209 27 maanviljelystöistä
710 791 109 26 vapaaksi.

238 847 34 21 Hr
292 847 132 27 Hallberg:
445 847 42 22 Om
502 854 49 15 man
567 848 46 21 icke
627 847 102 22 behöfver
745 848 71 21 denna
830 847 31 22 tid
875 847 33 21 för
923 847 75 21 malm-

168 875 52 25 täkt,
243 875 69 21 skulle
333 876 46 21 icke
401 876 113 21 malmtäkt
535 876 112 22 bedrifvits
671 877 68 21 under
762 877 41 20 den
826 876 58 21 tiden
906 876 39 20 och
970 876 27 20 dä

168 903 55 21 hade
245 904 37 21 det
302 904 25 26 ju
349 904 46 21 icke
417 904 82 22 funnits
519 905 66 27 nägot
601 911 46 15 som
663 905 57 21 hälst
734 904 48 22 skäl
797 906 30 20 att
842 904 98 27 förbjuda
955 904 43 21 det.

168 932 44 21 Det
233 934 24 19 är
273 932 86 22 alldeles
375 933 73 21 säkert
463 935 31 19 att
509 940 47 14 man
573 933 47 22 frän
637 934 53 25 dem,
706 940 48 15 som
770 932 96 22 bedrifva
880 932 116 26 malmtäkt,

168 960 49 22 hört
238 961 107 27 klagomäl
367 961 60 21 öfver
447 962 40 21 den
509 962 63 21 korta
586 962 104 22 arbetstid
706 962 26 21 de
748 968 40 20 ega
803 962 113 26 disponera
931 961 66 26 öfver,

168 989 27 21 dä
210 996 49 14 man
275 990 46 21 icke
336 990 41 21 kan
393 990 63 22 häfva
470 990 92 22 malmen
579 993 66 19 annat
659 993 26 19 än
701 991 70 21 under
787 996 127 16 sommaren.

235 1047 34 21 Hr
292 1047 131 21 Berneri:
447 1048 78 25 Siihen,
548 1048 52 21 mitä
621 1048 39 21 hra
682 1048 67 21 Lilius
771 1048 71 21 lausui
860 1047 136 21 esilläolevan

167 1075 177 22 lakiehdotuksen
366 1076 105 26 puolesta,
487 1076 80 22 tahdon
583 1077 55 21 vielä
652 1077 73 21 lisäksi
741 1076 145 25 huomauttaa,
901 1076 94 21 mitenkä

166 1104 167 25 valtausoikeus,
353 1105 238 27 »inmutningsrätten»,
613 1112 27 14 on
662 1105 133 21 semmoinen
811 1105 97 32 supistus
922 1110 73 16 maan-

166 1128 115 35 omistajan
303 1129 212 41 omistusoikeuteen,
535 1134 48 26 jota
603 1136 88 19 vastaan
712 1134 85 21 hänellä
819 1134 18 20 ei
859 1133 33 21 ole
906 1133 89 27 puolus-

166 1162 64 20 tusta.
259 1162 40 21 Jos
315 1162 176 27 maanomistajan
504 1162 99 27 järvessä
617 1162 71 32 löytyy
704 1162 91 25 malmia,
811 1162 44 21 niin
870 1168 28 15 on
909 1162 84 20 tehtaan

166 1189 99 27 omistaja
287 1190 119 21 oikeutettu
429 1190 132 21 valtaamaan
577 1197 38 15 sen
627 1191 24 26 ja
666 1190 163 27 maanomistaja
844 1190 64 21 kärsii
924 1190 69 21 silloin

166 1217 115 22 melkoista
296 1218 120 27 supistusta
430 1219 163 21 oikeudessaan.
622 1219 100 22 Kohtuus
739 1219 65 21 vaatii
819 1219 76 25 silloin,
911 1220 44 19 että
970 1224 24 15 se

166 1246 98 27 supistus
287 1247 90 21 tehdään
400 1247 83 21 hänelle
505 1248 44 21 niin
569 1247 88 22 lieväksi
670 1248 23 27 ja
707 1248 46 21 niin
768 1247 69 22 vähän
853 1247 141 27 vahingoitta-

164 1274 61 21 vaksi
240 1275 52 21 kuin
308 1275 91 22 suinkin.
428 1276 59 21 Minä
501 1276 117 27 puolustan
634 1277 117 20 mietintöä.

176 1360 4 3 =
210 1327 11 41 .
234 1331 70 22 Sedan
316 1332 150 22 diskussionen
473 1332 114 23 förklarats
595 1333 98 26 afslutad,
701 1333 126 22 framstälde
837 1333 25 21 hr
870 1332 122 22 talmannen

164 1359 33 22 till
211 1360 134 22 besvarande
359 1360 94 28 följande
467 1362 295 27 omröstningsproposition
752 1355 13 38 :

232 1417 41 26 De,
295 1417 75 22 hvilka
391 1418 118 33 godkänna
531 1419 113 21 utskottets
665 1419 91 28 förslag,
777 1420 61 19 rösta
851 1418 39 28 ja;
910 1418 31 27 de,
956 1418 37 21 det

162 1441 50 33 icke
221 1448 60 30 göra,
297 1448 59 19 rösta
370 1447 48 27 nej;

231 1474 82 21 vinner
327 1475 42 27 nej,
385 1475 42 21 har
442 1475 176 28 borgareståndet
633 1476 89 21 beslutit
736 1477 35 20 att
785 1475 56 21 sista
856 1482 65 14 mom.
938 1475 29 27 af
978 1476 16 20 8

162 1502 16 27 $
193 1502 38 21 bör
245 1502 61 28 utgå.
