1075 1750
71 110 14 16 8
98 108 50 21 maj.
378 97 218 37 Stämpelbevillning.
855 100 40 21 517

140 176 135 22 Beträffande
290 177 12 27 $
318 177 13 20 2
346 177 104 27 begärdes
465 176 62 22 ordet
542 176 22 21 af

140 233 25 22 hr
181 233 77 26 Sikio,
278 239 46 15 som
340 233 93 26 yttrade:
462 233 110 27 Pyytäisin
595 233 49 21 vain
668 233 65 21 saada
752 233 146 26 huomauttaa,

71 264 45 19 että
130 262 118 21 mietinnön
264 261 165 22 suomalaisessa
441 261 140 28 kappaleessa
591 267 28 15 on
630 261 69 21 toisen
710 261 91 27 pykälän
813 261 84 27 pykälä-

70 290 83 21 merkki
176 290 24 27 ja
222 296 88 15 numero
327 290 75 27 jäänyt
424 290 112 21 kokonaan
556 290 54 27 pois,
624 289 60 27 joten
700 291 87 26 näyttää
802 289 95 22 niinkuin

71 319 66 21 toista
157 319 89 26 pykälää
269 319 19 20 ei
308 319 109 21 olisikaan.
454 319 150 21 Suomalainen
624 318 65 21 teksti
710 318 49 21 olisi
781 319 37 20 siis
840 320 59 19 tässä

70 347 85 22 kohden
171 347 121 27 korjattava
306 347 142 22 ruotsalaisen
464 347 98 22 mukaan.

140 405 33 20 Hr
189 404 105 21 Öhman:
310 404 113 22 Utskottet
437 404 89 21 föreslär
541 406 31 19 att
587 411 26 14 ur
629 405 70 20 denna
718 403 101 28 paragraf
831 403 68 21 skulle

72 433 104 22 uteslutas
214 433 100 21 rubriken
336 427 27 37 —»
367 433 212 21 Auktionskamrar».
622 433 38 21 Uti
690 432 154 27 förordningen
879 431 22 22 af

72 462 40 21 den
136 462 27 21 22
179 468 57 15 mars
254 461 54 22 1898
322 461 110 27 angäende
447 461 100 27 frivilliga
561 461 113 22 auktioner
690 463 23 19 är
729 461 37 21 det
781 461 117 21 emellertid

72 491 100 20 städerna
195 490 108 21 eventuelt
323 490 118 27 medgifvet
455 492 32 19 att
501 489 131 22 fortfarande
648 490 68 21 under
732 489 58 22 vissa
805 491 94 19 omstän-

72 519 96 27 digheter
191 519 144 27 upprätthålla
356 519 192 21 auktionskamrar.
578 519 42 21 För
641 519 43 20 min
700 518 35 21 del
752 518 39 21 har
803 518 38 27 jag
856 517 44 27 mig

71 547 46 22 icke
135 547 85 26 bekant,
235 547 105 21 huruvida
354 547 196 22 auktionsrörelsen
566 547 7 21 i
589 547 99 27 samtliga
704 547 72 21 städer
791 546 108 21 allaredan

73 575 70 23 blifvit
158 582 25 15 en
199 575 27 22 fri
241 576 76 27 näring
332 575 51 22 eller
398 582 34 15 om
449 576 187 22 auktionskamrar
650 577 57 20 ännu
723 575 121 22 bibehållits
855 575 7 21 i
873 581 26 15 en

73 604 34 22 del
130 604 23 22 af
172 604 84 22 landets
272 605 76 25 städer,
365 611 48 15 men
426 605 37 27 jag
477 604 109 22 förmodar
601 606 31 20 att
648 606 204 26 representanterna
867 603 32 21 för

73 634 27 20 de
123 634 77 25 städer,
219 633 6 21 i
241 633 70 21 hvilka
326 633 347 21 auktionskammarinstitutionen
688 633 102 26 möjligen
806 632 93 21 bibehäl-

72 661 42 26 lits,
130 661 60 22 skola
206 661 73 22 därom
294 661 89 22 anmäla.
411 662 42 27 Jag
467 662 50 21 ville
533 661 118 22 emellertid
666 661 56 22 fästa
737 661 162 27 uppmärksam-

73 690 63 21 heten
159 690 75 21 härvid
256 690 28 27 pä
298 691 36 20 det
349 692 32 19 att
395 690 102 21 rubriken
514 690 218 21 »Auktionskamrar»
750 690 7 20 i
773 689 77 22 sådant
864 688 36 22 fall

74 719 68 20 skulle
157 718 133 21 äterinföras.

142 776 33 21 Hr
190 776 100 21 Idman:
319 776 43 27 Jag
383 776 48 21 ville
454 776 55 21 blott
531 775 102 22 anmärka
651 778 32 19 att
698 775 62 22 ordet
777 775 122 21 »auktions-

74 805 95 20 kamrar»
187 804 47 21 icke
248 803 62 22 fanns
325 805 7 20 i
348 805 40 20 den
405 805 76 26 nådiga
496 805 162 26 propositionen
674 804 39 21 och
729 804 28 27 pä
773 804 40 21 den
831 803 69 27 grund

73 833 45 21 icke
133 833 90 21 kommit
237 833 21 20 in
274 833 6 20 i
296 833 116 21 utskottets
427 833 141 21 betänkande.

142 890 34 21 Hr
192 885 109 26 Öhman:
332 891 41 20 För
389 891 41 20 den
445 890 102 22 händelse
562 892 32 20 att
609 890 236 27 bevillningsutskottet
855 889 46 21 icke

73 919 101 21 förvissat
189 919 33 26 sig
238 925 34 14 om
288 921 31 19 att
338 919 186 21 auktionskamrar
538 919 45 21 icke
599 919 72 21 vidare
686 919 133 21 förekomma
834 918 7 21 i
856 917 44 21 lan-

74 948 42 25 det,
132 953 62 15 anser
207 948 39 26 jag
260 948 44 26 mig
318 947 53 21 böra
386 947 79 28 päyrka
480 947 120 22 införandet
615 947 23 22 af
652 948 69 21 denna
736 947 81 21 rubrik.

142 999 33 21 Hr
191 999 129 27 Kyander:
350 999 33 21 En
400 999 61 26 tiedä,
477 999 102 22 kuulinko
595 999 39 21 hra
650 999 72 22 Sikion
738 997 161 23 muistutuksen

74 1027 76 26 oikein,
166 1030 69 19 mutta
250 1027 71 22 mikäli
337 1028 58 21 minä
409 1028 84 26 käsitin,
509 1034 27 15 on
552 1030 58 19 tämä
620 1028 69 21 hänen
700 1027 201 22 huomautuksensa

74 1056 62 21 aivan
158 1056 111 21 vähäinen.
298 1057 81 20 Toinen
402 1057 75 26 pykälä
493 1063 27 15 on
536 1057 112 25 olemassa,
664 1063 53 14 vaan
733 1063 27 14 on
773 1056 75 27 jäänyt
863 1061 36 21 py-

73 1085 62 21 kälän
157 1084 83 21 merkki
263 1085 49 21 siltä
333 1085 93 27 paikalta
447 1085 48 27 pois
511 1085 199 21 suomenkielisestä
725 1085 100 20 tekstistä
839 1083 23 27 ja
877 1089 24 15 se

75 1119 38 15 osa
134 1112 116 28 yhdistetty
267 1113 69 21 1:seen
352 1113 109 27 pykälään.
491 1114 55 21 Vika
560 1114 68 20 lienee
643 1113 63 27 hyvin
724 1112 92 28 helposti
832 1114 69 19 autet-

75 1142 86 20 tavissa.

144 1193 32 22 Hr
203 1193 82 21 Sikio:
314 1194 63 21 Juuri
402 1194 38 21 hra
465 1194 122 27 Kyanderin
613 1193 169 22 mainitsemasta
809 1192 93 22 seikasta

74 1221 132 22 huomautin.
222 1222 46 21 Hra
284 1222 99 27 Kyander
399 1229 28 15 on
443 1223 36 21 siis
495 1229 54 14 vaan
560 1222 72 21 väärin
643 1222 116 27 käsittänyt
771 1221 131 22 lausuntoni.

144 1273 69 22 Sedan
236 1274 150 21 diskussionen
408 1274 51 21 härä
481 1273 114 22 förklarats
618 1273 98 24 afslutad,
732 1273 70 22 beslöt
817 1273 86 21 ständet

74 1301 56 22 fästa
145 1302 117 21 utskottets
277 1303 189 26 uppmärksamhet
480 1303 29 26 pä
523 1305 32 18 att
570 1301 188 28 paragraftecknet
773 1301 107 22 saknades
895 1301 8 21 i

75 1331 40 20 den
130 1330 70 22 finska
215 1333 73 19 texten
303 1330 88 22 framför
406 1331 12 28 $
433 1331 19 21 2.

143 1381 136 22 Beträffande
306 1382 26 21 hr
358 1377 97 26 Öhmans
480 1381 83 28 förslag
583 1381 124 22 framstälde
729 1381 26 22 hr
780 1381 123 22 talmannen

74 1409 93 28 följande
183 1410 292 27 omröstningsproposition:

144 1461 53 33 De,
193 1457 12 43 -
202 1461 78 22 hvilka
293 1461 118 35 godkänna
425 1461 114 22 utskottets
554 1461 84 28 förslag
654 1461 35 21 till
704 1461 79 28 lydelse
798 1461 37 27 för
849 1461 15 38 $
881 1461 21 26 2,

74 1491 60 20 rösta
144 1490 40 27 ja;
200 1491 31 26 de,
248 1490 35 21 det
297 1490 45 21 icke
356 1492 61 25 göra,
432 1491 60 20 rösta
507 1490 48 28 nej;
