1075 1767
56 102 27 16 22
97 101 45 20 maj.
410 101 127 21 Järnvägar.
844 94 40 21 807

57 170 194 22 tuottavaisuuteen
268 170 89 26 nähden,
373 170 52 21 mitä
439 170 65 21 tähän
520 170 41 20 asti
577 176 28 14 on
621 170 111 21 olemassa.
759 169 27 21 Se
800 175 27 15 on
841 170 46 20 sata

56 198 119 27 prosenttia
196 199 101 26 kalliimpi
319 199 51 21 kuin
392 198 101 27 Karjalan
517 200 46 19 rata
590 198 23 27 ja
640 198 47 22 sillä
709 198 57 21 tulee
789 198 95 20 olemaan

56 227 81 21 liikettä
159 228 72 20 tuskin
253 227 28 21 50
302 227 119 27 prosenttia
436 227 55 25 siitä,
507 227 52 21 mitä
574 227 100 27 Karjalan
691 227 81 21 radalla
786 233 35 14 on.
851 226 34 21 On

56 256 147 25 luonnotonta,
227 258 44 19 että
290 262 141 15 maassamme
452 256 104 20 uhrataan
573 256 120 21 tämmöisiä
709 255 98 25 summia,
820 255 66 26 joista

56 287 38 25 nyt
116 291 27 14 on
159 284 106 28 kysymys,
280 284 65 27 pikku
361 284 126 27 kaupungin
503 284 79 26 kautta,
598 284 44 22 kun
658 284 49 21 siitä
723 284 19 21 ei
758 285 62 20 muut
834 283 51 21 kuin

54 313 53 27 joku
129 313 58 27 pieni
209 314 66 20 kunta
298 320 37 14 sen
351 313 111 27 ympärillä
478 319 37 15 saa
529 313 84 27 hyötyä.
642 314 27 21 Jo
685 320 28 14 on
729 313 157 25 huomautettu,

56 344 44 18 että
115 348 27 14 ne
157 344 50 19 ovat
223 342 126 21 Parikkalan
362 342 23 27 ja
400 342 115 21 Kerimäen
530 342 82 27 pitäjät.
635 342 178 21 Käännettäköön
830 342 56 20 tämä

56 373 46 18 rata
118 370 83 22 länteen
222 371 55 26 päin,
300 371 43 20 niin
367 370 81 27 tarjoaa
464 376 24 16 se
503 372 69 20 samat
587 371 52 21 edut
654 370 57 21 niille
727 370 159 27 viljelysaloille,

53 399 61 26 jotka
136 401 51 19 ovat
203 399 142 21 Savonlinnan
361 399 155 27 länsipuolella.
545 400 70 20 Pääsö
631 399 108 27 Viipuriin
751 400 56 20 tosin
823 398 63 27 käypi

56 428 180 21 hankalammaksi
252 428 144 21 talvisaikaan.

125 486 33 20 Hr
173 485 135 27 Hallberg:
339 486 33 20 Hr
394 485 96 21 Neovius
511 487 24 19 är
553 492 44 20 nog
618 486 78 26 lycklig
714 486 32 20 att
761 485 47 21 icke
823 484 63 22 hafva

56 514 35 21 vid
112 514 129 27 föregående
261 514 102 27 landtdag
384 514 126 21 medvärkat
525 514 31 21 till
579 514 94 22 beslutet
693 516 33 19 att
746 514 84 21 anhålla
851 520 34 14 om

56 543 64 27 nådig
136 543 134 27 proposition
285 542 33 22 för
334 543 70 21 denna
419 543 61 21 bana.
507 543 78 27 Många
599 543 7 21 i
623 543 58 21 detta
696 542 64 22 stånd
771 542 39 21 och
822 542 63 21 bland

56 572 66 20 andra
140 572 39 26 jag
199 571 72 21 kunna
290 572 46 21 icke
358 572 71 21 skatta
451 578 38 15 oss
511 572 42 21 lika
574 572 97 26 lyckliga.
701 571 50 21 Icke
767 570 72 22 därför
855 572 31 20 att

53 600 38 27 jag
113 606 64 15 anser
201 606 25 15 en
249 601 93 26 begäran
362 607 34 15 om
420 600 66 27 nådig
504 600 135 28 proposition
661 600 103 21 innebära
784 606 59 14 mera
859 601 25 19 än

57 629 92 27 begäran
174 635 34 15 om
232 635 25 15 en
281 629 89 27 utförlig
392 629 122 27 utredning,
530 636 49 14 men
595 631 39 19 när
657 636 49 14 man
723 630 38 26 gör
777 635 25 15 en
819 628 66 22 sädan

56 658 100 26 begäran,
171 657 126 22 förutsätter
315 658 36 21 det
375 658 64 21 likväl
461 660 32 19 att
508 664 47 15 man
573 658 56 21 varit
643 658 122 26 principielt
783 664 51 14 ense
849 664 34 14 om

56 686 76 22 banan.
161 687 42 26 Jag
225 686 42 22 kan
290 693 28 14 nu
340 687 47 21 icke
407 687 71 21 erinra
498 687 49 27 mig,
564 693 34 15 om
619 687 70 21 denna
704 686 127 22 bansträcka
847 693 38 14 var

56 715 88 21 föremäl
162 714 33 22 för
217 715 70 27 nägon
303 715 105 27 ingäende
424 715 131 27 behandling
570 715 46 21 frän
633 715 190 27 borgareständets
839 715 46 21 sida

56 744 51 20 eller
129 750 33 15 om
185 750 49 15 man
257 744 34 21 vid
313 746 86 19 senaste
419 744 103 27 landtdag
537 744 5 21 i
559 744 115 21 allmänhet
696 744 67 26 ansäg
784 744 36 20 det
835 750 50 14 vara

56 772 186 27 behjärtansvärdt
262 774 31 20 att
308 773 88 27 Nyslott
410 772 87 22 komme
512 773 6 21 i
534 773 119 27 besittning
667 772 23 22 af
700 772 184 28 järnvägsförbin-

56 801 58 21 delse
137 801 39 21 och
198 801 71 21 därför
289 802 87 20 röstade
398 801 32 21 för
454 801 66 21 sädan
539 802 168 26 undersökning,
724 808 45 14 som
786 801 97 21 anhällan

56 836 34 14 om
106 830 135 26 proposition
257 830 7 21 i
279 830 40 21 och
334 830 33 21 för
383 830 34 27 sig
432 830 67 27 enligt
514 830 43 21 min
569 830 138 27 uppfattning
717 830 95 21 innebär.
835 830 48 20 Men

56 865 34 15 om
113 865 48 14 man
186 858 64 22 ocksä
271 859 55 21 varit
352 859 48 21 med
428 865 36 15 om
486 860 31 20 ett
539 859 77 21 sädant
637 859 78 25 beslut,
737 859 87 21 hindrar
849 859 36 21 det

56 887 45 21 icke
116 889 36 24 att,
169 894 35 14 om
220 894 48 14 man
284 888 76 20 ändrat
375 888 57 20 åsikt
446 888 7 20 i
469 894 26 14 en
511 887 65 27 fråga,
588 894 48 15 man
653 894 50 20 eger
719 889 43 20 rätt
771 889 32 19 att
814 888 70 20 seder-

56 922 59 15 mera
137 916 66 21 uttala
223 916 34 27 sig
276 918 45 19 mot
341 922 82 15 samma
446 916 59 26 bana,
525 923 34 15 om
576 923 48 15 man
640 917 56 21 blott
711 918 66 26 öppet
791 916 94 21 frambär

56 945 41 21 det.
126 945 43 27 Jag
188 946 23 20 är
232 952 29 14 nu
276 945 7 21 i
299 952 26 14 en
347 945 66 21 sådan
429 945 132 27 belägenhet.
591 946 42 26 Jag
648 946 68 20 måste
732 944 107 28 medgifva
853 947 32 19 att

54 973 38 27 jag
106 980 30 14 nu
151 973 46 21 icke
212 974 40 20 kan
269 975 58 19 rösta
342 974 33 20 för
391 974 77 26 banan,
484 974 65 21 sädan
566 974 40 21 den
622 974 23 21 af
654 974 106 21 utskottet
770 974 115 26 förslagits.

56 1002 42 26 Jag
121 1002 37 21 har
182 1002 163 32 uppmärksamt
366 1002 62 21 ähört
452 991 41 37 det,
512 1009 46 15 som
577 1002 26 22 hr
622 1003 96 21 Neovius
736 1002 89 22 anförde
841 1004 44 19 mot

56 1031 76 25 banan,
157 1031 39 21 och
216 1031 38 27 jag
276 1031 106 21 erkänner
404 1033 32 19 att
459 1020 41 32 han
524 1031 38 21 har
580 1033 48 25 rätt,
647 1032 27 20 dä
696 1032 41 20 han
753 1030 132 22 beträffande

57 1044 201 46 spanmälshandeln
275 1059 104 22 förklarar
394 1061 33 20 att
442 1066 27 15 en
484 1060 63 21 trafik
565 1048 63 33 öfver
635 1060 87 27 Ladoga
732 1060 45 21 icke
788 1060 97 21 kommer

57 1090 32 19 att
104 1088 96 21 medföra
215 1094 26 15 en
257 1088 70 21 rikare
343 1088 98 22 tillförsel
457 1088 31 21 till
504 1089 26 21 de
545 1091 64 24 orter,
621 1096 45 14 som
679 1089 71 21 denna
760 1089 55 21 bana
826 1088 59 22 kom-

57 1123 45 15 mer
117 1118 32 20 att
165 1117 80 26 beröra,
261 1117 89 21 emedan
367 1118 87 26 Ladoga
470 1124 24 14 en
511 1119 46 19 stor
573 1118 34 20 del
622 1117 23 21 af
660 1118 46 20 äret
721 1119 23 19 är
759 1117 73 21 frusen
846 1117 38 21 och

58 1146 81 20 således
156 1146 80 26 upplag
251 1146 6 20 i
273 1146 41 21 alla
328 1145 42 27 fall,
386 1146 46 21 ifall
442 1146 47 21 icke
501 1146 96 27 spanmäl
607 1146 82 22 införes
699 1147 29 26 pä
737 1146 68 22 andra
815 1148 70 30 vägar,

57 1174 68 21 mäste
140 1174 69 21 finnas
226 1181 49 14 vare
291 1175 33 26 sig
339 1163 36 33 vid
390 1175 119 21 hamnarna
523 1175 52 21 eller
591 1176 34 20 vid
641 1175 82 21 banans
739 1175 49 21 slut.
818 1175 67 21 Meni

57 1203 66 21 likhet
138 1204 48 20 med
202 1203 25 21 hr
243 1203 93 27 Krogius
352 1203 41 21 kan
406 1204 39 26 jag
461 1204 44 20 icke
521 1204 94 21 erkänna
627 1206 32 19 att
674 1204 26 21 de
716 1204 129 21 kvantiteter
860 1204 25 20 hr

57 1232 95 20 Neovius
168 1231 89 22 anförde
272 1232 69 21 skulle
356 1238 51 15 vara
422 1232 26 21 sä
462 1232 183 28 anskrämmeliga,
661 1234 32 20 att
705 1239 49 15 man
765 1232 74 26 skulle,
851 1239 33 14 om

58 1260 26 21 de
100 1260 91 22 anmälts
207 1260 30 21 till
253 1262 111 26 transport
379 1261 28 27 pä
422 1261 77 25 banan,
515 1260 92 22 behöfva
620 1261 72 21 frukta
707 1263 32 19 att
754 1262 71 20 denna
840 1261 45 21 icke

58 1289 98 21 mäktade
175 1290 92 20 därmed.
288 1290 76 25 11,000
378 1291 37 19 ton
434 1290 97 26 spanmäl
545 1289 47 22 frän
611 1296 25 15 en
649 1290 62 21 firma
724 1292 24 19 är
764 1290 26 21 dä
804 1290 46 21 icke
861 1290 24 20 sä

58 1318 89 26 mycket,
158 1324 26 14 en
201 1318 102 26 tredjedel
319 1318 23 21 af
353 1318 59 21 detta
422 1318 78 27 delopp
511 1318 39 21 har
561 1319 91 26 mängen
664 1319 57 27 gäng
731 1318 96 22 afsändts
838 1318 46 22 frän

58 1346 137 27 Helsingfors
210 1347 58 20 inom
284 1353 26 14 en
325 1346 71 22 vecka.
419 1347 64 21 Hvad
495 1347 47 21 äter
553 1348 182 26 spanmälsprisen
746 1347 139 25 vidkommer,

58 1375 78 21 tillåter
155 1375 38 27 jag
215 1376 44 26 mig
287 1375 111 21 framhålla
424 1377 33 20 att
481 1376 38 26 jag
547 1378 45 19 tror
617 1376 36 21 det
675 1376 211 27 järnvägsutskottet

58 1404 111 26 angäende
184 1404 47 21 dem
247 1404 38 21 har
301 1404 6 20 i
322 1404 124 21 hufvudsak
461 1406 48 19 rätt.
539 1405 43 21 Det
597 1405 61 21 torde
674 1412 50 14 vara
735 1405 63 26 fallet,
810 1405 75 21 ätmin-

59 1435 62 18 stone
140 1432 25 21 sä
179 1432 59 27 längt
254 1433 42 20 min
313 1432 122 22 erfarenhet
451 1433 94 21 sträcker
561 1434 38 26 sig,
614 1435 32 19 att
661 1434 182 26 spanmälsprisen
859 1434 28 26 pä

59 1461 83 25 hösten,
165 1461 48 21 kort
235 1461 54 21 efter
313 1461 99 26 skörden,
436 1462 98 26 vanligen
557 1462 33 21 stä
609 1462 69 27 högst.
708 1463 66 21 Detta
790 1462 96 21 kommer

60 1490 33 26 sig
113 1489 23 21 af
153 1490 36 20 tvä
204 1490 81 26 ganska
300 1490 108 27 naturliga
424 1490 94 26 orsaker,
534 1491 40 21 den
591 1497 40 15 ena
645 1493 32 20 att
692 1491 112 22 tillförseln
821 1491 27 22 dä
863 1493 22 20 är
