1078 1781
50 125 13 17 1
73 124 52 21 juni.
402 116 126 35 Järnvägar.
825 116 53 22 1051

259 206 20 3 —
285 193 160 22 Kristinestad»
466 193 66 22 måtte
547 193 86 27 utbytas
648 194 47 21 mot
709 193 67 21 orden
793 192 87 23 »Seinä-

258 222 243 27 joki—Kristinestad—
508 222 94 22 Kaskö».

278 279 32 21 På
321 278 222 28 järnvägsutskottets
559 280 89 26 vägnar:

376 336 27 22 E.
423 336 24 22 G.
463 336 99 22 Palmén.

124 394 33 21 Hr
172 393 146 27 Wegelius
333 394 94 27 begärde
442 394 62 21 ordet
519 394 40 21 och
573 393 92 28 yttrade:
685 393 28 22 Så
727 393 62 27 lifligt
803 393 77 21 intres-

54 423 63 21 rerad
129 422 39 28 jag
183 422 88 22 likasom
292 422 36 22 det
342 422 88 22 alldeles
445 422 157 28 öfvervägande
617 422 91 22 flertalet
722 422 23 21 af
757 422 123 26 landtdags-

54 453 50 19 män
127 452 58 20 inom
207 450 41 29 alla
266 451 63 21 stånd
344 453 23 19 är
382 450 34 22 för
432 453 31 19 ett
478 451 189 21 åstadkommande
681 450 23 22 af
716 450 93 28 järnväg
823 450 7 21 i
845 450 36 22 det

54 480 91 27 bördiga
165 479 195 27 syd-Österbotten,
374 480 43 21 kan
430 480 38 26 jag
482 479 32 22 för
529 480 45 21 min
589 479 34 22 del
638 479 97 27 omöjligt
748 479 75 21 förena
837 478 44 28 mig

54 514 37 16 om
113 509 37 21 det
170 514 41 22 nya
232 508 96 27 uppslag,
351 514 47 16 som
421 514 29 16 nu
472 508 22 22 af
511 508 210 28 järnvägsutskottet
739 508 72 27 tagits.
839 508 42 26 Jag

56 537 69 21 måste
148 537 71 21 därför
234 538 59 20 rösta
307 536 33 22 för
355 538 33 20 att
402 537 179 27 borgareståndet
596 536 68 22 skulle
679 536 102 22 vidblifva
795 536 38 22 sitt
847 542 33 16 se-

56 568 50 19 nast
127 565 81 22 fattade
227 566 72 20 beslut
313 566 7 20 i
336 565 72 22 saken.
438 566 112 22 Utskottet
572 567 63 25 säger
649 566 8 20 i
672 565 33 22 sin
723 564 112 22 skrifvelse
849 566 32 20 att

53 594 77 27 frågan
153 601 35 15 om
211 594 98 22 ärendets
336 594 158 27 hänskjutande
518 594 32 22 till
573 594 104 22 förstärkt
703 594 84 21 utskott
811 593 69 22 skulle

54 622 63 22 hafva
144 622 87 22 förfallit
252 623 7 21 i
281 624 82 26 präste-
386 622 40 22 och
448 623 169 21 bondestånden.
653 623 42 27 Jag
717 622 41 22 kan
781 622 32 21 för
835 622 44 21 min

54 652 35 20 del
112 651 46 22 icke
180 651 52 21 fatta
254 652 65 20 saken
342 651 88 22 alldeles
449 652 29 21 så.
508 652 63 21 Inom
593 651 158 27 prästeståndet
766 650 114 22 framställ-

54 680 39 21 des
115 680 86 27 förslag,
223 680 88 21 afsedda
332 682 32 19 att
386 682 58 19 ännu
469 680 79 22 bereda
570 680 110 27 möjlighet
697 682 32 19 att
744 680 65 21 vinna
825 685 54 15 sam-

54 708 139 28 stämmighet
217 708 77 22 mellan:
318 709 90 21 stånden
431 715 35 15 om
488 711 30 19 ett
538 708 75 22 därvid
627 710 98 20 närmare
740 708 140 22 formuleradt

53 736 88 28 förslag,
163 737 39 21 och
224 737 74 21 härom
319 737 39 21 har
373 737 157 22 bondeståndet
546 737 84 21 förenat
652 738 39 26 sig,
710 743 49 15 men
775 736 105 22 intetdera

54 766 25 20 af
96 766 64 21 dessa
175 766 63 21 stånd
252 766 42 21 kan
309 766 88 21 därmed
412 772 64 15 anses
491 766 63 21 hafva
568 766 34 21 för
617 766 34 27 sig
665 766 91 21 afskurit
770 764 110 28 möjlighe-

55 797 36 18 ten
106 797 37 23 att,
163 795 64 21 sedan
245 801 29 15 nu
292 794 61 22 äfven
372 794 59 22 detta
447 794 222 28 förmedlingsförslag
686 794 47 22 icke
751 794 77 22 vunnit
843 795 37 19 nö-

55 822 36 28 dig
109 823 114 27 pluralitet,
242 822 84 22 besluta
345 825 37 24 att,
398 823 27 21 då
440 823 90 21 sålunda
545 823 121 27 skiljaktiga
680 823 111 27 meningar
806 821 74 23 fortfa-

54 852 67 21 rande
135 851 108 27 föreligga,
258 852 66 21 anlita
339 852 41 21 den
396 854 67 25 utväg
474 852 33 21 för
523 852 77 21 sakens
618 851 122 27 afgörande,
758 857 47 15 som
823 850 57 22 L.O.

54 879 145 23 föreskrifver.
229 881 43 26 Jag
292 880 69 22 skulle
382 880 72 22 därför
476 880 68 22 tillåta
567 880 44 27 mig
632 880 79 22 föreslå
733 882 32 19 att
780 880 100 26 borgare-

55 909 90 26 ståndet,
155 909 67 27 jämte
233 909 36 21 det
284 909 36 21 det
335 908 112 22 vidblifver
463 909 38 21 sitt
516 912 86 18 senaste
616 909 7 21 i
639 909 64 21 saken
719 908 80 22 fattade
810 908 70 21 beslut

53 940 33 18 att
100 937 74 27 frågan
197 937 18 27 ej
238 937 32 22 får
292 937 88 26 förfalla,
403 940 51 19 utan
470 938 142 21 öfverlämnas
627 938 31 21 till
673 937 104 21 förstärkt
791 936 89 25 utskott,

54 966 99 27 inbjuder
169 968 81 25 präste-
266 966 40 22 och
320 966 163 22 bondestånden
499 969 32 19 att
546 966 74 22 därom
636 966 33 27 sig
683 966 80 21 förena.

123 1023 33 21 Hr
172 1023 210 27 Schybergson:
405 1024 63 20 Inom
488 1023 210 27 järnvägsutskottet
720 1023 61 21 sökte
797 1022 40 28 jag
851 1022 29 21 äf-

54 1052 100 21 venledes
178 1054 52 25 göra
252 1052 40 21 den
315 1052 56 22 åsikt
394 1052 103 27 gällande,
515 1054 32 20 att
567 1054 81 25 präste-
664 1052 39 21 och
718 1051 162 22 bondestånden

53 1080 47 22 icke
122 1080 54 22 hade
199 1080 103 22 definitivt
320 1080 105 22 förkastat
440 1081 118 21 utskottets
573 1080 80 28 törslag
668 1087 35 15 om
719 1080 77 22 sakens
812 1079 68 22 öfver-

53 1109 114 21 lämnande
182 1109 31 21 till
228 1109 115 27 afgörande
358 1109 22 21 af
393 1109 104 22 förstärkt
512 1110 89 25 utskott,
612 1109 39 22 och
665 1109 94 27 föreslog
774 1110 32 20 att
815 1110 65 25 ytter-

53 1144 60 15 mera
133 1138 125 21 hemställan
274 1138 7 21 i
296 1138 76 21 sådant
387 1138 101 21 afseende
503 1138 69 21 skulle
587 1138 47 21 från
651 1138 116 21 utskottets
783 1137 46 21 sida
845 1138 35 26 gö-

53 1172 42 16 ras.
125 1166 120 22 Men.man
261 1167 89 21 svarade
365 1167 45 27 mig
425 1167 49 21 med
490 1167 135 27 åberopande
640 1166 22 22 af
675 1166 26 22 de
716 1166 164 26 omröstningar,

53 1201 48 15 som
125 1194 114 28 försiggätt
253 1196 58 20 inom
334 1196 26 20 de
383 1196 36 20 två
434 1195 98 26 stånden,
547 1198 32 18 att
594 1195 59 21 detta
667 1195 116 21 utskottets
799 1194 83 26 förslag

54 1224 56 21 varit
131 1224 68 21 under
221 1224 135 27 omröstning
378 1224 40 21 och
439 1223 123 22 förkastats.
593 1224 116 21 Dessutom
732 1223 61 21 torde
816 1223 66 26 något

54 1252 73 22 tvifvel
141 1252 47 22 icke
202 1252 51 22 råda
268 1253 7 21 i
290 1253 37 21 det
340 1252 108 24 afseende,
458 1254 33 20 att
506 1258 26 16 en
548 1252 66 22 sådan
629 1252 125 21 hemställan
767 1251 70 22 skulle
851 1250 31 22 af-

54 1281 67 27 böjas.
151 1281 43 21 Det
208 1281 95 21 återstod
319 1281 27 21 då
360 1281 46 21 icke
421 1283 67 19 annat
502 1281 34 21 val
551 1280 33 22 för
600 1281 105 21 utskottet
720 1282 26 20 än
757 1282 32 20 att
800 1280 7 21 i
818 1279 63 22 skrif-

55 1310 58 21 velse
134 1310 31 21 till
188 1310 90 21 stånden
301 1310 85 21 anmäla
407 1311 32 20 att
456 1309 76 27 frågan
547 1309 87 22 förfallit
648 1309 33 21 för
696 1309 69 21 denna
779 1308 103 27 landtdag

54 1338 51 21 eller
124 1338 39 21 ock
181 1340 31 20 att
226 1338 87 22 försöka
327 1338 49 21 med
391 1340 48 25 nytt
454 1338 93 27 uppslag
561 1338 7 21 i
583 1338 80 27 frågan,
679 1337 80 22 hvilket
773 1337 109 21 märkvär-

54 1367 46 27 digt
122 1373 44 21 nog
188 1367 57 21 inom
261 1367 107 21 utskottet
383 1367 71 27 tyktes
469 1367 66 21 vinna
549 1366 84 28 mycket
647 1366 94 27 anklang
755 1366 40 21 och
810 1364 72 23 därför

53 1395 66 21 också
137 1402 63 20 synes
215 1395 63 21 hafva
292 1395 89 22 chancer
394 1397 33 19 att
436 1394 103 22 omfattas
550 1395 23 21 af
581 1395 98 27 samtliga
689 1394 68 22 stånd.
781 1394 43 27 Jag
835 1394 46 21 sak-

53 1424 56 21 nade
119 1424 6 21 i
135 1424 26 21 hr
177 1423 114 27 Wegelius”
306 1424 138 27 andragande
458 1424 75 26 hvarje
548 1424 130 27 upplysning
693 1429 34 15 om
742 1422 93 22 orsaken
851 1422 31 21 till

53 1452 54 21 hans
129 1452 113 27 afböjande
264 1452 23 22 af
307 1452 59 22 detta
388 1458 42 21 nya
451 1451 87 28 förslag,
557 1458 48 15 men
619 1452 37 27 jag
670 1452 109 21 förmodar
793 1453 33 19 att
841 1451 41 21 den

54 1481 45 21 står
121 1483 32 19 att
175 1480 64 22 sökas
254 1481 6 21 i
276 1480 119 22 finansiella
417 1480 168 28 synpunkterna,
604 1482 32 20 att
649 1480 26 21 hr
689 1480 109 27 Wegelius
813 1479 69 21 finner

53 1510 33 20 att
99 1512 116 24 yttermera
232 1510 112 26 2,000,000
359 1509 61 21 mark
435 1508 33 22 för
484 1508 161 28 ifrågavarande
657 1509 90 27 järnväg
761 1510 24 20 är
801 1514 26 16 eu
843 1507 38 22 alt-
