1075 1764
32 106 28 16 22
73 106 47 20 maj.
396 98 124 33 Järnvägar.
823 99 39 21 781

104 168 54 27 Åter
178 174 56 22 hvad
255 174 119 22 hamnarna
394 174 76 22 K:stad
491 174 39 21 och
546 174 73 22 Kaskö
634 174 125 27 lämplighet
774 174 33 21 för
822 174 42 27 sjö-

34 202 76 25 farten,
123 202 93 27 jämförd
231 203 49 21 med
294 203 126 25 hvarandra,
429 203 139 22 vidkommer.
580 203 24 21 så
614 203 68 21 måste
693 209 49 15 man
753 202 112 27 föredraga

36 231 72 22 Kaskö
128 230 88 22 framför
232 231 80 24 K:stad,
330 232 89 20 emedan
435 232 97 26 inloppet
547 232 31 20 till
594 231 73 21 Kaskö
683 233 23 19 är
722 233 75 19 nästan
814 231 48 21 rakt

35 260 41 21 och
90 259 70 27 fartyg
175 260 27 26 på
217 260 27 20 22
259 260 43 21 fots
318 260 135 27 djupgående
469 260 72 21 kunna
556 260 87 21 komma
658 266 43 20 upp
718 260 55 21 ända
788 262 75 19 nästan

36 288 55 22 intill
112 288 117 27 packhuset
248 291 56 19 samt
327 289 111 21 dessutom
455 288 96 27 skyddad
566 288 33 22 för
614 288 41 22 alla
671 288 75 21 vindar
762 294 46 15 som
825 288 40 21 ock

36 317 40 21 lätt
96 319 32 19 att
148 317 73 27 belysa
241 317 97 27 inloppet
359 317 32 21 till
411 317 80 21 sundet
505 318 49 20 med
569 318 67 26 några
651 316 63 28 fyrar,
730 317 97 21 däremot
843 318 23 19 är

37 346 88 21 K:stads
140 345 73 27 inlopp
229 346 85 26 krokigt
329 346 40 21 och
384 345 79 22 tarfvar
479 346 107 26 åtskilliga
600 346 52 20 flere
666 345 63 27 fyrar.

620 402 56 21 Edv.
693 402 103 21 Bruun.»

109 460 65 21 Detta
189 466 37 14 var
242 459 94 22 brefvets
351 460 93 21 innehåll
460 460 39 21 och
512 460 38 27 jag
565 460 61 21 anför
642 460 36 21 det
687 460 54 20 blott
754 461 110 25 gentemot

38 488 27 22 de
85 488 113 27 uppgifter,
214 494 47 15 som
283 489 7 20 i
304 489 161 21 reservationen
488 488 92 28 anföras,
598 488 40 22 och
659 488 31 21 till
712 488 115 27 belysande
845 487 23 22 af

38 518 127 27 påståendet
187 520 31 18 att
235 516 76 28 fartyg,
327 517 72 21 hvilka
414 524 78 21 genom
508 517 101 22 Öresund
624 517 73 21 kunna
712 517 109 21 inkomma
835 516 31 21 till

43 546 119 26 Östersjön,
185 546 64 21 också
269 546 73 21 kunna
359 546 28 26 gå
403 547 22 20 in
444 546 32 21 till
494 546 151 21 Kristinestad.
675 546 42 21 Det
733 546 60 21 torde
809 545 61 21 häraf

39 575 33 20 till
87 574 52 21 fullo
160 574 84 27 framgå
258 577 32 18 att
304 575 91 26 tidigare
411 575 110 26 påpekade
537 575 108 27 uppgifter
660 575 46 20 icke
721 574 56 21 hålla
792 573 76 22 sträck.

40 603 104 22 Siffrorna
159 603 43 21 tala
213 603 25 27 ju
254 603 37 21 sitt
306 603 126 27 obevekliga
447 603 72 27 språk.

108 632 39 21 Ett
162 634 65 19 annat
241 631 138 27 förhållande,
394 639 46 14 som
457 632 65 21 också
537 634 23 19 är
575 631 23 22 af
611 632 45 21 vikt
668 631 33 22 för
712 633 31 20 att
753 631 115 22 förbindel-

39 667 39 14 sen
93 661 49 20 med
157 660 72 21 hafvet
244 661 53 20 skall
312 667 52 14 vara
379 661 48 26 god,
443 663 24 18 är
483 661 41 26 det,
539 663 32 19 att
581 661 91 20 hamnen
684 661 69 20 under
764 661 40 20 den
816 659 52 27 möj-

39 689 65 27 ligast
126 689 84 27 längsta
229 689 30 21 tid
275 689 22 21 af
310 689 46 21 året
372 691 23 19 är
411 691 71 25 öppen
497 689 33 22 för
546 689 110 27 sjöfarten.
686 689 38 22 Uti
740 689 40 21 den
797 688 71 21 utred-

40 718 57 26 ning,
114 724 46 15 som
179 717 198 28 järnvägskomitén
395 717 115 27 förebragt,
525 717 69 22 finnes
615 718 64 21 också
702 717 167 22 sammanstälda

41 746 108 27 uppgifter
165 746 79 26 därom,
260 747 56 20 huru
331 747 78 26 många
425 747 66 26 dagar
507 747 117 20 hamnarna
636 747 7 20 i
655 747 26 20 de
696 747 57 20 olika
768 746 101 21 städerna

40 782 8 20 i
64 777 140 26 Österbotten
220 783 36 19 äro
272 783 76 25 öppna,
365 781 39 21 och
419 781 47 21 från
478 781 40 21 den
529 781 71 22 tabell,
611 787 46 15 som
670 781 38 21 där
720 780 75 26 finnes,
805 780 64 21 fram-

41 810 38 27 går
101 812 32 19 att
155 810 110 21 skilnaden
280 810 7 21 i
302 809 80 22 antalet
401 810 72 27 dagar,
493 817 46 14 som
558 812 14 19 t.
592 816 31 15 ex.
642 809 151 26 Kristinestad,
811 809 58 21 Vasa

42 839 39 21 och
97 839 73 21 Kaskö
185 839 88 20 hamnar
288 840 38 19 äro
342 840 77 25 öppna,
435 841 23 18 är
473 839 77 20 mellan
567 839 57 21 Vasa
640 838 38 21 och
694 838 73 21 Kaskö
780 837 89 27 ungefär

44 868 26 20 12
86 867 39 21 och
140 867 78 21 mellan
234 867 144 21 Kristinestad
394 867 39 21 och
450 867 73 21 Kaskö
538 869 58 19 ännu
612 867 88 21 mindre.
731 867 70 20 Dessa
816 872 53 21 upp-

44 895 62 28 gifter
124 898 38 19 äro
182 895 104 22 såtillvida
304 895 151 26 vilseledande,
471 898 31 19 att
523 896 26 21 de
564 896 25 26 ju
605 896 45 21 icke
666 895 55 27 gälla
737 895 72 21 Kaskö
825 895 46 20 inre

41 925 71 25 hamn,
132 925 76 20 medan
223 924 68 21 banan
310 924 55 21 skall
382 924 59 21 ledas
461 925 32 20 till
509 925 40 20 den
564 927 62 23 yttre,
642 924 39 21 och
696 925 8 20 i
719 924 41 21 den
775 926 56 25 yttre
847 925 24 19 är

42 953 142 21 förhållandet
198 953 6 21 i
220 953 58 21 detta
293 953 100 21 afseende
409 955 31 19 ett
455 955 72 19 annat.
551 953 99 21 Komitén
667 955 62 25 säger
745 952 126 27 visserligen

44 984 32 19 att
90 982 160 20 förhållandena
264 982 7 20 i
286 982 26 21 de
327 981 56 21 olika
398 982 119 21 hamnarna
531 982 67 26 något
613 982 61 26 skilja
690 982 39 26 sig,
744 988 49 14 men
809 981 63 21 dessa

44 1010 146 21 förhållanden
210 1012 37 19 äro
267 1010 43 21 helt
330 1010 39 21 och
388 1010 65 21 hållet
468 1011 72 21 andra.
570 1011 43 20 Det
628 1010 38 21 har
681 1010 56 21 visat
752 1010 39 26 sig,
807 1010 65 26 enligt

45 1039 161 21 observationer
228 1039 74 27 gjorda
324 1039 36 21 vid
379 1038 132 28 Skälgrunds
529 1039 33 27 fyr
583 1039 67 21 under
678 1039 50 21 åren
749 1038 47 22 från
819 1038 55 21 1894

46 1068 31 20 till
97 1068 39 20 och
154 1068 49 20 med
219 1068 57 20 detta
291 1068 29 26 år,
336 1069 32 19 att
383 1068 73 20 Kaskö
471 1070 56 24 yttre
543 1068 63 20 hamn
623 1068 55 21 varit
692 1067 45 21 isfri
753 1068 7 20 i
775 1066 99 22 medeltal

46 1096 42 21 253
108 1096 65 26 dagar
192 1096 22 21 af
230 1096 56 26 året;
302 1096 83 21 således
407 1102 26 15 en
455 1096 84 22 skilnad
554 1096 28 27 på
596 1096 26 21 47
640 1096 64 27 dagar
723 1096 77 21 mellan
816 1096 58 20 Vasa

46 1125 39 21 och
105 1125 73 21 Kaskö
196 1125 64 21 hamn
275 1125 7 21 i
298 1125 71 21 stället
387 1124 33 22 för
441 1125 105 27 uppgifna
562 1125 32 21 13.
624 1124 136 22 Beträffande
778 1124 96 21 isförhål-

46 1154 92 20 landena
153 1154 6 20 i
175 1152 156 23 Kristinestads
346 1155 56 25 yttre
418 1153 65 21 hamn
499 1154 77 20 saknas
592 1153 114 27 uppgifter.

115 1182 30 21 Af
158 1182 56 21 hvad
226 1182 38 26 jag
278 1182 38 21 här
331 1182 84 27 påvisat
437 1182 38 21 vill
490 1182 43 28 det
541 1188 63 21 synas
621 1182 48 27 mig,
685 1188 46 15 som
748 1188 35 15 om
794 1180 82 22 utskot-

46 1213 32 18 tet
92 1210 46 22 icke
153 1210 86 22 beaktat
254 1211 26 21 de
295 1210 133 26 trafikbehof,
445 1217 46 15 som
503 1211 5 20 i
521 1211 139 21 Österbotten
676 1210 32 22 för
722 1210 92 21 tillfället
824 1211 51 25 göra

51 1240 33 26 sig
100 1239 102 27 gällande,
214 1242 55 18 samt
284 1241 32 19 att
330 1240 37 20 det
381 1239 46 21 icke
442 1239 39 21 har
489 1239 44 21 haft
541 1239 90 27 tillgång
638 1239 30 21 till
677 1239 79 21 sådana
764 1238 113 27 uppgifter,

46 1274 47 14 som
109 1267 135 27 fullständigt
261 1268 39 21 och
316 1268 106 26 opartiskt
437 1268 70 20 skulle
522 1268 63 21 hafva
600 1268 69 26 belyst
684 1268 64 21 dessa
762 1266 113 22 förhållan-

47 1296 47 21 den.
112 1296 42 21 För
170 1296 26 21 de
216 1297 77 26 många
308 1297 7 20 i
330 1297 59 21 detta
404 1296 70 26 stånd,
490 1303 45 14 som
552 1298 149 25 representera
716 1296 103 21 handelns
836 1295 40 21 och

47 1325 119 21 industrins
186 1325 113 25 intressen,
315 1327 23 19 är
357 1325 36 21 det
408 1325 25 26 ju
452 1325 73 25 kändt,
540 1324 23 22 af
576 1325 85 21 hvilken
676 1325 46 21 vikt
737 1325 64 21 dessa
815 1324 60 21 kom-

47 1353 158 21 munikationer
220 1354 49 21 med
284 1353 72 21 hafvet
371 1355 43 24 äro,
430 1354 49 27 och
486 1354 40 20 den
543 1356 59 18 stora
617 1354 134 20 industriella
767 1352 109 22 värksam-

47 1382 42 23 het,
105 1388 46 15 som
168 1382 133 27 småningom
318 1384 50 19 växt
383 1388 44 21 upp
443 1382 6 21 i
467 1382 140 21 Österbotten
624 1382 38 21 och
678 1388 46 15 som
741 1382 82 23 altmer,
835 1381 42 27 dag

48 1410 34 21 för
98 1411 46 26 dag,
160 1411 63 21 söker
238 1411 74 21 arbeta
327 1411 34 26 sig
376 1417 50 20 upp,
441 1411 82 21 känner
538 1411 122 26 tillräckligt
675 1411 35 21 det
726 1411 33 25 ok,
776 1417 46 14 som
838 1410 39 26 lig-

49 1445 37 20 ger
106 1439 27 26 på
152 1439 48 26 den,
215 1441 38 19 när
269 1440 41 21 den
326 1439 45 21 icke
386 1439 41 21 kan
436 1439 64 21 hafva
515 1439 43 22 lika
573 1440 42 26 god
630 1439 129 21 förbindelse
775 1439 48 20 med
833 1437 45 22 haf-

48 1470 38 18 vet
106 1474 46 15 som
175 1468 26 21 de
220 1468 81 27 sydliga
322 1468 87 21 delarna
427 1467 24 22 af
464 1468 78 21 landet.
572 1468 50 21 Man
638 1468 68 21 måste
721 1474 52 15 anse
789 1469 32 19 att
837 1467 41 21 den
