1075 1745
54 97 28 17 18
94 97 47 20 maj.
394 93 156 31 Vattenrätten.
845 91 42 21 663

127 166 33 21 Hr
183 165 206 28 Schybergson:
420 166 34 21 Då
476 165 25 22 hr
521 165 53 22 Lille
596 172 29 15 nu
647 165 33 22 för
700 166 38 21 sitt
752 165 81 28 förslag
851 172 34 15 om

57 194 157 27 bordläggning
232 194 70 22 anfört
322 195 35 21 det
373 194 51 26 skäl,
439 196 33 19 att
486 194 41 21 han
543 194 46 21 icke
604 196 24 19 är
643 195 80 21 beredd
738 197 33 19 att
785 197 50 24 taga
850 195 37 21 det

55 222 71 22 första
141 223 143 22 betänkandet
299 223 68 22 under
383 223 128 26 behandling
527 225 51 19 utan
592 225 32 19 att
634 223 137 22 därförinnan
782 223 62 22 hafva
855 223 30 21 in-

56 251 84 22 hämtat
161 251 155 28 upplysningar
338 251 47 22 från
408 252 36 21 det
459 251 35 22 vid
515 251 81 27 dagens
616 251 86 28 plenum
719 251 99 22 utdelade
833 251 52 28 peti-

55 280 210 26 tionsbetänkandet,
288 281 24 21 så
333 282 23 19 är
379 280 59 21 detta
456 280 25 27 ju
497 281 31 20 ett
544 280 52 25 skäl,
612 286 46 15 som
671 280 38 27 jag
724 281 69 20 måste
807 280 78 27 billiga,

56 308 70 22 ehuru
139 309 38 27 jag
198 309 100 27 beklagar
319 311 32 19 att
369 309 65 21 också
449 309 58 21 detta
523 309 145 21 betänkandes
685 309 129 26 behandling
826 309 59 21 kom-

56 343 48 15 mer
119 339 31 19 att
173 339 52 25 göra
244 340 31 19 ett
292 337 119 28 betydande
430 337 86 27 intrång
531 337 28 27 på
573 337 93 27 följande
681 337 95 27 plenum.
805 337 43 22 Det
863 339 23 19 är

57 366 35 21 väl
114 366 106 27 knappast
243 366 101 21 tänkbart
363 368 31 19 att
413 366 86 21 ståndet
515 372 35 15 ser
570 366 34 27 sig
618 366 7 21 i
641 365 80 22 tillfälle
736 368 32 19 att
782 365 105 22 behandla

57 395 248 21 vattenrättsutskottets
327 395 134 21 betänkande
476 395 7 20 i
499 395 42 26 dag
562 394 39 22 och
621 395 113 21 resultatet
755 395 40 21 blir
811 396 31 20 att
857 394 30 21 alt

57 423 80 21 samlar
160 424 33 27 sig
216 423 31 21 till
266 423 93 28 följande
381 423 70 22 vecka.
483 423 69 22 Sedan
574 423 25 21 hr
619 423 52 21 Lille
687 423 117 22 emellertid
819 423 67 21 modi-

56 451 64 22 fierat
140 452 154 27 motiveringen
316 451 32 22 för
364 452 37 21 sitt
417 451 264 28 bordläggningsyrkande
696 452 40 21 och
752 452 46 21 icke
813 452 73 21 vidare

57 481 97 26 grundag
169 481 41 21 den
225 481 28 26 på
263 480 303 27 propositionsbetänkandets
578 480 39 21 och
627 480 258 27 petitionsbetänkandets

56 509 129 27 ovilkorliga
200 509 150 27 samhörighet,
366 511 23 19 är
404 509 75 21 härom
494 509 55 21 intet
564 511 31 19 att
610 511 57 24 säga.

127 538 42 27 Jag
189 538 135 21 konstaterar
344 537 33 22 för
396 537 65 28 öfrigt
480 539 31 20 att
526 537 26 22 hr
567 537 52 22 Lille
634 539 24 20 är
672 537 148 22 tillfredsstäld
836 537 49 22 med

56 568 34 19 att
111 573 49 14 man
182 567 46 20 icke
252 573 74 15 svarar
347 567 28 26 på
393 567 54 21 hans
468 566 66 27 fråga.
564 566 42 21 Det
622 566 78 21 vittnar
715 567 8 20 i
738 567 32 21 sin
786 567 49 20 mån
851 572 35 15 om

56 597 34 19 att
105 594 74 28 frågan
194 595 46 22 icke
255 595 90 22 behöfde
361 595 66 27 något
441 601 56 16 svar.

128 648 96 26 Ärendet
239 653 114 21 bordlades
370 652 51 22 härå
433 653 123 27 ytterligare
568 653 31 21 till
610 653 86 26 plenum
708 653 41 21 den
760 653 28 20 22
799 652 88 21 dennes.

129 807 121 27 Föredrogs
274 807 245 22 vattenrättsutskottets
543 807 36 22 vid
599 807 86 28 plenum
706 807 40 21 den
764 807 27 21 14
806 807 79 21 dennes

57 836 120 27 bordlagda
198 836 134 21 betänkande
355 843 34 14 n:o
409 837 11 20 1
441 836 7 21 i
469 836 117 27 anledning
607 835 23 22 af
650 836 28 21 H.
696 836 27 21 K.
741 836 50 21 M:ts
810 835 77 27 nådiga

57 865 136 27 proposition
213 871 33 15 n:o
264 866 10 19 1
291 871 35 15 om
342 865 121 27 antagande
478 865 23 21 af
513 865 41 27 lag
569 864 125 28 angående
710 865 176 21 vattenrätten.

127 922 33 21 På
180 921 80 28 förslag
282 921 22 22 af
320 921 36 22 hrr
378 922 145 27 Hallberg
538 922 40 21 och
593 928 51 15 von
659 921 98 22 Pfaler
773 920 113 22 bordlades

58 951 144 22 betänkandet
216 950 123 28 ytterligare
354 950 30 22 till
401 952 62 20 nästa
478 950 94 28 plenum.

129 1100 121 27 Föredrogs
266 1099 247 22 vattenrättsutskottets
529 1099 36 22 vid
576 1101 86 20 senaste
673 1099 87 27 plenum
771 1098 117 27 bordlagda

58 1128 136 22 betänkande
216 1135 34 14 n:o
273 1129 13 20 2
304 1129 7 20 i
329 1128 116 27 anledning
467 1128 23 21 af
511 1129 28 20 H.
554 1128 26 21 K.
595 1128 50 21 M:ts
661 1128 77 27 nådiga
752 1127 135 28 proposition

58 1163 35 15 n:o
110 1157 27 21 16
152 1163 35 16 om
203 1157 81 21 ändrad
298 1157 81 27 lydelse
394 1156 23 22 af
430 1157 19 26 2,
465 1157 19 26 3,
500 1157 13 21 5
529 1157 40 21 och
584 1157 27 20 31
628 1157 25 27 $$
665 1157 7 21 i
682 1156 153 27 förordningen
847 1155 40 22 den

60 1186 26 21 12
99 1185 49 27 juni
164 1186 55 21 1895
234 1185 110 27 angäende
360 1185 103 28 delning
478 1185 27 22 af
515 1185 212 28 jordlägenheter.

128 1239 69 25 Äfven
216 1243 58 21 detta
295 1242 134 22 betänkande
448 1243 120 26 bordlades,
586 1243 29 27 pä
629 1242 80 28 förslag
724 1242 22 22 af
759 1242 37 21 hrr
811 1240 77 23 Hall-

58 1271 68 27 berg
140 1271 40 22 och
196 1277 48 16 von
261 1271 102 26 Pfaler,
379 1271 31 22 till
426 1273 63 20 nästa
504 1271 94 27 plenum.

129 1419 121 27 Föredrogs
270 1418 173 23 statsutskottets
459 1419 36 21 vid
513 1420 87 27 senaste
615 1418 87 28 plenum
718 1417 118 28 bordlagda
854 1417 35 22 be-

57 1446 111 23 tänkande
192 1454 34 15 n:o
241 1448 13 20 9
270 1448 19 20 A
304 1448 8 21 i
326 1447 117 27 anledning
464 1447 23 21 af
505 1448 28 20 H.
549 1447 26 21 K.
590 1447 50 22 M:ts
658 1447 77 27 nådiga
750 1446 137 28 proposition

58 1482 36 15 n:o
110 1476 27 21 31
154 1476 110 27 angäende
279 1475 333 24 kommunikationsfonden.
