1075 1786
201 104 42 22 710
529 96 158 42 Vattenrätten.
947 107 24 17 21
982 106 48 21 maj.

202 179 86 21 svåras»
307 179 68 21 skulle
390 180 78 21 ändras
484 180 32 20 till
534 180 67 21 »dock
612 180 35 20 mä
657 180 36 20 det
703 178 148 22 nedrinnande
862 178 93 20 vattnets
966 176 64 21 kvan-

201 208 49 21 titet
264 208 45 21 icke
325 208 123 27 härigenom
465 208 7 22 i
487 208 72 28 någon
574 209 50 20 mån
640 208 116 21 minskas».

271 272 32 20 Hr
322 272 171 21 Lundenius:
522 272 42 26 Jag
582 274 45 18 tror
646 271 46 22 icke
713 272 33 20 att
760 270 36 21 det
811 269 69 21 finnes
895 269 71 27 någon
982 267 49 21 skil-

202 299 42 22 nad
260 300 76 21 mellan
352 300 41 21 den
409 299 118 28 affattning,
543 306 47 15 som
605 299 90 22 föreslås
711 299 23 21 af
749 299 24 20 hr
789 298 125 26 Holmberg,
929 296 40 21 och
985 296 46 24 den,

203 335 46 14 som
265 328 126 27 paragrafen
410 329 127 25 innehåller;
552 335 49 14 men
617 329 98 21 däremot
731 329 23 20 är
769 329 32 19 att
817 326 73 21 märka
911 327 31 20 att
957 331 26 15 en
999 324 32 21 så-

203 357 41 21 dan
269 357 111 27 affattning
403 357 133 27 väsentligen
555 357 69 22 skulle
643 357 70 21 afvika
728 356 46 21 från
789 355 49 21 hela
853 355 41 21 den
910 353 121 27 stilisering,

203 392 46 15 som
277 387 116 26 genomgår
418 386 144 27 lagförslaget.
592 386 44 21 Det
661 385 38 22 har
722 385 55 21 varit
800 384 114 26 meningen
937 384 31 19 att
991 382 40 21 den

203 415 69 20 skulle
287 421 50 14 vara
356 415 60 26 jämn
436 415 40 21 och
492 421 37 14 ren
545 415 7 20 i
565 415 106 26 språkligt
685 414 107 24 afseende,
808 413 40 21 och
863 413 28 20 då
905 411 46 22 icke
966 411 65 21 häller

205 443 158 22 utelämnandet
385 443 23 22 af
428 444 67 21 orden
518 444 19 20 »i
556 444 71 26 någon
646 443 79 21 måtto»
744 441 69 22 skulle
829 441 65 21 värka
908 439 125 27 förändring

203 471 22 22 af
246 472 137 27 paragrafens
406 472 99 26 innehåll,
529 475 45 18 tror
592 472 39 27 jag
651 474 32 19 att
701 472 37 21 det
758 471 46 21 icke
820 476 51 15 vore
887 469 45 22 skäl
947 470 32 19 att
994 468 37 21 här

205 502 52 25 göra
279 501 70 27 någon
368 501 96 27 ändring.
495 501 48 21 Den
566 501 82 27 princip
671 501 25 20 hr
717 499 105 28 Tallqvist
844 505 51 20 nyss
910 496 121 25 framhållit,

204 529 106 28 nämligen
333 531 32 20 att
387 530 132 26 vattenvärk,
535 530 27 21 då
577 529 161 22 vattenståndet
757 530 23 19 är
795 528 7 21 i
818 529 69 20 större
903 525 129 28 nedgående,

204 559 35 20 må
258 558 21 21 få
297 560 49 25 taga
361 560 72 20 vatten
448 558 48 22 från
511 559 144 26 kungsådran,
671 558 27 21 då
713 558 59 21 detta
787 556 52 27 eljes
856 556 111 21 nedrunne
982 561 50 14 oan-

205 587 72 26 vändt,
292 588 61 20 torde
369 588 69 20 måsta
453 587 106 21 erkännas
575 588 72 20 såsom
662 587 74 26 riktig;
749 592 49 15 men
810 585 73 21 såvida
894 585 82 20 vattnet
985 582 46 21 från

205 615 136 27 kungsådran
360 616 46 21 icke
426 616 69 27 spisar
510 616 37 26 till,
564 615 84 27 upphör
663 614 111 28 möjlighet
788 614 35 21 för
838 612 149 22 vattenvärket
1001 613 32 19 att

205 644 106 22 bibehålla
333 645 40 21 den
396 644 137 26 vattenkraft,
556 644 49 22 med
627 644 86 21 hvilken
732 642 76 22 värket
823 642 104 22 därintills
943 640 90 22 drifvits.

204 673 42 27 Jag
269 674 36 20 ber
327 673 21 21 få
368 673 87 22 förorda
478 673 125 27 paragrafen
625 673 67 21 sådan
714 672 107 22 utskottet
842 670 125 22 formulerat
983 669 50 21 den-

205 708 87 15 samma.

275 766 33 20 Hr
327 766 164 26 Holmberg,
507 765 63 21 Emil:
600 766 43 26 Jag
657 765 36 21 vill
709 764 124 28 ytterligare
849 762 82 28 påpeka
947 762 39 20 den
1003 761 30 20 in-

205 794 142 26 konsekvens,
359 800 46 15 som
421 794 68 27 ligger
505 794 50 26 däri,
571 796 31 19 att
617 794 6 20 i
639 793 139 28 paragrafens
794 791 128 27 föregående
933 790 33 22 del
977 790 57 20 med-

207 822 57 28 gifva
284 823 130 27 anläggning
428 822 23 22 af
465 823 48 21 dam
529 823 39 21 och
584 823 6 21 i
605 823 41 21 den
663 828 76 16 senare
755 821 61 21 delen
833 820 76 26 stadga
927 821 32 19 att
981 820 53 19 vatt-

206 853 48 19 nets
275 852 146 21 nedrinnande
436 852 46 21 icke
498 852 33 20 må
546 851 133 21 inskränkas.
709 851 67 21 Detta
791 850 89 20 innebär
895 848 28 27 på
938 849 43 20 sätt
996 846 39 22 och

208 880 32 21 vis
256 887 26 14 en
298 880 68 27 fysisk
381 880 130 27 omöjlighet.
540 880 43 27 Jag
597 886 64 15 anser
675 878 186 27 fortsättningsvis
877 879 32 19 att
923 877 59 20 detta
993 875 42 21 kan

207 908 56 27 gifva
284 909 115 26 anledning
413 909 32 20 till
461 908 156 21 missförstånd.
648 908 40 21 Om
705 908 44 21 min
765 906 141 26 formulering
921 905 45 21 icke
981 904 54 21 varit

206 937 49 21 fullt
270 937 87 21 korrekt
372 937 7 21 i
394 937 106 27 språkligt
521 937 106 26 afseende,
643 937 34 21 må
697 937 37 21 det
752 935 143 22 öfverlämnas
913 935 22 20 åt
953 933 82 21 utskot-

207 967 31 20 tet
253 968 32 19 att
300 966 6 21 i
322 966 76 21 sådant
413 965 101 22 afseende
530 965 95 28 företaga
641 966 65 26 nödig
720 965 99 25 ändring.

277 1029 68 21 Sedan
369 1029 150 21 diskussionen
543 1029 52 21 härä
617 1028 113 21 förklarats
752 1027 99 22 afslutad.
873 1025 124 22 framstälde
1012 1024 25 21 hr

207 1057 123 21 talmannen
346 1057 93 27 följande
454 1057 316 27 omröstningspropositioner':

278 1122 37 19 1:0.
345 1120 39 26 De,
408 1121 74 20 hvilka
505 1121 35 20 till
564 1119 217 29 kontraproposition
801 1120 46 19 mot
865 1117 112 21 utskottets
993 1116 44 27 för-

205 1149 48 27 slag
277 1149 36 20 till
336 1149 78 27 lydelse
435 1149 37 27 för
493 1149 14 27 $
531 1150 13 19 4
568 1149 53 27 vilja
639 1151 83 25 antaga
742 1148 27 21 hr
784 1154 43 14 von
846 1147 85 27 Pfalers
946 1145 89 28 förslag,

206 1179 59 19 rösta
275 1178 40 26 ja;
331 1178 32 25 de,
378 1178 35 20 det
427 1178 45 20 icke
489 1177 60 27 vilja,
565 1179 59 19 rösta
639 1177 48 27 nej;

276 1206 79 20 vinner
370 1206 43 27 nej,
429 1206 42 20 har
486 1206 177 27 borgareständet
678 1206 9 20 i
702 1205 84 21 sädant
800 1204 101 27 afseende
917 1202 121 28 föredragit

207 1234 26 21 hr
249 1234 117 21 Borenius'
382 1235 90 26 förslag.

277 1297 164 27 Propositionen
458 1297 127 21 besvarades
602 1297 47 21 med
665 1296 159 27 öfvervägande
840 1295 41 27 nej.

277 1355 39 20 2:0.
348 1354 37 27 De,
406 1354 75 21 hvilka
504 1354 35 21 till
560 1353 218 28 kontraproposition
802 1354 45 19 mot
865 1352 113 21 utskottets
993 1351 42 27 för-

207 1383 48 27 slag
272 1383 35 20 till
323 1383 78 28 lydelse
416 1383 36 27 för
467 1384 15 25 $
497 1384 14 19 4
525 1383 54 27 vilja
593 1385 84 25 antaga
693 1383 27 20 hr
738 1381 119 22 Borenius'
872 1381 90 27 förslag,
978 1381 59 19 rösta

201 1412 40 27 ja;
257 1412 33 26 de,
305 1412 35 21 det
354 1411 45 21 icke
415 1411 61 27 vilja,
493 1413 58 19 rösta
567 1412 48 27 nej;

278 1440 79 21 vinner
372 1440 42 27 nej,
430 1441 43 20 har
488 1440 176 29 borgareständet
678 1440 10 21 i
702 1439 83 22 sädant
800 1438 102 29 afseende
917 1437 121 28 föredragit

207 1469 27 21 hr
249 1469 129 27 Holmbergs
393 1469 91 27 förslag.
