1078 1756
184 114 42 21 932
428 121 157 16 Gränsskilnad
596 121 8 16 i
616 121 132 20 vattendrag.
922 120 28 17 28
960 120 48 20 maj.

253 189 120 27 Föredrogs
389 189 245 22 vattenrättsutskottets
650 189 35 21 vid
702 191 84 19 senaste
801 188 86 28 plenum
900 188 33 22 för
943 189 67 21 andra

185 217 83 27 gängen
291 217 116 27 bordlagda
428 218 133 21 betänkande
584 224 35 15 n:o
641 218 14 20 4
676 218 8 20 i
706 218 115 26 anledning
839 217 23 21 af
875 218 27 20 H.
918 218 26 20 K.
959 217 50 21 M:ts

183 246 79 26 nädiga
283 246 134 28 proposition
439 252 34 15 n:o
496 246 33 26 39,
552 246 145 22 innefattande
720 246 58 21 vissa
799 246 159 27 bestämningar
974 252 35 15 om

184 274 128 28 uppgäende
334 274 22 22 af
376 274 171 28 gränsskilnad
563 274 9 22 i
587 274 145 28 vattendrag
747 274 47 23 och
809 274 73 22 skifte
898 274 28 22 af
939 274 70 22 fiske-

183 304 92 21 vatten.

253 360 33 22 Hr
302 360 131 27 Wegelius
448 360 85 22 inledde
544 360 150 22 diskussionen
705 360 48 21 med
763 360 93 27 följande
865 360 145 26 andragande:

183 389 34 21 En
233 391 46 19 stor
294 389 34 21 del
342 388 24 22 af
378 391 143 19 vattenrätten
537 389 39 21 har
591 389 65 21 redan
672 388 69 22 blifvit
752 389 117 21 behandlad
879 388 23 22 af
911 388 99 27 borgare-

185 418 86 21 ståndet
286 418 35 21 vid
344 419 30 19 ett
397 418 89 26 tidigare
501 418 93 26 plenum,
607 418 35 21 vid
660 417 80 21 hvilket
752 417 38 27 jag
805 417 31 21 till
851 417 51 27 följd
916 416 24 22 af
952 417 58 27 sjuk-

184 446 49 21 dom
249 446 19 27 ej
284 446 71 21 kunde
371 446 161 21 tillstädesvara.
562 446 64 21 Hvad
641 446 122 22 återstoden
780 446 105 26 beträffar,
901 446 61 21 torde
978 448 33 19 tre

185 475 74 21 stånds
276 475 70 21 beslut
360 475 109 27 föreligga.
500 475 65 21 Detta
583 475 39 21 bör
637 475 116 21 emellertid
769 475 135 26 naturligtvis
919 474 45 21 icke
979 475 32 20 in-

184 504 79 21 nebära
286 504 71 27 någon
378 503 115 27 anledning
514 503 33 22 för
569 503 177 28 borgareståndet
766 505 31 20 att
811 503 46 22 icke
872 509 55 21 egna
942 503 70 21 denna

185 532 135 21 återstående
334 533 24 20 så
375 532 79 27 viktiga
469 532 34 21 del
518 538 26 15 en
560 539 110 20 noggrann
687 531 101 28 pröfning
802 532 39 21 och
853 532 35 21 det
902 534 24 19 är
932 531 79 26 därför,

185 567 46 15 som
244 561 39 26 jag
304 561 78 21 tillåter
404 561 44 26 mig
469 563 31 18 att
522 563 49 24 taga
593 561 189 27 borgareståndets
801 561 30 20 tid
849 561 8 20 i
871 559 93 28 anspråk
978 559 34 22 för

183 589 67 27 några
273 589 44 26 ord,
341 596 45 15 som
409 589 88 21 hänföra
520 589 34 27 sig
571 591 95 20 närmast
688 589 31 21 till
735 589 58 22 detta
808 589 138 25 betänkande,
961 595 49 14 men

184 617 61 22 äfven
261 618 76 21 beröra
352 618 26 21 de
394 620 56 19 ännu
466 618 45 21 icke
526 618 132 21 behandlade
673 618 87 21 delarna
774 617 23 22 af
809 617 102 28 förslaget
924 617 31 21 till
965 619 45 19 vat-

184 647 132 26 tenrättslag.

255 675 249 21 Vattenrättsutskottets
521 675 132 22 betänkande
668 675 38 21 har
722 681 26 15 en
764 675 83 27 mycket
862 677 45 19 stor
916 674 95 21 bärvidd.

184 703 78 22 Medan
285 703 124 28 tolkningen
431 703 24 22 af
475 703 56 22 hvad
553 704 97 27 gällande
670 704 159 27 bestämningar
852 710 34 15 om
909 703 103 22 oskiftadt

184 731 125 22 fiskevatten
326 732 39 21 och
381 732 139 27 begagnande
539 732 23 21 af
576 732 103 21 strömfall
695 732 53 22 skall
763 732 102 21 innebära
879 732 55 21 varit
949 731 61 22 vack-

183 761 69 25 lande,
267 761 38 20 har
320 761 105 21 utskottet
439 760 176 27 hufvudsakligen
633 761 48 21 med
697 761 49 21 stöd
761 760 23 21 af
797 761 66 26 några
878 760 132 26 stadganden

183 789 7 21 i
206 789 56 22 1734
274 789 35 21 års
324 789 36 27 lag
380 792 55 19 samt
449 790 8 20 i
471 789 94 27 enlighet
587 790 48 21 med
650 789 182 27 rättsskipningen
849 789 66 22 under
930 789 27 21 de
972 795 38 20 par

183 820 33 19 tre
232 818 50 21 sista
307 819 50 20 åren
381 818 121 21 decideradt
525 818 50 21 stält
591 819 34 26 sig
642 819 28 26 på
685 819 40 20 den
742 818 44 26 bas,
801 820 32 19 att
848 818 48 21 med
912 817 99 22 samfäldt

183 845 127 22 fiskevatten
328 846 52 21 skall
395 846 78 22 förstås
489 846 99 21 samfäldt
603 847 161 21 vattenområde
780 846 38 21 och
835 846 106 21 därunder
951 846 59 21 inbe-

184 875 72 26 gripas
272 875 17 26 ej
306 875 55 21 blott
383 877 43 19 rätt
447 875 32 21 till
493 875 59 26 fiske,
572 878 50 18 utan
639 875 61 21 äfven
716 875 97 27 grunden
829 875 39 21 och
884 874 125 22 drifkraften

183 906 56 18 samt
264 903 66 22 andra
354 903 114 22 förmåner.
498 904 77 21 Denna
599 904 137 27 uppfattning
761 903 38 21 har
824 903 105 22 utskottet
944 903 64 21 sedan

183 932 134 21 konsekvent
342 932 49 21 sökt
416 932 129 27 genomföra.
575 933 44 20 Där
644 933 62 20 ordet
723 931 126 22 fiskevatten
867 931 143 26 förekommit,

183 960 38 21 har
244 961 120 20 detsamma
386 963 78 19 ersatts
487 961 48 21 med
557 961 62 21 ordet
640 961 161 21 vattenområde
824 961 39 21 och
884 960 61 21 äfven
961 960 6 21 i
983 966 26 15 en

182 989 80 26 mängd
277 989 67 21 andra
358 989 36 21 fall
409 989 38 21 har
463 989 105 22 utskottet
583 990 58 27 gjort
655 989 116 27 ändringar
786 989 7 21 i
809 989 116 27 uttrycken,
941 989 69 21 öfver-

183 1018 173 21 ensstämmande
372 1018 48 21 med
435 1018 41 21 den
487 1018 178 26 rättsåskådning,
676 1018 31 21 till
718 1017 85 22 hvilken
820 1017 104 22 utskottet
938 1017 72 22 anslu-

183 1046 26 21 tit
224 1046 39 27 sig.
293 1046 76 21 Denna
384 1046 116 21 utskottets
521 1047 98 26 tolkning
633 1046 23 21 af
669 1047 97 26 gällande
781 1048 43 19 rätt
839 1046 38 21 och
893 1046 117 21 utskottets

183 1075 117 20 teoretiska
314 1075 163 21 kontruktioner
499 1081 63 21 synas
577 1075 44 27 mig
636 1075 117 21 emellertid
768 1075 116 26 ingalunda
898 1075 110 21 oomtvist-

182 1103 48 26 liga.
262 1103 55 21 1734
332 1103 35 21 års
387 1103 35 27 lag
442 1103 117 22 behandlar
574 1103 101 22 särskildt
690 1103 32 21 för
738 1103 34 27 sig
786 1103 74 27 frågan
875 1109 35 15 om
925 1103 63 21 fisket
1003 1103 7 21 i

183 1131 26 21 17
232 1131 48 27 kap.
296 1131 39 22 och
355 1131 74 27 frågan
451 1139 34 14 om
501 1131 167 22 vattenkraftens
684 1132 7 21 i
707 1131 104 22 strömfall
826 1131 184 27 tillgodogörande

181 1160 7 20 i
204 1160 28 21 20
246 1160 48 27 kap.
318 1160 50 21 B.B.
396 1160 39 21 och
458 1161 37 20 har
519 1161 90 21 sålunda
625 1161 46 21 icke
686 1160 57 21 velat
758 1160 174 21 sammanblanda
947 1160 63 21 dessa

181 1187 79 28 frågor.
288 1189 42 26 Jag
346 1189 67 20 måste
428 1189 73 26 vidare
515 1189 32 21 för
563 1189 42 21 min
621 1189 34 21 del
670 1189 53 27 hysa
738 1188 126 21 tvifvelsmål
880 1189 80 24 därom,
971 1188 39 22 hu-

181 1217 77 21 ruvida
274 1217 10 20 1
301 1217 11 27 $
327 1217 7 20 i
349 1217 29 21 20
392 1217 47 27 kap.
455 1217 56 26 B.B.,
531 1218 28 27 på
573 1217 84 22 hvilken
670 1217 26 27 ju
711 1217 106 21 utskottet
832 1217 177 26 hufvudsakligen

181 1245 39 21 har
235 1245 52 27 bygt
310 1245 37 21 sitt
368 1251 164 22 resonnemang,
555 1246 48 26 kan,
625 1246 64 21 sedan
706 1245 111 22 storskifte
832 1245 106 27 öfvergått
953 1252 56 15 sam-

181 1273 123 27 fälligheten
328 1274 39 21 och
390 1274 104 21 strömfall
517 1275 79 26 tillagts
619 1275 83 20 enskild
722 1273 179 28 skiftesdelegare,
917 1273 93 22 därefter

183 1301 63 22 hafva
262 1302 134 27 tillämpning
411 1303 7 20 i
433 1303 65 26 något
513 1306 65 18 annat
593 1303 34 21 fall
643 1305 27 19 än
679 1303 7 21 i
695 1302 256 26 afseende
808 1297 12 37 å
831 1302 120 26 kvarntomt,
963 1309 47 14 som

181 1330 36 21 vid
232 1331 78 21 sådant
325 1331 65 21 skifte
406 1331 137 27 undantagits
559 1331 32 21 för
607 1331 180 27 samfällighetens
800 1337 159 21 gemensamma
974 1331 36 21 be-

180 1358 43 21 hof.
253 1359 50 21 Man
319 1359 69 21 måste
404 1359 110 22 dessutom
531 1360 17 27 ej
566 1360 54 21 blott
635 1360 44 21 läsa
694 1361 12 25 $
721 1361 11 19 1
748 1360 8 20 i
771 1359 78 22 nämda
862 1359 80 27 kapitel
957 1361 51 19 utan

181 1387 62 21 äfven
260 1388 26 21 de
302 1387 68 27 öfriga
389 1388 157 27 paragraferna.
575 1389 49 20 Man
641 1388 69 21 finner
725 1388 27 21 då
767 1388 6 21 i
790 1389 11 26 8
817 1388 14 21 3
846 1388 163 26 bestämningen

181 1417 31 19 att
220 1416 125 27 »bergverk,
354 1417 24 20 så
386 1417 39 20 ock
435 1417 119 26 skattlagde
563 1423 96 20 qvarnar,
668 1417 40 21 och
716 1417 113 25 fiskeverk,
837 1417 59 26 njute
904 1416 51 21 then
964 1418 43 19 rätt

181 1444 38 21 och
234 1444 70 26 frihet,
320 1451 47 14 som
390 1445 57 21 them
463 1445 78 22 förund
556 1447 35 19 är»
610 1457 25 3 —
652 1445 83 21 således
750 1447 32 19 ett
796 1445 136 21 erkännande
947 1444 23 21 af
983 1445 27 21 dä

180 1472 116 22 bestäende
316 1473 135 21 industriella
473 1473 164 27 anläggningars
658 1476 49 19 sätt.
737 1474 11 21 I
764 1475 12 25 &
792 1474 13 20 4
821 1475 61 25 säges
898 1473 54 21 huru
969 1479 41 21 nya

180 1500 93 23 kvarnar
288 1501 40 22 och
344 1502 62 27 sägar
422 1502 61 21 skola
502 1502 96 21 inrättas.
628 1502 129 27 Paragrafen
773 1502 69 27 lyder:
874 1502 72 21 »Hvar
962 1508 47 15 som
