1073 1775
171 106 42 34 536
512 113 145 29 Rusdrycker.
926 117 14 17 8
951 116 49 21 maj.

172 184 68 28 gifvas
256 185 23 21 åt
293 186 99 27 bryggeri
407 186 65 22 också
487 186 85 22 utöfver
582 186 27 22 de
621 186 132 27 rättigheter,
764 192 46 15 som
823 186 100 27 möjligen
934 186 66 21 redan

171 214 73 23 kunna
259 213 76 23 finnas.

240 277 51 21 Med
314 277 115 28 anledning
443 278 24 21 af
480 278 26 21 de
522 278 69 21 under
606 278 151 21 diskussionen
774 278 75 27 giorda
864 277 137 22 uttalandena

171 304 158 23 öfverlämnade
344 305 25 22 hr
385 306 123 22 talmannen
524 307 32 21 till
572 306 163 28 öfverläggning
750 307 7 20 i
773 307 57 21 detta
845 305 157 28 sammanhang

168 334 81 27 jämväl
264 335 10 20 1
291 335 39 21 och
347 335 14 21 2
375 341 64 16 mom.
455 335 24 22 af
484 330 13 37 8
519 336 14 21 2.

244 397 59 22 Enär
319 397 118 22 emellertid
452 398 64 27 ingen
532 398 23 21 af
569 398 96 22 ständets
681 398 138 22 medlemmar
829 398 93 27 begärde
932 397 69 26 ordet,

170 425 133 22 förklarades
322 426 151 22 diskussionen
495 433 34 15 om
547 428 10 20 1
575 427 12 27 $
604 429 57 19 samt
676 428 18 25 1,
710 427 13 21 2
739 427 38 21 och
801 427 5 21 3
821 433 87 15 momm.
923 425 23 22 af
958 426 14 21 2
988 426 12 27 &

171 454 103 27 afslutad;
296 455 67 22 hvarä
381 455 25 22 hr
421 456 124 21 talmannen
560 455 125 22 framstälde
701 455 31 22 till
754 455 96 22 ständets
868 454 133 23 besvarande

170 483 95 27 följande
280 484 317 27 omröstningspropositioner:

239 547 120 27 Angående
376 548 10 20 1
403 554 65 15 mom.
483 549 13 26 8&
513 549 23 20 1:

240 616 40 21 1:o.
312 616 38 26 De,
372 616 75 22 hvilka
471 616 35 22 till
528 616 217 29 kontraproposition
760 618 46 20 mot
820 616 113 21 utskottets
948 615 49 28 för-

169 644 48 28 slag
237 644 36 21 till
293 645 80 27 lydelse
391 645 36 27 för
448 646 6 20 1
468 652 66 15 mom.
551 647 15 25 $
581 646 12 20 1
607 645 55 28 vilja
678 647 83 26 antaga
776 645 27 21 hr
817 644 117 28 Lagerlöfs
948 645 47 27 för-

169 672 54 28 slag,
238 675 60 19 rösta
311 673 36 28 ja;
363 674 31 27 de,
410 674 36 21 det
459 674 45 22 icke
519 674 62 28 vilja,
595 676 60 19 rösta
670 674 48 28 nej;

239 702 80 21 vinner
333 702 43 28 nej,
392 702 41 22 har
449 702 178 28 borgareständet
641 703 10 21 i
665 703 81 21 sådant
761 702 100 28 afseende
876 701 122 29 föredragit

169 730 28 20 hr
212 730 161 28 Schybergsons
387 731 90 28 förslag.

239 793 167 28 Propositionen
422 795 129 21 besvarades
566 795 50 21 med
631 794 160 28 öfvervägande
803 794 29 28 ja.

245 857 44 21 2:0.
319 856 40 27 De,
374 858 75 21 hvilka
462 858 118 28 godkänna
595 858 113 21 utskottets
723 858 83 27 förslag
822 857 35 21 till
873 857 79 27 lydelse
961 856 38 28 för

169 886 12 19 1
195 891 67 14 mom.
279 886 11 20 1
304 886 20 27 $,
339 887 60 20 rösta
408 886 42 27 ja;
465 887 32 26 de,
513 887 36 20 det
563 887 45 21 icke
621 889 60 25 göra,
696 887 60 20 rösta
771 886 47 27 nej;

238 913 81 22 vinner
333 914 42 28 nej,
390 914 43 21 har
448 915 177 28 borgareständet
635 915 105 28 omfattat
747 915 28 20 hr
785 913 115 29 Lagerlöfs
906 913 91 28 förslag.

238 977 43 21 Vid
304 977 109 22 värkstäld
436 978 97 27 votering
548 978 130 21 besvarades
693 978 161 27 propositionen
870 977 49 22 med
934 977 28 22 36
974 977 25 27 ja

169 1005 39 22 och
224 1005 28 22 25
267 1005 41 28 nej.

237 1068 119 27 Angäende
373 1069 10 20 1
401 1069 39 21 och
456 1069 13 21 2
484 1075 86 15 momm.
585 1069 23 22 af
621 1069 11 28 $
648 1070 23 21 2:

237 1130 40 27 De,
293 1131 76 22 hvilka
381 1132 118 27 godkänna
510 1133 114 20 utskottets
633 1132 84 28 förslag
729 1132 35 21 till
777 1132 78 28 lydelse
862 1133 37 26 för
907 1139 89 14 momm.

167 1160 12 20 1
194 1159 40 22 och
251 1160 16 20 2
281 1160 28 27 af
321 1160 16 28 $
353 1161 22 27 2,
391 1162 60 19 rösta
464 1161 36 27 ja;
516 1161 32 25 de,
563 1161 35 21 det
611 1161 46 21 icke
670 1163 61 25 göra,
745 1163 59 19 rösta
819 1161 49 27 nej;

237 1188 81 22 vinner
341 1190 42 27 nej,
407 1189 43 22 har
474 1190 177 28 borgareständet
673 1190 89 28 förenat
775 1190 34 27 sig
824 1196 35 15 om
875 1190 27 20 hr
916 1190 82 21 Relan-

167 1217 50 21 ders
231 1216 92 29 förslag.

237 1274 78 22 Denna
331 1276 135 26 proposition
482 1276 129 22 besvarades
627 1276 101 21 likaledes
744 1276 49 21 med
803 1275 157 27 öfvervägande
968 1275 29 27 ja.

236 1331 120 28 Angäende
372 1339 64 15 mom.
452 1333 13 21 3
480 1332 22 22 af
515 1334 11 26 $
543 1334 21 20 2:

235 1390 42 20 1:0.
308 1388 39 28 De,
367 1390 76 21 hvilka
456 1390 118 28 godkänna
589 1390 114 21 utskottets
717 1390 84 27 förslag
817 1390 35 20 till
868 1390 78 27 lydelse
961 1388 39 28 för

167 1418 16 20 3
204 1423 67 15 mom.
295 1418 15 20 2
331 1418 16 27 $
370 1419 50 20 med
442 1419 51 20 eller
515 1420 57 20 utan
593 1418 72 22 sådan
679 1418 127 22 återremiss
820 1418 73 27 däraf,
908 1424 48 15 som
971 1417 27 21 hr

165 1445 98 21 Kumlin
278 1446 121 28 föreslagit,
415 1449 60 19 rösta
484 1447 40 27 ja;
541 1448 31 26 de,
588 1447 35 21 det
637 1447 45 21 icke
695 1449 62 25 göra,
771 1448 59 20 rösta
845 1447 48 27 nej;

234 1474 83 21 vinner
340 1476 44 26 nej,
409 1475 43 22 har
474 1475 177 28 borgareständet
673 1476 105 27 omfattat
792 1476 27 20 hr
838 1475 160 28 Wiljakainens

163 1501 95 29 förslag.
