1078 1742
195 102 42 21 928
393 109 127 17 Rovaniemi
532 108 289 21 provincialläkaredistrikt.
934 109 27 17 26
974 108 48 20 maj.

196 176 63 21 heillä
281 176 47 22 olisi
343 177 119 22 tilaisuutta
477 177 65 21 saada
556 177 94 21 lääkärin
665 184 56 20 apua
736 177 81 21 milloin
832 176 96 22 tahansa.
956 177 67 21 Tämä

195 211 28 15 on
246 204 55 28 hyvä
323 206 50 25 asia,
396 208 43 19 että
461 206 49 21 näin
533 206 100 27 pidetään
647 206 75 21 huolta
736 206 65 21 niistä
815 206 133 26 henkilöistä,
960 205 62 27 jotka

194 236 52 19 ovat
265 234 80 21 valtion
365 234 22 27 ja
409 234 110 22 isänmaan
548 234 167 28 palveluksessa.
745 234 70 22 Mutta
835 234 85 22 toiselta
942 234 79 27 puolen

194 264 73 25 täytyy
289 263 74 21 minun
385 263 96 25 otaksua,
504 265 45 19 että
567 263 65 22 niistä
652 263 155 25 kansalaisista,
819 262 62 28 jotka
895 262 127 22 muutenkin

194 290 71 22 elävät
287 291 144 22 kovemmissa
449 292 24 27 ja
495 292 163 21 vaikeammissa
680 291 145 22 olosuhteissa
837 291 23 27 ja
875 293 49 20 ovat
940 291 81 27 samoja

195 319 128 22 kansalaisia
337 320 51 21 kuin
404 320 76 24 mekin,
496 322 45 20 että
555 320 113 22 heidänkin
684 320 202 22 toimentulostansa
896 320 48 22 olisi
954 322 68 19 tässä-

194 348 37 21 kin
254 348 113 22 suhteessa
387 349 108 27 pidettävä
509 355 116 21 parempaa
639 349 79 21 huolta.
749 348 72 22 Siihen
836 348 89 22 katsoen
941 355 26 15 en
983 348 38 22 mi-

195 376 82 22 näkään
301 377 34 21 voi
356 377 65 27 yhtyä
442 378 144 21 valiokunnan
609 378 131 25 mietintöön,
764 384 53 14 vaan
843 377 101 21 tahtoisin
968 378 52 20 mitä

194 404 162 28 lämpimimmin
371 406 116 22 kannattaa
501 406 60 27 juuri
576 406 125 22 mietintöön
716 406 91 27 liitettyä
822 406 159 22 vastalausetta.

264 456 157 22 Diskussionen
447 457 132 22 förklarades
600 456 98 27 afslutad,
720 456 109 23 hvarefter
850 456 26 22 hr
898 457 121 21 talmannen

196 484 125 22 framstälde
335 486 93 27 följande
443 486 290 27 omröstningsproposition:

263 536 39 28 De,
317 537 75 21 hvilka
405 538 118 26 godkänna
539 538 112 20 utskottets
666 537 141 27 betänkande,
823 539 59 19 rösta
887 537 40 28 ja;
943 537 31 27 de,
985 537 36 21 det

192 564 46 22 icke
252 568 59 24 göra,
327 568 59 19 rösta
401 566 47 27 nej;

263 594 79 21 vinner
363 595 42 26 nej,
423 595 43 21 har
481 594 175 28 borgareståndet
671 594 105 28 omfattat
790 595 41 21 den
847 595 35 21 till
898 594 120 22 betänkan-

192 622 35 21 det
241 622 78 28 fogade
333 624 168 21 reservationen.

263 674 41 21 Vid
326 674 108 22 värkstäld
455 675 98 27 votering
567 674 96 28 atgäfvos
679 675 28 21 20
719 675 24 27 ja
758 675 39 21 och
813 675 27 21 39
855 675 40 27 nej,
911 675 39 21 och
965 674 54 22 hade

192 702 180 27 borgareständet
393 702 56 28 förty
471 704 87 21 beslutit
572 703 96 22 förkasta
683 704 145 21 betänkandet
843 704 39 21 och
897 703 73 22 förena
986 704 34 26 sig

192 736 37 16 om
245 731 41 21 den
302 732 71 20 därtill
387 731 78 28 fogade
479 732 167 21 reservationen.

262 822 69 22 Bland
343 823 95 22 ständets
449 824 139 21 medlemmar
596 824 54 21 hade
661 830 90 15 numera
759 824 92 21 utdelats
860 824 60 21 Hans
932 824 86 27 Kejser-

192 850 43 27 liga
249 851 112 27 Majestäts
378 852 34 21 vid
428 852 79 27 dagens
522 852 87 27 plennm
625 853 31 21 till
672 853 86 21 ständet
770 852 157 22 öfverlämnade
941 852 77 27 nädiga

191 880 135 26 proposition
342 887 35 14 n:o
391 881 28 21 45
434 881 110 27 angäende
559 881 149 22 inställande
723 881 28 22 af
762 887 126 16 reservens
901 887 117 16 samman-

192 908 116 22 kallande
324 909 41 22 till
381 909 183 28 öfningsmöten
580 910 79 22 under
674 910 28 22 är
716 910 67 22 1900.

261 960 148 22 Betänkandet
424 961 147 22 remitterades
588 961 131 22 omedelbart
734 961 32 22 till
782 961 147 27 lagutskottet.

263 1075 56 22 Frän
340 1074 143 27 lagutskottet
497 1075 54 22 hade
566 1075 88 22 anländt
669 1082 26 15 en
711 1075 116 28 sälydande
843 1075 119 22 skrifvelse:

285 1133 106 23 FINLANDS
403 1133 110 24 STÄNDERS

225 1177 351 27 LAGUTSKOTT.

337 1221 28 28 —
341 1234 109 7 n

633 1247 40 21 Till
688 1247 108 28 vällofliga
810 1247 185 27 borgareständet.

311 1269 179 17 HELSINGFORS

288 1307 34 18 den
343 1308 27 17 26
387 1309 40 22 maj
447 1309 56 18 1900.

350 1382 34 18 N:o
398 1383 38 18 126.

259 1433 86 22 Härhos
368 1434 33 21 fär
419 1435 106 22 utskottet
539 1436 111 21 vördsamt
664 1436 107 22 meddela:

260 1463 32 20 1:o
315 1464 32 19 att
370 1463 117 22 utskottets
510 1464 31 21 uti
560 1464 112 22 skrifvelse
686 1464 33 22 för
735 1465 42 21 den
795 1465 26 20 16
836 1465 7 20 i
858 1465 69 21 denna
942 1465 77 21 månad

187 1489 41 22 hos
244 1491 100 27 samtliga
359 1492 64 21 ständ
438 1492 76 27 gjorda
528 1493 126 22 hemställan
671 1495 32 20 att
715 1493 228 27 justeringsutskottet
953 1493 66 22 mätte
