1075 1750
193 109 42 38 740
523 110 156 38 Vattenrätten.
940 122 24 16 21
976 121 47 20 maj.

196 189 36 21 det
255 194 26 16 en
300 188 68 22 fördel
386 191 31 19 att
432 190 66 21 redan
515 196 76 20 genom
607 189 90 27 kapitlet
712 189 76 27 tydligt
803 189 96 27 angifves
914 190 36 21 det
965 190 58 26 slags

193 217 85 26 ärende,
298 224 46 15 som
370 220 24 19 är
419 218 7 21 i
450 218 67 27 fråga.
546 218 11 21 I
582 218 139 27 lagförslaget
743 217 144 22 förekommer
911 218 63 22 också
996 224 27 15 en

193 246 80 26 mängd
295 246 152 27 hänvisningar
471 260 28 2 —
519 246 38 28 jag
579 247 37 21 vill
638 246 85 22 minnas
745 248 32 20 att
799 247 27 21 de
842 246 114 22 beräknats
972 253 51 15 vara

194 274 42 22 105
252 287 25 2 —
294 275 6 21 i
315 275 71 21 hvilka
401 276 58 20 visas
474 274 47 22 från
536 282 26 14 en
579 274 102 28 paragraf
693 275 32 21 till
741 281 26 15 en
778 282 80 19 annan;
874 275 39 21 och
925 282 50 14 vore
988 276 35 20 det

194 302 65 22 också
277 303 71 21 därför
363 304 83 27 mycket
462 304 59 21 svårt
535 306 33 19 att
582 310 90 15 numera
687 304 68 21 ändra
770 304 71 21 denna
854 304 168 27 paragrafering,

194 332 135 27 synnerligen
351 338 47 16 som
414 332 106 22 utskottet
534 334 58 20 ännu
608 332 39 22 har
662 332 84 27 mycket
761 332 74 22 arbete
849 332 52 22 kvar
917 332 39 22 och
971 332 52 22 flere

193 360 149 22 betänkanden
358 363 31 19 att
404 361 31 21 till
451 361 117 21 ständerna
582 360 79 28 afgifva
676 361 69 21 under
760 361 41 21 den
816 361 63 21 korta
894 361 35 24 tid,
945 368 46 14 som
1002 361 23 21 af

193 388 130 28 landtdagen
346 390 97 21 återstår.
473 390 118 21 Dessutom
610 390 38 21 har
664 389 107 21 utskottet
783 390 61 20 tänkt
859 390 34 26 sig
907 392 32 19 att
954 390 68 21 under

193 417 95 22 tidernas
307 418 51 27 lopp
374 424 26 15 en
416 418 52 21 eller
483 425 70 14 annan
570 418 102 27 paragraf
682 418 73 21 kunde
771 418 96 21 befinnas
883 425 51 14 vara
948 418 23 21 af
984 420 37 19 nö-

194 445 41 22 den
255 447 32 20 att
301 446 95 27 inskjuta
410 447 7 20 i
433 447 197 26 vattenrättslagen.
661 446 40 22 Om
717 447 42 20 den
775 447 124 21 nuvarande
913 447 108 27 paragraf-

194 475 153 26 numreringen
363 475 122 26 bibehållas,
500 475 42 21 kan
558 475 59 22 detta
627 475 38 22 ske
673 475 158 27 jämförelsevis
843 475 40 21 lätt
895 475 38 22 och
945 475 76 24 enkelt,

193 509 50 15 men
262 503 53 21 skall
331 509 26 16 en
373 503 102 28 paragraf
488 504 105 27 inskjutas
609 505 15 20 t.
639 510 31 15 ex.
686 504 6 21 i
707 503 49 28 kap.
771 504 17 25 I,
804 504 24 21 så
843 504 90 25 komme,
948 504 7 21 i
969 504 52 21 hän-

193 531 59 22 delse
274 538 26 15 en
320 532 226 27 paragrafnumrering
566 533 7 20 i
596 539 26 14 en
645 532 52 27 följd
721 539 76 20 genom
820 532 41 22 alla
883 532 93 27 kapitlen
991 539 30 15 nu

194 562 96 25 antoges,
310 561 40 21 alla
366 561 26 21 de
406 561 93 27 följande
513 561 153 27 paragraferna
680 563 31 20 att
727 561 66 21 sedan
808 561 143 27 framskjutas.
977 561 44 22 Där

193 589 37 21 det
252 588 131 23 förekomme
405 596 26 15 en
455 590 78 27 mängd
552 590 160 27 hänvisningar,
728 590 69 21 skulle
812 590 46 21 icke
873 590 63 22 dessa
951 590 70 22 anvis-

193 618 83 26 ningar,
297 618 49 22 med
369 619 66 21 sådan
450 618 126 28 förändring
590 619 7 21 i
612 619 159 27 numreringen,
786 619 73 21 vidare
874 619 55 21 hålla
945 619 75 22 sträck,

193 648 51 19 utan
266 646 41 22 alla
327 647 123 27 paragrafer
472 648 66 21 borde
561 648 27 20 då
609 647 142 22 underkastas
767 647 91 27 ändring
873 648 7 20 i
895 647 98 22 afseende
1009 648 12 21 å

192 674 135 28 hänvisning.
358 676 75 21 Såsom
456 676 65 22 saken
544 675 122 28 föreligger,
681 676 39 21 har
744 676 106 21 utskottet
872 676 45 21 icke
939 676 82 22 kunnat

194 703 130 28 tillmötesgå
338 704 37 22 det
391 704 167 28 önskningsmål,
574 711 46 15 som
636 704 23 22 af
673 704 25 22 hr
713 704 96 22 Jusélius
826 705 95 21 uttalats.

263 762 33 20 Hr
319 761 218 28 Schybergson:
567 762 43 21 Det
632 762 55 21 enda
710 762 45 21 skäl
771 762 25 21 hr
811 762 123 21 Lundenius
950 763 71 20 anfört

192 791 47 19 mot
254 790 25 21 hr
293 790 96 22 Jusélius
405 790 85 28 förslag,
506 797 46 15 som
565 791 39 27 jag
618 790 33 22 för
666 790 44 21 min
726 790 35 22 del
775 790 68 22 skulle
855 790 76 28 billiga,
945 792 22 20 är
979 791 40 23 det,

192 820 32 19 att
246 818 106 22 utskottet
374 825 89 15 numera
485 820 107 26 svårligen
611 819 38 21 har
664 819 31 21 tid
710 821 33 19 att
759 818 124 28 genomföra
897 826 26 14 en
939 820 81 20 ändrad

192 846 162 28 paragrafering
369 848 39 20 och
424 854 26 15 en
466 848 49 21 med
530 848 150 27 noggrannhet
694 847 111 27 företagen
821 848 92 26 ändring
928 848 47 21 utaf
983 854 36 21 pa-

192 875 259 27 ragrafhänvisningarna.
480 877 49 21 Men
551 876 33 22 för
604 877 43 21 min
663 876 34 22 del
712 882 64 15 anser
789 876 38 27 jag
842 876 37 21 det
893 876 45 22 icke
953 876 66 22 häller

192 904 76 27 nödigt
288 906 32 20 att
335 904 90 22 besvära
444 905 236 22 vattenrättsutskottet
702 905 94 25 därmed,
817 906 51 20 utan
884 911 34 15 om
935 905 84 21 ståndet

193 932 94 22 besluter
308 932 70 22 införa
396 934 67 20 sådan
483 933 91 28 ändring
594 934 6 20 i
615 933 188 27 paragraferingen
820 933 39 21 och
874 934 7 20 i
896 933 123 22 hänvisnin-

192 967 73 20 garna,
286 962 125 21 ankommer
432 962 37 21 det
482 962 29 27 på
522 962 132 27 justerings-
671 962 39 21 och
727 962 245 27 expeditionsutskotten
988 964 31 20 att

192 989 116 22 värkställa
323 990 98 22 beslutet.
451 991 42 27 Jag
507 990 89 22 föreslår
612 990 71 22 därför
698 992 33 20 att
746 990 86 22 ståndet
847 990 94 22 besluter
958 997 61 21 para-

192 1018 108 28 grafering
318 1018 22 22 af
358 1018 139 30 lagförslaget
514 1020 48 21 med
578 1020 161 26 genomgående
754 1019 129 27 paragrafer,
899 1019 120 22 oberoende

191 1046 23 21 af
227 1046 224 28 kapitelindelningen.

261 1104 33 21 Hr
315 1104 138 22 Andstén:
483 1105 32 21 På
532 1105 44 27 mig
591 1105 37 21 har
644 1106 31 20 ett
689 1107 67 19 annat
768 1104 23 22 af
804 1104 25 22 hr
844 1105 123 21 Lundenius
983 1111 36 15 an-

190 1132 58 21 fördt
270 1133 66 21 motiv
357 1133 58 27 gjort
437 1135 31 19 ett
483 1133 95 21 starkare
593 1133 88 27 intryck,
694 1133 86 21 hvarför
793 1133 38 27 jag
845 1134 38 20 ber
899 1135 31 19 att
944 1133 21 21 få
981 1140 38 14 un-

191 1161 101 22 derstöda
307 1161 118 22 utskottets
440 1162 86 27 förslag,
542 1162 76 21 sådant
633 1162 36 21 det
683 1169 30 14 nu
729 1161 120 28 föreligger.
866 1162 42 21 Det
922 1164 23 19 är
960 1164 59 19 näm-

191 1189 57 27 ligen
272 1190 40 21 den
335 1191 192 26 omständigheten,
549 1193 31 19 att
604 1191 36 21 det
658 1191 35 20 vid
708 1191 102 26 möjligen
825 1190 114 22 framdeles
954 1191 66 27 nödig

191 1217 108 22 befunnen
315 1219 159 27 omredigering
488 1219 23 21 af
524 1219 61 27 lagen
602 1219 131 21 beträffande
750 1221 31 19 ett
795 1219 51 21 eller
861 1221 66 19 annat
940 1219 80 27 kapitel

190 1248 24 19 är
230 1247 104 27 betydligt
349 1247 76 22 lättare
441 1250 32 19 att
487 1247 22 22 få
521 1255 41 20 nya
576 1247 124 28 paragrafer
715 1247 111 28 inskjutna
841 1248 6 20 i
863 1247 40 22 den
919 1248 40 25 del,
973 1254 46 15 som

191 1275 40 21 blir
246 1276 87 25 ändrad,
348 1277 28 20 än
391 1276 43 21 ifall
449 1276 187 27 paragraferingen
652 1276 104 27 fortlöper
771 1276 46 21 från
834 1276 73 27 början
924 1277 31 20 till
971 1277 48 20 slut.

190 1303 40 21 Till
250 1304 118 21 understöd
383 1304 23 21 af
419 1305 25 21 hr
460 1305 123 21 Lundenius
599 1304 81 27 förslag
694 1305 122 21 föranledes
828 1305 39 26 jag
882 1305 102 21 särskildt
999 1305 22 21 af

190 1332 27 20 de
232 1332 139 27 svårigheter,
388 1333 71 21 hvilka
473 1335 66 25 yppat
554 1334 34 26 sig
602 1334 36 20 vid
653 1334 71 20 större
734 1332 285 28 lagbearbetningsarbeten,

190 1360 73 21 såsom
276 1360 38 28 jag
328 1360 75 22 erfarit
417 1362 8 20 i
440 1368 27 14 en
482 1362 85 25 komité,
583 1362 38 21 där
634 1362 38 26 jag
687 1362 56 20 varit
758 1361 97 26 medlem,
871 1362 39 20 och
925 1362 38 21 där
973 1362 46 26 just

190 1389 40 21 den
246 1389 127 27 fortgående
387 1389 80 28 följden
482 1390 23 21 af
513 1390 185 27 lagparagraferna
709 1390 76 28 gjorde
795 1392 32 19 att
835 1396 49 15 man
893 1390 55 21 hade
961 1390 59 22 svårt

189 1419 32 19 att
242 1417 22 21 få
286 1424 41 20 nya
349 1418 123 27 paragrafer
493 1419 22 21 in
531 1421 51 19 utan
598 1421 32 19 att
644 1419 41 21 öka
699 1418 164 28 paragrafernas
878 1418 57 22 antal
950 1419 7 21 i
972 1419 48 21 hela

189 1446 70 26 lagen.
288 1446 89 28 Följden
401 1454 38 14 var
461 1449 31 19 att
515 1446 152 28 paragraferna
688 1447 60 27 fingo
764 1447 103 27 åtskilligt
882 1447 137 27 vidlyftigare

189 1474 94 22 innehåll
306 1477 26 19 än
356 1476 95 26 önskligt
473 1482 51 15 vore
542 1476 46 26 och,
604 1476 71 22 såsom
691 1482 50 15 man
757 1476 73 27 påstår
845 1476 65 21 bland
923 1476 96 27 jurister,

189 1504 31 20 ett
235 1503 61 27 långt
310 1503 55 22 ifrån
381 1504 117 22 tilltalande
513 1507 61 25 yttre.
