1075 1773
216 111 43 21 964
545 106 158 39 Vattenrätten.
957 118 28 16 28
997 118 47 20 maj.

217 186 65 22 också
302 186 43 22 låta
366 186 34 22 bli.
430 187 64 21 Hvad
517 187 45 21 åter
581 188 37 21 det
632 187 67 21 andra
715 187 105 27 exemplet
835 186 163 22 vidkommande
1013 188 32 20 ett

216 214 113 28 träsliperi,
351 216 48 20 med
422 216 80 21 hvilket
524 216 66 21 oftast
613 218 23 19 är
651 216 99 21 förenadt
765 216 87 27 uppköp
868 215 22 21 af
901 216 54 26 skog
970 215 39 21 och
1023 214 24 22 af

216 243 48 26 ved,
279 243 105 27 beträffar,
400 244 24 22 så
439 244 61 22 skola
516 244 210 28 strömfallsegarena
741 244 66 22 också
822 244 38 21 där
875 244 83 21 inträda
973 244 7 21 i
994 243 49 22 affä-

216 278 39 15 ren
277 272 7 21 i
307 272 49 22 dess
379 272 77 22 helhet.
486 273 46 21 Där
551 273 41 21 kan
611 273 47 21 icke
673 273 76 21 värket
764 272 32 22 för
812 273 34 27 sig
860 273 73 27 skiljas
948 272 54 22 ifrån
1018 273 26 21 de

217 301 121 21 materialer
353 302 40 21 och
408 302 105 26 tillbehör,
530 308 45 15 som
590 301 51 27 följa
656 302 49 21 med
721 302 81 21 värket.
831 302 11 20 I
857 301 126 27 paragrafen
999 302 45 20 står

217 330 65 21 också
302 330 141 27 uttryckligen
464 330 75 22 värket
559 330 40 22 och
615 331 50 21 dess
681 330 104 22 tillbehör.
815 330 64 22 Hvad
893 330 150 27 anläggnings-

216 358 60 21 tiden
298 358 138 27 vidkommer,
457 359 58 21 inom
538 359 84 21 hvilken
647 358 183 28 strömfallsegare
850 358 60 22 skola
931 358 57 28 gifva
1003 358 40 22 till-

215 386 78 26 känna,
308 393 34 15 om
358 387 27 21 de
397 388 50 26 vilja
462 388 83 21 inträda
560 388 51 20 eller
627 388 52 25 icke,
694 387 69 21 finnes
774 387 45 21 icke
830 388 65 26 något
906 387 65 21 skildt
981 387 63 27 sagdt

215 415 82 26 härom,
312 422 48 15 men
380 418 46 19 tror
438 416 38 27 jag
490 416 46 21 icke
551 418 32 19 att
598 416 36 21 det
649 416 6 21 i
671 416 112 27 praktiken
800 416 53 21 skall
868 416 47 21 leda
930 416 31 21 till
978 416 66 27 några

217 444 137 27 svårigheter.
384 445 85 27 Egaren
490 444 23 22 af
534 445 73 21 värket
629 445 40 21 hör
692 445 34 27 sig
740 444 35 22 väl
790 444 32 22 för
838 445 66 27 några
919 444 23 21 år
957 444 44 22 förr
1016 446 27 19 än

217 472 58 22 tiden
291 473 37 27 går
344 473 31 21 till
394 474 60 24 ända,
470 473 39 21 och
524 473 33 21 får
571 473 42 21 han
628 473 46 22 icke
689 480 51 15 svar
755 474 45 20 förr
815 475 26 19 än
857 474 53 20 sista
925 473 51 24 året,
991 472 52 22 fort-

216 502 67 20 sätter
299 501 40 21 han
355 502 7 21 i
377 502 41 21 alla
432 502 36 21 fall
484 502 48 21 med
547 502 38 21 sitt
600 502 58 26 värk,
674 508 35 15 om
725 502 42 21 han
782 502 46 21 icke
843 502 23 21 af
878 502 66 21 andra
959 502 46 20 skäl
1020 503 23 19 är

216 530 89 21 betänkt
327 530 27 27 på
376 533 32 19 att
430 531 105 27 nedlägga
556 530 85 22 affären.
672 531 43 21 Det
735 532 24 20 är
781 530 56 22 klart
852 532 31 20 att
897 530 42 22 han
955 530 53 21 skall
1023 530 21 21 få

215 558 102 22 fortsätta
339 559 24 21 så
384 559 63 27 länge
470 559 41 22 han
532 560 43 21 vill
605 559 70 21 Hafva
697 559 209 27 strömfallsegarena
920 559 46 21 icke
981 558 63 27 gifvit

216 587 39 21 sitt
277 594 48 15 svar
346 590 32 19 att
393 588 26 21 de
434 588 50 26 vilja
498 588 84 21 inträda
597 588 7 21 i
619 588 86 26 affären,
721 588 80 21 vänder
816 588 40 21 han
873 588 32 26 sig
921 588 31 21 till
967 589 76 24 rätten,

216 616 28 21 då
267 616 126 27 delegarena
413 616 97 22 inställas
533 616 39 22 och
587 616 21 22 få
623 619 56 25 yttra
695 617 39 27 sig.
764 617 66 21 Detta
844 616 116 27 lagförslag
975 618 23 19 är
1013 622 30 15 nu

216 644 33 21 till
271 645 41 21 alla
334 645 50 21 dess
407 646 59 20 delar
481 645 96 22 affattadt
593 645 81 27 ganska
689 646 55 25 kort,
760 646 37 20 det
811 647 24 19 är
850 645 45 21 icke
910 645 7 21 i
932 645 66 27 några
1013 644 30 22 af-

216 673 93 21 seenden
331 674 226 27 reglementsmässigt,
579 674 39 21 och
642 674 24 21 så
685 676 24 19 är
732 674 66 21 också
817 674 69 21 denna
900 673 101 27 paragraf
1013 672 30 22 af-

215 701 74 27 fattad,
312 708 48 15 men
384 703 134 21 annorlunda
540 703 40 21 kan
604 703 41 21 den
668 702 45 22 icke
737 705 67 25 gärna
818 702 79 22 förstås
913 704 26 19 än
952 702 38 27 jag
1005 702 38 21 här

215 730 121 22 framhållit.

286 794 32 21 Hr
340 794 170 27 Wegelius:
540 794 76 22 Ehuru
635 794 39 27 jag
694 794 127 27 visserligen
844 794 46 22 icke
911 794 71 21 funnit
999 794 45 26 mig

217 822 124 27 öfvertygad
364 829 34 15 om
422 825 32 19 att
475 823 17 27 ej
510 823 26 21 de
552 823 174 27 betänkligheter,
743 829 47 15 som
803 823 38 27 jag
855 822 121 26 framhållit,
990 822 53 22 fort-

216 851 67 26 bestå,
299 851 35 21 vill
347 851 39 27 jag
400 852 54 21 dock
470 852 45 20 icke
530 851 117 22 framställa
662 852 66 26 något
743 851 189 27 ändringsförslag.

287 919 69 22 Sedan
372 920 150 22 diskussionen
542 920 52 21 härå
608 919 113 22 förklarats
737 919 98 27 afslutad,
852 919 122 28 godkändes
990 919 11 28 $
1017 919 27 21 13

216 948 6 21 i
239 948 11 21 1
267 948 47 27 kap.
329 948 67 27 enligt
412 949 116 21 utskottets
543 949 86 26 förslag.

285 1011 101 22 Rörande
400 1011 12 28 $
429 1011 27 22 14
471 1012 31 21 uti
517 1012 66 27 sagda
597 1011 48 28 kap.
660 1012 84 27 yttrade

285 1074 25 21 hr
330 1075 190 21 Lundenius:
551 1075 69 21 Sedan
632 1075 39 26 jag
686 1074 112 22 bestämde
813 1074 44 27 mig
871 1073 32 22 för
919 1076 32 19 att
965 1073 80 22 föreslå

216 1104 31 19 ett
269 1103 183 27 tilläggsmoment
471 1103 31 21 till
525 1103 26 21 14
568 1104 12 26 8
595 1103 7 21 i
619 1104 10 20 1
647 1103 48 27 kap.
711 1103 198 26 vattenrättslagen,
924 1102 39 21 har
978 1102 66 20 saken

215 1131 91 21 kommit
321 1131 6 21 i
343 1131 67 27 nägot
424 1131 125 21 förändradt
563 1132 60 20 skick
637 1132 132 26 därigenom,
778 1133 30 19 att
820 1130 176 28 borgareständet
1007 1136 37 15 an-

215 1160 55 26 tagit
290 1160 25 20 hr
335 1160 113 21 Stenroths
464 1160 81 27 förslag
559 1160 7 21 i
581 1160 100 21 afseende
697 1160 12 21 å
725 1160 27 21 12
768 1159 138 27 paragrafens
921 1159 123 21 återremiss

215 1188 32 20 till
264 1188 110 21 utskottet.
404 1188 50 22 Men
470 1195 46 15 som
532 1189 59 21 detta
604 1188 47 22 icke
666 1188 44 22 stär
725 1188 7 21 i
748 1188 92 22 särskild
855 1188 129 27 motsägelse
999 1189 46 19 mot

215 1216 50 22 mitt
286 1217 146 27 nyssantydda
454 1217 80 27 förslag
557 1217 38 21 och
616 1217 38 27 jag
676 1217 55 21 dock
754 1223 64 15 anser
842 1218 32 20 att
895 1216 36 22 det
946 1222 51 15 vore
1013 1216 32 20 till

216 1245 79 21 bätnad
310 1245 34 21 för
360 1252 30 14 nu
406 1246 66 21 redan
488 1246 115 21 bestående
619 1245 133 26 vattenvärk,
768 1252 35 14 om
819 1245 26 21 de
860 1245 72 21 kunde
941 1244 22 22 få
975 1244 70 21 denna

215 1274 37 25 tid,
275 1274 58 21 inom
356 1274 86 21 hvilken
461 1274 57 22 talan
533 1274 32 22 fär
581 1276 45 19 mot
641 1274 48 22 dem
705 1274 82 21 utföras
804 1280 34 14 om
854 1273 155 21 fränvinnande
1024 1272 23 22 af

215 1302 111 26 strömfall,
348 1309 48 15 som
419 1303 27 21 de
469 1303 95 27 begagna
586 1302 33 22 för
635 1302 135 25 vattenvärk,
785 1302 66 27 nägot
866 1302 126 27 begränsad,
1008 1301 37 21 vill

211 1330 40 27 jag
273 1330 84 22 likvisst
380 1338 30 14 nu
432 1331 119 21 framställa
572 1332 49 20 mitt
635 1330 87 28 förslag,
738 1330 40 22 och
793 1330 59 28 lyder
868 1331 35 21 det
918 1330 67 22 andra
999 1336 46 15 mo-

214 1362 67 23 ment,
303 1366 47 14 som
371 1360 38 26 jag
432 1360 55 21 altsä
506 1360 39 21 har
567 1362 52 19 äran
634 1359 78 22 föreslä
728 1361 33 19 att
776 1359 68 21 skulle
859 1359 61 27 fogas
936 1358 32 22 till
983 1359 12 27 $
1012 1358 33 26 14,

215 1387 101 22 sålunda:

286 1418 84 20 »Anser
392 1417 34 27 sig
446 1423 62 21 egare
523 1416 23 22 af
559 1417 132 25 vattenvärk,
707 1423 48 15 som
771 1416 69 22 blifvit
854 1416 8 21 i
877 1415 105 22 strömfall
997 1415 48 21 här-

214 1444 99 22 förinnan
337 1446 50 21 med
408 1446 99 26 behörigt
529 1446 96 20 tillstånd
647 1446 93 26 anlagdt,
764 1451 52 15 vara
838 1451 73 15 ensam
935 1450 63 21 egare
1013 1444 32 21 till

213 1472 61 22 fallet
297 1474 51 21 eller
367 1474 33 21 för
416 1474 76 21 värket
506 1474 83 21 använd
605 1474 34 21 del
655 1474 65 26 däraf,
736 1474 41 21 och
792 1474 36 20 vill
843 1474 42 20 han
899 1472 98 22 försäkra
1012 1473 34 26 sig

215 1508 35 14 om
273 1504 31 20 att
327 1503 60 21 detta
408 1503 48 21 icke
477 1503 76 21 varder
575 1503 79 21 honom
676 1502 116 22 framdeles
810 1502 135 26 fränvunnet,
961 1504 48 24 tage
1025 1500 23 22 af
