1075 1775
84 130 14 16 8
110 129 47 20 maj.
358 124 103 30 Dödande
474 128 19 17 af
505 158 4 1 i
503 124 118 30 urkunder.
866 120 37 22 507

86 198 25 21 17
128 197 50 22 eller
193 197 12 21 å
221 198 65 20 annat
300 196 98 27 lämpligt
412 196 61 22 ställe
488 196 7 21 i
507 196 138 27 lagförslaget
657 196 23 21 af
689 196 136 27 bestämning
835 196 73 21 därom

84 228 38 24 att,
138 226 71 21 därest
224 224 71 22 beslut
310 231 34 15 om
360 224 140 28 efterlysande
516 224 22 22 af
551 225 100 27 godkänd
661 225 61 21 växel
732 227 24 19 är
767 224 82 24 fattadt,
862 224 46 25 den,

85 254 33 21 för
138 254 85 21 hvilken
239 253 73 21 växeln
335 254 45 26 gått
400 253 100 26 förlorad,
515 254 34 20 mä
564 254 35 20 vid
615 254 26 20 de
657 254 105 26 åtgärder,
779 259 45 15 som
841 252 68 22 växel-

85 282 151 22 innehafvaren
252 282 66 27 enligt
333 284 12 24 &
360 282 28 21 40
403 282 6 21 i
424 282 151 26 växelstadgan
591 282 39 21 bör
645 282 87 27 vidtaga
747 281 33 21 för
791 281 118 21 bevarande

85 310 24 22 af
129 310 172 28 ätergängstalan
324 313 46 19 mot
386 310 86 22 växelns
492 313 94 19 trassent
602 310 40 22 och
657 311 119 25 indossent,
792 310 71 21 kunna
878 316 31 14 er-

86 341 56 20 sätta
163 339 103 27 originala
289 339 72 21 vexeln
383 340 47 20 med
446 341 81 19 rättens
543 339 129 27 kungörelse
687 339 111 27 angående
813 339 96 21 densam-

86 374 46 15 mas
148 367 147 28 efterlysande.

154 396 42 27 Jag
210 396 37 21 vill
262 396 87 27 tillägga
363 398 31 19 att
406 396 38 27 jag
459 396 39 21 här
513 397 76 28 endast
604 396 61 22 tänkt
677 396 45 27 mig
732 396 137 26 möjligheten
880 397 30 19 att

87 426 77 20 bevara
186 425 57 21 talan
265 424 34 22 för
321 425 98 27 godkänd
441 425 65 21 växel.
536 421 31 25 Är
582 425 75 21 växeln
672 413 49 33 icke
728 424 105 27 godkänd,
854 424 56 21 med-

87 453 67 27 gifver
177 453 122 27 växellagen
322 454 110 26 möjlighet
451 456 31 18 att
503 454 39 20 hos
561 456 49 19 näst
620 437 134 48 föregående
770 460 48 14 man
829 441 82 38 "begära

87 484 47 25 nytt
156 482 107 28 exemplar
285 482 23 21 af
321 482 81 26 växeln,
422 488 47 15 som
485 482 51 21 därå
551 482 41 21 kan
607 482 80 21 företes
703 482 32 21 till
751 482 159 26 godkännande.

87 511 50 21 Men
154 512 39 20 har
215 511 74 21 växeln
312 511 107 21 allaredan
441 510 69 22 blifvit
533 511 105 27 godkänd,
660 510 69 22 finnes
745 511 69 21 denna
829 510 82 27 möjlig-

88 540 36 20 het
145 540 52 21 icke.
227 539 47 21 Kan
295 539 151 21 innehafvaren
468 540 46 20 icke
537 542 96 24 prestera
654 540 116 26 utredning
785 539 80 25 därom,
880 541 31 18 att

88 568 150 27 godkännaren
253 568 46 21 icke
313 568 66 20 inlöst
394 568 80 25 växeln,
490 568 37 26 går
543 568 41 21 han
600 568 5 21 i
622 568 76 21 sådant
712 567 36 22 fall
764 567 101 27 förlustig
879 567 31 21 sin

88 599 43 19 rätt
149 599 108 25 gentemot
272 597 67 21 andra
354 597 206 21 växelintressenter.
589 598 42 26 Jag
646 597 38 21 har
700 597 72 21 vidare
787 596 124 21 formulerat

89 625 101 27 förslaget
205 626 30 23 så,
251 627 30 20 att
296 625 142 27 lagutskottet
453 625 68 22 skulle
543 627 98 26 uppgöra
654 625 82 27 förslag
751 625 32 21 till
802 625 109 21 införande

87 654 23 21 af
124 654 64 21 sådan
214 654 140 27 bestämning,
370 654 39 21 och
425 654 26 21 då
466 654 90 21 sålunda
571 654 32 21 för
618 654 143 27 lagutskottet
776 653 68 22 finnes
860 653 51 26 möj-

88 683 66 26 lighet
176 685 31 19 att
234 682 140 21 framkomma
397 683 48 20 med
467 683 120 21 eventuella
610 683 170 26 betänkligheter
801 684 45 19 mot
867 682 44 21 det-

88 717 86 20 samma,
190 711 83 27 hoppas
288 711 37 27 jag
339 713 31 19 att
386 712 48 20 mitt
448 711 80 27 förslag
543 711 66 22 måtte
625 711 131 27 godkännas.

156 768 33 21 Hr
205 768 125 21 Kumlin:
361 769 43 20 Det
419 775 51 14 vore
482 769 24 26 ju
523 769 82 26 mycket
621 768 94 27 önskligt
730 770 31 19 att
778 768 31 21 uti
821 768 35 26 lag
865 767 46 21 fun-

89 803 38 15 nes
144 797 87 26 utsagdt
246 797 55 21 huru
317 797 90 21 förfaras
423 797 59 23 skall,
498 797 27 21 då
540 803 25 15 en
582 797 67 25 växel,
661 803 46 15 som
719 797 129 25 förkommit,
860 795 51 22 skall

88 827 137 25 protesteras,
241 832 48 14 men
309 826 70 21 denna
393 825 60 27 fråga
471 826 66 27 ligger
553 826 54 21 dock
622 814 121 39 egentligen
758 825 28 27 på
802 813 60 33 sidan
878 831 34 14 om

90 854 36 21 det
140 853 145 28 föreliggande
308 854 143 27 lagförslaget,
467 850 80 25 hvilket
559 855 24 26 ju
599 854 56 22 afser
671 855 76 20 endast
762 856 32 19 att
808 853 104 22 fastställa

89 883 36 21 det
148 882 129 23 förfarande,
303 889 46 15 som
373 883 38 21 bör
432 883 104 27 iakttagas
556 883 34 21 vid
613 882 153 22 mortifikation
784 882 22 22 af
823 881 90 23 urkund.

89 911 150 27 Lagutskottet
261 911 38 21 har
320 911 72 22 därför
413 912 17 27 ej
447 912 70 21 häller.
532 912 43 21 haft
591 912 71 27 någon
679 912 60 26 giltig
753 911 116 26 anledning
883 912 30 20 att

89 940 142 26 komplettera
253 940 138 27 lagförslaget
407 941 6 20 i
429 940 77 22 sådant
528 940 61 28 syfte,
610 946 48 15 men
675 940 6 21 i
697 940 103 21 händelse
815 940 99 26 borgare-

89 968 85 22 ståndet
197 968 68 22 skulle
287 975 52 15 anse
360 971 32 19 att
411 969 7 21 i
434 969 70 21 denna
524 969 35 27 lag
580 969 72 21 kunde
673 968 80 22 införas
774 968 140 27 stadgande
901 964 17 36 i

89 997 59 21 detta
169 996 106 27 afseende,
301 997 37 21 har
359 998 38 26 jag
419 997 32 21 för
474 998 43 20 min
541 998 33 20 del
595 998 112 26 ingenting
722 1000 58 18 emot
795 1000 31 18 att
841 996 74 21 förena

90 1026 43 26 mig
155 1032 34 14 om
208 1026 25 20 hr
249 1026 118 26 Wegelius”
382 1026 80 27 förslag
480 1033 35 14 om
531 1026 148 27 lagförslagets
695 1026 124 21 återremiss
834 1025 31 21 till
882 1027 32 19 ut-

90 1054 79 21 skottet
191 1054 32 21 för
246 1056 32 19 att
301 1054 127 22 härutinnan
444 1055 159 27 kompletteras,
619 1055 80 21 hvilket
713 1055 47 21 icke
776 1054 66 22 borde
858 1055 57 19 möta

89 1082 66 27 något
170 1082 80 26 hinder,
263 1083 27 21 då
298 1083 23 27 ju
332 1083 158 27 växelstadgan,
502 1083 84 21 hvilken
599 1084 71 20 såsom
681 1083 67 21 kändt
758 1085 24 19 är
790 1089 26 15 en
826 1082 89 22 admini-

90 1112 74 20 strativ
186 1110 131 28 förordning,
340 1111 62 22 äfven
420 1112 7 20 i
445 1112 66 21 andra
531 1112 58 21 delar
608 1112 107 26 undergår
730 1112 92 26 ändring
837 1117 77 21 genom

90 1140 70 20 denna
174 1140 40 26 lag.

159 1197 32 20 Hr
207 1197 148 26 Wegelius:
386 1198 48 21 Med
458 1198 115 27 anledning
588 1197 22 22 af
630 1198 56 21 hvad
701 1197 25 22 hr
743 1197 87 22 Kumlin
846 1196 70 22 anfört

91 1225 36 21 vill
142 1225 38 27 jag
199 1213 76 34 endast
292 1225 112 22 framhålla
418 1229 32 18 att
465 1227 58 20 detta
537 1226 117 27 lagförslag
669 1227 65 20 redan
750 1226 114 21 innefattar
880 1227 36 19 än-

90 1253 63 27 dring
168 1253 39 22 och
222 1254 151 27 upphäfvande
388 1254 23 22 af
423 1255 58 21 vissa
495 1243 125 39 paragrafer
631 1255 31 21 uti
674 1255 157 26 växelstadgan.
846 1250 70 25 Äfven

90 1282 37 21 det
142 1282 123 27 stadgande,
283 1289 46 15 som
344 1283 69 22 finnes
429 1284 7 20 i
451 1283 116 22 utskottets
583 1283 81 28 förslag
679 1283 31 22 till
726 1283 80 27 lydelse
822 1282 22 22 af
857 1283 11 27 $
884 1283 32 21 17,

91 1311 67 21 måste
179 1317 63 15 anses
265 1311 103 22 innebära
391 1318 26 15 en
434 1312 105 27 väsentlig
557 1313 92 26 ändring
664 1312 23 21 af
700 1312 164 27 växelstadgans
881 1305 35 26 be-

90 1339 109 27 stämning
213 1339 34 21 för
262 1340 35 21 det
313 1340 106 21 särskilda
433 1340 36 21 fall
484 1343 32 19 att
531 1341 99 26 godkänd
645 1341 60 22 växel
721 1340 131 22 förkommit.

160 1397 157 32 Diskussionen
336 1397 131 22 förklarades
483 1397 52 22 härå
549 1397 99 25 afslutad,
665 1397 106 22 hvarefter
787 1397 25 21 hr
828 1397 89 21 talman-

90 1431 42 14 nen
152 1425 31 21 till
206 1425 97 22 ståndets
325 1426 132 22 besvarande
472 1426 124 21 framstälde
611 1426 93 27 följande
720 1425 197 27 omröstningspro-

90 1453 102 26 position:
