1078 1761
72 103 27 16 25
111 103 47 20 maj.
396 94 185 35 Vinterajöfarten.
858 98 40 21 901

73 171 34 22 del
127 171 39 21 har
179 171 38 28 jag
230 171 46 22 icke
291 171 55 22 varit
360 171 50 22 med
425 177 34 16 om
474 171 191 27 horgareständets
681 173 86 20 senaste
782 171 76 27 beslut,
874 171 27 22 dä

69 199 40 28 jag
128 200 67 27 ansäg
210 201 32 20 att
255 199 66 22 redan
336 200 60 21 detta
411 200 46 27 gick
472 199 33 22 för
519 200 65 27 längt.
614 200 33 21 Dä
662 200 107 27 nämligen
786 201 65 21 redan
867 200 33 22 sä-

73 228 56 21 dana
149 229 75 26 anslag
246 228 175 27 tillkännagifvits
443 228 71 22 säsom
537 229 87 26 möjliga
644 230 33 19 att
691 229 96 25 erhällas,
803 231 51 19 utan
869 231 31 19 att

73 257 155 21 kommunerna
248 257 106 27 begagnat
369 257 33 27 sig
417 256 23 23 af
452 257 80 21 sädana
546 257 113 26 förmäner,
675 263 64 21 synes
755 246 61 33 däraf
828 257 73 22 kunna

73 285 78 27 dragas
173 285 41 21 den
236 285 123 27 slutsatsen,
376 288 32 18 att
425 285 101 22 behofvet
540 286 46 21 icke
601 286 55 21 varit
672 286 24 21 sä
711 288 61 24 stort,
788 292 47 15 som
850 292 49 15 man

72 313 48 22 låtit
142 314 94 27 päskina.
266 314 78 21 Därför
367 314 99 22 förordar
482 314 38 27 jag
534 316 32 19 att
580 314 179 27 borgareständet
774 314 65 22 måtte
854 314 45 22 vid-

73 342 65 22 blifva
153 342 37 22 sitt
205 342 89 28 tidigare
309 342 77 22 beslut.

142 400 33 21 Hr
190 400 180 21 Lundenius:
396 400 43 22 Det
461 400 62 22 torde
538 400 46 21 icke
598 399 73 24 kunna
687 400 65 22 nekas
768 402 32 20 att
815 400 36 22 det
862 399 38 22 fin-

73 434 39 16 nes
134 428 7 21 i
161 428 272 28 skärgärdskommunerna
454 435 27 15 en
504 428 52 22 eller
578 435 70 15 annan
668 428 79 23 afsides
763 428 89 28 belägen
868 428 32 28 by,

72 457 65 22 hvars
159 459 42 26 väg
219 457 47 28 just
287 457 68 28 ligger
371 458 32 21 uti
418 464 26 15 en
459 457 212 27 vintertrafikfarled;
686 457 40 22 och
741 464 35 15 om
791 464 27 15 en
834 457 66 22 sädan

73 487 35 20 ort
129 485 46 22 icke
197 485 69 22 skulle
286 486 71 27 lyckas
381 486 79 21 erhålla
481 486 143 22 kommunens
640 486 129 22 medvärkan
784 486 33 22 för
833 486 67 22 erhäl-

73 514 63 21 lande
155 514 24 22 af
191 515 136 27 statsanslag,
342 515 70 21 skulle
427 515 41 21 den
484 515 66 27 enligt
565 515 189 27 borgareständets
770 515 71 21 beslut
855 515 46 21 icke

73 543 50 27 själf
136 543 73 22 kunna
224 543 90 22 utvärka
322 543 76 22 sädant
405 543 81 28 anslag.
500 544 43 27 Jag
550 543 68 22 finner
627 544 36 21 det
670 544 112 21 liberalare
789 545 32 20 att
830 543 71 22 lämna

73 571 65 22 ocksä
159 578 27 15 en
209 572 66 21 sädan
297 571 78 22 afsides
399 572 88 26 belägen
510 575 34 18 ort
562 572 110 27 möjlighet
687 574 32 19 att
733 573 28 26 pä
775 578 54 21 egen
844 571 57 22 hand

72 599 101 23 förskaffa
195 600 33 27 sig
243 600 102 27 anslaget.
363 600 44 22 Det
421 600 38 22 har
474 600 137 28 naturligtvis
625 600 46 22 icke
686 600 56 22 varit
755 601 45 21 min
815 600 87 27 mening

73 630 32 20 att
120 628 129 22 statsvärket
264 629 68 21 skulle
346 629 67 27 bjuda
422 631 24 19 ut
457 629 38 22 sitt
504 629 82 27 anslag,
598 631 51 20 utan
661 629 39 22 bör
711 628 106 28 själffallet
827 629 73 21 därom

73 657 7 21 i
102 657 73 27 hvarje
195 657 36 21 fall
253 658 97 21 ansökas.
381 658 114 21 Skilnaden
511 658 90 21 emellan
617 658 189 27 borgareständets
821 657 40 22 och
875 657 25 21 R.

74 692 19 15 0.
111 686 38 22 A:s
165 686 71 22 beslut
252 686 36 27 gär
304 686 90 22 sälunda
409 688 24 20 ut
448 686 72 28 därpä,
536 686 105 22 huruvida
656 687 81 21 sädana
750 686 76 28 anslag
841 686 60 22 skola

73 714 92 22 ansökas
188 714 23 22 af
231 715 155 21 kommunerna
401 715 8 21 i
423 715 62 21 deras
509 715 71 21 helhet
595 715 51 21 eller
661 721 35 15 om
712 715 65 21 ocksä
791 721 27 15 en
831 714 34 22 del
880 714 23 22 af

73 749 26 15 en
122 743 110 27 kommun,
254 750 26 15 en
303 743 78 22 afsides
396 744 90 27 belägen
502 746 35 19 ort
551 744 59 21 inom
625 744 130 26 densamma,
771 743 53 22 skall
839 743 63 22 hafva

73 773 44 20 rätt
131 774 31 19 att
178 773 52 26 göra
244 772 66 22 sädan
326 772 102 22 ansökan.

143 830 33 21 Hr
191 829 163 22 Wasenius:
379 830 43 27 Jag
436 830 38 21 ber
489 831 32 20 att
535 829 22 22 fä
571 830 132 21 understöda
717 830 36 21 det
768 829 23 22 af
804 830 25 21 hr
844 829 56 21 Lun-

74 858 76 21 denius
174 858 74 27 gjorda
269 858 108 27 förslaget.
407 859 42 21 Det
468 858 54 22 läter
544 858 84 27 mycket
645 858 35 22 väl
700 858 65 22 tänka
780 858 33 27 sig
827 860 32 19 att
873 858 29 27 pä

74 886 129 21 utkanterna
217 886 23 22 af
253 893 26 15 en
295 887 102 21 kommun
413 886 69 22 finnes
498 893 27 15 en
541 887 27 27 by
584 887 51 21 eller
651 887 66 27 några
732 887 96 21 enskilda
839 886 61 21 -hem-

75 921 55 20 man,
153 921 46 15 som
222 915 70 21 blefve
314 915 86 22 lidande
417 915 23 22 af
453 917 33 20 att
499 915 131 22 kommunen
645 915 44 22 helt
705 915 71 22 enkelt
790 915 46 21 icke
851 915 49 27 bryr

75 943 34 27 sig
123 949 35 16 om
173 945 32 20 att
219 944 81 21 ansöka
315 944 136 27 statsanslag.
477 945 119 20 Dessutom
613 946 23 19 är
651 944 36 21 det
701 944 46 21 icke
762 950 26 15 en
804 944 96 21 kommu-

75 972 196 28 nalangelägenhet,
294 975 22 25 ty
337 973 46 21 icke
406 975 23 19 är
451 973 37 21 det
508 974 64 26 sagdt
592 975 32 19 att
638 973 27 21 de
680 973 107 27 störingar
802 972 99 28 ångbåts-

73 1001 237 22 kommunikationerna
334 1002 147 21 åstadkomma
504 1002 7 21 i
533 1001 210 22 vintersamfärdseln
764 1002 75 21 beröra
854 1001 48 21 hela

73 1030 138 25 kommunen,
226 1032 51 19 utan
293 1030 76 22 endast
384 1030 129 22 utkanterna
524 1030 24 22 af
556 1030 129 27 densamma,
695 1030 87 21 hvarför
789 1030 38 27 jag
839 1036 63 15 anser

73 1060 32 19 att
120 1058 36 22 det
170 1064 52 16 vore
234 1059 100 27 riktigare
349 1061 32 19 att
395 1059 68 21 tillåta
478 1059 41 21 den
535 1059 34 21 del
584 1058 23 22 af
620 1059 108 26 kommun,
743 1065 48 15 som
805 1058 97 22 kommer

74 1089 32 19 att
126 1087 44 21 lida
190 1086 23 22 af
226 1087 227 28 vintertrafikeringen,
468 1090 32 19 att
515 1088 94 21 inlämna
621 1087 94 21 ansökan
731 1094 35 15 om
781 1094 30 14 nu
826 1086 76 28 ifråga-

74 1116 93 21 varande
183 1116 135 27 statsanslag.

143 1174 33 20 Hr
192 1173 151 27 Hallberg:
368 1174 42 26 Jag
424 1173 33 22 för
472 1174 44 20 min
532 1173 34 21 del
582 1174 38 20 ber
634 1175 31 19 att
680 1172 21 22 få
717 1173 85 21 ansluta
816 1172 45 27 mig
871 1172 31 21 till

74 1201 25 21 hr
122 1201 102 28 Krogius'
238 1201 81 28 förslag
334 1204 32 19 att
387 1201 178 28 borgareståndet
580 1201 49 22 ville
644 1201 100 22 vidblifva
760 1202 38 21 sitt
812 1201 90 27 tidigare

73 1230 78 21 beslut.
175 1230 42 27 Jag
232 1237 63 14 anser
308 1231 36 21 det
359 1237 51 15 vara
425 1231 89 26 onödigt
528 1232 32 19 att
574 1230 50 27 ingä
639 1230 6 21 i
660 1229 63 22 altför
738 1232 59 19 stora
809 1229 93 22 enskild-

73 1259 61 21 heter
157 1259 39 21 och
215 1259 40 21 kan
271 1259 45 21 icke
331 1259 65 21 tänka
411 1259 44 27 mig
469 1261 38 24 att,
522 1265 35 15 om
573 1265 26 15 en
616 1259 33 21 del
664 1258 23 22 af
700 1265 26 15 en
741 1259 103 21 kommun
859 1258 42 21 kan

74 1287 75 27 pävisa
171 1289 59 20 stora
245 1287 142 27 olägenheter,
402 1288 46 21 icke
463 1287 131 22 kommunen
600 1283 13 35 i
632 1288 33 21 sin
681 1287 71 22 helhet
768 1287 68 22 skulle
852 1293 50 15 vara

74 1315 59 28 villig
148 1318 31 19 att
195 1316 115 21 medvärka
325 1316 31 21 till
369 1315 137 28 afhjälpande
515 1315 23 22 af
546 1316 64 21 dessa
620 1316 143 27 olägenheter,
774 1322 48 15 men
833 1315 69 22 skulle

74 1344 66 21 ocksä
164 1345 23 20 sä
210 1351 56 20 vara,
288 1348 32 18 att
341 1345 70 21 denna
432 1345 33 21 del
485 1344 69 22 blefve
569 1344 23 22 af
604 1345 130 20 kommunen
750 1343 152 25 misshandlad,

75 1373 44 21 stär
141 1373 37 21 det
199 1373 124 22 densamma
345 1373 54 22 dock
414 1373 7 22 i
436 1373 42 21 alla
491 1373 37 21 fall
543 1375 65 25 öppet
623 1375 32 19 att
669 1373 50 27 själf
731 1373 94 21 inlämna
839 1374 63 19 ansö-

74 1401 42 22 kan
137 1401 32 22 till
189 1402 133 27 regeringen,
344 1402 40 21 och
404 1401 42 22 kan
462 1402 36 21 det
514 1402 27 21 dä
556 1402 84 21 bevisas
655 1404 32 19 att
701 1404 61 19 orten
777 1401 54 22 lider
847 1407 55 19 men,

75 1429 53 22 skall
151 1430 33 21 väl
208 1430 125 27 regeringen
356 1430 131 27 tillmötesgå
509 1430 133 27 berättigade
664 1429 167 28 önskningsmäl.
860 1429 42 27 Jag

74 1458 37 22 vill
126 1458 45 21 icke
186 1460 60 20 rösta
260 1458 32 22 för
309 1461 31 19 ett
355 1459 64 21 altför
434 1459 127 27 detaljeradt
576 1458 109 22 uttalande
700 1459 7 21 i
720 1459 69 21 denna
799 1457 40 26 del,
850 1459 51 19 utan
