1078 1775
197 114 56 22 1076
436 122 104 16 Finlands
552 122 70 16 banks
634 122 135 17 vinstmedel.
947 122 13 16 2
969 121 53 21 juni.

197 189 222 28 generalguvernören
431 190 40 22 och
486 190 78 26 30,000
578 190 62 22 mark
654 190 72 22 såsom
741 190 77 28 anslag
829 190 33 22 för
872 190 54 22 hans
936 190 87 28 adjoint,

196 218 138 28 hvarigenom
350 219 63 21 dessa
429 219 83 21 således
527 219 86 21 komme
628 220 68 21 under
711 220 33 21 sin
759 221 57 19 rätta
831 219 81 21 rubrik.

266 281 157 22 Diskussionen
438 281 117 23 afslutades
571 282 94 26 härmed,
680 281 108 23 hvarefter
798 282 178 27 borgareståndet
986 282 35 21 be-

198 310 42 21 slöt
255 310 114 27 godkänna
384 310 145 22 betänkandet
543 311 7 21 i
566 311 49 21 dess
631 310 77 22 helhet.

267 448 68 21 Sedan
352 448 177 27 borgareståndet
545 448 34 21 vid
594 448 152 28 föredragning
761 448 42 22 den
824 448 27 21 14
866 448 98 22 sistlidna
978 448 41 27 maj

198 476 23 22 af
243 476 175 22 bankutskottets
440 477 135 21 betänkande
597 483 34 15 n:o
646 476 15 22 4
677 477 111 27 angående
811 476 118 23 Finlands
944 476 76 22 banks

198 504 180 28 odisponerade
404 505 147 22 vinstmedel
566 505 89 21 beslutit
670 506 115 27 godkänna
800 506 66 26 sagda
881 505 139 26 betänkande,

196 533 55 22 dock
263 534 88 21 sålunda
361 535 32 20 att
403 534 96 21 ståndets
510 534 71 26 beslut
592 533 131 23 beträffande
734 534 27 22 de
771 534 32 21 uti
816 534 116 22 utskottets
943 535 78 20 tvänne

196 562 71 22 första
291 562 211 28 resolutionsförslag
525 564 111 26 upptagna
658 563 108 27 beloppen
785 562 68 22 skulle
870 569 64 15 anses
950 562 71 22 såsom

199 591 127 27 eventuella,
341 591 108 22 beroende
464 592 28 27 på
507 592 26 21 de
548 591 77 26 beslut,
640 591 60 22 hvari
710 592 87 21 ståndet
807 591 85 22 komme
902 593 33 20 att
947 593 75 20 stanna

197 620 36 21 vid
254 620 158 27 behandlingen
432 620 24 21 af
472 620 173 22 statsutskottets
667 621 107 21 allmänna
797 620 225 27 anslagsbetänkande,

197 653 95 23 upptogs
307 649 176 22 bankutskottets
503 649 125 21 förenämda
643 649 135 22 betänkande
794 655 29 15 nu
844 649 31 21 till
895 649 83 27 slutligt
992 648 30 22 af-

198 678 101 26 görande;
315 677 39 22 och
374 677 68 28 jämte
465 678 36 21 det
516 677 67 22 andra
598 677 107 22 klämmen
720 678 53 25 däri,
788 678 50 21 med
852 677 100 22 afseende
967 678 12 21 å
994 677 26 22 de

196 705 75 22 beslut
285 706 86 21 ståndet
393 706 63 21 fattat
478 706 36 22 vid
537 706 156 27 behandlingen
715 706 24 22 af
752 706 174 21 statsutskottets
942 705 76 22 omför-

199 734 72 22 mälda
286 735 139 25 betänkande,
448 735 45 22 icke
508 735 124 21 föranledde
647 735 32 21 till
694 735 73 22 vidare
783 735 81 27 åtgärd,
879 735 70 21 beslöt
964 735 57 21 stån-

200 763 36 21 Set
250 763 33 50 för
297 759 70 58 öfrigt
381 763 104 22 definitivt
501 763 113 28 godkänna
629 763 176 22 bankutskottets
815 763 161 28 ifrågavarande
986 763 35 22 be-

201 793 114 20 tänkande.

266 895 121 27 Föredrogs
403 895 39 21 och
459 895 122 27 godkändes
597 894 153 28 lagutskottets
761 894 36 22 vid
808 894 118 27 gårdagens
936 894 87 27 plenum

197 924 118 27 bordlagda
331 924 135 21 betänkande
481 930 34 15 n:o
532 924 26 21 18
573 924 8 20 i
595 924 115 26 anledning
725 923 23 21 af
760 923 180 28 prokuratorns
952 923 8 21 i
973 922 52 28 kej-

197 952 91 28 serliga
309 953 101 21 senaten
432 952 42 22 för
497 952 105 22 Finland
625 952 134 22 berättelse
774 952 32 21 till
820 952 102 21 Finlands
938 951 86 22 ständer

196 988 35 14 om
246 981 165 27 lagskipningen
426 981 40 21 och
480 980 99 28 lagarnas
594 980 168 22 handhafvande
777 980 8 22 i
799 980 77 22 landet.

659 1071 11 15 N

265 1118 122 27 Föredrogs
403 1118 216 22 ekonomiutskottets
634 1118 36 21 vid
684 1117 160 27 förmiddagens
859 1116 87 28 plenum
961 1116 63 22 bord-

197 1146 64 28 lagda
280 1146 135 22 betänkande
430 1153 35 15 n:o
481 1147 26 21 18
522 1146 7 22 i
544 1146 115 27 anledning
674 1146 22 22 af
711 1148 32 20 ett
757 1146 7 21 i
779 1145 158 22 bondeständet
951 1145 73 21 inläm-

196 1176 52 21 nadt
274 1175 185 28 petitionsförslag
485 1182 35 15 om
541 1175 121 27 beviljande
677 1174 23 22 af
713 1174 199 23 statsunderstöd
928 1173 25 23 ät
968 1173 56 23 säll-

200 1203 87 29 skapet
302 1203 176 28 ,,Uudenmaan
493 1204 85 22 läänin
593 1203 269 29 maanviljelysseura*.

266 1261 149 22 Betänkandet
429 1263 77 25 antogs
521 1263 52 20 utan
589 1261 129 21 diskussion.

265 1399 120 27 Föredrogs
401 1399 39 21 och
457 1398 122 28 godkändes
590 1397 219 22 ekonomiutskottets
821 1397 36 22 vid
866 1397 158 27 förmiddagens

195 1427 88 27 plenum
306 1427 118 27 bordlagda
446 1427 135 21 betänkande
596 1433 35 15 n:o
647 1427 27 21 19
689 1427 7 21 i
711 1426 117 27 anledning
843 1425 22 22 af
878 1427 31 20 ett
923 1426 7 21 i
945 1425 80 22 bonde-

196 1456 87 21 ståndet
305 1455 63 22 väckt
383 1455 185 28 petitionsförslag
583 1455 110 27 angående
708 1454 168 28 arbetsbetyg.
