1073 1750
195 104 12 20 -1

210 103 13 21 TT

224 103 13 21 Ön

534 111 127 21 Järnvägar.
934 110 26 16 22
973 109 49 21 maj.

195 178 106 26 betäckas,
316 178 41 22 han
373 185 94 20 numera,
484 180 66 20 sedan
565 179 42 21 han
623 179 87 28 lyckligt
725 180 66 21 lotsat
805 179 84 27 igenom
902 178 32 22 sin
945 178 79 27 rörliga

195 206 102 26 materiel,
321 213 63 21 synes
406 214 51 15 vara
472 208 99 27 benägen
586 210 32 19 att
633 208 66 27 något
714 210 64 25 pruta
793 208 28 26 på
836 207 36 21 det
886 206 72 22 halfva
972 206 52 21 löfte

195 235 41 20 han
253 235 27 21 då
295 235 40 27 gaf.
364 236 43 27 Jag
421 236 72 27 tycker
508 236 37 21 det
560 236 45 21 icke
620 238 24 19 är
660 236 86 21 vackert
761 236 72 27 gjordt
849 235 22 22 af
879 235 25 22 hr
915 235 109 27 Hallberg.

195 263 50 21 Men
267 263 101 22 eftersom
388 264 42 21 han
449 265 46 21 icke
511 265 39 21 har
565 265 71 27 någon
652 265 142 26 anmärkning
808 266 32 19 att
855 265 51 26 göra
921 266 58 19 emot
994 270 29 15 nu

194 291 161 28 ifrågavarande
383 293 62 26 kläm,
468 295 24 20 är
521 293 36 22 det
585 293 34 22 väl
647 294 49 21 bäst
717 295 32 20 att
771 293 22 21 vi
815 299 64 21 spara
901 293 26 21 de
952 292 71 22 vidare

194 320 151 28 fäktningarna
364 321 43 22 tills
427 322 21 21 vi
466 321 87 22 komma
568 322 73 27 längre
655 321 55 22 fram
726 321 40 22 och
781 328 49 15 man
845 321 32 22 får
893 327 30 20 se,
938 321 85 21 hvilken

195 348 23 22 af
231 349 27 22 de
273 349 120 28 föreslagna
409 350 96 22 banorna
519 350 42 21 han
577 352 74 20 ämnar
667 350 32 22 slå
713 350 57 27 ihjäl.

265 407 33 20 Hr
320 407 137 28 Hallberg:
479 408 42 27 Jag
544 407 39 22 har
603 407 47 22 icke
671 407 66 22 lofvat
753 407 25 21 hr
795 407 147 27 Schybergson
959 407 65 27 något

196 436 70 20 större
289 435 96 22 statslån.
413 436 43 27 Jag
476 436 39 21 har
538 436 46 21 icke
598 435 133 28 förpliktigat
746 436 45 27 mig
805 436 32 21 till
852 436 118 27 någonting
984 435 40 22 och

193 463 38 27 jag
253 463 38 22 har
312 464 113 27 ingenting
445 467 32 19 att
498 465 73 27 ångra,
591 471 35 15 om
643 465 38 27 jag
695 465 40 21 ock
750 464 99 21 framfört
864 465 67 26 några
947 463 76 26 siffror,

197 498 46 15 som
260 495 73 24 syntes
348 493 45 27 mig
407 493 82 27 egnade
505 496 31 19 att
551 493 73 27 belysa
639 499 26 16 en
682 493 85 28 uppgift
782 493 7 21 i
801 493 222 27 järnvägsutskottets

195 520 140 23 betänkande.
364 522 42 27 Jag
427 522 38 21 har
480 522 35 21 vid
530 521 129 28 föregående
675 522 97 21 debatter
788 523 49 26 sagt
859 524 31 19 att
902 521 38 27 jag
956 521 68 21 skulle

196 555 51 15 vara
263 549 95 28 benägen
374 553 32 18 att
420 550 33 21 för
468 551 43 20 min
527 551 123 26 personliga
666 551 33 21 del
715 552 60 19 rösta
789 550 33 21 för
837 552 31 19 ett
881 550 67 27 något
958 550 66 27 högre

196 577 85 29 belopp,
303 579 100 21 särskildt
418 579 33 21 för
466 579 197 27 subventionering.
693 579 29 22 Sä
735 579 89 27 ungefär
839 578 51 22 föllo
906 579 57 21 mina
978 579 46 21 ord.

196 606 50 22 Men
266 607 86 21 absolut
369 608 54 21 intet
438 608 69 22 talade
519 608 39 27 jag
573 608 6 21 i
595 608 58 22 detta
668 608 155 26 sammanhang
838 614 35 14 om
889 608 26 21 de
930 607 23 21 af
965 608 58 26 järn-

196 636 160 26 vägsutskottet
370 636 121 27 föreslagna
506 637 102 21 banorna.

265 665 42 26 Jag
328 664 42 21 kan
392 665 51 26 icke,
465 665 55 22 hvad
544 665 24 21 hr
590 665 115 27 Tallgvists
728 665 142 27 anmärkning
885 664 138 26 vidkommer,

197 693 52 26 göra
263 693 70 26 nägon
349 693 83 22 skilnad
447 693 77 22 mellan
540 693 55 22 hvad
611 696 69 19 staten
697 694 81 27 bygger
793 693 39 22 och
847 693 56 22 hvad
916 699 26 15 en
954 693 69 27 privat

196 727 80 20 person
291 721 87 28 bygger.
408 723 43 20 Det
465 724 24 19 är
501 723 25 26 ju
543 725 48 19 sant
606 725 32 19 att
653 723 68 21 under
736 723 41 20 den
793 724 96 19 närmast
903 721 120 28 förgängna

196 749 58 22 tiden
289 750 116 27 järnvägar
432 751 78 21 utförts
537 751 24 21 af
579 751 84 27 privata
687 751 70 27 bolag,
783 757 48 15 men
857 751 36 21 det
919 750 33 21 får
976 751 46 20 icke

195 777 92 22 förbises
308 781 31 19 att
361 779 7 21 i
391 779 41 22 den
455 779 59 22 skala
537 780 26 21 de
586 787 29 14 nu
636 781 37 20 äro
695 779 128 27 föreslagna,
841 779 58 21 inom
922 781 99 25 parentes

196 807 99 27 tillägger
314 807 38 27 jag
373 807 125 28 lyckligtvis,
516 808 65 21 hafva
596 809 27 20 de
638 809 45 20 icke
699 809 55 20 varit
769 808 36 21 det
820 808 63 21 förut.
913 807 45 22 När
973 814 49 15 man

195 835 92 22 adderar
308 836 50 27 ihop
381 836 104 27 siffrorna,
508 837 81 27 hjälper
610 837 36 22 det
668 837 45 21 icke
734 839 32 19 att
790 837 86 20 komma
900 836 31 21 till
956 836 66 27 högre

195 864 100 21 medeltal
310 864 131 23 beträffande
456 865 55 22 hvad
527 867 69 20 staten
612 865 96 22 kommer
724 867 32 20 att
768 865 89 27 bidraga
866 865 49 21 med
925 864 33 21 för
963 865 59 26 järn-

195 893 178 26 vägsbyggnader
396 895 26 20 än
445 894 56 21 hvad
520 894 212 27 järnvägsutskottet
751 893 66 22 anför.
847 894 42 21 För
906 893 47 22 sina
968 899 54 21 egna

195 921 68 21 banor
286 921 38 21 har
346 924 70 19 staten
439 923 46 20 icke
499 922 59 22 förut
573 923 92 26 bidragit
683 923 49 21 med
749 923 112 25 8,000,000
876 922 70 25 mark;
964 922 58 21 detta

195 949 38 21 har
256 949 94 22 inträffat
371 950 56 22 först
449 951 68 21 under
540 952 123 21 nuvarande
681 951 151 27 finansperiod.
862 951 75 21 Under
953 951 69 21 denna

195 979 74 26 uppgä
290 979 102 27 anslagen
414 979 31 21 till
461 980 112 25 8,000,000
587 980 66 25 mark,
669 987 35 14 om
720 986 50 15 man
785 979 129 22 inberäknar
930 979 91 21 subven-

195 1006 104 26 tionerna,
315 1007 52 26 eljes
389 1008 52 21 icke.
471 1008 123 27 Utgifterna
615 1008 64 22 hafva
695 1008 136 27 naturligtvis
846 1008 93 21 varierat
955 1008 67 21 under

195 1035 26 21 de
244 1035 68 22 skilda
335 1036 58 23 ären,
415 1037 83 21 arbetet
519 1037 40 21 har
580 1037 99 27 gifvetvis
695 1037 17 27 ej
730 1037 82 21 kunnat
827 1043 52 15 vara
893 1036 129 27 fullkomligt

191 1063 57 27 jämt
262 1063 111 22 fördeladt.
405 1065 54 21 1898
475 1067 63 25 togos
555 1066 6 20 i
576 1066 93 26 anspräk
686 1065 131 26 10,000,000,
837 1065 55 21 1899
910 1065 112 26 5,700,000

195 1092 39 20 och
256 1092 55 21 1900
331 1096 106 24 upptager
453 1094 108 26 budgeten
577 1094 112 26 7,593,000
704 1094 67 21 mark.
801 1093 65 21 Detta
882 1093 140 21 tillsammans

195 1120 49 21 med:
271 1121 110 25 1.700,000
403 1122 60 21 mark
487 1122 128 21 subvention
637 1124 39 25 gör
701 1122 126 26 25,000,000
851 1121 66 26 mark,
939 1121 83 22 således

195 1148 113 27 8,330,000
328 1150 7 21 i
357 1150 107 22 medeltal.
494 1150 44 23 Går
561 1157 48 15 man
633 1151 66 27 något
718 1150 88 23 tillbaka
831 1150 7 21 i
863 1150 64 26 tiden,
953 1150 69 21 finner

194 1183 49 15 man
267 1180 32 19 att
320 1179 102 26 anslagen
444 1179 23 21 är
489 1179 56 21 1893
568 1180 110 27 uppgingo
701 1179 32 22 till
755 1179 49 27 61/,
823 1179 80 27 miljon,
920 1179 56 22 1894
990 1179 32 21 till

194 1206 120 26 2,965,000,
326 1207 55 21 1895
392 1207 31 22 till
433 1208 119 26 4,100,000,
564 1208 55 21 1896
629 1208 32 21 till
671 1208 118 27 4,600,000,
801 1207 54 22 1897
865 1207 31 22 till
904 1207 118 27 4,400,000,

194 1234 84 22 således
293 1235 116 27 altigenom
429 1236 104 27 betydligt
556 1237 83 21 mindre
653 1239 28 19 än
696 1243 30 15 nu
741 1236 128 27 föreslagits.
898 1236 34 21 En
948 1236 74 27 betyd-

194 1262 30 27 lig
247 1263 80 28 ökning
350 1263 114 28 föreligger
487 1265 89 25 säledes,
599 1265 144 27 synnerligast
766 1271 35 15 om
824 1271 49 14 man
888 1265 88 21 beaktar
992 1267 30 18 att

191 1291 69 26 jämte
276 1293 152 21 statsbanorna
439 1293 81 27 jämväl
535 1294 83 27 privata
633 1294 62 21 skola
704 1294 87 21 komma
801 1293 32 22 till
843 1293 113 22 utförande
968 1299 55 15 sam-

195 1319 63 28 tidigt
281 1321 38 20 och
342 1323 37 24 att,
401 1328 35 15 om
455 1322 39 21 ock
509 1322 70 21 denna
594 1322 101 21 förökade
711 1322 93 21 kostnad
820 1321 67 22 delvis
902 1324 120 19 motsvaras

194 1347 23 22 af
236 1349 27 20 de
278 1349 67 27 högre
365 1350 78 27 prisen,
461 1350 64 22 likväl
541 1357 26 14 en
585 1351 55 21 ökad
661 1350 131 22 arbetskraft
807 1350 69 21 måste
891 1350 86 21 komma
992 1352 32 19 att

195 1379 60 24 tagas
271 1377 8 21 i
293 1378 99 27 anspräk,
409 1381 51 19 enär
475 1379 192 22 kilometerantalet
679 1379 25 28 ju
721 1379 40 22 blir
772 1381 69 19 större
852 1381 27 18 än
890 1379 68 21 under
969 1378 54 22 före-

194 1405 83 26 gäende
297 1407 105 26 perioder,
418 1413 35 16 om
469 1414 48 15 man
533 1408 176 21 sammanräknar
723 1408 27 21 de
765 1408 83 27 privata
863 1407 97 22 banorna
974 1407 50 22 med

194 1434 157 22 statsbanorna.
