1070 1759
43 106 24 17 18
79 106 48 20 maj.
385 107 57 20 Lega
455 107 23 16 af
487 108 53 19 torp.
829 99 41 22 613

45 174 88 22 samalla
147 174 43 22 kun
206 174 123 22 valiokunta
344 181 28 15 on
388 176 109 20 asettanut
512 174 189 22 lakiehdotukseen
718 180 38 16 sen
768 181 52 15 arm.
830 174 40 22 esi-

44 203 135 27 tyksessäkin
204 203 101 21 lausutun
331 203 137 27 periaatteen,
494 205 44 19 että
555 203 170 27 vapaaehtoinen
746 203 85 27 kauppa
851 203 20 21 ei

44 232 47 20 riko
112 231 100 22 vuokraa.
241 232 251 26 Rekisterijärjestelmän
515 232 75 21 kautta
611 232 92 21 saadaan
716 232 52 26 joka
782 232 88 26 tapauk-

45 266 61 15 sessa
125 260 129 27 julkisuutta
269 260 140 27 välipuheille,
430 260 54 27 joita
499 260 195 27 vapaaehtoisiakin
716 260 155 27 maakauppoja

45 288 108 21 tehtäessä
168 288 68 27 ostaja
251 288 135 27 epäilemättä
400 288 64 27 hyvin
480 289 108 21 kernaasti
598 289 90 21 haluaisi
701 289 65 20 saada
778 288 92 21 nähdäk-

45 323 50 15 seen
117 317 22 26 ja
158 317 48 26 jota
225 317 130 26 julkisuutta
375 317 62 21 vailla
458 317 41 21 hän
518 317 98 27 jossakin
632 317 81 21 määrin
729 317 97 21 useinkin
842 323 28 14 on

45 345 134 22 tekemisissä
194 345 185 21 tuntemattomien
394 345 105 22 faktorien
515 346 85 21 kanssa.
627 345 131 22 Valiokunta
772 351 28 15 on
815 345 56 27 kyllä

46 376 98 23 sanonut,
160 376 43 19 että
218 376 58 19 tämä
290 374 230 27 rekisterijärjestelmä
532 375 51 20 saisi
592 374 65 27 jäädä
665 374 136 21 odottamaan
813 373 57 26 siksi,

45 402 51 21 kuin
119 403 83 26 yleinen
224 402 242 27 maarekisterijärjelmä
489 403 92 21 saadaan
599 403 70 21 meillä
684 403 99 20 toimeen.
812 402 60 21 Minä

46 437 27 15 en
95 433 112 25 ymmärrä,
229 431 73 21 minkä
323 431 78 21 tähden
424 431 19 21 ei
466 433 44 20 tätä
524 431 248 27 rekisterijärjestelmää,
788 431 44 21 kun
848 436 23 16 se

45 459 78 22 kerran
146 466 27 15 on
196 459 89 28 tarjolla,
306 461 39 26 nyt
366 460 85 21 voitaisi
466 460 49 21 näin
532 460 157 21 ahtaammassa
703 460 117 21 muodossa
834 459 36 27 hy-

45 488 80 27 väksyä
139 488 23 27 ja
178 490 58 19 ottaa
250 489 136 26 käytäntöön.
408 489 80 20 Mitään
504 495 78 15 vaaraa
596 489 19 20 ei
631 495 23 14 se
670 490 76 25 torpan
763 488 107 21 vuokraan

46 517 84 21 nähden
145 517 59 26 voisi,
220 517 130 26 käsitykseni
365 517 98 26 mukaan,
479 519 89 19 tuottaa.

115 545 86 28 Pyydän
224 545 85 27 lopuksi
331 546 93 25 mainita,
449 547 50 25 että,
520 546 44 21 kun
587 548 38 25 nyt
639 545 48 22 olen
703 546 103 21 lausunut
820 545 52 22 sekä

45 573 69 28 hyvää
137 576 43 19 että
207 574 68 27 pahaa
299 574 143 21 valiokunnan
466 576 76 25 työstä,
564 575 48 20 olen
636 574 79 21 luullut
733 581 38 14 sen
787 573 85 22 voivani

46 602 65 22 tehdä
130 603 126 21 huolimatta
271 603 54 26 siitä,
341 605 44 19 että
399 603 119 21 mietinnön
532 603 90 27 lopussa
637 609 27 15 on
681 603 97 21 mainittu
795 602 76 22 olleeni

46 631 143 21 valiokunnan
212 633 73 25 työssä
306 631 120 22 osallisena.
457 631 54 22 Olen
534 634 85 19 ottanut
642 638 51 15 osaa
720 631 63 22 tähän
806 631 65 21 valio-

46 659 85 22 kunnan
155 659 79 28 työhön
257 661 124 20 ainoastaan
403 661 119 20 muutamia
544 660 153 27 syrjäseikkoja
719 660 152 27 pohdittaessa,

47 688 54 21 enkä
124 689 33 20 ole
179 688 54 21 ollut
255 689 151 21 tilaisuudessa
421 689 111 21 ollenkaan
548 689 96 21 olemaan
660 689 61 20 läsnä
736 689 66 20 niissä
816 687 55 28 peri-

46 717 149 21 aatteellisissa
216 717 175 26 keskusteluissa,
409 717 62 27 jotka
486 718 58 21 asiaa
558 717 133 22 käsitellessä
706 717 166 21 valiokunnassa

47 748 50 18 ovat
112 745 144 27 tapahtuneet.

116 803 33 20 Hr
171 803 71 20 Lille:
272 803 41 26 Jag
338 805 45 19 tror
406 805 32 18 att
461 803 25 20 hr
509 803 120 27 Holmberg
650 805 43 19 sett
715 803 157 26 värkningarna

47 830 47 22 utaf
115 837 26 15 en
163 831 40 27 lag,
219 831 65 21 sådan
301 837 46 15 som
363 831 41 21 den
420 831 44 34 lag-
480 831 40 22 och
535 831 206 22 ekonomiutskottet
756 831 115 26 föreslagit,

47 859 63 22 altför
131 859 83 28 mycket
236 860 7 21 i
266 862 64 19 svart.
361 860 42 21 Det
425 862 24 19 är
464 866 44 21 nog
523 860 83 27 mycket
621 860 74 27 troligt
709 862 32 19 att
755 860 36 21 det
805 859 67 22 första

47 888 112 21 resultatet
180 887 24 22 af
224 895 25 14 en
273 889 65 20 sädan
357 889 46 26 lags
419 889 159 26 promulgation
594 889 69 21 skulle
677 889 74 21 kunna
766 887 64 22 blifva
845 894 26 15 en

47 917 106 26 sänkning
175 916 23 22 af
216 917 125 26 jordvärdet
356 917 7 21 i
378 917 58 21 vissa
451 917 59 21 delar
525 917 23 21 af
560 917 77 26 landet,
653 923 49 15 men
715 917 156 27 jordbrukaren

47 947 24 19 är
90 945 40 21 den
153 945 41 21 fria
208 946 121 21 oberoende
344 952 92 15 mannen
452 946 7 21 i
475 946 111 21 samhället
602 946 38 21 och
656 946 41 21 han
713 946 68 21 mäste
796 945 76 22 ätmin-

47 975 62 20 stone
123 973 33 22 för
171 980 26 15 en
213 974 31 21 tid
259 974 81 21 kännas
356 974 84 27 skyldig
454 977 32 18 att
505 975 128 21 underkasta
644 975 33 26 sig
687 975 58 21 vissa
755 973 117 28 uppoffrin-

47 1009 44 20 gar,
113 1009 34 14 om
170 1003 67 26 högre
260 1003 183 27 samhällshänsyn
467 1003 77 22 sädant
566 1003 90 21 kräfver.
685 1003 32 27 Ty
736 1003 38 21 här
789 1005 23 18 är
827 1002 45 21 icke

47 1031 77 21 endast
144 1031 60 27 fräga
226 1037 35 15 om
284 1037 26 15 en
333 1031 126 22 ekonomisk
482 1032 40 27 lag,
545 1034 51 19 utan
612 1038 33 15 om
663 1038 25 15 en
704 1032 35 27 lag
753 1031 23 22 af
788 1031 46 21 icke
850 1031 23 21 sä

47 1059 62 27 ringa
130 1059 87 27 politisk
237 1060 96 21 bärvidd.
361 1061 42 26 Jag
425 1063 47 18 tror
495 1067 48 14 man
559 1061 46 20 icke
620 1060 31 21 fär
667 1060 80 21 förbise
762 1060 41 21 den
818 1065 54 21 upp-

47 1087 109 22 fostrande
179 1088 79 21 värkan
281 1089 28 26 pä
332 1089 51 20 vära
402 1089 149 26 jordarbetare
566 1095 26 15 en
607 1089 36 27 lag
657 1089 69 21 skulle
741 1089 86 21 komma
841 1090 32 19 att

47 1116 68 24 hafva,
136 1123 45 14 som
198 1117 104 27 tryggade
317 1117 62 21 deras
395 1117 174 27 besittningsrätt
584 1118 39 21 och
640 1117 67 28 gifver
723 1118 47 21 dem
786 1117 38 21 full
840 1123 32 14 er-

47 1145 96 27 sättning
167 1145 33 21 för
227 1145 82 22 utfördt
331 1146 78 21 arbete.
439 1146 180 21 Jordarbetarena
641 1147 69 20 måste
733 1146 85 21 komma
840 1147 33 19 att

47 1173 70 22 känna
140 1174 46 21 sina
208 1173 91 22 fördelar
321 1174 106 21 identiska
452 1175 48 21 med
520 1175 147 26 jordegarens,
690 1175 39 21 och
752 1175 36 20 det
803 1176 23 19 är
841 1176 32 19 att

47 1202 82 27 hoppas
154 1205 32 18 att
209 1203 21 20 vi
254 1203 61 20 skola
337 1203 28 26 pä
387 1203 58 21 detta
468 1205 44 19 sätt
534 1203 68 22 under
624 1204 95 20 tidernas
733 1203 51 27 lopp
800 1203 73 20 kunna

47 1231 67 26 skapa
136 1237 26 14 en
184 1231 113 26 arbetsam,
312 1231 76 27 nykter
403 1231 40 22 och
459 1232 71 27 stadig
542 1232 214 27 jordarbetareklass.
784 1232 42 26 Jag
840 1230 33 22 för

47 1259 43 21 min
117 1259 33 21 del
172 1266 64 15 anser
258 1262 31 19 att
311 1260 36 21 det
369 1266 38 15 var
423 1262 30 19 ett
469 1261 136 26 synnerligen
620 1261 86 26 lyckligt
722 1267 66 20 grepp
804 1259 23 22 af
840 1261 33 20 ut-

47 1287 81 22 skottet
152 1289 31 20 att
206 1288 52 21 söka
281 1288 86 21 komma
389 1288 46 21 frän
460 1289 40 21 den
525 1289 70 26 gamla
609 1289 73 27 regeln
697 1291 32 19 att
743 1289 43 26 köp
802 1289 71 26 bryter

47 1316 146 27 legostämma.
215 1317 43 26 Jag
272 1317 36 21 vill
323 1317 46 21 icke
385 1319 52 25 säga
452 1319 32 19 att
498 1317 46 22 icke
560 1317 100 28 möjligen
676 1317 105 22 utskottet
791 1317 83 21 kunnat

47 1345 55 26 begå
123 1347 30 19 ett
175 1345 103 27 felgrepp,
297 1345 27 21 dä
339 1346 59 21 detta
412 1345 47 22 icke
474 1345 110 28 föreslagit
599 1353 25 14 en
640 1346 96 21 kortaste
751 1345 122 22 kontrakts-

47 1373 36 26 tid,
99 1373 40 21 och
154 1373 67 27 enligt
235 1374 44 21 min
295 1373 138 28 uppfattning
449 1376 23 19 är
488 1375 37 20 det
540 1374 155 27 otvifvelaktigt
711 1381 25 14 en
752 1374 55 21 brist
821 1374 7 20 i
844 1373 29 22 la-

47 1407 41 21 gen
103 1404 32 19 att
149 1402 46 21 icke
211 1402 105 21 utskottet
331 1402 82 21 kunnat
427 1402 59 22 finna
500 1403 28 26 pä
543 1403 67 27 nägra
625 1403 70 21 bättre
709 1403 70 21 medel
792 1404 27 19 än
838 1402 36 21 det

47 1430 58 27 gjort
126 1432 32 19 att
180 1431 73 27 tvinga
275 1431 182 21 kontrahenterna
472 1431 31 22 till
519 1431 104 28 skriftliga
638 1431 106 22 kontrakt.
773 1431 50 21 Men
836 1431 38 26 jag

47 1461 45 18 tror
115 1461 31 19 att
167 1459 147 26 lagstiftarena
335 1459 54 21 böra
411 1460 26 26 gä
453 1460 32 20 till
500 1460 129 26 behandling
644 1459 23 22 af
679 1461 59 20 detta
753 1459 121 27 lagförslag,

47 1492 46 16 som
114 1487 38 27 jag
174 1487 83 26 nämde,
272 1488 48 20 med
336 1488 141 21 medvetande
492 1494 35 15 om
543 1491 32 19 att
590 1489 35 21 det
641 1488 65 27 gäller
721 1490 32 19 att
768 1488 46 21 lösa
828 1486 46 22 icke
