1078 1756
61 114 13 16 5
83 113 53 20 juni.
380 107 194 32 Frimärksfrågan.
832 108 53 20 1113

61 182 32 21 för
110 182 89 26 ändring
214 181 23 21 af
250 182 105 27 grundlag
370 182 7 21 i
393 182 25 21 71
435 182 11 28 &
462 182 232 28 landtdagsordningen
710 182 112 22 faststälda
837 182 48 21 ord-

63 210 56 27 ning,
142 212 55 20 samt
217 212 32 19 att
273 210 132 22 beträffande
427 211 141 21 tillsättandet
589 210 22 22 af
628 211 128 27 tjänstemän
772 210 62 22 äfven
851 210 34 22 vid

62 240 120 26 poststaten
206 238 54 28 gälla
283 239 25 21 de
331 239 112 26 allmänna,
465 240 6 20 i
495 240 106 27 grundlag
622 239 112 22 faststälda
758 239 127 21 bestämnin-

63 274 70 20 garna.

130 296 125 22 Emellertid
270 296 97 28 tillägger
383 297 36 21 det
433 296 77 28 nådiga
525 296 121 22 manifestet
658 296 147 28 myndigheter
825 296 7 21 i
844 296 42 27 kej-

64 324 113 27 sardömet,
193 325 71 21 hvilka
278 325 46 21 icke
340 325 118 27 underlyda
472 325 56 22 finsk
543 326 41 26 lag,
599 325 126 27 rättigheter
740 327 32 19 att
782 325 35 21 vid
828 326 57 26 post-

63 353 76 21 värket
153 354 7 20 i
175 354 90 21 Finland
286 353 69 22 införa
378 354 26 21 de
425 354 6 21 i
446 354 156 27 kejsaredömet
625 354 97 27 gällande
741 354 145 26 reglementen

63 382 39 21 och
124 384 67 24 taxor,
214 384 31 19 att
265 382 96 22 meddela
377 382 171 27 tjänstemännen
564 383 35 21 vid
615 383 66 27 sagda
696 382 52 22 värk
762 382 124 22 instruktio-

63 416 38 15 ner
123 410 40 22 och
185 410 136 27 föreskrifter,
337 413 32 19 att
391 411 115 21 värkställa
528 412 92 20 revision
643 410 22 22 af
684 410 203 28 postanstalterna
875 406 15 36 i

63 439 90 21 Finland
169 439 108 22 äfvensom
294 442 31 19 att
341 440 35 21 vid
391 440 131 22 tillsättande
537 440 23 21 af
573 440 128 27 tjänstemän
717 440 34 21 vid
763 439 124 28 postvärket

64 467 73 22 utöfva
159 470 31 19 ett
208 468 53 22 visst
279 468 120 28 inflytande.
430 468 45 22 Och
491 470 69 20 ehuru
574 468 147 27 lagutskottet,
736 468 7 21 i
758 468 66 21 likhet
839 468 48 21 med

65 497 166 26 statsutskottet,
247 503 62 15 anser
325 499 32 19 att
372 498 26 20 de
413 498 78 20 nämda
506 497 180 27 befogenheterna
702 498 48 20 med
766 497 99 21 atseende
876 496 12 21 å

63 525 113 27 ledningen
199 525 22 21 af
242 526 36 20 det
299 525 69 22 finska
390 526 154 26 postväsendet
566 526 88 21 hänföra
672 526 33 26 sig
724 526 76 21 endast
815 525 31 21 till
861 525 26 21 de

63 554 98 21 tekniska
183 554 115 27 detaljerna
313 554 22 21 af
349 555 151 26 poströrelsen,
516 555 68 21 mäste
604 554 104 22 utskottet
730 554 70 26 likväl,
816 554 37 21 sitt
867 553 22 21 af

63 582 83 22 landets
163 583 85 21 ständer
264 583 123 21 meddelade
403 584 98 26 uppdrag
516 584 111 26 likmätigt,
643 583 70 21 säsom
729 584 32 20 sin
778 585 108 24 rättsupp-

63 611 93 27 fattning
172 612 65 20 uttala
252 613 32 19 att
299 612 63 21 dessa
377 612 160 26 bestämningar
554 612 101 21 innebära
673 618 26 15 en
720 611 101 22 afvikelse
840 611 46 21 frän

64 640 51 21 vära
141 640 129 27 grundlagar
293 640 39 22 och
355 641 40 21 den
419 642 43 20 rätt
482 641 31 21 till
535 640 134 28 själfständig
686 641 46 21 inre
751 640 136 26 förvaltning,

64 675 46 15 som
127 675 76 21 genom
220 669 47 21 dem
283 671 24 19 är
322 669 48 21 värt
385 669 49 21 land
450 669 120 21 tillerkänd.

134 698 43 20 Det
194 698 70 20 kunde
279 704 70 21 synas,
365 698 70 21 såsom
452 704 51 15 vore
519 698 69 21 denna
602 698 101 21 afvikelse
718 697 22 21 af
753 698 62 26 ringa
830 698 57 26 bety-

64 726 64 21 delse.
158 726 49 21 Men
230 727 23 21 sä
271 726 99 22 förhåller
386 727 36 21 det
437 727 33 27 sig
485 727 67 27 enligt
567 727 117 21 utskottets
698 726 64 22 tanke
777 726 51 21 icke.
858 726 29 26 Ty

65 754 26 22 dä
112 754 73 28 hvarje
202 754 69 28 afsteg
286 754 45 22 frän
347 762 27 14 en
390 756 88 26 princip,
493 756 85 20 hvilken
593 756 47 20 med
656 755 46 21 skäl
717 755 41 21 kan
774 754 113 22 betecknas

65 783 70 21 säsom
159 790 26 14 en
208 783 22 21 af
249 784 171 26 grundstenarna
434 784 33 21 för
483 784 47 21 värt
544 784 61 21 lands
621 784 47 21 hela
683 784 100 26 politiska
799 783 88 25 tillvara,

65 812 68 20 mäste
151 818 50 15 vara
216 813 79 26 egnadt
309 814 32 19 att
356 812 95 22 medföra
466 812 64 28 högst
545 813 121 27 betänkliga
680 812 155 27 förvecklingar
849 811 38 21 och

65 840 102 27 därjämte
189 841 39 21 lätt
250 841 58 21 leder
324 841 30 21 till
370 841 67 21 andra
452 841 119 26 afvikelser,
587 843 22 19 är
625 842 36 20 det
676 841 56 21 klart
753 843 32 19 att
800 841 37 21 det
852 840 35 21 nä-

65 869 49 27 diga
129 869 120 21 manifestet
264 870 41 20 kan
321 869 21 21 fä
357 876 26 15 en
399 870 109 27 betydelse
524 870 49 21 vida
588 870 82 21 utöfver
686 870 49 21 dess
751 868 136 23 omedelbara

65 898 110 21 innebörd.
204 898 39 21 Att
261 899 47 20 värt
329 898 44 22 folk
388 898 66 22 fäster
470 899 24 21 sä
510 901 45 19 stor
571 898 42 22 vikt
630 899 34 21 vid
680 898 69 28 dylika
764 898 72 27 frägor
852 898 36 20 be-

65 933 35 14 ror
120 926 82 22 således
217 927 45 21 icke
277 926 23 22 af
313 929 31 19 ett
359 927 133 21 smäsinnadt
508 928 64 26 begär
588 929 31 19 att
634 927 55 21 hålla
706 926 42 22 fast
764 927 35 21 vid
814 926 74 27 lagens

65 954 91 26 bokstaf,
173 958 50 18 utan
239 955 38 21 har
293 956 32 20 sin
341 956 66 26 djupa
423 956 63 21 orsak
501 956 7 21 i
524 962 25 15 en
566 956 96 21 lefvande
677 956 74 21 känsla
766 955 32 21 för
815 955 73 27 lagens

65 983 69 27 hälgd,
150 984 63 21 hvars
229 984 109 21 orubbade
353 984 91 22 beständ
459 986 65 26 utgör
539 985 40 21 den
596 985 54 21 enda
665 984 62 22 säkra
742 984 98 27 grunden
856 983 32 21 för

65 1012 151 22 fosterlandets
231 1012 105 22 framtid>.

135 1041 42 21 Det
193 1043 22 19 är
231 1042 70 20 denna
315 1041 157 27 framställning
487 1042 23 21 af
523 1042 116 21 ständerna
653 1042 35 21 vid
705 1042 52 20 1891
775 1042 35 20 ärs
821 1041 68 21 landt-

66 1070 46 26 dag,
128 1076 47 15 som
188 1070 37 27 jag
240 1076 63 15 anser
318 1072 31 19 att
364 1070 69 21 skulle
448 1071 52 21 böra
516 1070 37 22 här
568 1071 45 21 icke
629 1070 53 22 blott
697 1072 125 20 omnämnas
838 1071 51 19 utan

65 1098 39 21 ord
124 1098 33 21 för
179 1099 38 20 ord
240 1098 92 21 anföras.
363 1099 74 21 Säsom
450 1099 39 26 jag
504 1099 54 21 hade
574 1101 49 19 äran
639 1098 74 22 anföra
726 1099 34 20 vid
776 1097 113 22 remissde-

66 1127 81 26 batten,
162 1127 27 21 ha
204 1127 20 21 vi
237 1127 25 27 ju
278 1129 31 19 att
325 1127 61 22 stöda
402 1127 42 26 oss,
460 1129 59 20 utom
528 1128 27 27 pä
563 1127 50 22 våra
625 1127 69 22 finska
705 1127 147 26 auktoriteter,
863 1126 27 27 pä

66 1161 26 15 en
108 1158 46 19 stor
169 1155 33 22 del
218 1156 127 27 europeiska
360 1156 192 27 vetenskapsmäns
564 1156 122 21 uttalanden
698 1155 131 22 beträffande
840 1155 50 21 vära

66 1184 141 27 grundlagars
228 1184 69 27 hälgd,
317 1185 38 20 och
371 1185 38 26 jag
422 1185 78 21 tilläter
516 1185 48 26 mig,
580 1185 63 21 innan
656 1185 38 26 jag
709 1185 73 25 slutar,
798 1186 31 19 att
844 1184 45 20 äbe-

65 1218 54 21 ropa
137 1215 56 19 ännu
209 1219 26 15 en
251 1213 121 26 auktoritet,
381 1219 47 15 som
444 1213 34 21 väl
494 1213 45 22 icke
554 1213 46 22 frän
616 1213 60 27 ryskt
690 1213 43 21 häll
748 1213 54 21 skall
814 1211 75 28 jäfvas,

63 1241 38 26 jag
124 1247 72 15 menar
218 1241 37 22 vär
277 1241 126 28 oförgätliga
418 1242 111 27 välgörare
545 1242 119 21 Alexander
680 1242 28 26 II,
724 1248 46 15 som
776 1237 12 36 i
809 1241 37 21 sitt
861 1241 28 21 tal

66 1269 31 21 till
121 1270 100 21 Finlands
245 1270 86 21 ständer
354 1271 36 20 vid
413 1271 124 26 öppnandet
552 1271 20 21 af
588 1271 126 26 landtdagen
730 1271 7 20 i
752 1269 137 27 Helsingfors

66 1298 41 21 den
132 1299 25 20 18
179 1299 120 26 september
323 1299 55 21 1863
393 1299 84 27 yttrade
493 1299 64 22 bland
572 1303 73 18 annat:
663 1299 45 21 »En
724 1299 133 21 maintenant
871 1298 20 21 le

66 1327 95 27 principe
172 1327 151 27 Monarchigue
333 1328 176 21 constitutionne]
522 1327 97 22 inhörent
629 1334 41 15 aux
680 1333 86 16 moeurs
777 1327 28 22 du
814 1326 77 28 peuple

66 1355 123 22 Finlandais
211 1358 21 19 et
255 1356 52 21 dont
328 1358 71 19 toutes
423 1362 34 15 ses
478 1356 40 21 lois
535 1359 21 18 et
572 1363 33 15 ses
621 1357 132 20 institutions
769 1357 88 26 portent
871 1355 20 21 le

66 1384 113 26 earactöre,
199 1385 22 26 je
243 1391 55 14 veux
319 1384 52 22 faire
394 1385 106 21 admettre
522 1385 53 22 dans
595 1391 22 16 ce
629 1385 81 28 projet
725 1391 27 15 un
770 1385 57 21 droit
842 1384 48 27 plus

66 1412 79 22 6tendu
165 1419 41 21 que
228 1413 54 22 celui
301 1419 41 21 que
363 1413 119 27 posstdent
504 1414 48 27 döjä
572 1414 31 21 les
622 1414 62 21 Etats
700 1415 66 25 guant
781 1419 27 15 au
823 1413 67 27 rögle-

67 1443 59 20 ment
151 1442 26 21 de
197 1441 102 22 Vassiette
322 1442 37 21 des
381 1442 85 27 impöts,
498 1443 53 21 ainsi
578 1449 41 20 que
641 1442 19 21 le
683 1442 56 21 droit
761 1442 27 21 de
810 1442 80 21 motion

67 1469 62 27 gwils
145 1472 38 19 ont
197 1471 161 21 anciennement
372 1470 113 27 poss6d6».
