1078 1764
203 94 50 38 908
549 102 121 30 Reserven.
950 105 27 18 26
989 105 43 21 maj

327 242 149 35 Lördagen
494 242 56 28 den
568 242 37 28 26
623 242 57 35 maj
699 242 39 27 kl.
759 242 28 35 '/,
800 242 18 27 8
836 250 22 19 e.
875 250 36 19 m.

276 311 42 23 Vid
333 312 119 22 värkstälät
466 318 85 22 upprop
566 312 106 23 befunnos
687 312 143 22 frånvarande
850 312 25 21 hr
897 312 137 27 Krogius,

208 346 46 18 som
269 340 81 22 anmält
364 340 114 27 förhinder,
490 340 37 22 hrr
542 340 146 23 Borenius
703 340 40 23 och
759 340 150 27 Cadenius,
924 340 27 28 pä
961 340 72 28 grund

207 368 23 21 af
242 367 58 23 förut
315 369 120 22 meddeladt
450 369 101 27 tillständ,
566 372 56 19 samt
637 370 25 21 hr
676 370 142 26 Mattsson,
835 376 46 15 som
896 368 24 23 af
932 369 100 27 sjukdom

207 403 38 15 var
260 396 124 24 förhindrad
399 400 31 20 att
444 398 81 22 infinna
540 398 39 28 sig.

277 535 117 27 Upplästes
415 536 31 21 till
464 536 109 27 justering
592 536 39 21 och
653 536 124 27 godkändes
796 536 104 21 särskilda
914 536 78 27 utdrag
1006 542 28 15 ur

207 564 190 27 borgareständets
413 565 35 21 vid
464 567 85 19 senaste
564 564 87 28 plenum
666 564 62 22 förda
742 564 114 28 protokoll.

277 713 150 23 Antecknades
450 716 32 20 att
503 714 46 22 frän
572 714 140 22 medständen
735 714 88 22 anländt
840 714 105 22 särskilda
959 716 74 26 proto-

207 741 139 28 kollsutdrag.

277 874 32 21 Hr
324 874 122 22 talmannen
462 874 140 28 tillkännagaf
614 876 31 20 att
660 881 26 15 en
701 875 95 22 ledamot
810 874 23 22 af
846 874 113 28 kejserliga
971 880 61 16 sena-

206 904 37 19 ten
259 902 94 22 önskade
369 902 111 27 företräde,
501 903 66 21 hvarä
581 904 98 21 inträdde
694 906 108 23 senatorn,
817 903 89 22 friherre
927 903 109 22 Gustaf

206 930 80 22 Adolf
299 931 195 27 Langenskiöld,
510 932 74 27 åtföljd
596 932 22 21 af
627 932 292 22 referendariesekreteraren
935 932 97 22 Arthur

206 959 114 27 Kniper,
335 960 40 22 och
390 960 157 22 öfverlämnade
562 961 28 21 H.
605 961 26 21 K.
646 961 50 21 M:ts
712 961 77 27 nädiga
804 961 134 27 proposition
953 967 35 15 n:o
1003 960 29 22 45

206 988 111 27 angående
331 988 128 22 inställande
471 989 23 21 af
502 995 126 16 reservens
639 989 224 23 sammankallande
873 989 42 22 till
923 989 108 27 öfnings-

206 1017 84 22 möten
304 1017 81 22 under
399 1017 28 23 är
442 1018 65 22 1900.

275 1074 33 21 Hr
323 1074 122 22 talmannen
460 1075 84 27 yttrade
558 1077 32 19 att
605 1075 183 27 borgareständet,
804 1081 46 15 som
866 1075 49 21 med
927 1074 105 22 tacksam-

205 1102 38 22 het
263 1104 113 26 emottagit
396 1104 41 21 den
452 1104 78 27 nädiga
546 1104 168 27 propositionen,
729 1104 47 21 icke
791 1104 69 21 skulle
875 1103 111 22 underläta
1000 1106 33 19 att

206 1137 55 21 egna
283 1132 125 22 densamma
433 1132 174 28 grundlagsenlig
633 1132 139 28 behandling;
795 1132 66 22 hvarä
882 1132 25 21 hr
929 1134 102 20 senatorn

205 1160 102 25 afträdde.

274 1292 122 28 Föredrogs
418 1294 245 21 vattenrättsutskottets
686 1293 36 22 vid
744 1293 89 27 plenum
852 1293 41 21 den
908 1293 27 21 23
951 1293 81 22 dennes

205 1321 118 26 bordlagda
345 1321 134 22 betänkande
500 1329 34 14 n:o
556 1323 14 20 4
592 1323 7 20 i
621 1322 114 27 anledning
758 1321 24 22 af
802 1322 28 21 H.
848 1321 26 21 K.
890 1321 49 22 M:ts
954 1321 79 28 nädiga

204 1350 135 26 proposition
355 1357 34 14 n:o
405 1351 33 25 39,
453 1350 145 22 innefattande
613 1351 57 22 vissa
685 1350 161 27 bestämningar
857 1356 35 15 om
905 1350 128 27 uppgäende

204 1377 23 22 af
239 1378 174 27 gränsskilnad
428 1379 10 22 i
452 1379 146 28 vattendrag
613 1379 47 22 och
675 1379 78 22 skifte
768 1379 29 22 af
811 1379 154 22 fiskevatten.

273 1435 34 22 Hr
321 1435 149 28 Wegelius
485 1436 71 22 anhöll
572 1443 35 14 om
627 1437 62 20 ordet
703 1436 41 21 och
758 1436 95 27 yttrade:
881 1436 42 27 Jag
938 1442 35 15 ser
988 1436 45 27 mig

203 1463 111 22 nödsakad
336 1464 85 22 anhålla
442 1471 35 15 om
500 1465 100 21 ärendets
625 1465 158 27 bordläggning
805 1467 27 18 än
854 1465 123 26 ytterligare
1001 1465 31 21 till

203 1492 132 27 mändagens
357 1493 95 27 plenum.
482 1493 28 22 Sä
531 1493 83 28 mycket
633 1493 39 28 jag
693 1495 27 20 än
743 1493 84 22 försökt
841 1493 98 27 begagna
953 1493 45 27 mig
1011 1493 24 22 af
