1073 1731
55 88 24 16 21
90 87 48 20 maj.
409 80 156 31 Vattenrätten.
841 80 40 21 727

55 155 70 21 Mutta
136 154 36 28 jos
185 154 53 28 joku
254 160 37 16 sen
311 156 58 20 ottaa
385 154 54 28 ylös,
454 154 43 21 niin
512 154 71 21 hänen
599 154 18 21 ei
633 154 89 21 tarvitse
738 154 48 21 siitä
801 154 78 22 mitään

55 183 118 22 kuuluttaa.
202 184 89 27 Tietysti
307 183 54 22 siinä
376 183 146 27 tapauksessa,
534 184 45 20 että
589 183 101 26 kaikesta,
701 183 52 21 mitä
763 183 117 27 löydetään,

56 219 27 14 on
106 212 154 26 kuulutettava,
283 212 47 21 olisi
354 211 93 22 tästäkin
469 213 134 26 uponneesta
625 213 80 26 puusta
726 211 154 22 kuulutettava.

55 241 57 21 Yhtä
133 241 83 27 hyvällä
238 240 72 28 syyllä,
325 240 51 21 kuin
395 241 42 21 sitä
451 240 20 21 ei
490 240 69 26 tehdä,
575 240 19 21 ei
610 240 102 22 tarvitsisi
729 241 25 20 17
770 240 109 28 &:ssäkään

56 269 41 22 olla
112 270 79 21 mitään
207 271 119 26 määräystä
341 269 194 22 kuuluttamisesta.

125 327 33 21 Hr
173 326 182 22 Lundenius:
385 326 33 22 Hr
434 326 108 22 Schwindt
554 326 73 27 tyckes
640 325 63 22 hafva
713 325 104 27 förbisett,
828 325 52 22 hvil-

55 355 41 22 ken
119 357 45 20 stor
186 355 83 22 skilnad
291 355 36 22 det
349 357 24 19 är
395 355 76 21 mellan
492 355 65 26 virke,
573 361 46 15 som
635 355 90 21 omtalas
740 355 8 20 i
763 355 26 21 17
806 355 18 26 $,
840 355 39 20 och

56 384 70 27 dylikt,
142 390 46 15 som
211 383 90 22 omtalas
323 384 7 21 i
354 384 26 21 18
403 383 18 28 8
451 384 26 21 17
494 383 11 28 &
526 383 57 22 afser
601 383 36 22 det
655 383 64 25 virke,
736 389 46 16 som
798 383 60 27 flyter
874 383 6 21 i

56 412 77 27 flötled,
156 412 131 22 beträffande
309 412 80 22 hvilket
411 412 167 22 konstaterande
599 411 22 22 af
637 413 32 20 att
686 412 69 21 virket
770 412 109 27 värkligen

56 441 109 27 kvarlegat
176 442 13 21 å
199 441 51 22 eller
263 441 34 22 vid
308 441 75 22 strand
393 440 60 23 öfver
463 443 31 20 ett
504 441 23 22 är
535 441 40 21 bör
586 440 77 25 ske'för
671 442 32 20 att
711 441 101 26 tillegnan
821 440 61 22 däraf

56 470 53 21 skall
129 469 21 22 få
171 477 40 20 ega
232 470 58 26 rum;
305 470 39 21 och
367 470 71 21 denna
452 470 113 27 bevisning
580 470 61 21 torde
656 469 45 22 icke
717 469 59 22 alltid
791 475 50 16 vara
857 469 23 21 sä

55 499 40 21 lätt
109 500 32 20 att
156 499 151 21 åstadkomma.
337 499 171 21 Vidkommande
523 499 87 27 sjunket
625 498 59 22 virke
699 500 24 19 är
739 499 36 20 det
785 498 96 21 däremot

56 527 60 28 fräga
135 534 34 15 om
186 527 64 26 virke,
267 533 46 16 som
328 527 89 22 förlorat
433 527 32 22 sin
481 527 108 28 egenskap
605 529 31 19 att
651 533 51 15 vara
717 526 92 27 flötgods
826 528 55 20 samt

55 556 66 21 håller
137 556 27 27 pä
182 558 31 19 att
231 555 65 22 blifva
310 556 75 21 hinder
400 556 7 21 i
422 555 73 22 flötled
510 556 39 22 och
565 557 38 20 där
617 555 109 22 föranleda
741 556 68 21 omak.
839 556 42 20 Det

56 587 23 19 är
101 585 23 21 af
146 587 45 19 stor
211 585 44 21 vikt
277 586 32 20 att
330 585 77 21 sädant
427 585 59 21 virke
501 585 42 21 blir
557 584 47 22 frän
619 584 66 22 farled
701 584 119 27 aflägsnadt
842 584 38 21 och

56 614 37 21 där
113 615 24 20 är
157 613 162 28 virkesegarens
334 615 43 20 rätt
392 613 46 22 icke
453 615 31 20 att
499 615 50 26 taga
564 620 51 15 vara
629 613 33 28 pä,
679 615 50 20 utan
745 615 24 19 är
785 613 35 21 det
836 613 45 21 skäl

55 644 32 20 att
110 649 70 20 gynna
202 642 147 27 aflägsnandet
371 641 23 22 af
415 642 75 21 sädant
512 642 87 28 sjunket
621 642 64 21 virke.
715 642 44 21 Det
779 642 41 21 kan
836 641 44 22 icke

56 671 85 21 komma
156 671 6 21 i
176 671 61 27 fråga
254 673 31 19 att
301 671 159 22 sammanställa
475 671 59 21 virke
550 671 66 27 enligt
632 671 25 21 17
673 671 12 28 &
701 671 39 21 och
756 671 64 25 virke,
834 677 46 14 som

56 699 89 22 omtalas
160 700 7 21 i
184 700 25 21 18
225 700 18 27 $.

125 757 156 22 Diskussionen
307 757 131 22 förklarades
461 756 99 27 afslutad,
583 756 106 23 hvarefter
712 757 24 21 hr
759 757 121 21 talmannen

56 785 123 22 framstälde
193 785 94 28 följande
302 785 293 28 omröstningsproposition
586 781 12 36 :

126 843 38 27 De,
183 843 74 21 hvilka
274 843 117 28 godkänna
407 843 113 21 utskottets
534 843 84 27 förslag
635 843 35 20 till
686 843 79 28 lydelse
781 842 28 28 af
820 843 13 26 $
848 842 34 26 17,

57 873 60 20 rösta
130 871 37 28 ja;
183 871 31 26 de,
229 872 34 21 det
279 871 45 22 icke
334 873 61 26 göra,
409 873 60 20 rösta
483 871 48 28 nej;

125 900 79 21 vinner
214 900 42 28 nej,
265 901 42 20 har
315 900 177 28 borgareständet
498 900 88 28 antagit
596 900 27 21 hr
632 900 125 21 Schwindts
765 899 116 28 ändrings-

56 929 90 28 förslag.

125 987 166 27 Propositionen
316 987 128 21 besvarades
467 987 49 21 med
539 986 156 28 öfvervägande
714 987 28 26 ja,
764 986 28 27 pä
812 985 70 28 grund

56 1015 76 22 hvaraf
149 1015 178 27 borgareständet
345 1015 89 22 beslutit
452 1015 114 28 godkänna
586 1015 11 28 $
614 1016 25 21 17
655 1016 7 21 i
677 1015 94 28 enlighet
786 1015 48 21 med
850 1016 32 19 ut-

57 1043 91 22 skottets
162 1043 86 28 förslag.

126 1101 11 28 8
154 1101 25 22 18
195 1101 88 27 gillades
299 1103 50 20 utan
365 1086 147 43 anmärkning.

126 1159 41 21 Om
183 1158 12 28 $
211 1159 26 21 19
253 1159 84 27 yttrade

125 1216 25 22 hr
166 1215 157 23 Schwindt:
353 1216 87 28 Pyydän
457 1217 64 21 saada
536 1215 139 23 huomauttaa
691 1217 70 20 erästä
776 1215 106 27 painovir-

56 1245 65 26 hettä,
136 1245 49 27 joka
200 1252 28 14 on
239 1245 69 21 toisen
320 1245 117 21 momentin
449 1244 143 22 kolmannella
605 1244 73 22 rivillä.
701 1244 59 22 Siinä
770 1245 112 20 sanotaan:

58 1274 52 22 »Jos
133 1274 149 21 vesilaitoksen
303 1274 100 26 omistaja
417 1280 28 15 on
463 1274 10 20 1
489 1274 66 21 luvun
572 1274 11 21 7
600 1273 31 28 &n
648 1273 91 21 mukaan
755 1272 127 22 velvollinen

56 1303 41 21 itse
120 1302 135 27 suojaamaan
280 1302 45 24 sitä,
347 1302 78 22 olkoon
448 1302 117 22 korvausta
583 1302 118 21 laitokselle
716 1302 23 26 ja
757 1301 58 27 sillä,
832 1301 51 21 mitä

57 1331 67 21 siihen
140 1331 103 21 kuuluu».
273 1331 61 21 Pitää
349 1331 81 27 tietysti
445 1331 49 21 olla:
512 1331 68 27 »sille,
595 1331 52 21 mitä
662 1330 67 22 siihen
745 1330 101 21 kuuluu.

125 1388 34 22 Dä
179 1388 63 27 ingen
258 1388 23 22 af
294 1388 97 22 ständets
408 1388 137 22 medlemmar
561 1388 72 22 vidare
649 1388 49 22 ville
713 1390 56 25 yttra
785 1388 39 26 sig,
840 1387 41 21 för-

56 1417 97 21 klarades
173 1417 150 21 diskussionen
345 1416 100 27 afslutad,
467 1417 66 21 hvarä
554 1417 177 27 borgareständet
746 1416 70 22 beslöt
831 1416 50 27 god-

56 1446 70 21 känna
141 1446 11 27 $
169 1446 32 26 19,
217 1446 53 21 dock
285 1446 48 21 med
349 1446 88 21 rättelse
452 1446 7 21 i
475 1446 40 21 den
531 1446 68 21 finska
614 1448 71 19 texten
701 1445 22 22 af
736 1446 61 21 ordet
810 1445 70 21 »sillä»

56 1474 13 21 å
83 1474 69 27 tredje
166 1474 65 22 raden
247 1474 7 21 i
269 1474 14 22 2
298 1480 65 16 mom.
379 1474 31 22 till
427 1474 79 22 »sille».
