1075 1775
205 114 42 22 962
530 118 157 32 Vattenrätten.
944 122 28 18 28
985 122 48 21 maj.

274 189 32 21 1:0
329 189 39 27 De,
390 190 74 22 hvilka
480 190 36 22 till
531 191 216 28 kontraproposition
762 192 46 20 mot
822 191 113 21 utskottets
948 190 85 28 förslag

205 217 35 21 till
263 217 78 28 lydelse
360 218 36 28 för
410 220 15 25 $
440 220 30 20 12
484 220 12 20 1
511 219 48 28 kap.
576 220 56 28 vilja
647 222 83 26 antaga
746 220 27 21 hr
787 219 139 21 Lundenius'
941 220 90 27 förslag,

205 248 60 19 rösta
275 246 40 28 ja;
331 247 31 27 de,
378 248 35 20 det
426 248 46 21 icke
485 250 60 25 göra,
561 250 60 20 rösta
636 249 49 27 nej;

273 275 79 21 vinner
366 276 43 28 nej,
425 276 43 22 har
483 276 178 28 borgareståndet
674 277 10 21 i
698 277 82 21 sådant
795 277 102 27 afseende
911 276 122 28 föredragit

204 302 27 22 hr
247 303 115 22 Stenroths
376 305 90 28 förslag.

273 361 165 28 Propositionen
461 363 129 21 besvarades
613 363 36 21 vid
664 363 110 21 värkstäld
790 363 100 27 votering
905 363 48 21 med
970 363 25 21 13
1008 363 25 27 ja

203 389 40 22 och
258 390 28 21 45
301 390 40 27 nej.

272 448 33 20 2:0
335 447 39 27 De,
395 448 75 22 hvilka
491 448 117 28 godkänna
623 449 114 21 utskottets
751 449 84 27 förslag
851 449 36 21 till
902 449 79 27 lydelse
995 449 37 27 för

202 476 29 20 12
246 476 15 28 $
277 477 11 19 1
303 476 57 28 kap.,
376 478 59 20 rösta
448 477 34 28 ja;
498 478 31 26 de,
545 478 34 20 det
593 478 46 21 icke
652 480 61 25 göra,
729 479 59 19 rösta
803 478 49 27 nej;

273 504 80 22 vinner
367 506 42 27 nej,
420 506 42 21 har
473 506 176 28 borgareståndet
661 506 105 28 omfattat
775 506 27 21 hr
814 506 114 22 Stenroths
938 506 91 28 förslag.

272 562 165 27 Propositionen
460 564 129 21 besvarades
612 564 49 21 med
683 563 157 27 öfvervägande
855 564 40 26 nej.
925 564 105 26 Borgare-

202 590 86 22 ståndet
309 591 55 22 hade
387 592 82 22 således
493 592 87 21 beslutit
601 592 158 22 återremittera
782 592 53 28 12
824 586 13 39 $
858 593 11 20 1
885 592 48 27 kap.
947 592 32 22 till
995 595 33 18 ut-

202 619 81 22 skottet
305 619 32 22 för
357 621 150 27 omarbetning
521 621 7 21 i
543 621 36 21 det
594 621 60 27 syfte,
669 624 32 19 att
716 621 35 22 vid
768 621 105 22 strömfall
887 621 142 27 lösningsrätt

201 647 118 22 tillkomme
340 649 76 22 endast
434 650 145 27 strandegare.
595 656 46 15 som
657 650 137 21 härförinnan
811 650 48 21 med
874 650 98 27 behörigt
987 649 41 22 till-

202 677 64 21 stånd
281 677 72 28 anlagt
368 678 127 22 vattenvärk
510 678 51 21 eller
571 679 31 20 till
613 679 66 21 sådan
689 679 132 27 anläggning
833 679 83 20 erhållit
926 679 103 25 tillstånd,

201 705 118 28 hvarjämte
342 707 106 21 utskottet
468 707 67 21 borde
551 709 49 25 taga
614 707 7 21 i
637 707 162 28 öfvervägande,
815 707 105 22 huruvida
935 707 45 21 icke
995 707 32 21 uti

200 733 146 28 föreliggande
361 735 35 27 lag
410 735 72 22 kunde
490 735 79 22 införas
583 736 136 27 bestämning
730 736 81 26 därom,
821 738 32 19 att
864 736 36 21 det
910 736 118 26 mervärde,

201 768 46 15 som
265 769 76 20 genom
357 764 131 27 anläggning
503 764 22 21 af
538 765 149 21 vattenvärket
701 764 34 22 för
749 764 128 22 strömfallet
887 764 140 27 uppkommit,

200 791 37 22 vid
250 790 157 24 fastställandet
421 793 23 21 af
457 793 59 21 lösen
533 793 17 27 ej
567 792 56 28 finge
638 795 60 25 tagas
713 794 8 21 i
737 793 124 27 beräkning.

270 820 110 27 Därjämte
401 821 71 22 beslöt
486 822 85 21 ståndet
585 824 32 19 att
633 828 76 21 genom
726 821 199 28 protokollsutdrag
939 821 90 27 inbjuda

200 848 140 22 medstånden
356 852 32 19 att
402 849 74 22 förena
492 851 33 26 sig
539 857 35 14 om
589 851 191 26 borgareståndets
796 857 29 14 nu
841 850 79 21 fattade
935 850 76 21 beslut.

269 906 10 21 I
295 906 115 28 anledning
424 907 24 21 af
462 908 26 21 13
503 908 11 27 8
531 908 10 21 1
557 908 48 27 kap.
621 908 46 27 gafs
683 908 63 22 ordet
760 908 28 27 på
802 908 94 27 begäran
912 908 22 21 ät

268 963 25 21 hr
314 964 152 27 Wegelius,
482 971 46 15 som
543 965 94 27 yttrade:
665 965 43 27 Jag
723 965 69 21 skulle
807 964 33 22 för
855 965 44 21 min
915 964 34 22 del
959 966 67 26 gärna

198 993 43 20 sett
263 994 32 19 att
318 992 105 22 utskottet
444 992 33 22 för
501 994 69 20 denna
590 993 102 27 paragraf
712 994 70 21 skulle
800 993 112 27 föreslagit
934 995 31 19 ett
980 1000 45 14 mer

197 1020 107 27 praktiskt
325 1021 98 21 innehåll.
461 1016 137 27 Åtminstone
621 1022 64 27 hyser
705 1022 39 27 jag
766 1024 60 19 stora
851 1022 175 26 betänkligheter,

197 1048 56 22 huru
277 1049 35 21 det
334 1050 7 20 i
363 1050 146 27 värkligheten
533 1050 53 22 skall
605 1050 90 27 gestalta
711 1051 39 29 sig,
766 1053 38 19 när
820 1051 64 21 dessa
900 1050 126 22 strömfalls-

197 1083 64 21 egare
277 1078 60 21 skola
354 1078 53 22 hvar
422 1078 53 22 efter
491 1079 32 21 sin
539 1079 62 21 andel
615 1080 84 20 inträda
713 1080 8 20 i
736 1086 56 20 resp.
808 1079 83 27 företag
906 1081 45 19 mot
965 1079 61 21 lösen

196 1105 23 21 af
239 1107 151 21 motsvarande
410 1107 33 21 del
458 1107 23 21 af
494 1108 74 21 värket
583 1108 39 21 och
637 1108 50 21 dess
703 1108 138 26 tillhörighet.
871 1108 42 20 Det
929 1109 22 19 är
967 1109 60 19 näm-

196 1134 58 27 ligen
271 1135 29 25 så,
319 1137 32 19 att
366 1136 7 20 i
388 1135 101 22 afseende
504 1136 13 21 å
531 1136 63 22 dessa
609 1136 58 22 värk,
683 1143 46 15 som
746 1136 103 27 anläggas
865 1136 35 22 vid
915 1136 110 25 strömfall,

195 1162 161 23 förhållandena
377 1164 74 22 kunna
473 1171 50 15 vara
538 1171 43 21 nog
595 1164 164 28 komplicerade.
789 1165 51 21 Man
855 1165 46 21 kan
913 1164 64 22 tänka
992 1165 35 27 sig

195 1193 32 20 att
250 1192 35 21 vid
307 1193 128 21 strömfallet
458 1193 97 28 uppförts
574 1195 31 20 ett
620 1194 101 27 spinneri,
737 1200 49 15 men
802 1194 59 21 detta
876 1193 96 28 spinneri
987 1193 39 22 har

195 1226 78 21 egaren
296 1221 61 21 tänkt
380 1222 33 27 sig
434 1222 8 21 i
463 1221 130 22 förbindelse
608 1222 48 21 med
671 1224 32 19 ett
718 1222 86 27 väfveri,
820 1229 47 14 som
883 1221 99 28 uppförts
998 1223 29 26 pä

195 1252 66 18 annat
277 1249 66 22 ställe.
374 1250 57 21 Skall
447 1251 69 21 denna
531 1251 60 21 lösen
607 1251 27 21 dä
649 1251 55 27 gälla
720 1251 41 21 den
777 1251 153 21 kombinerade
945 1249 79 22 affären

194 1277 52 21 eller
265 1278 64 27 gäller
345 1279 41 20 den
403 1279 55 21 blott
472 1279 131 27 spinneriet?
633 1279 11 22 I
660 1279 119 22 sistnämda
793 1279 37 22 fall
845 1279 42 22 kan
905 1279 119 21 emellertid

193 1306 289 29 räntabilitetsberäkningen
505 1307 33 22 för
560 1308 103 21 väfveriet
688 1308 88 21 alldeles
799 1308 86 21 rubbas.
915 1308 44 21 Det
982 1307 42 22 kan

194 1335 74 20 vidare
290 1335 71 21 hända
381 1338 32 19 att
428 1336 38 21 där
480 1336 84 27 anlagts
580 1338 31 19 ett
627 1336 113 27 träsliperi,
755 1343 49 14 men
820 1338 32 19 att
867 1336 32 21 för
915 1336 58 21 detta
988 1336 37 21 sli-

193 1363 47 26 peri
261 1363 64 27 köpts
349 1370 44 21 upp
418 1367 59 19 stora
497 1365 83 27 skogar,
595 1365 72 21 hvilka
681 1365 47 21 icke
742 1365 139 26 fördelaktigt
895 1365 73 20 kunna
982 1364 42 21 till-

193 1391 122 28 godogöras
337 1393 135 21 annorlunda
493 1395 27 19 än
536 1395 31 20 att
587 1394 36 21 det
639 1393 113 27 granvirke
768 1400 47 15 som
831 1393 68 22 finnes
915 1393 108 21 användes

192 1419 34 22 för
249 1420 127 27 slipningen.
407 1421 58 22 Skall
487 1422 47 25 den,
557 1428 47 15 som
626 1422 63 26 löser,
712 1424 50 25 taga
784 1422 57 21 del
834 1415 15 38 i
860 1422 63 21 dessa
938 1421 85 27 skogar,

192 1448 75 22 hvilka
282 1449 156 28 otvifvelaktigt
453 1450 53 21 höra
521 1450 31 21 till
567 1450 94 22 affären?
689 1451 44 26 Jag
748 1452 45 20 tror
808 1457 29 14 nu
850 1452 32 19 att
892 1450 65 21 saken
968 1450 56 21 hade

191 1476 84 23 kunnat
297 1477 57 22 lösas
378 1479 92 26 enklare,
485 1485 35 15 om
543 1479 70 21 denna
627 1479 143 27 lösningsrätt
789 1479 17 27 ej
825 1479 129 27 stipulerats,
970 1481 52 18 utan

191 1505 54 22 efter
269 1506 109 27 utgången
396 1507 23 21 af
432 1507 63 22 dessa
507 1507 28 22 50
550 1508 29 26 är,
594 1507 89 22 hvarom
698 1508 40 21 här
753 1507 60 27 talas,
829 1507 158 22 fastställandet
1001 1507 25 22 af
