1075 1770
45 109 23 17 14
82 109 47 20 maj.
216 109 141 16 Försvunnen
369 113 91 15 persons
471 108 138 17 förklarande
621 107 33 17 för
666 107 48 17 död.
833 99 42 22 593

48 178 76 26 ningar
146 177 128 21 härutinnan
297 183 65 20 synas
384 183 51 14 vara
457 176 112 21 liberalare
592 176 40 21 och
653 175 119 32 rättvisare,
788 175 38 21 har
838 174 39 27 jag

47 207 59 20 inom
129 205 105 22 utskottet
256 205 97 22 förordat
368 205 163 26 propositionen
546 205 40 21 och
601 205 65 26 vågar
679 204 39 27 jag
732 203 79 22 föreslå
826 203 50 22 den-

48 241 93 15 sammas
157 234 119 27 antagande
292 233 23 22 af
328 233 184 28 borgareståndet.

118 303 33 20 Hr
166 303 124 25 Jusélius,
306 303 95 26 August:
422 303 34 21 Då
467 302 38 27 jag
521 302 71 21 såsom
602 301 94 22 ledamot
706 301 23 21 af
737 300 140 28 lagutskottet

49 331 62 21 äfven
126 331 39 21 har
180 331 98 22 omfattat
294 331 40 21 den
350 331 113 22 liberalare
479 330 139 27 ståndpunkt,
634 336 47 15 som
697 330 32 21 uti
744 330 41 21 den
801 329 76 26 nådiga

50 360 161 27 propositionen
226 360 39 21 har
280 359 85 22 erhållit
383 360 37 21 sitt
435 359 91 28 uttryck,
541 359 39 21 ber
592 359 38 27 jag
645 360 32 20 att
692 358 21 22 få
727 358 87 22 förorda
829 357 48 21 ifrå-

50 389 121 26 gavarande
187 388 27 21 15
229 388 11 28 8
256 388 66 27 enligt
337 389 169 26 propositionen.

119 456 33 22 Hr
173 456 115 22 Kumlin:
318 457 43 26 Jag
381 456 37 22 ber
434 456 65 22 också
513 458 38 24 att,
566 456 28 27 på
609 457 42 20 sätt
664 456 38 26 jag
716 455 7 21 i
738 454 141 28 lagutskottet

51 485 64 27 gjort,
125 485 21 21 få
160 485 88 22 förorda
262 486 32 20 att
308 485 41 21 den
366 485 27 21 15
408 485 11 27 8
434 485 7 21 i
451 484 139 28 lagförslaget
600 484 66 22 måtte
678 484 123 27 godkännas
813 483 65 22 sådan

51 514 40 21 den
107 514 69 21 finnes
191 514 131 21 formulerad
336 514 7 20 i
359 514 41 20 den
416 514 77 26 nådiga
508 513 169 27 propositionen.

120 576 158 22 Diskussionen
292 576 134 21 förklarades
442 576 99 26 afslutad,
556 576 66 21 hvarå
637 576 25 20 hr
677 576 123 21 talmannen
815 574 64 22 fram-

50 606 70 21 stälde
135 605 93 27 följande
244 605 294 27 omröstningsproposition
529 601 12 36 :

121 668 39 33 De,
176 668 73 21 hvilka
263 668 118 27 godkänna
395 668 114 21 utskottets
516 667 92 33 förslag
624 667 35 21 till
674 667 79 28 lydelse
768 667 36 27 för
818 668 15 25 $
847 667 33 24 15,

51 699 60 19 rösta
124 697 37 32 ja;
177 697 31 26 de,
224 697 34 20 det
274 697 45 20 icke
332 699 61 25 göra,
408 698 60 19 rösta
482 696 48 27 nej;

122 725 80 21 vinner
225 725 43 28 nej,
294 725 42 21 har
357 725 177 32 borgareständet
552 724 87 28 antagit
650 724 145 28 paragrafen,
809 723 72 22 sädan

52 755 42 20 den
110 754 62 27 lyder
186 754 10 21 i
210 754 42 21 den
266 753 84 28 nädiga
363 753 174 28 propositionen.

124 817 34 20 Då
182 817 162 26 propositionen
370 816 130 21 besvarades
525 816 50 21 med
599 815 157 27 öfvervägande
771 815 40 27 nej,
827 815 54 21 hade

53 845 179 27 borgareständet
254 845 89 21 beslutit
365 845 114 26 godkänna
501 845 41 21 den
558 845 78 26 nädiga
650 845 174 26 propositionens
839 843 42 22 för-

54 874 46 26 slag
116 874 31 20 till
162 873 80 27 lydelse
257 873 33 21 för
305 873 11 28 $
333 874 33 20 15.

123 936 23 28 88
171 936 31 26 16,
227 937 25 20 17
276 936 39 21 och
338 936 27 21 18
386 936 123 26 godkändes
525 937 53 20 utan
594 936 129 25 diskussion,
738 936 89 21 likasom
843 932 40 24 ock

54 964 253 28 författningsförslagets
326 965 85 27 ingress
426 964 41 22 och
481 964 75 22 rubrik
572 964 110 22 äfvensom
698 964 40 22 den
756 964 62 27 kläm,
837 970 46 15 som

55 993 94 27 föregick
166 994 106 20 rubriken.

128 1166 120 26 Föredrogs
272 1165 175 21 bankutskottets
463 1165 36 21 vid
515 1167 85 20 senaste
615 1165 87 27 plenum
718 1164 117 26 bordlagda
850 1164 35 20 be-

58 1194 106 21 tänkande
185 1200 34 15 n:o
240 1194 13 21 3
269 1194 110 27 angäende
394 1194 125 26 ifrägasatta
534 1194 115 26 ändringar
664 1194 32 20 uti
712 1193 39 21 och
766 1192 74 27 tillägg
855 1192 32 21 till

57 1222 165 28 reglementet
242 1222 42 23 för
304 1222 119 22 Finlands
443 1222 66 22 bank
528 1223 64 21 samt
610 1228 33 22 ny
659 1222 49 22 stat
723 1222 42 22 för
781 1220 105 23 banken.

127 1286 35 20 Då
185 1286 64 26 ingen
265 1285 22 21 af
305 1286 96 20 ständets
418 1285 139 21 medlemmar
573 1284 94 22 önskade
682 1286 56 26 yttra
753 1285 34 26 sig
801 1290 35 15 om
852 1284 35 20 be-

59 1314 117 21 tänkandet
190 1314 6 21 i
213 1314 49 21 dess
288 1314 77 25 helhet,
390 1313 109 27 öfvergick
524 1314 86 20 ståndet
635 1313 31 21 till
684 1312 203 28 detaljgranskning,

59 1343 90 21 hvarvid
165 1343 11 27 $
191 1343 13 20 2
221 1343 123 26 godkändes
360 1344 52 19 utan
428 1342 148 27 anmärkning.

130 1406 117 26 Angående
263 1406 11 27 $
290 1406 13 20 3
319 1405 71 21 anhöll

130 1468 26 21 hr
178 1468 125 26 Hallberg
324 1474 35 15 om
382 1468 62 21 ordet
460 1468 40 20 och
521 1468 93 26 yttrade:
644 1468 41 26 Jag
708 1469 23 19 är
749 1466 32 22 för
797 1466 44 21 min
857 1465 34 21 del

60 1496 49 22 fullt
125 1502 51 16 ense
200 1497 48 21 med
271 1496 106 22 utskottet
399 1502 35 15 om
450 1496 188 27 nödvändigheten
654 1496 22 21 af
689 1498 32 19 att
733 1495 40 21 öka
789 1494 102 22 Finlands

799 1534 23 18 38
