1075 1778
211 95 41 20 714
535 98 165 39 Vattenrätten.
953 102 24 16 21
988 97 47 38 maj.

280 170 118 27 Angäende
414 171 11 27 $
441 171 13 21 6
469 171 84 27 yttrade

279 227 24 21 hr
327 228 95 21 Idman:
453 228 10 20 I
486 228 223 22 öfverensstämmelse
731 228 49 22 med
802 228 103 26 förslaget
927 228 6 20 i
949 228 40 21 den
1005 227 31 21 till

211 255 144 22 betänkandet
370 256 76 27 fogade
462 257 69 27 tredje
546 257 161 21 reservationen
724 256 69 22 skulle
806 256 38 27 jag
854 256 78 21 föreslä
942 258 31 19 att
984 256 52 21 sista

210 284 113 27 meningen
347 285 7 20 i
376 286 13 20 2
411 292 64 14 mom.
498 285 22 21 af
541 286 10 27 &
575 286 12 20 6
607 286 56 26 finge
679 286 57 26 utgä.
767 285 166 27 Bestämningen
949 287 32 19 att
995 284 41 22 fisk

210 313 77 21 endast
308 314 7 20 i
337 314 85 27 ringare
446 314 79 27 mängd
547 314 69 21 skulle
638 314 75 27 fängas
729 314 7 21 i
751 314 105 21 strömfall
871 316 23 19 är
906 314 25 26 ju
947 314 24 21 sä
986 314 49 20 obe-

211 342 75 24 stämd,
308 344 32 19 att
362 342 125 21 densamma
508 343 45 21 icke
575 343 66 21 borde
656 342 21 21 fä
692 343 50 26 ingä
757 344 7 19 i
779 343 68 26 lagen.
877 343 41 20 För
934 342 64 27 öfrigt
1013 344 22 19 är

209 370 34 21 väl
266 371 131 21 inrättandet
419 371 23 21 af
461 371 66 21 sädan
548 371 88 27 fiskväg,
652 378 47 15 som
715 371 38 21 här
769 373 23 19 är
808 371 60 27 fräga
882 377 41 20 om,
939 371 24 21 sä
977 371 58 21 kost-

211 405 51 19 sam,
280 401 31 19 att
327 406 48 15 man
391 400 17 26 ej
426 400 40 21 kan
482 399 115 22 förutsätta
617 402 32 19 att
665 401 70 26 någon
752 400 54 21 blott
821 399 33 22 för
870 401 30 20 att
915 399 120 22 trakassera

211 427 68 22 skulle
301 428 79 21 inrätta
402 429 72 20 sådan.
505 429 10 20 I
538 429 72 26 hvarje
633 429 103 21 händelse
759 431 45 19 tror
817 429 37 26 jag
869 428 45 21 icke
929 430 32 19 att
975 435 60 20 para-

210 455 72 27 grafen
299 457 69 21 skulle
383 457 79 21 förlora
477 458 123 27 någonting,
616 464 35 15 om
668 458 53 21 sista
736 457 114 27 meningen
866 457 69 21 skulle
951 457 56 26 utgå.

268 514 31 21 Hr
315 514 72 21 Lille:
402 515 42 26 Jag
460 515 48 21 ville
527 515 2 20 i
544 515 123 21 hufvudsak
683 515 133 21 understöda
831 515 25 20 hr
871 515 81 20 Idman.
976 514 59 21 Dock

209 549 64 14 anser
290 543 37 26 jag
349 545 31 19 att
396 550 48 14 man
460 543 45 22 icke
522 543 99 22 behöfver
638 544 26 27 gå
679 543 47 22 fullt
742 544 25 20 så
782 543 65 27 långt,
863 550 46 14 som
925 543 40 21 han
981 543 54 21 före-

211 571 68 27 slagit.
297 571 166 27 Ifrägavarande
479 573 85 26 mening
580 573 67 26 lyder:
665 573 92 20 »Finnes
773 572 7 21 i
795 572 52 27 följd
862 572 23 21 af
898 572 137 27 vattendrags

209 599 145 28 obetydlighet
370 601 50 21 eller
435 601 23 21 af
471 608 69 14 annan
557 601 63 21 orsak
635 601 41 21 fisk
691 601 77 21 endast
781 601 6 21 i
801 601 85 27 ringare
896 601 78 26 mängd
984 601 51 24 däri,

209 634 39 21 ege
266 629 45 21 icke
327 635 39 15 ens
382 629 120 28 skyldighet
517 637 47 14 rum
580 632 31 19 att
627 630 67 21 tillåta
709 630 121 21 inrättande
845 629 23 22 af
881 629 101 27 fiskväg».
994 629 40 21 Om

209 663 29 15 nu
261 658 149 27 vattendraget
434 661 23 18 är
472 659 123 26 obetydligt,
620 659 67 21 borde
713 659 45 20 icke
784 665 26 14 eu
834 659 65 20 sådan
915 658 120 27 skyldighet

209 686 108 21 åhvälfvas
341 687 119 26 damegare.
490 687 49 21 Men
564 688 36 21 det
625 687 68 22 finnes
718 688 7 20 i
741 687 47 22 vårt
810 687 50 21 land
882 687 79 27 ganska
977 689 58 18 stora

209 715 132 27 vattendrag,
364 715 70 21 hvilka
455 718 37 18 äro
515 718 58 19 toma
594 716 28 27 på
636 716 47 26 fisk,
699 716 45 21 dels
760 716 32 20 till
807 715 51 27 följd
874 715 22 21 af
909 714 126 28 oförnuftigt

209 742 58 27 fiske,
290 744 45 21 dels
358 744 31 21 till
412 744 51 27 följd
486 744 23 21 af
529 746 31 19 att
575 733 108 39 otjänliga
692 746 77 20 ämnen
785 744 76 21 införts
877 744 6 21 i
899 746 82 19 vattnet
995 731 40 34 och

209 772 45 20 dels
278 772 31 21 till
332 772 52 27 följd
407 773 22 20 af
443 773 152 26 uppdämning.
625 774 35 20 Nu
677 774 27 26 gå
715 773 25 26 ju
757 772 151 22 sträfvandena
923 775 24 18 ut
962 773 27 26 på
1004 774 31 19 att

209 800 27 27 på
259 800 128 28 konstgjord
409 803 41 25 väg
471 801 52 21 söka
543 803 50 25 göra
608 802 51 21 våra
675 801 127 27 vattendrag
817 801 116 23 fiskrikare,
949 800 86 21 hvarför

209 829 36 20 det
260 829 68 21 skulle
344 837 50 14 vara
409 832 31 19 att
456 830 111 21 motvärka
582 831 63 20 dessa
661 830 143 25 sträfvanden,
816 837 34 14 om
861 836 63 21 egare
933 829 23 22 af
967 831 68 19 större

209 859 133 26 vattendrag,
364 859 71 20 hvilka
450 861 37 19 äro
503 861 58 19 toma
576 859 27 27 på
618 859 46 26 fisk,
680 859 72 21 kunde
768 861 102 18 motsätta
885 859 33 26 sig
933 859 101 20 inrättan-

209 886 35 21 det
267 886 22 21 af
311 887 88 26 fiskväg.
429 888 41 21 För
492 888 43 20 min
554 888 33 21 del
603 887 49 22 ville
664 888 39 26 jag
717 887 79 21 föreslå
817 889 31 19 att
864 887 69 21 denna
949 887 86 26 mening

209 915 68 21 skulle
300 916 56 27 lyda:
382 916 92 21 »Finnes
496 916 32 21 till
551 916 51 27 följd
621 916 24 21 af
659 917 161 26 vattendragets
836 915 144 28 obetydlighet
995 915 39 21 fisk

208 944 76 21 endast
306 945 6 20 i
334 945 86 26 ringare
441 945 78 26 mängd
541 945 51 25 däri,
615 951 39 20 ege
670 945 45 21 icke
732 951 38 14 ens
786 945 121 26 skyldighet
921 947 32 18 att
968 944 67 21 tillåta

208 973 121 21 inrättande
344 973 24 21 af
380 973 94 27 fiskväg»
492 973 39 22 och
546 976 31 19 att
588 974 90 21 sålunda
689 974 66 21 orden
770 973 63 21 »eller
844 973 22 21 af
875 980 69 14 annan
957 973 74 21 orsak»

207 1001 69 21 skulle
292 1002 56 27 utgå.

276 1059 32 20 Hr
330 1059 120 26 Löfgren:
480 1059 101 21 Niinkuin
598 1059 37 21 hra
651 1059 76 21 Idman
744 1059 108 21 kannatan
869 1059 92 20 minäkin
978 1060 58 19 tässä

206 1086 85 22 kohden
307 1087 101 21 kolmatta
427 1088 158 21 vastalausetta.
611 1088 26 20 Ei
653 1088 34 20 ole
702 1089 62 25 syytä
779 1087 167 21 lainsäädännön
962 1087 74 21 kautta

206 1115 102 21 rakentaa
329 1116 77 20 esteitä
426 1116 186 27 kalanviljelyksen
633 1116 23 27 ja
676 1116 219 21 kalastuselinkeinon
915 1115 120 27 kehittymi-

206 1144 57 20 selle.
293 1144 26 22 Ja
341 1144 113 22 sellaisena
476 1147 87 19 esteenä
581 1145 57 21 tulisi
655 1145 120 21 mielestäni
790 1144 97 21 olemaan
903 1146 71 19 tämän
991 1150 43 14 mo-

206 1172 81 22 mentin
304 1173 72 21 toinen
393 1174 65 20 lause.

275 1230 33 21 Hr
323 1230 181 27 Wiljakainen:
535 1231 170 27 Kysymyksessä
720 1231 96 21 olevasta
832 1230 111 21 kalatiestä
953 1236 27 15 on
991 1230 43 21 niin

207 1258 67 21 vähän
299 1259 80 21 haittaa
401 1260 104 20 laitoksen
526 1260 132 26 omistajalle,
675 1262 44 18 että
734 1259 48 21 olisi
798 1261 72 19 suotta
885 1260 99 26 myöntää
999 1258 35 21 hä-

206 1287 55 21 nelle
286 1288 96 20 oikeutta
408 1288 131 21 laitoksensa
563 1288 76 21 tähden
667 1290 59 19 estää
749 1288 100 20 kalatietä
871 1287 163 21 rakentamasta.

205 1316 117 21 Pienenkin
343 1316 51 27 joen
418 1316 126 28 yläpuolella
568 1317 33 21 voi
625 1317 41 21 olla
689 1316 151 22 kalastukseen
857 1316 74 26 sopiva
943 1316 56 26 järvi
1011 1316 24 26 ja

206 1344 187 22 kalankuteminen
420 1347 82 19 saattaa
524 1346 59 20 siellä
606 1346 108 26 tapahtua.
746 1345 121 21 Sentähden
890 1344 143 22 kannattaisin

205 1373 38 21 hra
259 1374 114 20 Idmannin
387 1374 115 21 ehdotusta
516 1374 234 21 kokonaisuudessaan.

275 1431 32 20 Hr
323 1431 90 20 Lindh:
443 1431 42 27 Jag
501 1431 67 21 skulle
585 1431 25 20 be
625 1433 32 18 att
672 1431 44 20 helt
732 1431 39 20 och
788 1431 64 21 hället
867 1430 21 21 fä
902 1429 74 21 förena
990 1431 43 26 mig

205 1458 48 21 med
269 1458 25 21 hr
309 1459 82 21 Idman.
422 1456 30 24 Är
468 1466 26 14 en
511 1460 56 26 gäng
581 1461 31 19 ett
627 1460 128 26 vattendrag
770 1460 24 20 sä
810 1454 123 42 obetydligt,
949 1461 32 19 att
995 1460 38 20 där

204 1486 45 21 icke
271 1487 60 21 lönar
352 1488 34 26 sig
411 1490 31 19 att
465 1488 90 27 anlägga
577 1494 26 14 en
626 1488 115 26 fiskränna,
765 1488 37 26 går
818 1488 34 21 väl
867 1488 63 26 ingen
948 1488 31 20 dit
994 1488 39 21 och
