1075 1720
200 113 41 22 826
535 119 125 21 Järnvägar.
938 119 28 17 23
978 118 48 21 maj.

199 187 152 22 subventioner
372 188 53 21 dock
446 188 52 21 böra
517 188 106 22 såtillvida
641 188 117 22 behandlas
774 188 49 22 med
838 187 141 28 försiktighet,
995 189 32 20 att

201 216 128 21 statsvärket
345 217 45 20 icke
407 217 39 21 bör
462 216 57 28 gifva
534 217 92 21 skänker
637 217 31 21 till
678 216 89 28 företag,
778 224 47 14 som
836 217 86 21 komma
932 219 31 19 att
977 217 51 21 bära

201 245 32 27 sig
257 246 39 25 väl,
319 246 70 20 såsom
407 252 49 14 man
474 246 69 21 måste
557 245 116 22 förutsätta
688 252 35 15 om
739 246 107 26 åtskilliga
861 246 83 26 privata
959 246 68 20 banor

200 274 37 20 här
259 274 7 20 i
281 274 76 23 landet,
374 274 63 21 sedan
455 275 20 20 vi
490 274 90 22 kommit
594 274 32 21 till
641 275 40 21 den
698 274 139 28 ståndpunkt,
848 276 31 19 att
889 274 62 22 äfven
963 276 64 19 stats-

197 303 144 26 järnvägarna
357 303 56 27 gifva
427 309 26 15 en
469 305 43 19 rätt
523 303 42 27 god
575 305 62 19 ränta
646 304 27 26 på
684 303 245 27 anläggningskapitalet
939 303 39 21 och
992 303 36 21 det

200 331 72 21 därför
295 332 68 20 måste
384 331 127 22 förutsättas
533 334 31 19 att
579 332 145 27 privatbanor,
740 338 47 15 som
804 332 81 26 byggas
901 332 38 21 och
955 332 72 26 explo-

201 362 70 25 ateras
287 360 48 21 med
351 362 69 20 större
435 360 105 26 ekonomi,
552 360 65 26 skola,
633 360 84 22 oafsedt
728 361 40 21 den
782 362 59 20 stora
851 360 106 22 indirekta
967 362 61 25 nytta

201 389 26 21 de
243 388 70 22 lämna
328 389 54 26 dem,
400 395 47 15 som
464 391 67 19 starta
546 390 63 20 dessa
624 389 89 27 företag,
729 390 73 20 kunna
818 388 56 28 gifva
889 395 26 15 en
931 389 96 27 skäligen

201 417 42 26 god
265 417 68 21 direkt
353 419 61 19 ränta
435 418 28 26 på
482 418 36 21 det
533 419 7 19 i
554 417 105 28 företaget
673 418 106 27 nedlagda
794 418 108 27 kapitalet.
931 418 44 20 Det
989 424 38 15 var

200 445 71 22 därför
290 445 38 28 jag
346 445 34 22 för
398 446 43 21 min
458 446 33 21 del
507 447 130 26 återupptog
651 447 80 20 tanken
748 447 28 26 på
790 448 32 19 att
837 446 130 21 statsvärket
981 446 46 21 icke

200 474 69 21 skulle
285 474 57 27 gifva
357 475 48 20 hela
420 475 156 21 subventionen
593 475 12 21 å
619 475 52 21 fond
684 476 74 26 perdu,
774 477 52 19 utan
842 474 33 22 för
887 481 25 15 en
924 475 33 21 del
968 474 62 22 däraf

199 503 77 21 teckna
293 503 67 21 aktier
373 503 6 21 i
390 503 111 27 företaget,
513 504 89 21 sålunda
613 504 169 27 möjliggörande
792 503 33 22 för
837 503 131 22 statsvärket
978 505 32 19 att
1021 503 7 21 i

199 538 27 14 en
241 531 87 22 framtid
343 531 68 22 återfå
426 532 107 27 beloppet.
556 533 43 20 Det
614 539 37 15 var
667 532 72 22 därför
751 533 38 26 jag
804 532 35 21 för
855 532 42 21 min
913 532 35 21 del
963 532 65 21 också

200 560 83 27 mycket
304 561 108 21 bestämdt
431 561 80 27 yrkade
533 561 39 21 och
594 561 7 21 i
617 561 58 22 detta
690 561 101 22 afseende
806 561 41 22 fick
862 561 91 21 medhåll
968 561 59 21 inom

200 589 107 21 utskottet
327 591 32 19 att
381 589 26 22 de
430 589 105 28 beviljade
558 590 183 21 subventionerna
761 590 35 21 vid
816 589 107 22 eventuell
944 589 83 22 inlösen

199 617 21 22 af
235 617 70 22 banan
321 617 32 22 för
365 618 142 22 statsvärkets
518 619 91 26 räkning
623 619 68 21 skulle
702 619 129 21 inberäknas
844 619 7 20 i
862 618 166 27 löseskillingen.

199 646 50 21 Men
260 646 103 27 förslaget
373 653 34 14 om
418 647 128 21 tecknandet
556 647 23 22 af
587 647 67 22 aktier
664 647 45 22 blef
717 647 46 22 icke
772 647 109 27 godkändt
889 647 22 21 af
917 647 110 25 utskottet,

199 675 40 21 och
252 675 39 27 jag
305 675 36 21 vill
356 675 107 27 medgitva
478 677 31 20 att
524 676 117 21 utskottets
657 676 109 27 majoritet
780 676 55 21 hade
851 676 72 21 starka
938 675 46 22 skäl
995 675 33 22 för

199 705 32 19 att
245 703 72 28 afböja
332 704 59 21 detta
405 704 86 27 förslag.
517 705 10 20 I
541 705 70 21 stället
625 705 131 21 framträdde
771 704 103 27 förslaget
891 707 31 19 att
937 704 90 21 statslån

199 732 70 21 skulle
292 732 74 27 gifvas,
381 739 48 15 men
448 733 45 21 icke
512 733 71 22 såsom
598 733 75 22 hittills
689 736 46 19 mot
750 733 67 22 första
832 733 127 27 inteckning,
976 735 51 19 utan

199 762 46 19 mot
261 767 81 20 senare,
356 763 46 19 mot
417 762 182 27 toppinteckning.
623 763 42 20 Det
675 764 23 19 är
709 763 71 20 denna
790 762 23 21 af
818 761 211 28 järnvägsutskottet

199 789 110 27 förslagna
330 789 126 28 förändring
474 791 7 20 i
501 790 60 27 fråga
581 797 34 15 om
637 791 123 24 statslånen,
777 797 47 15 som
839 791 8 20 i
862 790 77 27 själfva
954 791 75 20 värket

200 817 61 28 gifvit
276 818 48 21 dem
340 818 126 22 karaktären
482 819 23 21 af
519 819 158 22 subventioner.
699 820 35 21 Hr
746 819 115 27 Hallbergs
872 819 156 27 uppfattning
1017 813 15 38 i

200 847 59 20 detta
281 846 101 22 afseende
404 847 36 21 vill
460 848 38 26 jag
521 847 72 21 därför
613 848 44 21 helt
670 848 39 21 och
725 848 65 21 hållet
805 848 53 26 dela,
874 848 56 20 hälst
945 848 36 20 det
997 847 31 22 till

199 874 40 22 och
261 875 49 21 med
333 882 37 14 var
392 875 62 27 fråga
474 882 34 15 om
527 876 7 21 i
546 876 212 27 järnvägsutskottet
772 878 32 20 att
819 876 64 22 dessa
898 876 40 26 lån,
954 876 72 21 såsom

199 903 106 22 måhända
325 904 131 27 egentligare
474 904 54 22 hade
547 906 60 25 varit,
626 906 68 20 skulle
713 906 53 26 utgå
781 912 25 14 ur
822 904 204 22 kommunikations-

199 931 80 22 fonden
298 932 67 27 enligt
386 939 81 15 samma
482 934 82 26 princip
582 940 46 14 som
645 936 14 18 t.
675 940 30 15 ex.
721 934 7 21 i
744 934 86 26 Sverge,
849 934 43 25 där,
907 934 70 21 såvidt
989 934 39 26 jag

199 960 38 21 har
259 961 44 27 mig
324 961 84 26 bekant,
432 962 36 21 det
486 962 55 21 enda
556 964 65 19 sättet
635 962 33 21 för
683 962 210 22 subventionerande
908 962 23 21 af
944 962 83 27 privata

200 989 68 21 banor
290 991 23 19 är
334 990 148 22 anskaffandet
496 991 23 21 åt
530 991 118 27 järnvägen
665 991 22 21 af
701 991 35 21 lån
752 991 32 21 till
800 997 81 15 samma
897 992 66 24 ränta,
980 997 46 15 som

199 1018 40 20 den
263 1018 131 22 statsvärket
409 1019 35 21 vid
460 1019 32 21 sin
508 1020 118 26 upplåning
641 1020 103 26 erlägger.
769 1020 50 20 Men
841 1020 111 20 dessutom
972 1018 55 22 före-

199 1046 69 21 finnes
285 1048 30 20 ett
330 1049 66 19 annat
411 1047 127 22 tvifvelsmål
555 1050 108 24 gentemot
678 1048 25 21 hr
719 1048 64 22 Lilles
798 1048 87 26 förslag.
907 1048 42 26 Jag
958 1047 69 21 finner

199 1076 32 20 att
238 1074 212 28 järnvägsutskottet
460 1076 38 22 har
509 1076 86 22 alldeles
607 1079 42 19 rätt
659 1077 7 21 i
677 1079 31 19 att
720 1077 46 21 icke
777 1076 62 22 ställa
852 1083 25 14 en
889 1076 139 22 totalsumma

199 1103 32 21 till
253 1104 141 26 regeringens
416 1104 127 28 förfogande
563 1105 33 21 för
617 1106 209 21 subventionerande
847 1105 23 21 af
883 1105 144 27 privatbanor,

199 1133 51 19 utan
267 1134 24 19 är
306 1132 37 22 det
362 1133 102 27 riktigare
479 1136 31 18 att
525 1134 115 21 ständerna
655 1134 35 22 vid
706 1134 128 21 anvisandet
849 1133 22 21 af
880 1134 63 21 dessa
953 1134 76 26 anslag

198 1160 29 27 pä
243 1160 278 23 kommunikationsfonden
536 1162 66 22 tillika
613 1163 142 27 uttryckligen
766 1163 125 25 bestämma,
904 1162 32 21 för
947 1162 81 21 hvilket

199 1189 99 20 ändamål
313 1190 102 26 anslagen
431 1190 60 21 skola
506 1193 59 24 tagas
581 1192 7 19 i
603 1192 99 26 anspråk,
713 1191 40 21 och
766 1191 46 21 icke
824 1191 71 20 lämna
905 1197 47 14 rum
963 1190 65 27 öfrigt

198 1217 33 20 för
255 1217 159 28 tillfälligheter.
443 1219 42 26 Jag
510 1219 69 21 skulle
593 1226 52 15 anse
667 1221 32 20 att
722 1220 36 21 det
779 1219 20 21 af
818 1219 211 27 järnvägsutskottet

197 1245 115 22 förordade
327 1247 97 26 anslaget
439 1247 33 22 för
482 1248 138 27 privatbanor
631 1249 24 20 sä
665 1248 85 27 mycket
764 1248 84 21 mindre
859 1247 100 22 behöfver
970 1247 58 26 ökas,

199 1280 47 14 som
267 1274 25 26 ju
313 1275 210 27 järnvägsutskottet
545 1277 148 25 tillmötesgätt
714 1277 75 26 hvarje
811 1276 98 21 anhällan
930 1277 7 19 i
953 1276 76 21 sädant

199 1302 62 26 syfte.
285 1303 64 21 Hvad
364 1304 98 21 däremot
478 1304 97 22 beträffar
591 1305 25 21 hr
632 1304 116 28 Wegelius'
759 1304 81 28 förslag
855 1311 35 15 om
906 1304 123 27 minskning

199 1330 23 21 af
241 1331 104 27 anslagen
363 1332 33 21 för
416 1333 156 21 Kristinestads
594 1334 39 20 och
649 1334 87 26 Nyslott
751 1334 102 25 banorna,
869 1332 68 22 finner
949 1333 39 27 jag
1003 1333 26 21 de

199 1365 97 15 summor
311 1360 42 21 han
370 1360 110 28 föreslagit
494 1361 33 21 för
542 1362 63 21 dessa
621 1362 126 26 banföretag
762 1368 51 15 vara
831 1362 24 21 sä
869 1361 114 26 minimala,
997 1363 32 19 att

199 1388 36 20 det
250 1388 55 21 hade
320 1389 56 21 varit
392 1390 69 21 bättre
476 1392 31 19 att
523 1390 20 21 vi
555 1390 45 22 icke
613 1390 39 22 alls
666 1390 90 22 beslutit
768 1397 35 15 om
815 1390 55 21 dem.
898 1390 42 27 Jag
950 1390 79 21 tilläter

199 1416 46 27 mig
261 1416 79 22 föreslä
355 1420 33 18 att
399 1418 221 28 järnvägsutskottets
636 1419 83 27 förslag
735 1419 132 27 godkännes.

269 1474 34 20 Hr
319 1474 75 22 Lille:
422 1476 43 26 Jag
484 1476 36 20 vill
535 1475 46 21 icke
595 1477 50 25 taga
660 1476 97 21 ständets
773 1476 31 20 tid
819 1476 8 20 i
841 1475 94 27 anspräk
951 1474 33 22 för
999 1476 31 20 ett

200 1502 112 21 uttalande
322 1503 7 20 i
341 1503 59 21 detta
410 1504 159 26 sammanhang.
591 1505 42 26 Jag
643 1504 59 26 skall,
713 1504 29 22 dä
752 1504 20 21 vi
783 1504 86 21 komma
880 1504 31 20 till
923 1503 105 21 klämmen
