1078 1767
41 116 31 16 28
84 116 47 20 maj.
350 115 68 17 Skifte
430 116 24 16 af
462 116 136 17 fiskevatten.
827 110 42 21 939

45 184 27 21 rit
95 186 31 19 att
145 184 70 21 denna
236 184 100 26 lägenhet
354 184 64 21 också
433 184 69 21 skulle
516 184 22 21 få
549 183 132 27 strömfallet,
697 184 111 27 bestyrkes
823 184 46 21 icke

44 212 67 21 häller
132 211 23 22 af
178 212 55 22 1848
252 212 35 21 års
303 212 272 27 landtmäterireglemente,
591 212 80 22 hvilket
686 212 126 27 visserligen
829 212 40 22 till-

46 240 90 22 kommit
158 241 27 26 på
204 241 156 21 administrativ
376 243 46 25 väg,
437 247 49 15 men
502 241 54 21 dock
571 242 7 20 i
594 243 30 19 ett
639 240 52 22 halft
707 241 57 21 sekel
779 240 91 22 efterlef-

42 271 50 19 vats
114 270 71 20 såsom
209 270 40 26 lag.
279 270 10 20 I
310 269 28 21 50
360 270 12 26 &
392 271 88 25 utsäges
496 270 37 21 där
548 269 125 28 uttryckligt
687 276 35 14 om
738 270 131 20 kvarntomt:

47 298 52 20 »och
118 298 60 21 skola
193 298 53 21 slike
261 300 127 25 utrymmen,
406 298 72 21 säsom
494 304 35 15 om
546 299 172 26 gärdstomterne
733 300 24 19 är
765 298 68 27 sagdt,
840 297 29 21 ef-

45 328 33 19 ter
101 326 114 32 gradering
238 326 84 27 påföras
345 327 25 21 de
393 326 99 22 hemman
511 327 51 21 eller
577 326 129 28 lägenheter,
722 333 47 15 som
785 326 85 22 komma

45 356 32 20 att
100 355 33 27 sig
155 355 61 21 deraf
232 355 116 27 begagna».
378 355 45 21 Där
438 357 37 19 äro
491 356 91 20 kvarnar
598 355 39 21 och
653 355 62 27 sågar
731 355 139 27 uppräknade

43 383 41 21 och
107 383 82 21 således
206 384 66 20 borde
287 384 60 20 mark
361 383 33 21 för
410 384 48 20 dem
475 384 101 26 graderas
592 384 71 21 såsom
678 371 56 33 tomt
749 383 34 21 för
798 386 31 18 att
843 384 27 20 de

44 412 71 20 skulle
137 412 72 21 kunna
231 418 63 15 anses
317 412 62 21 hafva
399 412 86 22 tillfallit
499 412 153 27 lägenheterna
666 412 33 21 för
715 414 30 19 att
761 412 108 22 användas

45 440 33 21 för
102 440 184 27 tillgodogörande
307 440 23 22 af
348 440 156 22 vattenkraften
520 429 14 33 i
542 440 110 22 strömfall.
682 440 66 22 Detta
763 441 38 21 har
816 440 54 22 dock

45 469 8 20 i
67 468 116 22 allmänhet
197 469 45 21 icke
258 470 55 20 varit
327 468 64 27 fallet,
407 471 51 19 utan
473 469 39 21 har
528 470 36 21 det
579 470 55 20 varit
647 471 80 25 ytterst
739 469 90 27 sällsynt
839 471 31 19 att

45 498 82 21 sådana
142 498 126 26 strandegor
282 498 32 20 för
330 498 99 26 lägenhet
445 498 109 26 graderats
571 498 71 21 såsom
656 500 60 24 tomt,
727 498 83 21 hvadan
821 504 49 15 man

46 526 47 21 icke
108 526 66 21 häller
189 527 7 20 i
211 526 70 21 denna
296 526 68 27 punkt
378 526 39 21 har
432 527 49 21 stöd
496 526 32 22 för
544 527 25 21 hr
584 526 116 28 Wegelius”
708 526 93 27 mening.
830 526 40 22 Ut-

44 554 84 22 skottet
147 554 38 22 har
200 555 7 21 i
222 554 100 22 afseende
336 555 13 21 å
364 555 69 21 denna
449 555 125 27 rättsfrågas
591 555 132 21 bedömande
739 555 17 27 ej
774 555 44 21 haft
833 555 37 21 nå-

47 589 42 21 gon
107 583 88 26 ledning
209 583 23 21 af
244 584 99 20 ärendets
359 584 130 26 behandling
504 584 35 21 vid
556 584 54 21 1863
626 584 38 21 och
682 584 53 20 1867
751 584 35 20 års
801 584 69 20 landt-

46 612 72 26 dagar.
148 612 43 21 Det
211 612 99 21 förhåller
326 612 33 27 sig
374 612 30 26 så,
419 614 32 19 att
465 612 74 27 frågan
556 619 34 15 om
607 612 124 27 eganderätt
746 612 31 21 till
793 614 76 19 ström-

46 640 36 21 fall
105 640 39 22 alls
167 641 46 21 icke
234 641 36 21 vid
290 641 62 21 dessa
374 641 127 27 landtdagar
523 642 55 20 varit
593 640 88 22 föremål
695 640 34 22 för
744 641 126 21 ständernas

47 669 107 27 pröfning.
180 670 11 20 I
206 670 134 26 proposition
355 669 31 21 till
404 669 54 21 1863
474 670 34 21 års
524 670 102 26 landtdag
642 669 89 21 äskades
747 669 54 21 blott
817 669 53 21 utlå-

47 698 65 20 tande
135 697 59 21 öfver
216 698 26 20 de
264 697 120 27 föreslagna
402 698 188 27 lagstadgandena,
606 698 70 21 hvilka
691 698 110 21 dessutom
817 704 53 15 voro

45 726 90 21 afsedda
157 729 32 18 att
212 726 94 21 utfärdas
330 727 6 20 i
358 726 156 22 administrativ
530 728 46 25 väg,
592 726 85 21 hvarför
693 726 177 27 lagstiftningsåt-

46 755 81 26 gärden
144 755 35 21 vid
204 755 69 21 denna
295 755 101 27 landtdag
418 754 76 22 förföll.
524 756 38 20 Ett
584 755 23 21 af
627 756 26 20 de
671 754 199 28 hufvudsakligaste

47 783 134 27 syftemålen,
197 783 85 21 hvarför
296 784 163 26 propositionen
475 783 67 26 afläts,
558 786 24 18 är
598 784 47 25 den,
660 785 31 19 att
700 790 49 14 man
759 784 54 20 hade
822 783 48 21 fun-

47 812 32 20 nit
102 814 59 19 stora
183 812 136 26 olägenheter
336 812 132 21 förekomma
485 812 65 24 däraf,
565 814 31 19 att
612 819 48 14 man
677 812 93 21 saknade
785 812 35 26 lag
835 818 35 15 om

46 840 57 21 huru
114 840 135 33 vattenvärk,
265 846 46 16 som
328 840 99 33 utgjorde
442 840 76 22 hinder
532 840 33 22 för
576 842 69 31 nyttig
655 840 128 28 sjöfällning,
793 842 76 20 ström-

46 869 104 27 rensning
165 869 39 21 och
218 869 199 27 kanalanläggning,
433 869 71 21 kunde
520 870 154 26 exproprieras.
704 869 166 27 Propositionen

47 897 93 21 innehöll
156 898 124 26 visserligen
296 885 65 34 också
372 898 132 26 stadganden
516 904 34 15 om
562 898 93 26 dikning,
667 898 121 26 sjöfällning
799 904 28 14 m.
837 904 33 19 m,,

47 932 49 14 men
112 910 184 48 expropriationen
312 933 43 19 var,
371 926 71 21 såsom
458 926 7 21 i
481 927 161 26 propositionen
657 926 27 28 på
701 927 10 20 1
729 927 38 21 sid.
778 926 23 21 af
809 926 61 21 moti-

47 955 102 27 veringen
172 955 84 25 uttalas,
279 955 35 21 det
335 954 199 28 hufvudsakligaste
549 955 94 21 motivet.
673 955 34 21 Då
721 955 85 21 undvek
821 961 49 14 man

47 985 32 19 att
98 971 65 33 inlåta
179 984 33 26 sig
226 986 97 18 närmare
338 984 28 26 på
381 990 29 14 nu
426 983 146 27 föreliggande
587 983 122 27 rättsfråga,
725 990 46 15 som
785 984 24 26 ju
825 983 46 21 icke

46 1013 25 19 är
93 1012 62 21 altför
178 1012 44 26 lätt,
245 1012 39 21 och
306 1012 70 21 talade
398 1012 55 21 blott
476 1018 34 15 om
529 1012 153 27 nyttjanderätt
697 1012 31 21 till
744 1014 72 19 vatten
832 1012 39 21 och

47 1040 154 27 nyttjanderätt
223 1040 31 22 till
276 1040 110 22 strömfall.
424 1041 77 21 Denna
522 1040 148 22 afhållsamhet
692 1043 23 19 är
738 1041 24 21 så
785 1046 85 21 genom-

47 1069 83 27 gående
145 1070 32 20 uti
193 1070 55 20 1863
263 1069 34 21 års
314 1070 140 26 proposition,
470 1071 32 19 att
516 1070 7 20 i
538 1070 28 20 30
582 1070 18 26 $,
616 1070 37 20 där
665 1070 34 20 det
711 1070 42 26 just
764 1076 37 14 var
812 1068 60 28 fråga

46 1104 36 14 om
104 1098 52 21 tvist
178 1098 7 20 i
208 1098 114 26 anledning
344 1098 23 20 af
387 1098 138 21 vattenvärks
543 1098 130 26 anläggning
688 1098 7 20 i
710 1098 110 25 strömfall,
836 1098 36 21 det

47 1126 68 21 heter:
133 1126 140 22 »Domstolen
289 1132 49 21 eger
356 1127 65 21 sedan
437 1126 62 27 skilja
514 1129 100 24 parterne
629 1126 89 21 emellan
735 1127 30 21 uti
781 1126 40 21 den
837 1126 35 21 del

46 1154 24 21 af
82 1154 81 28 frågan,
179 1161 46 15 som
241 1155 65 27 angår
322 1155 154 27 uppdämning
492 1155 38 21 och
546 1155 188 27 nyttjanderätten
747 1155 35 21 till
792 1155 80 26 kungs-

45 1183 64 23 ådra,
125 1186 57 18 samt
197 1184 85 26 tillägga
298 1184 115 25 käranden,
428 1183 44 21 ifall
488 1186 134 24 motpartens
638 1184 75 26 gjorda
728 1183 93 28 anspråk
836 1184 36 20 be-

46 1211 69 22 finnas
138 1212 101 26 oskäliga,
262 1212 119 27 ersättning
404 1212 33 21 för
460 1212 54 21 både
536 1212 139 27 rättegången
698 1212 39 45 och
758 1212 28 21 all
801 1218 70 15 annan

45 1240 68 21 skada
128 1240 51 21 eller
195 1240 131 27 olägenhet».

117 1269 40 21 Om
181 1276 30 14 nu
230 1258 72 32 denna
325 1269 135 27 proposition
480 1269 48 21 ville
544 1269 27 27 gå
586 1270 24 20 så
625 1276 26 14 ur
667 1253 66 43 vägen
748 1268 33 22 för
797 1268 74 27 frågan

46 1304 36 14 om
94 1298 126 26 eganderätt
234 1298 31 20 till
281 1297 110 27 strömfall,
400 1300 31 18 att
446 1298 42 20 den
504 1298 55 21 blott
573 1297 114 21 förutsatte
702 1299 31 19 att
748 1297 73 27 frågor
837 1303 35 15 om

47 1326 148 27 uppdämning
217 1326 39 21 och
277 1310 154 47 nyttjanderätt
453 1326 32 21 till
501 1326 123 27 kungsådra
639 1326 69 21 skulle
724 1326 27 27 gå
766 1314 31 33 till
813 1326 59 20 dom-

45 1354 50 25 stol,
124 1354 79 22 förstår
224 1355 38 27 jag
285 1354 51 26 icke,
361 1354 56 22 huru
432 1361 50 15 man
499 1354 53 22 skall
567 1354 73 22 kunna
655 1355 92 26 åberopa
763 1354 54 21 1863
837 1354 35 21 års

46 1382 131 28 lagstiftares
199 1383 129 27 behandling
349 1383 23 21 af
385 1384 40 20 den
442 1383 27 21 dä
484 1383 78 21 aflätna
577 1383 161 27 propositionen
754 1383 71 21 såsom
842 1384 31 19 ett

45 1411 48 21 skäl
115 1411 32 21 för
169 1411 74 27 frågan
268 1418 35 14 om
329 1412 106 21 huruvida
459 1412 146 20 klandertalan
629 1412 6 20 i
660 1411 99 21 afseende
777 1412 13 20 å
808 1417 64 21 egan-

46 1440 71 21 derätt
137 1440 32 21 till
191 1440 103 21 strömfall
316 1442 46 19 mot
384 1440 138 21 innehafvare
546 1440 22 21 af
582 1440 126 21 vattenvärk
722 1440 53 21 efter
790 1441 82 19 vatten-

46 1468 86 21 värkets
153 1468 131 28 anläggning
299 1468 53 22 skall
368 1468 21 22 få
404 1468 82 22 utföras
502 1468 50 22 eller
568 1468 51 22 icke.
651 1469 65 21 Utom
732 1468 70 21 denna
817 1468 28 20 30
860 1468 12 26 &

46 1498 23 20 är
91 1497 38 21 där
144 1497 112 27 ingenting
272 1497 62 27 sagdt
349 1503 35 15 om
400 1497 80 21 sädana
495 1497 88 27 tvistiga
597 1497 93 27 anspräk
704 1496 29 28 pä
747 1496 125 28 eganderät-
