<?xml version="1.0" encoding="UTF-8"?>
<alto xmlns="http://www.loc.gov/standards/alto/ns-v3#" xmlns:xlink="http://www.w3.org/1999/xlink" xmlns:xsi="http://www.w3.org/2001/XMLSchema-instance" xsi:schemaLocation="http://www.loc.gov/standards/alto/ns-v3# http://www.loc.gov/alto/v3/alto-3-0.xsd">
	<Description>
		<MeasurementUnit>pixel</MeasurementUnit>
		<sourceImageInformation>
			<fileName>/tmp/tess_istxl8xb_input.PNG</fileName>
		</sourceImageInformation>
		<OCRProcessing ID="OCR_0">
			<ocrProcessingStep>
				<processingSoftware>
					<softwareName>tesseract 5.3.4</softwareName>
				</processingSoftware>
			</ocrProcessingStep>
		</OCRProcessing>
	</Description>
	<Layout>
		<Page WIDTH="1073" HEIGHT="1778" PHYSICAL_IMG_NR="0" ID="page_0">
			<PrintSpace HPOS="0" VPOS="0" WIDTH="1073" HEIGHT="1778">
				<ComposedBlock ID="cblock_0" HPOS="194" VPOS="113" WIDTH="832" HEIGHT="34">
					<TextBlock ID="block_0" HPOS="194" VPOS="113" WIDTH="832" HEIGHT="34">
						<TextLine ID="line_0" HPOS="194" VPOS="113" WIDTH="832" HEIGHT="34">
							<String ID="string_0" HPOS="194" VPOS="114" WIDTH="42" HEIGHT="21" WC="0.92" CONTENT="770"/><SP WIDTH="307" VPOS="114" HPOS="236"/>
							<String ID="string_1" HPOS="543" VPOS="113" WIDTH="126" HEIGHT="34" WC="0.92" CONTENT="Järnvägar."/><SP WIDTH="268" VPOS="113" HPOS="669"/>
							<String ID="string_2" HPOS="937" VPOS="120" WIDTH="27" HEIGHT="18" WC="0.94" CONTENT="22"/><SP WIDTH="12" VPOS="120" HPOS="964"/>
							<String ID="string_3" HPOS="976" VPOS="120" WIDTH="50" HEIGHT="21" WC="0.92" CONTENT="maj."/>
						</TextLine>
					</TextBlock>
				</ComposedBlock>
				<GraphicalElement ID="cblock_1" HPOS="435" VPOS="148" WIDTH="587" HEIGHT="6"></GraphicalElement >
				<ComposedBlock ID="cblock_2" HPOS="190" VPOS="189" WIDTH="838" HEIGHT="801">
					<TextBlock ID="block_1" HPOS="190" VPOS="189" WIDTH="838" HEIGHT="801">
						<TextLine ID="line_1" HPOS="264" VPOS="189" WIDTH="762" HEIGHT="28">
							<String ID="string_4" HPOS="264" VPOS="189" WIDTH="32" HEIGHT="21" WC="0.96" CONTENT="Hr"/><SP WIDTH="22" VPOS="189" HPOS="296"/>
							<String ID="string_5" HPOS="318" VPOS="189" WIDTH="130" HEIGHT="22" WC="0.96" CONTENT="Neovius:"/><SP WIDTH="29" VPOS="189" HPOS="448"/>
							<String ID="string_6" HPOS="477" VPOS="190" WIDTH="42" HEIGHT="27" WC="0.93" CONTENT="Jag"/><SP WIDTH="23" VPOS="190" HPOS="519"/>
							<String ID="string_7" HPOS="542" VPOS="189" WIDTH="64" HEIGHT="28" WC="0.96" CONTENT="hyser"/><SP WIDTH="26" VPOS="189" HPOS="606"/>
							<String ID="string_8" HPOS="632" VPOS="196" WIDTH="83" HEIGHT="15" WC="0.93" CONTENT="samma"/><SP WIDTH="20" VPOS="196" HPOS="715"/>
							<String ID="string_9" HPOS="735" VPOS="189" WIDTH="145" HEIGHT="28" WC="0.68" CONTENT="betänklighet"/><SP WIDTH="15" VPOS="189" HPOS="880"/>
							<String ID="string_10" HPOS="895" VPOS="192" WIDTH="45" HEIGHT="19" WC="0.93" CONTENT="mot"/><SP WIDTH="15" VPOS="192" HPOS="940"/>
							<String ID="string_11" HPOS="955" VPOS="189" WIDTH="71" HEIGHT="22" WC="0.89" CONTENT="affatt-"/>
						</TextLine>
						<TextLine ID="line_2" HPOS="193" VPOS="217" WIDTH="831" HEIGHT="27">
							<String ID="string_12" HPOS="193" VPOS="217" WIDTH="79" HEIGHT="32" WC="0.92" CONTENT="ningen"/><SP WIDTH="25" VPOS="217" HPOS="272"/>
							<String ID="string_13" HPOS="297" VPOS="217" WIDTH="22" HEIGHT="22" WC="0.96" CONTENT="af"/><SP WIDTH="23" VPOS="217" HPOS="319"/>
							<String ID="string_14" HPOS="342" VPOS="217" WIDTH="40" HEIGHT="22" WC="0.96" CONTENT="den"/><SP WIDTH="17" VPOS="217" HPOS="382"/>
							<String ID="string_15" HPOS="399" VPOS="218" WIDTH="66" HEIGHT="21" WC="0.93" CONTENT="andra"/><SP WIDTH="16" VPOS="218" HPOS="465"/>
							<String ID="string_16" HPOS="481" VPOS="218" WIDTH="113" HEIGHT="26" WC="0.93" CONTENT="klämmen,"/><SP WIDTH="17" VPOS="218" HPOS="594"/>
							<String ID="string_17" HPOS="611" VPOS="225" WIDTH="46" HEIGHT="15" WC="0.93" CONTENT="som"/><SP WIDTH="17" VPOS="225" HPOS="657"/>
							<String ID="string_18" HPOS="674" VPOS="219" WIDTH="87" HEIGHT="21" WC="0.92" CONTENT="uttalats"/><SP WIDTH="16" VPOS="219" HPOS="761"/>
							<String ID="string_19" HPOS="777" VPOS="218" WIDTH="23" HEIGHT="21" WC="0.97" CONTENT="af"/><SP WIDTH="13" VPOS="218" HPOS="800"/>
							<String ID="string_20" HPOS="813" VPOS="218" WIDTH="25" HEIGHT="21" WC="0.96" CONTENT="hr"/><SP WIDTH="16" VPOS="218" HPOS="838"/>
							<String ID="string_21" HPOS="854" VPOS="218" WIDTH="58" HEIGHT="21" WC="0.96" CONTENT="Lille."/><SP WIDTH="30" VPOS="218" HPOS="912"/>
							<String ID="string_22" HPOS="942" VPOS="219" WIDTH="43" HEIGHT="20" WC="0.96" CONTENT="Det"/><SP WIDTH="15" VPOS="219" HPOS="985"/>
							<String ID="string_23" HPOS="1000" VPOS="220" WIDTH="24" HEIGHT="19" WC="0.96" CONTENT="är"/>
						</TextLine>
						<TextLine ID="line_3" HPOS="190" VPOS="235" WIDTH="834" HEIGHT="46">
							<String ID="string_24" HPOS="190" VPOS="246" WIDTH="26" HEIGHT="32" WC="0.95" CONTENT="ju"/><SP WIDTH="23" VPOS="246" HPOS="216"/>
							<String ID="string_25" HPOS="239" VPOS="246" WIDTH="30" HEIGHT="25" WC="0.96" CONTENT="sä,"/><SP WIDTH="23" VPOS="246" HPOS="269"/>
							<String ID="string_26" HPOS="292" VPOS="249" WIDTH="31" HEIGHT="18" WC="0.93" CONTENT="att"/><SP WIDTH="23" VPOS="249" HPOS="323"/>
							<String ID="string_27" HPOS="346" VPOS="247" WIDTH="50" HEIGHT="21" WC="0.91" CONTENT="vära"/><SP WIDTH="21" VPOS="247" HPOS="396"/>
							<String ID="string_28" HPOS="417" VPOS="235" WIDTH="197" HEIGHT="46" WC="0.91" CONTENT="fackmyndigheter"/><SP WIDTH="18" VPOS="235" HPOS="614"/>
							<String ID="string_29" HPOS="632" VPOS="247" WIDTH="28" HEIGHT="27" WC="0.96" CONTENT="pä"/><SP WIDTH="23" VPOS="247" HPOS="660"/>
							<String ID="string_30" HPOS="683" VPOS="253" WIDTH="76" HEIGHT="16" WC="0.95" CONTENT="senare"/><SP WIDTH="22" VPOS="253" HPOS="759"/>
							<String ID="string_31" HPOS="781" VPOS="247" WIDTH="31" HEIGHT="21" WC="0.93" CONTENT="tid"/><SP WIDTH="23" VPOS="247" HPOS="812"/>
							<String ID="string_32" HPOS="835" VPOS="247" WIDTH="115" HEIGHT="27" WC="0.92" CONTENT="ingalunda"/><SP WIDTH="18" VPOS="247" HPOS="950"/>
							<String ID="string_33" HPOS="968" VPOS="247" WIDTH="56" HEIGHT="21" WC="0.80" CONTENT="varit"/>
						</TextLine>
						<TextLine ID="line_4" HPOS="194" VPOS="275" WIDTH="831" HEIGHT="28">
							<String ID="string_34" HPOS="194" VPOS="275" WIDTH="81" HEIGHT="27" WC="0.92" CONTENT="njugga"/><SP WIDTH="14" VPOS="275" HPOS="275"/>
							<String ID="string_35" HPOS="289" VPOS="275" WIDTH="7" HEIGHT="21" WC="0.93" CONTENT="i"/><SP WIDTH="15" VPOS="275" HPOS="296"/>
							<String ID="string_36" HPOS="311" VPOS="275" WIDTH="60" HEIGHT="27" WC="0.89" CONTENT="fräga"/><SP WIDTH="22" VPOS="275" HPOS="371"/>
							<String ID="string_37" HPOS="393" VPOS="281" WIDTH="34" HEIGHT="16" WC="0.96" CONTENT="om"/><SP WIDTH="24" VPOS="281" HPOS="427"/>
							<String ID="string_38" HPOS="451" VPOS="281" WIDTH="40" HEIGHT="21" WC="0.93" CONTENT="nya"/><SP WIDTH="16" VPOS="281" HPOS="491"/>
							<String ID="string_39" HPOS="507" VPOS="275" WIDTH="130" HEIGHT="28" WC="0.92" CONTENT="järnvägars"/><SP WIDTH="15" VPOS="275" HPOS="637"/>
							<String ID="string_40" HPOS="652" VPOS="276" WIDTH="266" HEIGHT="27" WC="0.91" CONTENT="anläggningskostnader."/><SP WIDTH="31" VPOS="276" HPOS="918"/>
							<String ID="string_41" HPOS="949" VPOS="276" WIDTH="33" HEIGHT="21" WC="0.91" CONTENT="Dä"/><SP WIDTH="15" VPOS="276" HPOS="982"/>
							<String ID="string_42" HPOS="997" VPOS="275" WIDTH="28" HEIGHT="22" WC="0.96" CONTENT="de"/>
						</TextLine>
						<TextLine ID="line_5" HPOS="194" VPOS="303" WIDTH="834" HEIGHT="28">
							<String ID="string_43" HPOS="194" VPOS="310" WIDTH="29" HEIGHT="15" WC="0.95" CONTENT="nu"/><SP WIDTH="20" VPOS="310" HPOS="223"/>
							<String ID="string_44" HPOS="243" VPOS="309" WIDTH="26" HEIGHT="16" WC="0.93" CONTENT="en"/><SP WIDTH="20" VPOS="309" HPOS="269"/>
							<String ID="string_45" HPOS="289" VPOS="303" WIDTH="56" HEIGHT="28" WC="0.92" CONTENT="gäng"/><SP WIDTH="22" VPOS="303" HPOS="345"/>
							<String ID="string_46" HPOS="367" VPOS="303" WIDTH="85" HEIGHT="22" WC="0.96" CONTENT="komma"/><SP WIDTH="23" VPOS="303" HPOS="452"/>
							<String ID="string_47" HPOS="475" VPOS="305" WIDTH="48" HEIGHT="20" WC="0.96" CONTENT="med"/><SP WIDTH="24" VPOS="305" HPOS="523"/>
							<String ID="string_48" HPOS="547" VPOS="306" WIDTH="32" HEIGHT="19" WC="0.93" CONTENT="ett"/><SP WIDTH="22" VPOS="306" HPOS="579"/>
							<String ID="string_49" HPOS="601" VPOS="305" WIDTH="96" HEIGHT="26" WC="0.91" CONTENT="ovanligt"/><SP WIDTH="23" VPOS="305" HPOS="697"/>
							<String ID="string_50" HPOS="720" VPOS="305" WIDTH="69" HEIGHT="26" WC="0.92" CONTENT="billigt"/><SP WIDTH="20" VPOS="305" HPOS="789"/>
							<String ID="string_51" HPOS="809" VPOS="304" WIDTH="84" HEIGHT="27" WC="0.93" CONTENT="förslag,"/><SP WIDTH="17" VPOS="304" HPOS="893"/>
							<String ID="string_52" HPOS="910" VPOS="311" WIDTH="63" HEIGHT="20" WC="0.93" CONTENT="synes"/><SP WIDTH="15" VPOS="311" HPOS="973"/>
							<String ID="string_53" HPOS="988" VPOS="305" WIDTH="40" HEIGHT="20" WC="0.89" CONTENT="det."/>
						</TextLine>
						<TextLine ID="line_6" HPOS="193" VPOS="331" WIDTH="832" HEIGHT="29">
							<String ID="string_54" HPOS="193" VPOS="331" WIDTH="121" HEIGHT="23" WC="0.92" CONTENT="förhastadt"/><SP WIDTH="14" VPOS="331" HPOS="314"/>
							<String ID="string_55" HPOS="328" VPOS="333" WIDTH="33" HEIGHT="20" WC="0.89" CONTENT="för"/><SP WIDTH="16" VPOS="333" HPOS="361"/>
							<String ID="string_56" HPOS="377" VPOS="333" WIDTH="116" HEIGHT="21" WC="0.95" CONTENT="ständerna"/><SP WIDTH="16" VPOS="333" HPOS="493"/>
							<String ID="string_57" HPOS="509" VPOS="335" WIDTH="37" HEIGHT="23" WC="0.96" CONTENT="att,"/><SP WIDTH="17" VPOS="335" HPOS="546"/>
							<String ID="string_58" HPOS="563" VPOS="333" WIDTH="24" HEIGHT="21" WC="0.97" CONTENT="sä"/><SP WIDTH="14" VPOS="333" HPOS="587"/>
							<String ID="string_59" HPOS="601" VPOS="336" WIDTH="32" HEIGHT="18" WC="0.93" CONTENT="att"/><SP WIDTH="16" VPOS="336" HPOS="633"/>
							<String ID="string_60" HPOS="649" VPOS="335" WIDTH="58" HEIGHT="24" WC="0.45" CONTENT="säga,"/><SP WIDTH="7" VPOS="335" HPOS="707"/>
							<String ID="string_61" HPOS="714" VPOS="333" WIDTH="27" HEIGHT="27" WC="0.46" CONTENT="pä"/><SP WIDTH="15" VPOS="333" HPOS="741"/>
							<String ID="string_62" HPOS="756" VPOS="333" WIDTH="39" HEIGHT="21" WC="0.96" CONTENT="rak"/><SP WIDTH="15" VPOS="333" HPOS="795"/>
							<String ID="string_63" HPOS="810" VPOS="339" WIDTH="45" HEIGHT="15" WC="0.93" CONTENT="arm"/><SP WIDTH="16" VPOS="339" HPOS="855"/>
							<String ID="string_64" HPOS="871" VPOS="333" WIDTH="87" HEIGHT="21" WC="0.96" CONTENT="förorda"/><SP WIDTH="15" VPOS="333" HPOS="958"/>
							<String ID="string_65" HPOS="973" VPOS="333" WIDTH="52" HEIGHT="21" WC="0.96" CONTENT="dess"/>
						</TextLine>
						<TextLine ID="line_7" HPOS="193" VPOS="360" WIDTH="832" HEIGHT="28">
							<String ID="string_66" HPOS="193" VPOS="360" WIDTH="98" HEIGHT="27" WC="0.92" CONTENT="höjande."/><SP WIDTH="30" VPOS="360" HPOS="291"/>
							<String ID="string_67" HPOS="321" VPOS="361" WIDTH="42" HEIGHT="27" WC="0.96" CONTENT="Jag"/><SP WIDTH="22" VPOS="361" HPOS="363"/>
							<String ID="string_68" HPOS="385" VPOS="361" WIDTH="68" HEIGHT="21" WC="0.96" CONTENT="skulle"/><SP WIDTH="20" VPOS="361" HPOS="453"/>
							<String ID="string_69" HPOS="473" VPOS="360" WIDTH="72" HEIGHT="22" WC="0.96" CONTENT="därför"/><SP WIDTH="18" VPOS="360" HPOS="545"/>
							<String ID="string_70" HPOS="563" VPOS="360" WIDTH="33" HEIGHT="22" WC="0.96" CONTENT="för"/><SP WIDTH="19" VPOS="360" HPOS="596"/>
							<String ID="string_71" HPOS="615" VPOS="362" WIDTH="44" HEIGHT="20" WC="0.96" CONTENT="min"/><SP WIDTH="16" VPOS="362" HPOS="659"/>
							<String ID="string_72" HPOS="675" VPOS="362" WIDTH="34" HEIGHT="21" WC="0.93" CONTENT="del"/><SP WIDTH="15" VPOS="362" HPOS="709"/>
							<String ID="string_73" HPOS="724" VPOS="368" WIDTH="52" HEIGHT="14" WC="0.93" CONTENT="anse"/><SP WIDTH="16" VPOS="368" HPOS="776"/>
							<String ID="string_74" HPOS="792" VPOS="362" WIDTH="36" HEIGHT="20" WC="0.96" CONTENT="det"/><SP WIDTH="15" VPOS="362" HPOS="828"/>
							<String ID="string_75" HPOS="843" VPOS="368" WIDTH="50" HEIGHT="14" WC="0.96" CONTENT="vara"/><SP WIDTH="16" VPOS="368" HPOS="893"/>
							<String ID="string_76" HPOS="909" VPOS="362" WIDTH="69" HEIGHT="20" WC="0.96" CONTENT="bättre"/><SP WIDTH="14" VPOS="362" HPOS="978"/>
							<String ID="string_77" HPOS="992" VPOS="363" WIDTH="33" HEIGHT="19" WC="0.95" CONTENT="att."/>
						</TextLine>
						<TextLine ID="line_8" HPOS="195" VPOS="389" WIDTH="829" HEIGHT="28">
							<String ID="string_78" HPOS="195" VPOS="389" WIDTH="57" HEIGHT="28" WC="0.96" CONTENT="gifva"/><SP WIDTH="15" VPOS="389" HPOS="252"/>
							<String ID="string_79" HPOS="267" VPOS="389" WIDTH="22" HEIGHT="22" WC="0.96" CONTENT="åt"/><SP WIDTH="16" VPOS="389" HPOS="289"/>
							<String ID="string_80" HPOS="305" VPOS="389" WIDTH="69" HEIGHT="22" WC="0.93" CONTENT="denna"/><SP WIDTH="14" VPOS="389" HPOS="374"/>
							<String ID="string_81" HPOS="388" VPOS="389" WIDTH="56" HEIGHT="22" WC="0.96" CONTENT="kläm"/><SP WIDTH="16" VPOS="389" HPOS="444"/>
							<String ID="string_82" HPOS="460" VPOS="396" WIDTH="27" HEIGHT="15" WC="0.96" CONTENT="en"/><SP WIDTH="15" VPOS="396" HPOS="487"/>
							<String ID="string_83" HPOS="502" VPOS="396" WIDTH="60" HEIGHT="15" WC="0.93" CONTENT="mera"/><SP WIDTH="15" VPOS="396" HPOS="562"/>
							<String ID="string_84" HPOS="577" VPOS="390" WIDTH="116" HEIGHT="21" WC="0.92" CONTENT="sväfvande"/><SP WIDTH="12" VPOS="390" HPOS="693"/>
							<String ID="string_85" HPOS="705" VPOS="390" WIDTH="118" HEIGHT="27" WC="0.92" CONTENT="affattning,"/><SP WIDTH="12" VPOS="390" HPOS="823"/>
							<String ID="string_86" HPOS="835" VPOS="389" WIDTH="89" HEIGHT="28" WC="0.96" CONTENT="ungefär"/><SP WIDTH="11" VPOS="389" HPOS="924"/>
							<String ID="string_87" HPOS="935" VPOS="390" WIDTH="33" HEIGHT="21" WC="0.93" CONTENT="sä:"/><SP WIDTH="12" VPOS="390" HPOS="968"/>
							<String ID="string_88" HPOS="980" VPOS="392" WIDTH="44" HEIGHT="19" WC="0.86" CONTENT="»att"/>
						</TextLine>
						<TextLine ID="line_9" HPOS="194" VPOS="418" WIDTH="830" HEIGHT="27">
							<String ID="string_89" HPOS="194" VPOS="418" WIDTH="128" HEIGHT="27" WC="0.96" CONTENT="regeringen"/><SP WIDTH="15" VPOS="418" HPOS="322"/>
							<String ID="string_90" HPOS="337" VPOS="418" WIDTH="49" HEIGHT="21" WC="0.93" CONTENT="ville"/><SP WIDTH="15" VPOS="418" HPOS="386"/>
							<String ID="string_91" HPOS="401" VPOS="421" WIDTH="49" HEIGHT="24" WC="0.92" CONTENT="taga"/><SP WIDTH="15" VPOS="421" HPOS="450"/>
							<String ID="string_92" HPOS="465" VPOS="419" WIDTH="7" HEIGHT="20" WC="0.92" CONTENT="i"/><SP WIDTH="15" VPOS="419" HPOS="472"/>
							<String ID="string_93" HPOS="487" VPOS="418" WIDTH="164" HEIGHT="27" WC="0.92" CONTENT="öfvervägande,"/><SP WIDTH="11" VPOS="418" HPOS="651"/>
							<String ID="string_94" HPOS="662" VPOS="419" WIDTH="106" HEIGHT="21" WC="0.93" CONTENT="huruvida"/><SP WIDTH="10" VPOS="419" HPOS="768"/>
							<String ID="string_95" HPOS="778" VPOS="419" WIDTH="46" HEIGHT="21" WC="0.91" CONTENT="icke"/><SP WIDTH="11" VPOS="419" HPOS="824"/>
							<String ID="string_96" HPOS="835" VPOS="419" WIDTH="69" HEIGHT="21" WC="0.93" CONTENT="denna"/><SP WIDTH="8" VPOS="419" HPOS="904"/>
							<String ID="string_97" HPOS="912" VPOS="419" WIDTH="112" HEIGHT="26" WC="0.92" CONTENT="järnvägs-"/>
						</TextLine>
						<TextLine ID="line_10" HPOS="196" VPOS="447" WIDTH="830" HEIGHT="27">
							<String ID="string_98" HPOS="196" VPOS="447" WIDTH="99" HEIGHT="26" WC="0.92" CONTENT="byggnad"/><SP WIDTH="15" VPOS="447" HPOS="295"/>
							<String ID="string_99" HPOS="310" VPOS="447" WIDTH="67" HEIGHT="21" WC="0.93" CONTENT="borde"/><SP WIDTH="15" VPOS="447" HPOS="377"/>
							<String ID="string_100" HPOS="392" VPOS="447" WIDTH="81" HEIGHT="21" WC="0.91" CONTENT="utföras"/><SP WIDTH="16" VPOS="447" HPOS="473"/>
							<String ID="string_101" HPOS="489" VPOS="447" WIDTH="114" HEIGHT="27" WC="0.94" CONTENT="antingen»"/><SP WIDTH="19" VPOS="447" HPOS="603"/>
							<String ID="string_102" HPOS="622" VPOS="454" WIDTH="18" HEIGHT="15" WC="0.96" CONTENT="o."/><SP WIDTH="17" VPOS="454" HPOS="640"/>
							<String ID="string_103" HPOS="657" VPOS="454" WIDTH="16" HEIGHT="15" WC="0.96" CONTENT="s."/><SP WIDTH="15" VPOS="454" HPOS="673"/>
							<String ID="string_104" HPOS="688" VPOS="455" WIDTH="20" HEIGHT="14" WC="0.96" CONTENT="v."/><SP WIDTH="15" VPOS="455" HPOS="708"/>
							<String ID="string_105" HPOS="723" VPOS="447" WIDTH="67" HEIGHT="27" WC="0.93" CONTENT="enligt"/><SP WIDTH="15" VPOS="447" HPOS="790"/>
							<String ID="string_106" HPOS="805" VPOS="447" WIDTH="117" HEIGHT="22" WC="0.92" CONTENT="utskottets"/><SP WIDTH="15" VPOS="447" HPOS="922"/>
							<String ID="string_107" HPOS="937" VPOS="447" WIDTH="89" HEIGHT="26" WC="0.94" CONTENT="förslag."/>
						</TextLine>
						<TextLine ID="line_11" HPOS="194" VPOS="475" WIDTH="830" HEIGHT="28">
							<String ID="string_108" HPOS="194" VPOS="475" WIDTH="131" HEIGHT="27" WC="0.96" CONTENT="Därigenom"/><SP WIDTH="24" VPOS="475" HPOS="325"/>
							<String ID="string_109" HPOS="349" VPOS="475" WIDTH="27" HEIGHT="22" WC="0.93" CONTENT="ha"/><SP WIDTH="22" VPOS="475" HPOS="376"/>
							<String ID="string_110" HPOS="398" VPOS="476" WIDTH="45" HEIGHT="21" WC="0.96" CONTENT="icke"/><SP WIDTH="20" VPOS="476" HPOS="443"/>
							<String ID="string_111" HPOS="463" VPOS="476" WIDTH="116" HEIGHT="21" WC="0.96" CONTENT="ständerna"/><SP WIDTH="15" VPOS="476" HPOS="579"/>
							<String ID="string_112" HPOS="594" VPOS="476" WIDTH="93" HEIGHT="21" WC="0.93" CONTENT="bestämt"/><SP WIDTH="15" VPOS="476" HPOS="687"/>
							<String ID="string_113" HPOS="702" VPOS="476" WIDTH="98" HEIGHT="27" WC="0.80" CONTENT="päbjudit"/><SP WIDTH="21" VPOS="476" HPOS="800"/>
							<String ID="string_114" HPOS="821" VPOS="478" WIDTH="32" HEIGHT="19" WC="0.96" CONTENT="att"/><SP WIDTH="16" VPOS="478" HPOS="853"/>
							<String ID="string_115" HPOS="869" VPOS="482" WIDTH="25" HEIGHT="15" WC="0.93" CONTENT="en"/><SP WIDTH="16" VPOS="482" HPOS="894"/>
							<String ID="string_116" HPOS="910" VPOS="476" WIDTH="57" HEIGHT="27" WC="0.93" CONTENT="dylik"/><SP WIDTH="15" VPOS="476" HPOS="967"/>
							<String ID="string_117" HPOS="982" VPOS="475" WIDTH="42" HEIGHT="22" WC="0.93" CONTENT="för-"/>
						</TextLine>
						<TextLine ID="line_12" HPOS="195" VPOS="504" WIDTH="832" HEIGHT="27">
							<String ID="string_118" HPOS="195" VPOS="504" WIDTH="93" HEIGHT="27" WC="0.92" CONTENT="dyrning"/><SP WIDTH="25" VPOS="504" HPOS="288"/>
							<String ID="string_119" HPOS="313" VPOS="504" WIDTH="54" HEIGHT="21" WC="0.93" CONTENT="skall"/><SP WIDTH="21" VPOS="504" HPOS="367"/>
							<String ID="string_120" HPOS="388" VPOS="511" WIDTH="39" HEIGHT="20" WC="0.92" CONTENT="ega"/><SP WIDTH="14" VPOS="511" HPOS="427"/>
							<String ID="string_121" HPOS="441" VPOS="511" WIDTH="55" HEIGHT="19" WC="0.96" CONTENT="rum,"/><SP WIDTH="16" VPOS="511" HPOS="496"/>
							<String ID="string_122" HPOS="512" VPOS="507" WIDTH="52" HEIGHT="18" WC="0.96" CONTENT="utan"/><SP WIDTH="21" VPOS="507" HPOS="564"/>
							<String ID="string_123" HPOS="585" VPOS="504" WIDTH="126" HEIGHT="22" WC="0.96" CONTENT="förutsätter"/><SP WIDTH="16" VPOS="504" HPOS="711"/>
							<String ID="string_124" HPOS="727" VPOS="505" WIDTH="58" HEIGHT="21" WC="0.96" CONTENT="detta"/><SP WIDTH="15" VPOS="505" HPOS="785"/>
							<String ID="string_125" HPOS="800" VPOS="507" WIDTH="32" HEIGHT="18" WC="0.96" CONTENT="att"/><SP WIDTH="15" VPOS="507" HPOS="832"/>
							<String ID="string_126" HPOS="847" VPOS="511" WIDTH="26" HEIGHT="14" WC="0.93" CONTENT="en"/><SP WIDTH="16" VPOS="511" HPOS="873"/>
							<String ID="string_127" HPOS="889" VPOS="505" WIDTH="100" HEIGHT="26" WC="0.92" CONTENT="pröfning"/><SP WIDTH="14" VPOS="505" HPOS="989"/>
							<String ID="string_128" HPOS="1003" VPOS="504" WIDTH="24" HEIGHT="21" WC="0.96" CONTENT="af"/>
						</TextLine>
						<TextLine ID="line_13" HPOS="195" VPOS="532" WIDTH="833" HEIGHT="28">
							<String ID="string_129" HPOS="195" VPOS="533" WIDTH="65" HEIGHT="21" WC="0.96" CONTENT="saken"/><SP WIDTH="26" VPOS="533" HPOS="260"/>
							<String ID="string_130" HPOS="286" VPOS="533" WIDTH="48" HEIGHT="21" WC="0.93" CONTENT="sker"/><SP WIDTH="20" VPOS="533" HPOS="334"/>
							<String ID="string_131" HPOS="354" VPOS="532" WIDTH="143" HEIGHT="22" WC="0.87" CONTENT="därförinnan."/><SP WIDTH="31" VPOS="532" HPOS="497"/>
							<String ID="string_132" HPOS="528" VPOS="533" WIDTH="105" HEIGHT="22" WC="0.87" CONTENT="Särskildt"/><SP WIDTH="15" VPOS="533" HPOS="633"/>
							<String ID="string_133" HPOS="648" VPOS="533" WIDTH="56" HEIGHT="22" WC="0.95" CONTENT="hvad"/><SP WIDTH="16" VPOS="533" HPOS="704"/>
							<String ID="string_134" HPOS="720" VPOS="540" WIDTH="29" HEIGHT="15" WC="0.96" CONTENT="nu"/><SP WIDTH="16" VPOS="540" HPOS="749"/>
							<String ID="string_135" HPOS="765" VPOS="533" WIDTH="100" HEIGHT="22" WC="0.93" CONTENT="beträffar"/><SP WIDTH="16" VPOS="533" HPOS="865"/>
							<String ID="string_136" HPOS="881" VPOS="533" WIDTH="107" HEIGHT="27" WC="0.96" CONTENT="ökningen"/><SP WIDTH="15" VPOS="533" HPOS="988"/>
							<String ID="string_137" HPOS="1003" VPOS="532" WIDTH="25" HEIGHT="22" WC="0.97" CONTENT="af"/>
						</TextLine>
						<TextLine ID="line_14" HPOS="194" VPOS="561" WIDTH="831" HEIGHT="28">
							<String ID="string_138" HPOS="194" VPOS="561" WIDTH="153" HEIGHT="26" WC="0.91" CONTENT="lokomotiven,"/><SP WIDTH="16" VPOS="561" HPOS="347"/>
							<String ID="string_139" HPOS="363" VPOS="561" WIDTH="37" HEIGHT="22" WC="0.96" CONTENT="har"/><SP WIDTH="13" VPOS="561" HPOS="400"/>
							<String ID="string_140" HPOS="413" VPOS="562" WIDTH="37" HEIGHT="27" WC="0.93" CONTENT="jag"/><SP WIDTH="20" VPOS="562" HPOS="450"/>
							<String ID="string_141" HPOS="470" VPOS="561" WIDTH="46" HEIGHT="22" WC="0.93" CONTENT="frän"/><SP WIDTH="19" VPOS="561" HPOS="516"/>
							<String ID="string_142" HPOS="535" VPOS="568" WIDTH="27" HEIGHT="15" WC="0.96" CONTENT="en"/><SP WIDTH="18" VPOS="568" HPOS="562"/>
							<String ID="string_143" HPOS="580" VPOS="562" WIDTH="91" HEIGHT="21" WC="0.96" CONTENT="medlem"/><SP WIDTH="18" VPOS="562" HPOS="671"/>
							<String ID="string_144" HPOS="689" VPOS="562" WIDTH="23" HEIGHT="21" WC="0.93" CONTENT="af"/><SP WIDTH="15" VPOS="562" HPOS="712"/>
							<String ID="string_145" HPOS="727" VPOS="561" WIDTH="198" HEIGHT="35" WC="0.91" CONTENT="fackmyndigheten"/><SP WIDTH="18" VPOS="561" HPOS="925"/>
							<String ID="string_146" HPOS="943" VPOS="562" WIDTH="82" HEIGHT="21" WC="0.91" CONTENT="inhäm-"/>
						</TextLine>
						<TextLine ID="line_15" HPOS="195" VPOS="590" WIDTH="827" HEIGHT="27">
							<String ID="string_147" HPOS="195" VPOS="592" WIDTH="31" HEIGHT="19" WC="0.96" CONTENT="tat"/><SP WIDTH="23" VPOS="592" HPOS="226"/>
							<String ID="string_148" HPOS="249" VPOS="596" WIDTH="26" HEIGHT="15" WC="0.93" CONTENT="en"/><SP WIDTH="24" VPOS="596" HPOS="275"/>
							<String ID="string_149" HPOS="299" VPOS="590" WIDTH="121" HEIGHT="27" WC="0.92" CONTENT="förklaring,"/><SP WIDTH="23" VPOS="590" HPOS="420"/>
							<String ID="string_150" HPOS="443" VPOS="590" WIDTH="86" HEIGHT="21" WC="0.91" CONTENT="hvarför"/><SP WIDTH="22" VPOS="590" HPOS="529"/>
							<String ID="string_151" HPOS="551" VPOS="591" WIDTH="156" HEIGHT="21" WC="0.91" CONTENT="lokomotivens"/><SP WIDTH="18" VPOS="591" HPOS="707"/>
							<String ID="string_152" HPOS="725" VPOS="591" WIDTH="58" HEIGHT="21" WC="0.93" CONTENT="antal"/><SP WIDTH="15" VPOS="591" HPOS="783"/>
							<String ID="string_153" HPOS="798" VPOS="591" WIDTH="65" HEIGHT="26" WC="0.93" CONTENT="tagits"/><SP WIDTH="16" VPOS="591" HPOS="863"/>
							<String ID="string_154" HPOS="879" VPOS="591" WIDTH="24" HEIGHT="20" WC="0.92" CONTENT="sä"/><SP WIDTH="14" VPOS="591" HPOS="903"/>
							<String ID="string_155" HPOS="917" VPOS="591" WIDTH="44" HEIGHT="26" WC="0.92" CONTENT="lägt"/><SP WIDTH="15" VPOS="591" HPOS="961"/>
							<String ID="string_156" HPOS="976" VPOS="597" WIDTH="46" HEIGHT="14" WC="0.96" CONTENT="som"/>
						</TextLine>
						<TextLine ID="line_16" HPOS="194" VPOS="618" WIDTH="834" HEIGHT="29">
							<String ID="string_157" HPOS="194" VPOS="618" WIDTH="54" HEIGHT="27" WC="0.95" CONTENT="fyra."/><SP WIDTH="31" VPOS="618" HPOS="248"/>
							<String ID="string_158" HPOS="279" VPOS="619" WIDTH="42" HEIGHT="21" WC="0.96" CONTENT="Det"/><SP WIDTH="18" VPOS="619" HPOS="321"/>
							<String ID="string_159" HPOS="339" VPOS="619" WIDTH="38" HEIGHT="21" WC="0.92" CONTENT="har"/><SP WIDTH="19" VPOS="619" HPOS="377"/>
							<String ID="string_160" HPOS="396" VPOS="619" WIDTH="70" HEIGHT="21" WC="0.96" CONTENT="berott"/><SP WIDTH="15" VPOS="619" HPOS="466"/>
							<String ID="string_161" HPOS="481" VPOS="619" WIDTH="68" HEIGHT="27" WC="0.93" CONTENT="enligt"/><SP WIDTH="15" VPOS="619" HPOS="549"/>
							<String ID="string_162" HPOS="564" VPOS="619" WIDTH="84" HEIGHT="27" WC="0.96" CONTENT="uppgift"/><SP WIDTH="15" VPOS="619" HPOS="648"/>
							<String ID="string_163" HPOS="663" VPOS="619" WIDTH="72" HEIGHT="28" WC="0.96" CONTENT="därpå,"/><SP WIDTH="16" VPOS="619" HPOS="735"/>
							<String ID="string_164" HPOS="751" VPOS="622" WIDTH="32" HEIGHT="18" WC="0.96" CONTENT="att"/><SP WIDTH="15" VPOS="622" HPOS="783"/>
							<String ID="string_165" HPOS="798" VPOS="619" WIDTH="35" HEIGHT="21" WC="0.93" CONTENT="vid"/><SP WIDTH="16" VPOS="619" HPOS="833"/>
							<String ID="string_166" HPOS="849" VPOS="619" WIDTH="139" HEIGHT="27" WC="0.92" CONTENT="uppgörande"/><SP WIDTH="15" VPOS="619" HPOS="988"/>
							<String ID="string_167" HPOS="1003" VPOS="618" WIDTH="25" HEIGHT="21" WC="0.96" CONTENT="af"/>
						</TextLine>
						<TextLine ID="line_17" HPOS="195" VPOS="647" WIDTH="830" HEIGHT="28">
							<String ID="string_168" HPOS="195" VPOS="647" WIDTH="82" HEIGHT="28" WC="0.96" CONTENT="förslag"/><SP WIDTH="22" VPOS="647" HPOS="277"/>
							<String ID="string_169" HPOS="299" VPOS="647" WIDTH="31" HEIGHT="22" WC="0.93" CONTENT="till"/><SP WIDTH="22" VPOS="647" HPOS="330"/>
							<String ID="string_170" HPOS="352" VPOS="647" WIDTH="266" HEIGHT="28" WC="0.56" CONTENT="Kuopio—lisalmibanan"/><SP WIDTH="28" VPOS="647" HPOS="618"/>
							<String ID="string_171" HPOS="646" VPOS="648" WIDTH="199" HEIGHT="21" WC="0.87" CONTENT="lokomotivantalet"/><SP WIDTH="26" VPOS="648" HPOS="845"/>
							<String ID="string_172" HPOS="871" VPOS="649" WIDTH="64" HEIGHT="25" WC="0.96" CONTENT="tagits"/><SP WIDTH="23" VPOS="649" HPOS="935"/>
							<String ID="string_173" HPOS="958" VPOS="648" WIDTH="67" HEIGHT="26" WC="0.96" CONTENT="något"/>
						</TextLine>
						<TextLine ID="line_18" HPOS="195" VPOS="676" WIDTH="830" HEIGHT="28">
							<String ID="string_174" HPOS="195" VPOS="676" WIDTH="63" HEIGHT="27" WC="0.91" CONTENT="drygt"/><SP WIDTH="19" VPOS="676" HPOS="258"/>
							<String ID="string_175" HPOS="277" VPOS="676" WIDTH="67" HEIGHT="27" WC="0.91" CONTENT="justi"/><SP WIDTH="16" VPOS="676" HPOS="344"/>
							<String ID="string_176" HPOS="360" VPOS="676" WIDTH="63" HEIGHT="21" WC="0.96" CONTENT="tanke"/><SP WIDTH="15" VPOS="676" HPOS="423"/>
							<String ID="string_177" HPOS="438" VPOS="677" WIDTH="27" HEIGHT="26" WC="0.96" CONTENT="pä"/><SP WIDTH="15" VPOS="677" HPOS="465"/>
							<String ID="string_178" HPOS="480" VPOS="679" WIDTH="31" HEIGHT="19" WC="0.93" CONTENT="att"/><SP WIDTH="15" VPOS="679" HPOS="511"/>
							<String ID="string_179" HPOS="526" VPOS="676" WIDTH="141" HEIGHT="28" WC="0.92" CONTENT="fortsättning"/><SP WIDTH="15" VPOS="676" HPOS="667"/>
							<String ID="string_180" HPOS="682" VPOS="677" WIDTH="23" HEIGHT="21" WC="0.97" CONTENT="af"/><SP WIDTH="8" VPOS="677" HPOS="705"/>
							<String ID="string_181" HPOS="713" VPOS="677" WIDTH="71" HEIGHT="21" WC="0.93" CONTENT="denna"/><SP WIDTH="10" VPOS="677" HPOS="784"/>
							<String ID="string_182" HPOS="794" VPOS="677" WIDTH="55" HEIGHT="20" WC="0.91" CONTENT="bana"/><SP WIDTH="10" VPOS="677" HPOS="849"/>
							<String ID="string_183" HPOS="859" VPOS="677" WIDTH="69" HEIGHT="21" WC="0.96" CONTENT="skulle"/><SP WIDTH="10" VPOS="677" HPOS="928"/>
							<String ID="string_184" HPOS="938" VPOS="676" WIDTH="87" HEIGHT="21" WC="0.86" CONTENT="komma"/>
						</TextLine>
						<TextLine ID="line_19" HPOS="194" VPOS="705" WIDTH="829" HEIGHT="26">
							<String ID="string_185" HPOS="194" VPOS="705" WIDTH="32" HEIGHT="20" WC="0.92" CONTENT="till"/><SP WIDTH="25" VPOS="705" HPOS="226"/>
							<String ID="string_186" HPOS="251" VPOS="705" WIDTH="63" HEIGHT="21" WC="0.92" CONTENT="ständ"/><SP WIDTH="23" VPOS="705" HPOS="314"/>
							<String ID="string_187" HPOS="337" VPOS="705" WIDTH="38" HEIGHT="21" WC="0.92" CONTENT="och"/><SP WIDTH="27" VPOS="705" HPOS="375"/>
							<String ID="string_188" HPOS="402" VPOS="705" WIDTH="82" HEIGHT="21" WC="0.92" CONTENT="säledes"/><SP WIDTH="17" VPOS="705" HPOS="484"/>
							<String ID="string_189" HPOS="501" VPOS="705" WIDTH="64" HEIGHT="21" WC="0.93" CONTENT="dessa"/><SP WIDTH="15" VPOS="705" HPOS="565"/>
							<String ID="string_190" HPOS="580" VPOS="705" WIDTH="117" HEIGHT="21" WC="0.91" CONTENT="lokomotiv"/><SP WIDTH="16" VPOS="705" HPOS="697"/>
							<String ID="string_191" HPOS="713" VPOS="705" WIDTH="72" HEIGHT="21" WC="0.96" CONTENT="kunde"/><SP WIDTH="16" VPOS="705" HPOS="785"/>
							<String ID="string_192" HPOS="801" VPOS="705" WIDTH="85" HEIGHT="21" WC="0.96" CONTENT="komma"/><SP WIDTH="15" VPOS="705" HPOS="886"/>
							<String ID="string_193" HPOS="901" VPOS="707" WIDTH="31" HEIGHT="19" WC="0.93" CONTENT="att"/><SP WIDTH="16" VPOS="707" HPOS="932"/>
							<String ID="string_194" HPOS="948" VPOS="705" WIDTH="75" HEIGHT="26" WC="0.92" CONTENT="tjänst-"/>
						</TextLine>
						<TextLine ID="line_20" HPOS="195" VPOS="733" WIDTH="829" HEIGHT="27">
							<String ID="string_195" HPOS="195" VPOS="734" WIDTH="51" HEIGHT="25" WC="0.93" CONTENT="göra"/><SP WIDTH="25" VPOS="734" HPOS="246"/>
							<String ID="string_196" HPOS="271" VPOS="733" WIDTH="64" HEIGHT="21" WC="0.95" CONTENT="också"/><SP WIDTH="20" VPOS="733" HPOS="335"/>
							<String ID="string_197" HPOS="355" VPOS="734" WIDTH="27" HEIGHT="26" WC="0.93" CONTENT="pä"/><SP WIDTH="22" VPOS="734" HPOS="382"/>
							<String ID="string_198" HPOS="404" VPOS="734" WIDTH="221" HEIGHT="26" WC="0.92" CONTENT="fortsättningsbanan"/><SP WIDTH="24" VPOS="734" HPOS="625"/>
							<String ID="string_199" HPOS="649" VPOS="733" WIDTH="200" HEIGHT="27" WC="0.66" CONTENT="Iisalmi—Kajana."/><SP WIDTH="24" VPOS="733" HPOS="849"/>
							<String ID="string_200" HPOS="873" VPOS="734" WIDTH="42" HEIGHT="26" WC="0.96" CONTENT="Jag"/><SP WIDTH="20" VPOS="734" HPOS="915"/>
							<String ID="string_201" HPOS="935" VPOS="733" WIDTH="36" HEIGHT="21" WC="0.93" CONTENT="vill"/><SP WIDTH="15" VPOS="733" HPOS="971"/>
							<String ID="string_202" HPOS="986" VPOS="739" WIDTH="38" HEIGHT="15" WC="0.92" CONTENT="en-"/>
						</TextLine>
						<TextLine ID="line_21" HPOS="195" VPOS="761" WIDTH="827" HEIGHT="28">
							<String ID="string_203" HPOS="195" VPOS="762" WIDTH="49" HEIGHT="21" WC="0.90" CONTENT="dast"/><SP WIDTH="21" VPOS="762" HPOS="244"/>
							<String ID="string_204" HPOS="265" VPOS="761" WIDTH="74" HEIGHT="22" WC="0.96" CONTENT="anföra"/><SP WIDTH="23" VPOS="761" HPOS="339"/>
							<String ID="string_205" HPOS="362" VPOS="762" WIDTH="58" HEIGHT="21" WC="0.93" CONTENT="detta"/><SP WIDTH="23" VPOS="762" HPOS="420"/>
							<String ID="string_206" HPOS="443" VPOS="762" WIDTH="70" HEIGHT="21" WC="0.96" CONTENT="såsom"/><SP WIDTH="20" VPOS="762" HPOS="513"/>
							<String ID="string_207" HPOS="533" VPOS="762" WIDTH="116" HEIGHT="27" WC="0.95" CONTENT="belysande"/><SP WIDTH="16" VPOS="762" HPOS="649"/>
							<String ID="string_208" HPOS="665" VPOS="763" WIDTH="6" HEIGHT="21" WC="0.91" CONTENT="i"/><SP WIDTH="16" VPOS="763" HPOS="671"/>
							<String ID="string_209" HPOS="687" VPOS="763" WIDTH="36" HEIGHT="21" WC="0.93" CONTENT="det"/><SP WIDTH="22" VPOS="763" HPOS="723"/>
							<String ID="string_210" HPOS="745" VPOS="762" WIDTH="116" HEIGHT="26" WC="0.91" CONTENT="afseendet,"/><SP WIDTH="16" VPOS="762" HPOS="861"/>
							<String ID="string_211" HPOS="877" VPOS="764" WIDTH="31" HEIGHT="19" WC="0.95" CONTENT="att"/><SP WIDTH="19" VPOS="764" HPOS="908"/>
							<String ID="string_212" HPOS="927" VPOS="762" WIDTH="36" HEIGHT="21" WC="0.95" CONTENT="det"/><SP WIDTH="17" VPOS="762" HPOS="963"/>
							<String ID="string_213" HPOS="980" VPOS="762" WIDTH="42" HEIGHT="20" WC="0.96" CONTENT="kan"/>
						</TextLine>
						<TextLine ID="line_22" HPOS="194" VPOS="790" WIDTH="830" HEIGHT="28">
							<String ID="string_214" HPOS="194" VPOS="790" WIDTH="69" HEIGHT="21" WC="0.97" CONTENT="finnas"/><SP WIDTH="17" VPOS="790" HPOS="263"/>
							<String ID="string_215" HPOS="280" VPOS="790" WIDTH="45" HEIGHT="22" WC="0.96" CONTENT="skäl"/><SP WIDTH="15" VPOS="790" HPOS="325"/>
							<String ID="string_216" HPOS="340" VPOS="790" WIDTH="33" HEIGHT="22" WC="0.93" CONTENT="för"/><SP WIDTH="18" VPOS="790" HPOS="373"/>
							<String ID="string_217" HPOS="391" VPOS="791" WIDTH="174" HEIGHT="27" WC="0.92" CONTENT="propositionens"/><SP WIDTH="16" VPOS="791" HPOS="565"/>
							<String ID="string_218" HPOS="581" VPOS="791" WIDTH="148" HEIGHT="27" WC="0.95" CONTENT="beräkningar,"/><SP WIDTH="17" VPOS="791" HPOS="729"/>
							<String ID="string_219" HPOS="746" VPOS="797" WIDTH="46" HEIGHT="15" WC="0.96" CONTENT="som"/><SP WIDTH="17" VPOS="797" HPOS="792"/>
							<String ID="string_220" HPOS="809" VPOS="790" WIDTH="32" HEIGHT="21" WC="0.93" CONTENT="för"/><SP WIDTH="17" VPOS="790" HPOS="841"/>
							<String ID="string_221" HPOS="858" VPOS="790" WIDTH="105" HEIGHT="22" WC="0.92" CONTENT="utskottet"/><SP WIDTH="14" VPOS="790" HPOS="963"/>
							<String ID="string_222" HPOS="977" VPOS="790" WIDTH="47" HEIGHT="22" WC="0.93" CONTENT="icke"/>
						</TextLine>
						<TextLine ID="line_23" HPOS="195" VPOS="818" WIDTH="833" HEIGHT="28">
							<String ID="string_223" HPOS="195" VPOS="819" WIDTH="55" HEIGHT="21" WC="0.96" CONTENT="varit"/><SP WIDTH="23" VPOS="819" HPOS="250"/>
							<String ID="string_224" HPOS="273" VPOS="819" WIDTH="74" HEIGHT="21" WC="0.91" CONTENT="kända."/><SP WIDTH="31" VPOS="819" HPOS="347"/>
							<String ID="string_225" HPOS="378" VPOS="819" WIDTH="40" HEIGHT="22" WC="0.93" CONTENT="Om"/><SP WIDTH="21" VPOS="819" HPOS="418"/>
							<String ID="string_226" HPOS="439" VPOS="826" WIDTH="29" HEIGHT="14" WC="0.91" CONTENT="nu"/><SP WIDTH="20" VPOS="826" HPOS="468"/>
							<String ID="string_227" HPOS="488" VPOS="820" WIDTH="116" HEIGHT="20" WC="0.88" CONTENT="ständerna"/><SP WIDTH="18" VPOS="820" HPOS="604"/>
							<String ID="string_228" HPOS="622" VPOS="819" WIDTH="72" HEIGHT="22" WC="0.92" CONTENT="förena"/><SP WIDTH="17" VPOS="819" HPOS="694"/>
							<String ID="string_229" HPOS="711" VPOS="821" WIDTH="34" HEIGHT="25" WC="0.96" CONTENT="sig"/><SP WIDTH="15" VPOS="821" HPOS="745"/>
							<String ID="string_230" HPOS="760" VPOS="826" WIDTH="34" HEIGHT="14" WC="0.91" CONTENT="om"/><SP WIDTH="17" VPOS="826" HPOS="794"/>
							<String ID="string_231" HPOS="811" VPOS="819" WIDTH="177" HEIGHT="27" WC="0.91" CONTENT="omformulering"/><SP WIDTH="14" VPOS="819" HPOS="988"/>
							<String ID="string_232" HPOS="1002" VPOS="818" WIDTH="26" HEIGHT="22" WC="0.96" CONTENT="af"/>
						</TextLine>
						<TextLine ID="line_24" HPOS="194" VPOS="848" WIDTH="829" HEIGHT="26">
							<String ID="string_233" HPOS="194" VPOS="848" WIDTH="67" HEIGHT="20" WC="0.93" CONTENT="andra"/><SP WIDTH="23" VPOS="848" HPOS="261"/>
							<String ID="string_234" HPOS="284" VPOS="848" WIDTH="112" HEIGHT="26" WC="0.91" CONTENT="klämmen,"/><SP WIDTH="20" VPOS="848" HPOS="396"/>
							<String ID="string_235" HPOS="416" VPOS="848" WIDTH="61" HEIGHT="21" WC="0.96" CONTENT="torde"/><SP WIDTH="22" VPOS="848" HPOS="477"/>
							<String ID="string_236" HPOS="499" VPOS="848" WIDTH="41" HEIGHT="21" WC="0.92" CONTENT="den"/><SP WIDTH="23" VPOS="848" HPOS="540"/>
							<String ID="string_237" HPOS="563" VPOS="848" WIDTH="68" HEIGHT="26" WC="0.93" CONTENT="tredje"/><SP WIDTH="22" VPOS="848" HPOS="631"/>
							<String ID="string_238" HPOS="653" VPOS="848" WIDTH="108" HEIGHT="22" WC="0.92" CONTENT="klämmen"/><SP WIDTH="22" VPOS="848" HPOS="761"/>
							<String ID="string_239" HPOS="783" VPOS="848" WIDTH="46" HEIGHT="20" WC="0.96" CONTENT="icke"/><SP WIDTH="24" VPOS="848" HPOS="829"/>
							<String ID="string_240" HPOS="853" VPOS="848" WIDTH="52" HEIGHT="21" WC="0.96" CONTENT="böra"/><SP WIDTH="11" VPOS="848" HPOS="905"/>
							<String ID="string_241" HPOS="916" VPOS="848" WIDTH="107" HEIGHT="20" WC="0.96" CONTENT="innehålla"/>
						</TextLine>
						<TextLine ID="line_25" HPOS="194" VPOS="876" WIDTH="829" HEIGHT="28">
							<String ID="string_242" HPOS="194" VPOS="878" WIDTH="31" HEIGHT="19" WC="0.93" CONTENT="ett"/><SP WIDTH="23" VPOS="878" HPOS="225"/>
							<String ID="string_243" HPOS="248" VPOS="876" WIDTH="86" HEIGHT="22" WC="0.93" CONTENT="absolut"/><SP WIDTH="22" VPOS="876" HPOS="334"/>
							<String ID="string_244" HPOS="356" VPOS="877" WIDTH="94" HEIGHT="27" WC="0.92" CONTENT="yrkande"/><SP WIDTH="22" VPOS="877" HPOS="450"/>
							<String ID="string_245" HPOS="472" VPOS="877" WIDTH="28" HEIGHT="27" WC="0.96" CONTENT="pä"/><SP WIDTH="23" VPOS="877" HPOS="500"/>
							<String ID="string_246" HPOS="523" VPOS="877" WIDTH="41" HEIGHT="21" WC="0.93" CONTENT="den"/><SP WIDTH="16" VPOS="877" HPOS="564"/>
							<String ID="string_247" HPOS="580" VPOS="877" WIDTH="112" HEIGHT="22" WC="0.91" CONTENT="bestämda"/><SP WIDTH="15" VPOS="877" HPOS="692"/>
							<String ID="string_248" HPOS="707" VPOS="882" WIDTH="99" HEIGHT="17" WC="0.96" CONTENT="summan"/><SP WIDTH="17" VPOS="882" HPOS="806"/>
							<String ID="string_249" HPOS="823" VPOS="876" WIDTH="39" HEIGHT="21" WC="0.96" CONTENT="och"/><SP WIDTH="15" VPOS="876" HPOS="862"/>
							<String ID="string_250" HPOS="877" VPOS="876" WIDTH="59" HEIGHT="22" WC="0.96" CONTENT="detta"/><SP WIDTH="15" VPOS="876" HPOS="936"/>
							<String ID="string_251" HPOS="951" VPOS="876" WIDTH="72" HEIGHT="21" WC="0.96" CONTENT="kunde"/>
						</TextLine>
						<TextLine ID="line_26" HPOS="193" VPOS="905" WIDTH="831" HEIGHT="28">
							<String ID="string_252" HPOS="193" VPOS="905" WIDTH="82" HEIGHT="21" WC="0.92" CONTENT="kanske"/><SP WIDTH="15" VPOS="905" HPOS="275"/>
							<String ID="string_253" HPOS="290" VPOS="905" WIDTH="75" HEIGHT="22" WC="0.91" CONTENT="vinnas"/><SP WIDTH="12" VPOS="905" HPOS="365"/>
							<String ID="string_254" HPOS="377" VPOS="912" WIDTH="75" HEIGHT="21" WC="0.96" CONTENT="genom"/><SP WIDTH="13" VPOS="912" HPOS="452"/>
							<String ID="string_255" HPOS="465" VPOS="909" WIDTH="32" HEIGHT="18" WC="0.96" CONTENT="att"/><SP WIDTH="9" VPOS="909" HPOS="497"/>
							<String ID="string_256" HPOS="506" VPOS="905" WIDTH="69" HEIGHT="22" WC="0.93" CONTENT="införa"/><SP WIDTH="11" VPOS="905" HPOS="575"/>
							<String ID="string_257" HPOS="586" VPOS="905" WIDTH="61" HEIGHT="22" WC="0.93" CONTENT="ordet"/><SP WIDTH="13" VPOS="905" HPOS="647"/>
							<String ID="string_258" HPOS="660" VPOS="906" WIDTH="88" HEIGHT="27" WC="0.91" CONTENT="»högst»"/><SP WIDTH="13" VPOS="906" HPOS="748"/>
							<String ID="string_259" HPOS="761" VPOS="905" WIDTH="88" HEIGHT="21" WC="0.93" CONTENT="framför"/><SP WIDTH="12" VPOS="905" HPOS="849"/>
							<String ID="string_260" HPOS="861" VPOS="911" WIDTH="104" HEIGHT="15" WC="0.96" CONTENT="summan."/><SP WIDTH="15" VPOS="911" HPOS="965"/>
							<String ID="string_261" HPOS="980" VPOS="905" WIDTH="44" HEIGHT="26" WC="0.96" CONTENT="Jag"/>
						</TextLine>
						<TextLine ID="line_27" HPOS="193" VPOS="933" WIDTH="830" HEIGHT="23">
							<String ID="string_262" HPOS="193" VPOS="933" WIDTH="70" HEIGHT="22" WC="0.96" CONTENT="skulle"/><SP WIDTH="14" VPOS="933" HPOS="263"/>
							<String ID="string_263" HPOS="277" VPOS="934" WIDTH="7" HEIGHT="21" WC="0.93" CONTENT="i"/><SP WIDTH="15" VPOS="934" HPOS="284"/>
							<String ID="string_264" HPOS="299" VPOS="935" WIDTH="78" HEIGHT="20" WC="0.91" CONTENT="nämda"/><SP WIDTH="21" VPOS="935" HPOS="377"/>
							<String ID="string_265" HPOS="398" VPOS="936" WIDTH="78" HEIGHT="19" WC="0.92" CONTENT="tvänne"/><SP WIDTH="17" VPOS="936" HPOS="476"/>
							<String ID="string_266" HPOS="493" VPOS="934" WIDTH="115" HEIGHT="21" WC="0.92" CONTENT="afseenden"/><SP WIDTH="19" VPOS="934" HPOS="608"/>
							<String ID="string_267" HPOS="627" VPOS="934" WIDTH="87" HEIGHT="22" WC="0.92" CONTENT="förorda"/><SP WIDTH="15" VPOS="934" HPOS="714"/>
							<String ID="string_268" HPOS="729" VPOS="934" WIDTH="124" HEIGHT="21" WC="0.92" CONTENT="äterremiss"/><SP WIDTH="16" VPOS="934" HPOS="853"/>
							<String ID="string_269" HPOS="869" VPOS="933" WIDTH="31" HEIGHT="22" WC="0.93" CONTENT="till"/><SP WIDTH="16" VPOS="933" HPOS="900"/>
							<String ID="string_270" HPOS="916" VPOS="933" WIDTH="107" HEIGHT="22" WC="0.92" CONTENT="utskottet"/>
						</TextLine>
						<TextLine ID="line_28" HPOS="193" VPOS="961" WIDTH="344" HEIGHT="29">
							<String ID="string_271" HPOS="193" VPOS="961" WIDTH="34" HEIGHT="22" WC="0.93" CONTENT="för"/><SP WIDTH="16" VPOS="961" HPOS="227"/>
							<String ID="string_272" HPOS="243" VPOS="964" WIDTH="98" HEIGHT="20" WC="0.91" CONTENT="närmare"/><SP WIDTH="16" VPOS="964" HPOS="341"/>
							<String ID="string_273" HPOS="357" VPOS="963" WIDTH="180" HEIGHT="27" WC="0.92" CONTENT="omformulering."/>
						</TextLine>
					</TextBlock>
				</ComposedBlock>
				<ComposedBlock ID="cblock_3" HPOS="187" VPOS="1019" WIDTH="837" HEIGHT="513">
					<TextBlock ID="block_2" HPOS="187" VPOS="1019" WIDTH="837" HEIGHT="513">
						<TextLine ID="line_29" HPOS="262" VPOS="1019" WIDTH="762" HEIGHT="28">
							<String ID="string_274" HPOS="262" VPOS="1019" WIDTH="33" HEIGHT="21" WC="0.96" CONTENT="Hr"/><SP WIDTH="20" VPOS="1019" HPOS="295"/>
							<String ID="string_275" HPOS="315" VPOS="1019" WIDTH="199" HEIGHT="28" WC="0.96" CONTENT="Schybergson:"/><SP WIDTH="31" VPOS="1019" HPOS="514"/>
							<String ID="string_276" HPOS="545" VPOS="1020" WIDTH="33" HEIGHT="21" WC="0.95" CONTENT="Hr"/><SP WIDTH="15" VPOS="1020" HPOS="578"/>
							<String ID="string_277" HPOS="593" VPOS="1020" WIDTH="96" HEIGHT="21" WC="0.96" CONTENT="Neovius"/><SP WIDTH="19" VPOS="1020" HPOS="689"/>
							<String ID="string_278" HPOS="708" VPOS="1020" WIDTH="38" HEIGHT="21" WC="0.92" CONTENT="har"/><SP WIDTH="17" VPOS="1020" HPOS="746"/>
							<String ID="string_279" HPOS="763" VPOS="1022" WIDTH="49" HEIGHT="25" WC="0.92" CONTENT="sagt"/><SP WIDTH="22" VPOS="1022" HPOS="812"/>
							<String ID="string_280" HPOS="834" VPOS="1022" WIDTH="32" HEIGHT="19" WC="0.96" CONTENT="att"/><SP WIDTH="14" VPOS="1022" HPOS="866"/>
							<String ID="string_281" HPOS="880" VPOS="1020" WIDTH="42" HEIGHT="21" WC="0.93" CONTENT="han"/><SP WIDTH="15" VPOS="1020" HPOS="922"/>
							<String ID="string_282" HPOS="937" VPOS="1019" WIDTH="87" HEIGHT="21" WC="0.92" CONTENT="förenar"/>
						</TextLine>
						<TextLine ID="line_30" HPOS="193" VPOS="1047" WIDTH="828" HEIGHT="28">
							<String ID="string_283" HPOS="193" VPOS="1048" WIDTH="33" HEIGHT="26" WC="0.96" CONTENT="sig"/><SP WIDTH="15" VPOS="1048" HPOS="226"/>
							<String ID="string_284" HPOS="241" VPOS="1048" WIDTH="49" HEIGHT="20" WC="0.96" CONTENT="med"/><SP WIDTH="15" VPOS="1048" HPOS="290"/>
							<String ID="string_285" HPOS="305" VPOS="1048" WIDTH="26" HEIGHT="20" WC="0.96" CONTENT="hr"/><SP WIDTH="15" VPOS="1048" HPOS="331"/>
							<String ID="string_286" HPOS="346" VPOS="1049" WIDTH="57" HEIGHT="25" WC="0.96" CONTENT="Lille,"/><SP WIDTH="16" VPOS="1049" HPOS="403"/>
							<String ID="string_287" HPOS="419" VPOS="1055" WIDTH="54" HEIGHT="19" WC="0.93" CONTENT="men,"/><SP WIDTH="16" VPOS="1055" HPOS="473"/>
							<String ID="string_288" HPOS="489" VPOS="1049" WIDTH="70" HEIGHT="21" WC="0.93" CONTENT="sävidt"/><SP WIDTH="13" VPOS="1049" HPOS="559"/>
							<String ID="string_289" HPOS="572" VPOS="1049" WIDTH="38" HEIGHT="26" WC="0.96" CONTENT="jag"/><SP WIDTH="14" VPOS="1049" HPOS="610"/>
							<String ID="string_290" HPOS="624" VPOS="1049" WIDTH="41" HEIGHT="20" WC="0.93" CONTENT="kan"/><SP WIDTH="16" VPOS="1049" HPOS="665"/>
							<String ID="string_291" HPOS="681" VPOS="1048" WIDTH="76" HEIGHT="26" WC="0.96" CONTENT="förstå,"/><SP WIDTH="16" VPOS="1048" HPOS="757"/>
							<String ID="string_292" HPOS="773" VPOS="1049" WIDTH="47" HEIGHT="26" WC="0.96" CONTENT="gick"/><SP WIDTH="16" VPOS="1049" HPOS="820"/>
							<String ID="string_293" HPOS="836" VPOS="1049" WIDTH="53" HEIGHT="20" WC="0.93" CONTENT="hans"/><SP WIDTH="15" VPOS="1049" HPOS="889"/>
							<String ID="string_294" HPOS="904" VPOS="1047" WIDTH="117" HEIGHT="27" WC="0.96" CONTENT="yttrande"/><SP WIDTH="-13" VPOS="1047" HPOS="1021"/>
							<String ID="string_295" HPOS="1008" VPOS="1043" WIDTH="16" HEIGHT="36" WC="0.93" CONTENT="i"/>
						</TextLine>
						<TextLine ID="line_31" HPOS="191" VPOS="1076" WIDTH="831" HEIGHT="28">
							<String ID="string_296" HPOS="191" VPOS="1076" WIDTH="46" HEIGHT="21" WC="0.96" CONTENT="helt"/><SP WIDTH="24" VPOS="1076" HPOS="237"/>
							<String ID="string_297" HPOS="261" VPOS="1082" WIDTH="69" HEIGHT="16" WC="0.93" CONTENT="annan"/><SP WIDTH="23" VPOS="1082" HPOS="330"/>
							<String ID="string_298" HPOS="353" VPOS="1077" WIDTH="100" HEIGHT="27" WC="0.91" CONTENT="riktning."/><SP WIDTH="29" VPOS="1077" HPOS="453"/>
							<String ID="string_299" HPOS="482" VPOS="1077" WIDTH="33" HEIGHT="21" WC="0.96" CONTENT="Hr"/><SP WIDTH="15" VPOS="1077" HPOS="515"/>
							<String ID="string_300" HPOS="530" VPOS="1077" WIDTH="53" HEIGHT="21" WC="0.96" CONTENT="Lille"/><SP WIDTH="16" VPOS="1077" HPOS="583"/>
							<String ID="string_301" HPOS="599" VPOS="1077" WIDTH="112" HEIGHT="27" WC="0.96" CONTENT="godkände"/><SP WIDTH="16" VPOS="1077" HPOS="711"/>
							<String ID="string_302" HPOS="727" VPOS="1077" WIDTH="70" HEIGHT="21" WC="0.96" CONTENT="denna"/><SP WIDTH="15" VPOS="1077" HPOS="797"/>
							<String ID="string_303" HPOS="812" VPOS="1077" WIDTH="67" HEIGHT="21" WC="0.93" CONTENT="andra"/><SP WIDTH="14" VPOS="1077" HPOS="879"/>
							<String ID="string_304" HPOS="893" VPOS="1076" WIDTH="63" HEIGHT="25" WC="0.93" CONTENT="kläm,"/><SP WIDTH="17" VPOS="1076" HPOS="956"/>
							<String ID="string_305" HPOS="973" VPOS="1076" WIDTH="49" HEIGHT="21" WC="0.97" CONTENT="ville"/>
						</TextLine>
						<TextLine ID="line_32" HPOS="191" VPOS="1104" WIDTH="830" HEIGHT="28">
							<String ID="string_306" HPOS="191" VPOS="1104" WIDTH="56" HEIGHT="22" WC="0.92" CONTENT="blott"/><SP WIDTH="22" VPOS="1104" HPOS="247"/>
							<String ID="string_307" HPOS="269" VPOS="1107" WIDTH="32" HEIGHT="19" WC="0.96" CONTENT="att"/><SP WIDTH="16" VPOS="1107" HPOS="301"/>
							<String ID="string_308" HPOS="317" VPOS="1106" WIDTH="155" HEIGHT="26" WC="0.93" CONTENT="motiveringen"/><SP WIDTH="20" VPOS="1106" HPOS="472"/>
							<String ID="string_309" HPOS="492" VPOS="1106" WIDTH="46" HEIGHT="21" WC="0.92" CONTENT="icke"/><SP WIDTH="16" VPOS="1106" HPOS="538"/>
							<String ID="string_310" HPOS="554" VPOS="1106" WIDTH="68" HEIGHT="20" WC="0.96" CONTENT="skulle"/><SP WIDTH="15" VPOS="1106" HPOS="622"/>
							<String ID="string_311" HPOS="637" VPOS="1112" WIDTH="52" HEIGHT="15" WC="0.96" CONTENT="vara"/><SP WIDTH="15" VPOS="1112" HPOS="689"/>
							<String ID="string_312" HPOS="704" VPOS="1106" WIDTH="23" HEIGHT="21" WC="0.97" CONTENT="sä"/><SP WIDTH="16" VPOS="1106" HPOS="727"/>
							<String ID="string_313" HPOS="743" VPOS="1105" WIDTH="122" HEIGHT="33" WC="0.92" CONTENT="detaljerad,"/><SP WIDTH="16" VPOS="1105" HPOS="865"/>
							<String ID="string_314" HPOS="881" VPOS="1107" WIDTH="31" HEIGHT="19" WC="0.94" CONTENT="att"/><SP WIDTH="15" VPOS="1107" HPOS="912"/>
							<String ID="string_315" HPOS="927" VPOS="1104" WIDTH="94" HEIGHT="27" WC="0.91" CONTENT="regerin-"/>
						</TextLine>
						<TextLine ID="line_33" HPOS="191" VPOS="1133" WIDTH="830" HEIGHT="27">
							<String ID="string_316" HPOS="191" VPOS="1139" WIDTH="53" HEIGHT="21" WC="0.93" CONTENT="gens"/><SP WIDTH="16" VPOS="1139" HPOS="244"/>
							<String ID="string_317" HPOS="260" VPOS="1133" WIDTH="81" HEIGHT="21" WC="0.90" CONTENT="händer"/><SP WIDTH="14" VPOS="1133" HPOS="341"/>
							<String ID="string_318" HPOS="355" VPOS="1134" WIDTH="87" HEIGHT="21" WC="0.96" CONTENT="därmed"/><SP WIDTH="17" VPOS="1134" HPOS="442"/>
							<String ID="string_319" HPOS="459" VPOS="1134" WIDTH="68" HEIGHT="21" WC="0.93" CONTENT="skulle"/><SP WIDTH="16" VPOS="1134" HPOS="527"/>
							<String ID="string_320" HPOS="543" VPOS="1134" WIDTH="81" HEIGHT="25" WC="0.92" CONTENT="bindas,"/><SP WIDTH="16" VPOS="1134" HPOS="624"/>
							<String ID="string_321" HPOS="640" VPOS="1134" WIDTH="39" HEIGHT="21" WC="0.93" CONTENT="och"/><SP WIDTH="16" VPOS="1134" HPOS="679"/>
							<String ID="string_322" HPOS="695" VPOS="1134" WIDTH="71" HEIGHT="22" WC="0.92" CONTENT="sävidt"/><SP WIDTH="12" VPOS="1134" HPOS="766"/>
							<String ID="string_323" HPOS="778" VPOS="1134" WIDTH="39" HEIGHT="26" WC="0.93" CONTENT="jag"/><SP WIDTH="12" VPOS="1134" HPOS="817"/>
							<String ID="string_324" HPOS="829" VPOS="1134" WIDTH="64" HEIGHT="21" WC="0.93" CONTENT="fattat"/><SP WIDTH="10" VPOS="1134" HPOS="893"/>
							<String ID="string_325" HPOS="903" VPOS="1133" WIDTH="118" HEIGHT="21" WC="0.92" CONTENT="diskussio-"/>
						</TextLine>
						<TextLine ID="line_34" HPOS="191" VPOS="1161" WIDTH="833" HEIGHT="29">
							<String ID="string_326" HPOS="191" VPOS="1168" WIDTH="48" HEIGHT="17" WC="0.95" CONTENT="nen,"/><SP WIDTH="20" VPOS="1168" HPOS="239"/>
							<String ID="string_327" HPOS="259" VPOS="1162" WIDTH="39" HEIGHT="21" WC="0.96" CONTENT="har"/><SP WIDTH="18" VPOS="1162" HPOS="298"/>
							<String ID="string_328" HPOS="316" VPOS="1162" WIDTH="25" HEIGHT="21" WC="0.96" CONTENT="hr"/><SP WIDTH="19" VPOS="1162" HPOS="341"/>
							<String ID="string_329" HPOS="360" VPOS="1162" WIDTH="52" HEIGHT="22" WC="0.93" CONTENT="Lille"/><SP WIDTH="18" VPOS="1162" HPOS="412"/>
							<String ID="string_330" HPOS="430" VPOS="1163" WIDTH="79" HEIGHT="27" WC="0.93" CONTENT="ätnöjts"/><SP WIDTH="15" VPOS="1163" HPOS="509"/>
							<String ID="string_331" HPOS="524" VPOS="1163" WIDTH="49" HEIGHT="21" WC="0.93" CONTENT="med"/><SP WIDTH="16" VPOS="1163" HPOS="573"/>
							<String ID="string_332" HPOS="589" VPOS="1162" WIDTH="144" HEIGHT="28" WC="0.92" CONTENT="förklaringen"/><SP WIDTH="24" VPOS="1162" HPOS="733"/>
							<String ID="string_333" HPOS="757" VPOS="1165" WIDTH="32" HEIGHT="19" WC="0.96" CONTENT="att"/><SP WIDTH="14" VPOS="1165" HPOS="789"/>
							<String ID="string_334" HPOS="803" VPOS="1162" WIDTH="156" HEIGHT="26" WC="0.93" CONTENT="motiveringen"/><SP WIDTH="16" VPOS="1162" HPOS="959"/>
							<String ID="string_335" HPOS="975" VPOS="1161" WIDTH="49" HEIGHT="21" WC="0.92" CONTENT="icke"/>
						</TextLine>
						<TextLine ID="line_35" HPOS="190" VPOS="1190" WIDTH="831" HEIGHT="28">
							<String ID="string_336" HPOS="190" VPOS="1190" WIDTH="81" HEIGHT="27" WC="0.88" CONTENT="äsyftar"/><SP WIDTH="24" VPOS="1190" HPOS="271"/>
							<String ID="string_337" HPOS="295" VPOS="1193" WIDTH="65" HEIGHT="19" WC="0.96" CONTENT="annat"/><SP WIDTH="22" VPOS="1193" HPOS="360"/>
							<String ID="string_338" HPOS="382" VPOS="1193" WIDTH="26" HEIGHT="19" WC="0.96" CONTENT="än"/><SP WIDTH="24" VPOS="1193" HPOS="408"/>
							<String ID="string_339" HPOS="432" VPOS="1197" WIDTH="25" HEIGHT="15" WC="0.92" CONTENT="en"/><SP WIDTH="21" VPOS="1197" HPOS="457"/>
							<String ID="string_340" HPOS="478" VPOS="1192" WIDTH="137" HEIGHT="26" WC="0.92" CONTENT="redogörelse"/><SP WIDTH="19" VPOS="1192" HPOS="615"/>
							<String ID="string_341" HPOS="634" VPOS="1191" WIDTH="32" HEIGHT="21" WC="0.96" CONTENT="för"/><SP WIDTH="16" VPOS="1191" HPOS="666"/>
							<String ID="string_342" HPOS="682" VPOS="1192" WIDTH="41" HEIGHT="21" WC="0.96" CONTENT="den"/><SP WIDTH="17" VPOS="1192" HPOS="723"/>
							<String ID="string_343" HPOS="740" VPOS="1190" WIDTH="143" HEIGHT="33" WC="0.95" CONTENT="uppfattning,"/><SP WIDTH="17" VPOS="1190" HPOS="883"/>
							<String ID="string_344" HPOS="900" VPOS="1196" WIDTH="46" HEIGHT="16" WC="0.96" CONTENT="som"/><SP WIDTH="16" VPOS="1196" HPOS="946"/>
							<String ID="string_345" HPOS="962" VPOS="1190" WIDTH="59" HEIGHT="21" WC="0.96" CONTENT="inom"/>
						</TextLine>
						<TextLine ID="line_36" HPOS="192" VPOS="1218" WIDTH="828" HEIGHT="29">
							<String ID="string_346" HPOS="192" VPOS="1218" WIDTH="107" HEIGHT="22" WC="0.93" CONTENT="utskottet"/><SP WIDTH="10" VPOS="1218" HPOS="299"/>
							<String ID="string_347" HPOS="309" VPOS="1219" WIDTH="58" HEIGHT="27" WC="0.96" CONTENT="gjort"/><SP WIDTH="14" VPOS="1219" HPOS="367"/>
							<String ID="string_348" HPOS="381" VPOS="1220" WIDTH="33" HEIGHT="26" WC="0.97" CONTENT="sig"/><SP WIDTH="16" VPOS="1220" HPOS="414"/>
							<String ID="string_349" HPOS="430" VPOS="1220" WIDTH="101" HEIGHT="27" WC="0.96" CONTENT="gällande,"/><SP WIDTH="18" VPOS="1220" HPOS="531"/>
							<String ID="string_350" HPOS="549" VPOS="1222" WIDTH="50" HEIGHT="19" WC="0.96" CONTENT="utan"/><SP WIDTH="16" VPOS="1222" HPOS="599"/>
							<String ID="string_351" HPOS="615" VPOS="1222" WIDTH="32" HEIGHT="19" WC="0.96" CONTENT="att"/><SP WIDTH="14" VPOS="1222" HPOS="647"/>
							<String ID="string_352" HPOS="661" VPOS="1220" WIDTH="129" HEIGHT="27" WC="0.93" CONTENT="regeringen"/><SP WIDTH="16" VPOS="1220" HPOS="790"/>
							<String ID="string_353" HPOS="806" VPOS="1226" WIDTH="52" HEIGHT="14" WC="0.92" CONTENT="vore"/><SP WIDTH="14" VPOS="1226" HPOS="858"/>
							<String ID="string_354" HPOS="872" VPOS="1220" WIDTH="7" HEIGHT="20" WC="0.93" CONTENT="i"/><SP WIDTH="13" VPOS="1220" HPOS="879"/>
							<String ID="string_355" HPOS="892" VPOS="1218" WIDTH="62" HEIGHT="27" WC="0.91" CONTENT="detalj"/><SP WIDTH="13" VPOS="1218" HPOS="954"/>
							<String ID="string_356" HPOS="967" VPOS="1218" WIDTH="53" HEIGHT="21" WC="0.92" CONTENT="bun-"/>
						</TextLine>
						<TextLine ID="line_37" HPOS="190" VPOS="1246" WIDTH="832" HEIGHT="28">
							<String ID="string_357" HPOS="190" VPOS="1247" WIDTH="41" HEIGHT="21" WC="0.96" CONTENT="den"/><SP WIDTH="24" VPOS="1247" HPOS="231"/>
							<String ID="string_358" HPOS="255" VPOS="1248" WIDTH="6" HEIGHT="20" WC="0.93" CONTENT="i"/><SP WIDTH="22" VPOS="1248" HPOS="261"/>
							<String ID="string_359" HPOS="283" VPOS="1247" WIDTH="60" HEIGHT="27" WC="0.96" CONTENT="fråga"/><SP WIDTH="22" VPOS="1247" HPOS="343"/>
							<String ID="string_360" HPOS="365" VPOS="1254" WIDTH="34" HEIGHT="15" WC="0.92" CONTENT="om"/><SP WIDTH="23" VPOS="1254" HPOS="399"/>
							<String ID="string_361" HPOS="422" VPOS="1248" WIDTH="156" HEIGHT="22" WC="0.92" CONTENT="lokomotivens"/><SP WIDTH="24" VPOS="1248" HPOS="578"/>
							<String ID="string_362" HPOS="602" VPOS="1248" WIDTH="39" HEIGHT="22" WC="0.93" CONTENT="och"/><SP WIDTH="15" VPOS="1248" HPOS="641"/>
							<String ID="string_363" HPOS="656" VPOS="1249" WIDTH="96" HEIGHT="20" WC="0.71" CONTENT="rälernas"/><SP WIDTH="17" VPOS="1249" HPOS="752"/>
							<String ID="string_364" HPOS="769" VPOS="1248" WIDTH="51" HEIGHT="21" WC="0.93" CONTENT="eller"/><SP WIDTH="16" VPOS="1248" HPOS="820"/>
							<String ID="string_365" HPOS="836" VPOS="1248" WIDTH="118" HEIGHT="21" WC="0.93" CONTENT="skenornas"/><SP WIDTH="15" VPOS="1248" HPOS="954"/>
							<String ID="string_366" HPOS="969" VPOS="1246" WIDTH="53" HEIGHT="22" WC="0.96" CONTENT="vikt."/>
						</TextLine>
						<TextLine ID="line_38" HPOS="191" VPOS="1276" WIDTH="829" HEIGHT="27">
							<String ID="string_367" HPOS="191" VPOS="1276" WIDTH="74" HEIGHT="21" WC="0.92" CONTENT="Sävidt"/><SP WIDTH="23" VPOS="1276" HPOS="265"/>
							<String ID="string_368" HPOS="288" VPOS="1276" WIDTH="41" HEIGHT="21" WC="0.96" CONTENT="den"/><SP WIDTH="22" VPOS="1276" HPOS="329"/>
							<String ID="string_369" HPOS="351" VPOS="1277" WIDTH="70" HEIGHT="25" WC="0.96" CONTENT="tanke,"/><SP WIDTH="22" VPOS="1277" HPOS="421"/>
							<String ID="string_370" HPOS="443" VPOS="1283" WIDTH="45" HEIGHT="15" WC="0.91" CONTENT="som"/><SP WIDTH="17" VPOS="1283" HPOS="488"/>
							<String ID="string_371" HPOS="505" VPOS="1277" WIDTH="79" HEIGHT="21" WC="0.91" CONTENT="uttalas"/><SP WIDTH="17" VPOS="1277" HPOS="584"/>
							<String ID="string_372" HPOS="601" VPOS="1277" WIDTH="6" HEIGHT="21" WC="0.96" CONTENT="i"/><SP WIDTH="16" VPOS="1277" HPOS="607"/>
							<String ID="string_373" HPOS="623" VPOS="1277" WIDTH="163" HEIGHT="26" WC="0.93" CONTENT="motiveringen,"/><SP WIDTH="16" VPOS="1277" HPOS="786"/>
							<String ID="string_374" HPOS="802" VPOS="1277" WIDTH="61" HEIGHT="26" WC="0.93" CONTENT="ingär"/><SP WIDTH="15" VPOS="1277" HPOS="863"/>
							<String ID="string_375" HPOS="878" VPOS="1276" WIDTH="7" HEIGHT="21" WC="0.92" CONTENT="i"/><SP WIDTH="15" VPOS="1276" HPOS="885"/>
							<String ID="string_376" HPOS="900" VPOS="1276" WIDTH="120" HEIGHT="21" WC="0.92" CONTENT="klämmens"/>
						</TextLine>
						<TextLine ID="line_39" HPOS="189" VPOS="1294" WIDTH="830" HEIGHT="38">
							<String ID="string_377" HPOS="189" VPOS="1304" WIDTH="119" HEIGHT="28" WC="0.68" CONTENT="affattning,"/><SP WIDTH="23" VPOS="1304" HPOS="308"/>
							<String ID="string_378" HPOS="331" VPOS="1304" WIDTH="68" HEIGHT="22" WC="0.95" CONTENT="finner"/><SP WIDTH="18" VPOS="1304" HPOS="399"/>
							<String ID="string_379" HPOS="417" VPOS="1294" WIDTH="42" HEIGHT="38" WC="0.65" CONTENT="jag"/><SP WIDTH="26" VPOS="1294" HPOS="459"/>
							<String ID="string_380" HPOS="485" VPOS="1306" WIDTH="40" HEIGHT="20" WC="0.89" CONTENT="den"/><SP WIDTH="25" VPOS="1306" HPOS="525"/>
							<String ID="string_381" HPOS="550" VPOS="1306" WIDTH="140" HEIGHT="26" WC="0.59" CONTENT="ovilkorligen"/><SP WIDTH="29" VPOS="1306" HPOS="690"/>
							<String ID="string_382" HPOS="719" VPOS="1306" WIDTH="53" HEIGHT="20" WC="0.95" CONTENT="böra"/><SP WIDTH="23" VPOS="1306" HPOS="772"/>
							<String ID="string_383" HPOS="795" VPOS="1305" WIDTH="122" HEIGHT="25" WC="0.96" CONTENT="bibehållas,"/><SP WIDTH="23" VPOS="1305" HPOS="917"/>
							<String ID="string_384" HPOS="940" VPOS="1307" WIDTH="22" HEIGHT="24" WC="0.96" CONTENT="ty"/><SP WIDTH="22" VPOS="1307" HPOS="962"/>
							<String ID="string_385" HPOS="984" VPOS="1310" WIDTH="35" HEIGHT="14" WC="0.95" CONTENT="om"/>
						</TextLine>
						<TextLine ID="line_40" HPOS="189" VPOS="1333" WIDTH="831" HEIGHT="28">
							<String ID="string_386" HPOS="189" VPOS="1333" WIDTH="45" HEIGHT="21" WC="0.96" CONTENT="icke"/><SP WIDTH="27" VPOS="1333" HPOS="234"/>
							<String ID="string_387" HPOS="261" VPOS="1336" WIDTH="75" HEIGHT="24" WC="0.93" CONTENT="tyngre"/><SP WIDTH="28" VPOS="1336" HPOS="336"/>
							<String ID="string_388" HPOS="364" VPOS="1334" WIDTH="55" HEIGHT="21" WC="0.92" CONTENT="räler"/><SP WIDTH="22" VPOS="1334" HPOS="419"/>
							<String ID="string_389" HPOS="441" VPOS="1334" WIDTH="115" HEIGHT="27" WC="0.96" CONTENT="anbringas"/><SP WIDTH="22" VPOS="1334" HPOS="556"/>
							<String ID="string_390" HPOS="578" VPOS="1334" WIDTH="27" HEIGHT="27" WC="0.93" CONTENT="pä"/><SP WIDTH="22" VPOS="1334" HPOS="605"/>
							<String ID="string_391" HPOS="627" VPOS="1334" WIDTH="70" HEIGHT="21" WC="0.92" CONTENT="banan"/><SP WIDTH="25" VPOS="1334" HPOS="697"/>
							<String ID="string_392" HPOS="722" VPOS="1333" WIDTH="202" HEIGHT="27" WC="0.23" CONTENT="lisalmi—Kajana,"/><SP WIDTH="22" VPOS="1333" HPOS="924"/>
							<String ID="string_393" HPOS="946" VPOS="1333" WIDTH="74" HEIGHT="21" WC="0.95" CONTENT="kunna"/>
						</TextLine>
						<TextLine ID="line_41" HPOS="188" VPOS="1361" WIDTH="831" HEIGHT="28">
							<String ID="string_394" HPOS="188" VPOS="1361" WIDTH="47" HEIGHT="22" WC="0.96" CONTENT="icke"/><SP WIDTH="16" VPOS="1361" HPOS="235"/>
							<String ID="string_395" HPOS="251" VPOS="1362" WIDTH="48" HEIGHT="21" WC="0.93" CONTENT="med"/><SP WIDTH="16" VPOS="1362" HPOS="299"/>
							<String ID="string_396" HPOS="315" VPOS="1362" WIDTH="146" HEIGHT="22" WC="0.96" CONTENT="bibehållande"/><SP WIDTH="15" VPOS="1362" HPOS="461"/>
							<String ID="string_397" HPOS="476" VPOS="1362" WIDTH="23" HEIGHT="22" WC="0.93" CONTENT="af"/><SP WIDTH="13" VPOS="1362" HPOS="499"/>
							<String ID="string_398" HPOS="512" VPOS="1363" WIDTH="147" HEIGHT="26" WC="0.93" CONTENT="stigningarna"/><SP WIDTH="15" VPOS="1363" HPOS="659"/>
							<String ID="string_399" HPOS="674" VPOS="1362" WIDTH="43" HEIGHT="22" WC="0.93" CONTENT="lika"/><SP WIDTH="15" VPOS="1362" HPOS="717"/>
							<String ID="string_400" HPOS="732" VPOS="1362" WIDTH="65" HEIGHT="27" WC="0.96" CONTENT="långa"/><SP WIDTH="10" VPOS="1362" HPOS="797"/>
							<String ID="string_401" HPOS="807" VPOS="1362" WIDTH="36" HEIGHT="27" WC="0.93" CONTENT="tåg"/><SP WIDTH="10" VPOS="1362" HPOS="843"/>
							<String ID="string_402" HPOS="853" VPOS="1361" WIDTH="166" HEIGHT="22" WC="0.85" CONTENT="frambefordras"/>
						</TextLine>
						<TextLine ID="line_42" HPOS="188" VPOS="1389" WIDTH="831" HEIGHT="25">
							<String ID="string_403" HPOS="188" VPOS="1389" WIDTH="47" HEIGHT="22" WC="0.92" CONTENT="frän"/><SP WIDTH="24" VPOS="1389" HPOS="235"/>
							<String ID="string_404" HPOS="259" VPOS="1391" WIDTH="80" HEIGHT="21" WC="0.92" CONTENT="Iisalmi"/><SP WIDTH="19" VPOS="1391" HPOS="339"/>
							<String ID="string_405" HPOS="358" VPOS="1393" WIDTH="76" HEIGHT="20" WC="0.92" CONTENT="norrut"/><SP WIDTH="15" VPOS="1393" HPOS="434"/>
							<String ID="string_406" HPOS="449" VPOS="1398" WIDTH="46" HEIGHT="15" WC="0.96" CONTENT="som"/><SP WIDTH="16" VPOS="1398" HPOS="495"/>
							<String ID="string_407" HPOS="511" VPOS="1391" WIDTH="33" HEIGHT="23" WC="0.93" CONTENT="de,"/><SP WIDTH="15" VPOS="1391" HPOS="544"/>
							<String ID="string_408" HPOS="559" VPOS="1391" WIDTH="71" HEIGHT="22" WC="0.92" CONTENT="hvilka"/><SP WIDTH="16" VPOS="1391" HPOS="630"/>
							<String ID="string_409" HPOS="646" VPOS="1391" WIDTH="118" HEIGHT="22" WC="0.92" CONTENT="söderifrän"/><SP WIDTH="16" VPOS="1391" HPOS="764"/>
							<String ID="string_410" HPOS="780" VPOS="1391" WIDTH="90" HEIGHT="21" WC="0.96" CONTENT="kommit"/><SP WIDTH="15" VPOS="1391" HPOS="870"/>
							<String ID="string_411" HPOS="885" VPOS="1391" WIDTH="32" HEIGHT="20" WC="0.96" CONTENT="till"/><SP WIDTH="15" VPOS="1391" HPOS="917"/>
							<String ID="string_412" HPOS="932" VPOS="1389" WIDTH="87" HEIGHT="22" WC="0.81" CONTENT="Iisalmi."/>
						</TextLine>
						<TextLine ID="line_43" HPOS="187" VPOS="1418" WIDTH="832" HEIGHT="28">
							<String ID="string_413" HPOS="187" VPOS="1419" WIDTH="44" HEIGHT="27" WC="0.91" CONTENT="Jag"/><SP WIDTH="16" VPOS="1419" HPOS="231"/>
							<String ID="string_414" HPOS="247" VPOS="1419" WIDTH="68" HEIGHT="21" WC="0.91" CONTENT="finner"/><SP WIDTH="16" VPOS="1419" HPOS="315"/>
							<String ID="string_415" HPOS="331" VPOS="1425" WIDTH="26" HEIGHT="15" WC="0.93" CONTENT="en"/><SP WIDTH="16" VPOS="1425" HPOS="357"/>
							<String ID="string_416" HPOS="373" VPOS="1420" WIDTH="65" HEIGHT="20" WC="0.92" CONTENT="sädan"/><SP WIDTH="16" VPOS="1420" HPOS="438"/>
							<String ID="string_417" HPOS="454" VPOS="1419" WIDTH="125" HEIGHT="27" WC="0.92" CONTENT="förändring"/><SP WIDTH="15" VPOS="1419" HPOS="579"/>
							<String ID="string_418" HPOS="594" VPOS="1420" WIDTH="22" HEIGHT="20" WC="0.96" CONTENT="af"/><SP WIDTH="14" VPOS="1420" HPOS="616"/>
							<String ID="string_419" HPOS="630" VPOS="1422" WIDTH="146" HEIGHT="24" WC="0.96" CONTENT="programmet"/><SP WIDTH="16" VPOS="1422" HPOS="776"/>
							<String ID="string_420" HPOS="792" VPOS="1419" WIDTH="83" HEIGHT="27" WC="0.93" CONTENT="mycket"/><SP WIDTH="15" VPOS="1419" HPOS="875"/>
							<String ID="string_421" HPOS="890" VPOS="1418" WIDTH="129" HEIGHT="26" WC="0.92" CONTENT="nödvändig."/>
						</TextLine>
						<TextLine ID="line_44" HPOS="188" VPOS="1446" WIDTH="831" HEIGHT="29">
							<String ID="string_422" HPOS="188" VPOS="1447" WIDTH="64" HEIGHT="21" WC="0.95" CONTENT="Hvad"/><SP WIDTH="22" VPOS="1447" HPOS="252"/>
							<String ID="string_423" HPOS="274" VPOS="1447" WIDTH="99" HEIGHT="22" WC="0.94" CONTENT="beträffar"/><SP WIDTH="23" VPOS="1447" HPOS="373"/>
							<String ID="string_424" HPOS="396" VPOS="1448" WIDTH="25" HEIGHT="21" WC="0.95" CONTENT="hr"/><SP WIDTH="24" VPOS="1448" HPOS="421"/>
							<String ID="string_425" HPOS="445" VPOS="1448" WIDTH="93" HEIGHT="21" WC="0.96" CONTENT="Neovius"/><SP WIDTH="23" VPOS="1448" HPOS="538"/>
							<String ID="string_426" HPOS="561" VPOS="1448" WIDTH="81" HEIGHT="27" WC="0.96" CONTENT="förslag"/><SP WIDTH="22" VPOS="1448" HPOS="642"/>
							<String ID="string_427" HPOS="664" VPOS="1454" WIDTH="35" HEIGHT="15" WC="0.96" CONTENT="om"/><SP WIDTH="20" VPOS="1454" HPOS="699"/>
							<String ID="string_428" HPOS="719" VPOS="1450" WIDTH="32" HEIGHT="19" WC="0.93" CONTENT="att"/><SP WIDTH="15" VPOS="1450" HPOS="751"/>
							<String ID="string_429" HPOS="766" VPOS="1448" WIDTH="61" HEIGHT="21" WC="0.93" CONTENT="ordet"/><SP WIDTH="18" VPOS="1448" HPOS="827"/>
							<String ID="string_430" HPOS="845" VPOS="1447" WIDTH="87" HEIGHT="27" WC="0.38" CONTENT="»högst&gt;"/><SP WIDTH="18" VPOS="1447" HPOS="932"/>
							<String ID="string_431" HPOS="950" VPOS="1446" WIDTH="69" HEIGHT="22" WC="0.96" CONTENT="skulle"/>
						</TextLine>
						<TextLine ID="line_45" HPOS="187" VPOS="1475" WIDTH="831" HEIGHT="27">
							<String ID="string_432" HPOS="187" VPOS="1475" WIDTH="75" HEIGHT="27" WC="0.92" CONTENT="läggas"/><SP WIDTH="19" VPOS="1475" HPOS="262"/>
							<String ID="string_433" HPOS="281" VPOS="1476" WIDTH="32" HEIGHT="21" WC="0.93" CONTENT="till"/><SP WIDTH="14" VPOS="1476" HPOS="313"/>
							<String ID="string_434" HPOS="327" VPOS="1476" WIDTH="88" HEIGHT="21" WC="0.92" CONTENT="framför"/><SP WIDTH="16" VPOS="1476" HPOS="415"/>
							<String ID="string_435" HPOS="431" VPOS="1483" WIDTH="96" HEIGHT="15" WC="0.93" CONTENT="summan"/><SP WIDTH="17" VPOS="1483" HPOS="527"/>
							<String ID="string_436" HPOS="544" VPOS="1476" WIDTH="112" HEIGHT="26" WC="0.89" CONTENT="5,400,000"/><SP WIDTH="15" VPOS="1476" HPOS="656"/>
							<String ID="string_437" HPOS="671" VPOS="1476" WIDTH="67" HEIGHT="26" WC="0.93" CONTENT="mark,"/><SP WIDTH="16" VPOS="1476" HPOS="738"/>
							<String ID="string_438" HPOS="754" VPOS="1476" WIDTH="85" HEIGHT="21" WC="0.92" CONTENT="befarar"/><SP WIDTH="12" VPOS="1476" HPOS="839"/>
							<String ID="string_439" HPOS="851" VPOS="1476" WIDTH="38" HEIGHT="26" WC="0.96" CONTENT="jag"/><SP WIDTH="22" VPOS="1476" HPOS="889"/>
							<String ID="string_440" HPOS="911" VPOS="1477" WIDTH="32" HEIGHT="19" WC="0.93" CONTENT="att"/><SP WIDTH="15" VPOS="1477" HPOS="943"/>
							<String ID="string_441" HPOS="958" VPOS="1481" WIDTH="60" HEIGHT="21" WC="0.93" CONTENT="rege-"/>
						</TextLine>
						<TextLine ID="line_46" HPOS="187" VPOS="1504" WIDTH="832" HEIGHT="28">
							<String ID="string_442" HPOS="187" VPOS="1504" WIDTH="82" HEIGHT="27" WC="0.91" CONTENT="ringen,"/><SP WIDTH="17" VPOS="1504" HPOS="269"/>
							<String ID="string_443" HPOS="286" VPOS="1505" WIDTH="71" HEIGHT="21" WC="0.91" CONTENT="därest"/><SP WIDTH="23" VPOS="1505" HPOS="357"/>
							<String ID="string_444" HPOS="380" VPOS="1506" WIDTH="59" HEIGHT="20" WC="0.93" CONTENT="detta"/><SP WIDTH="22" VPOS="1506" HPOS="439"/>
							<String ID="string_445" HPOS="461" VPOS="1505" WIDTH="73" HEIGHT="27" WC="0.91" CONTENT="tillägg"/><SP WIDTH="21" VPOS="1505" HPOS="534"/>
							<String ID="string_446" HPOS="555" VPOS="1507" WIDTH="68" HEIGHT="25" WC="0.92" CONTENT="göres,"/><SP WIDTH="18" VPOS="1507" HPOS="623"/>
							<String ID="string_447" HPOS="641" VPOS="1505" WIDTH="68" HEIGHT="21" WC="0.93" CONTENT="skulle"/><SP WIDTH="15" VPOS="1505" HPOS="709"/>
							<String ID="string_448" HPOS="724" VPOS="1505" WIDTH="79" HEIGHT="21" WC="0.92" CONTENT="handla"/><SP WIDTH="14" VPOS="1505" HPOS="803"/>
							<String ID="string_449" HPOS="817" VPOS="1504" WIDTH="133" HEIGHT="27" WC="0.92" CONTENT="försiktigast"/><SP WIDTH="15" VPOS="1504" HPOS="950"/>
							<String ID="string_450" HPOS="965" VPOS="1504" WIDTH="7" HEIGHT="21" WC="0.96" CONTENT="i"/><SP WIDTH="15" VPOS="1504" HPOS="972"/>
							<String ID="string_451" HPOS="987" VPOS="1506" WIDTH="32" HEIGHT="19" WC="0.96" CONTENT="att"/>
						</TextLine>
					</TextBlock>
				</ComposedBlock>
			</PrintSpace>
		</Page>
	</Layout>
</alto>
