1075 1756
197 100 42 21 698
492 103 219 30 Rättegångsbalken.
939 108 24 17 21
975 108 47 20 maj.

197 175 66 21 måtte
287 176 107 26 uppställa
416 177 71 20 såsom
511 177 68 21 vilkor
601 177 33 21 för
657 177 38 21 sitt
712 176 58 22 bifall
793 177 31 21 till
839 176 183 27 framställningen

197 206 32 18 att
244 203 40 22 alla
299 203 46 28 fyra
362 205 63 21 stånd
442 205 68 22 skulle
526 206 113 27 godkänna
654 206 129 25 densamma,
800 207 50 20 enär
866 205 76 22 sådant
957 205 66 27 enligt

196 232 45 21 min
264 233 87 27 mening
374 234 73 21 strede
462 236 45 19 mot
522 235 22 20 L.
561 235 30 24 O.,
606 234 91 21 föreslår
709 234 39 27 jag
762 236 32 19 att
810 234 84 21 ståndet
909 234 66 21 måtte
989 236 33 19 ut-

198 261 116 27 tryckligen
339 262 68 21 uttala
429 265 31 18 att
478 263 85 21 ståndet
581 263 32 21 för
629 263 70 21 denna
714 263 56 26 gång
785 263 36 21 viil
836 263 50 26 ingå
901 263 6 20 i
923 263 100 26 pröfning

196 289 23 20 af
240 289 154 27 lagutskottets
416 291 162 28 framställning,
601 298 49 15 men
671 292 45 21 icke
739 292 36 20 vill
796 291 62 21 hafva
874 291 57 22 detta
946 291 77 21 ansedt

196 318 71 21 såsom
291 319 66 26 något
380 320 159 26 precedensfall,
561 320 110 21 äfvensom
687 323 30 18 att
733 320 85 21 ståndet
834 320 35 21 vid
884 320 65 21 sådan
965 319 56 28 pröf-

196 347 53 26 ning
263 347 66 21 måtte
345 347 71 22 bifalla
431 348 190 28 framställningen.

267 404 33 21 Hr
323 405 204 27 Schybergson:
557 407 10 20 I
590 406 66 21 likhet
679 407 48 20 med
745 406 25 21 hr
787 406 113 27 Stigzelius
917 406 38 21 och
971 405 50 22 flere

195 433 68 20 andra
285 433 66 21 talare
374 440 62 15 anser
455 434 38 27 jag
514 437 31 18 att
568 435 37 20 här
628 435 75 21 endast
726 441 26 14 en
768 435 61 20 enkel
842 434 180 27 justeringsfråga

195 460 121 28 föreligger.
346 463 166 21 Inadvertenser
534 463 23 21 af
577 470 82 14 samma
681 463 39 22 och
742 463 80 21 kanske
848 465 69 20 större
932 463 90 21 bärvidd

195 489 63 22 hafva
274 491 142 26 expeditions-
432 491 38 22 och
483 492 232 29 justeringsutskotten
731 491 53 22 efter
802 492 164 27 landtdagarnas
978 491 43 22 slut

195 518 40 21 och
259 521 50 18 utan
332 521 32 19 att
386 520 83 21 således
491 520 72 21 kunna
583 521 95 21 inhämta
707 521 127 21 ständernas
852 521 169 26 bemyndigande

195 547 56 21 varit
267 550 96 25 tvungna
378 551 32 18 att
425 551 60 24 rätta,
502 549 101 21 särskildt
619 549 35 21 vid
665 549 129 27 föregående
805 549 125 27 landtdagar
942 548 79 22 beträf-

195 575 64 22 fande
281 576 40 21 den
345 576 70 22 finska
430 577 112 27 lagtexten.
572 579 63 20 Hvad
651 579 65 20 sedan
733 577 100 22 beträffar
848 578 36 21 hrr
901 577 119 22 Wasenius”

195 604 40 21 och
251 605 131 22 Lundenius'
391 605 87 28 förslag,
488 606 68 21 finner
563 607 38 26 jag
612 607 48 20 dem
674 607 104 20 hvardera
792 607 125 26 oantagliga.
939 607 81 26 Borga-

195 633 110 21 reståndet
328 634 42 21 kan
393 634 46 21 icke
462 635 99 27 tillskapa
583 642 40 20 nya
641 635 123 27 paragrafer
779 635 7 21 i
802 635 22 21 L.
840 635 25 21 O.
895 635 42 21 Det
952 635 69 21 måste

195 661 114 22 ankomma
332 663 28 26 på
382 663 142 27 lagutskottet
545 664 38 21 och
598 665 7 20 i
623 665 52 20 sista
697 664 57 21 hand
776 664 28 27 på
823 664 142 27 expeditions-
981 663 39 22 och

192 690 234 28 justeringsutskotten
450 695 31 18 att
503 692 78 27 afgöra,
597 693 106 21 huruvida
718 693 6 21 i
740 693 59 21 detta
821 692 43 26 fall,
887 693 64 21 sedan
974 692 47 27 fyra

195 719 64 21 stånd
281 719 62 22 fattat
367 720 77 26 beslut,
466 721 32 21 för
514 721 108 27 justering
637 721 22 21 af
673 722 59 21 detta
747 722 71 21 beslut
833 722 64 21 också
912 721 107 21 erfordras

195 747 46 27 fyra
261 748 74 21 stånds
352 749 155 27 medgifvande.
537 750 33 28 Vi
577 750 73 21 kunna
664 751 46 21 icke
725 750 22 21 in
763 756 50 15 casu
829 750 98 27 tillskapa
943 756 25 14 en
985 750 34 20 be-

195 776 108 27 stämning
318 777 6 21 i
341 778 59 21 detta
421 778 106 21 afseende.
556 779 34 21 Än
613 779 82 21 mindre
717 781 23 19 är
756 779 38 26 jag
809 779 49 21 med
873 785 32 15 om
923 778 24 21 hr
963 779 56 20 Lun-

194 804 84 22 denius”
302 805 86 27 förslag,
404 813 46 14 som
471 807 24 26 ju
519 807 91 27 tydligen
633 808 89 20 innebär
745 810 31 18 ett
791 807 147 27 medgifvande
953 806 23 22 af
989 809 31 19 att

194 833 181 27 borgareståndet
398 835 82 21 förfarit
499 836 92 26 oriktigt,
608 836 26 21 dä
650 836 35 21 det
700 836 46 21 icke
761 836 36 20 vill
813 838 31 19 att
860 836 48 21 dess
924 836 95 26 tillväga-

195 862 82 26 gående
292 862 6 21 i
315 863 59 21 detta
388 863 37 21 fall
440 864 53 21 skall
510 867 59 24 tagas
585 864 31 22 till
631 865 96 26 exempel
742 864 33 21 för
790 864 119 21 framtiden.
931 864 42 26 Jag
987 864 32 20 för

194 890 43 21 min
254 891 34 20 del
309 893 23 19 är
351 891 23 21 af
388 892 40 21 den
446 892 169 28 uppfattningen,
631 896 36 23 att,
684 900 33 14 om
735 893 110 21 enahanda
857 892 162 28 justeringsfrå-

194 925 39 20 gor
251 918 117 23 framdeles
384 920 138 27 förekomma,
536 922 114 20 ständerna
665 922 65 21 också
745 922 27 20 då
786 922 66 20 måtte
867 922 27 26 på
909 921 110 21 enahanda

193 949 42 19 sätt
251 947 84 22 förfara.

263 1004 32 22 Hr
318 1005 146 27 Lagerlöf:
493 1007 42 27 Jag
558 1007 43 21 blef
617 1007 7 21 i
639 1006 121 22 hufvudsak
782 1006 145 22 förekommen
951 1006 23 21 af
995 1006 24 21 hr

193 1032 158 28 Schybergson.
381 1034 50 21 Icke
453 1035 65 21 häller
534 1036 37 26 jag
587 1036 34 20 vill
637 1042 52 14 vara
704 1036 48 20 med
768 1042 34 14 om
818 1037 32 19 att
864 1035 71 27 afböja
950 1035 69 27 lagut-

192 1061 93 21 skottets
306 1062 166 28 framställning,
494 1064 101 21 särskildt
617 1064 71 21 därför
709 1066 32 19 att
761 1064 38 26 jag
816 1064 46 21 icke
881 1064 34 20 vill
932 1064 87 26 bidraga

191 1090 32 20 till
239 1090 120 27 skapandet
375 1091 23 21 af
411 1092 121 26 prejudikat
547 1093 86 21 därhän,
649 1095 31 19 att
696 1093 116 21 ständerna
822 1092 45 21 icke
878 1092 69 21 skulle
957 1092 62 21 hafva

191 1124 26 14 en
240 1118 70 25 frihet,
334 1126 47 14 som
401 1120 21 21 L.
439 1120 25 22 O.
479 1121 7 21 i
502 1121 47 21 mitt
567 1121 60 27 tycke
642 1122 7 20 i
665 1121 121 27 tillräckligt
802 1121 79 27 tydliga
895 1121 39 21 ord
949 1120 68 28 gifver

191 1148 122 20 ständerna.

260 1204 33 21 Hr
316 1205 160 22 Wasenius:
506 1207 49 27 Nog
578 1207 68 21 måste
665 1206 38 27 jag
726 1208 52 25 säga
795 1208 31 19 att
843 1206 38 27 jag
903 1212 62 15 anser
981 1206 36 21 det

190 1239 51 15 vara
265 1233 80 27 vådligt
368 1236 37 23 att,
427 1241 35 14 om
483 1235 35 21 det
539 1235 64 21 också
626 1235 65 27 gäller
712 1235 54 21 blott
782 1241 26 15 en
824 1234 145 27 formulering,
985 1237 32 19 tre

190 1261 63 22 stånd
277 1262 69 21 skulle
370 1263 86 27 vidtaga
478 1264 91 27 ändring
583 1264 7 21 i
605 1266 30 19 ett
653 1264 66 21 redan
734 1263 110 22 faststäldt
859 1263 158 22 ständerbeslut

189 1292 46 19 mot
257 1291 38 20 det
316 1291 69 26 fjärde
408 1292 96 21 ståndets
528 1295 85 24 vägran.
643 1293 42 20 Det
708 1299 52 14 vore
782 1292 93 27 önskligt
895 1294 32 19 att
946 1292 70 27 någon

189 1317 142 29 formulering
345 1320 73 21 kunde
433 1320 102 27 påfinnas,
551 1327 46 15 som
613 1321 102 27 fastsloge
731 1323 32 19 att
777 1321 49 21 med
839 1321 58 21 detta
907 1321 110 20 uttalande

189 1347 179 26 borgareståndet
387 1349 57 21 afser
457 1351 36 24 att,
509 1349 32 21 för
557 1351 30 19 att
603 1350 66 21 ändra
684 1352 31 19 ett
730 1349 23 22 af
766 1349 116 21 ständerna
896 1349 65 21 redan
977 1349 39 21 fat-

189 1375 46 21 tadt
258 1376 77 26 beslut,
354 1377 37 21 det
410 1377 108 22 erfordras
536 1378 41 21 alla
591 1378 46 27 fyra
651 1379 103 20 ståndens
771 1377 57 22 bifall
844 1377 75 22 därtill.
949 1377 11 21 I
976 1377 41 21 alla

188 1403 36 22 fall
247 1405 46 20 står
317 1405 36 21 det
375 1405 53 22 kvar
446 1408 32 19 att
493 1409 33 18 tre
541 1407 62 20 stånd
619 1407 72 20 kunna
706 1407 106 20 fastställa
828 1413 25 14 en
869 1406 59 27 fråga
943 1406 73 21 såsom

188 1433 95 21 varande
306 1434 76 21 endast
398 1441 27 14 en
438 1434 170 27 tolkningsfråga
623 1435 39 21 och
679 1435 35 21 det
729 1435 69 27 fjärde
813 1435 41 21 kan
870 1441 51 14 anse
938 1437 32 18 att
981 1435 36 20 det

188 1461 110 27 värkligen
321 1462 67 27 gäller
412 1463 44 21 sak.
486 1463 33 21 Då
541 1463 31 21 får
595 1464 36 21 det
653 1463 69 28 fjärde
741 1464 86 21 ståndet
842 1463 48 22 vika
904 1463 33 22 för
952 1463 64 21 dessa
