1081 1753
196 116 61 38 1106
531 124 158 30 Vattenrätten.
948 129 13 16 5
969 128 55 21 juni.

263 194 50 22 Med
335 195 157 29 öfvervägande
516 196 24 28 ja
565 196 112 28 godkände
702 196 179 28 borgareståndet
906 196 117 22 utskottets

194 223 87 27 förslag.

263 281 23 28 $$
301 281 19 25 2,
336 282 13 21 3
365 282 39 22 och
419 282 14 21 4
447 284 92 26 antogos
555 285 51 19 utan
623 282 130 22 diskussion.

264 338 41 22 Vid
320 338 14 22 5
349 340 13 25 8
376 340 85 27 yttrade

210 424 4 3 =
263 395 25 22 hr
308 396 193 27 Wiljakainen:
522 397 67 22 Tässä
611 397 113 28 pykälässä
739 404 28 15 on
782 397 125 28 painovirhe
923 403 99 16 suomen-

193 423 112 22 kielisessä
328 425 107 26 tekstissä,
458 425 44 22 kun
518 428 103 20 sanotaan
639 427 135 27 »kymmentä
789 428 96 20 vuotta».
915 427 59 21 Siinä
989 428 33 20 tu-

193 452 33 21 lee
241 453 43 22 olla
300 453 139 28 kymmenen
456 457 75 20 vuotta
546 461 38 16 sen
597 455 106 28 jälkeen».

263 511 34 21 Dä
318 511 65 28 ingen
405 512 73 22 vidare
493 511 94 23 önskade
601 514 57 25 yttra
673 513 39 27 sig,
727 511 131 23 förklarades
871 512 149 22 diskussionen

193 538 99 34 afslutad,
315 539 66 23 hvarä
399 540 25 22 hr
439 541 122 22 talmannen
577 541 124 22 framstälde
715 541 94 28 följande
824 541 196 27 omröstningspro-

193 570 105 25 position:

263 625 39 28 De,
325 626 76 21 hvilka
414 627 117 28 godkänna
546 627 113 22 utskottets
673 627 85 28 förslag
774 627 35 21 till
825 627 79 28 lydelse
919 627 36 28 för
971 628 15 19 5
1000 627 21 28 $,

192 656 61 20 rösta
262 655 42 28 ja;
320 655 31 26 de,
367 655 35 22 det
416 655 46 22 icke
475 658 60 26 göra,
552 658 59 19 rösta
626 656 48 28 nej;

262 684 80 20 vinner
363 684 43 28 nej,
430 685 43 21 har
498 685 175 27 borgareständet
697 684 88 28 antagit
807 685 27 20 hr
862 684 160 28 Wiljakainens

192 711 91 29 förslag.

262 769 166 27 Propositionen
451 770 129 22 besvarades
600 771 49 21 med
664 770 157 27 öfvervägande
836 770 41 27 nej,
892 770 7 22 i
914 770 107 22 anseende

192 798 87 21 hvartill
302 798 179 28 borgareständet
503 799 86 22 beslutit
603 798 114 28 godkänna
731 799 14 21 5
761 799 11 28 $
787 799 49 21 med
852 799 91 27 ändring
957 800 7 20 i
980 799 40 21 den

192 826 70 22 finska
276 828 72 20 texten
365 827 23 22 af
402 828 63 21 ordet
481 828 146 27 »kymmentä»
645 828 31 22 till
693 828 161 28 kymmenen».

304 874 27 12 W

262 959 123 27 Föredrogs
411 960 246 22 vattenrättsutskottets
683 960 35 22 vid
748 960 159 26 förmiddagens
932 960 88 26 plenum

192 987 120 28 bordlagda
334 988 81 28 förslag
437 988 31 22 till
483 989 207 27 sammanjämkning
709 989 7 21 i
735 988 116 28 anledning
865 988 24 22 af
901 988 26 22 de
943 988 77 25 beslut,

192 1016 60 22 hvari
275 1016 90 22 ständen
389 1019 87 20 stannat
493 1018 36 21 vid
544 1018 156 26 behandlingen
715 1017 24 22 af
753 1017 116 21 utskottets
886 1017 135 21 betänkande

192 1051 34 14 n:o
242 1045 14 20 4
278 1045 8 21 i
300 1045 117 28 anledning
431 1045 24 22 af
468 1046 28 21 H.
512 1046 26 21 K.
553 1046 50 21 M:ts
618 1046 78 27 nädiga
710 1046 136 27 proposition
862 1052 34 15 n:o
912 1046 33 25 39,
961 1046 59 20 inne-

191 1072 98 23 fattande
311 1074 58 21 vissa
388 1074 160 27 bestämningar
571 1081 35 14 om
621 1074 145 29 uppgäende
781 1074 28 22 af
823 1073 173 28 gränsskilnad
1012 1074 8 21 i

192 1102 147 28 vattendrag
353 1102 48 23 och
416 1103 77 22 skifte
509 1103 28 22 af
550 1103 155 22 fiskevatten.

262 1159 326 29 Sammanjämkningsförslaget
603 1160 123 27 godkändes
744 1161 50 21 utan
809 1159 146 28 anmärkning.

260 1290 69 22 Bland
352 1290 98 22 ständets
471 1291 138 22 medlemmar
624 1291 55 21 hade
695 1291 92 21 utdelats
803 1290 40 22 och
859 1290 113 22 bordlades
988 1291 31 21 till

190 1319 100 22 aftonens
305 1319 99 27 plenum:

261 1376 173 23 statsutskottets
456 1377 133 22 betänkande
610 1383 34 15 n:o
661 1377 27 21 14
703 1377 6 21 i
725 1376 116 27 anledning
855 1376 24 22 af
893 1376 104 22 särskilda
1012 1377 8 21 i

190 1405 100 27 samtliga
311 1405 64 22 stånd
394 1405 121 22 inlämnade
534 1405 214 28 petitionsmemorial
763 1405 112 27 angående
889 1405 37 21 det
941 1405 79 22 finska

190 1433 155 28 postvärkets
361 1433 151 27 frimärken;

260 1463 247 21 vattenrättsutskottets
522 1462 81 27 förslag
617 1463 32 21 till
664 1462 209 27 sammanjämkning
885 1462 6 21 i
903 1462 117 27 anledning

190 1490 22 21 af
226 1491 27 21 de
268 1491 77 26 beslut,
361 1491 60 22 hvari
437 1491 90 22 ständen
543 1493 86 20 stannat
642 1491 35 21 vid
692 1491 158 26 behandlingen
865 1490 24 21 af
902 1491 116 21 utskottets

190 1519 135 22 betänkande
348 1527 34 14 n:o
403 1521 13 20 2
439 1521 6 20 i
468 1520 115 27 anledning
605 1519 22 22 af
641 1520 26 21 H.
684 1520 25 21 K.
725 1520 50 21 M:ts
791 1519 78 27 nädiga
884 1520 134 26 proposition
