<?xml version="1.0" encoding="UTF-8"?>
<alto xmlns="http://www.loc.gov/standards/alto/ns-v3#" xmlns:xlink="http://www.w3.org/1999/xlink" xmlns:xsi="http://www.w3.org/2001/XMLSchema-instance" xsi:schemaLocation="http://www.loc.gov/standards/alto/ns-v3# http://www.loc.gov/alto/v3/alto-3-0.xsd">
	<Description>
		<MeasurementUnit>pixel</MeasurementUnit>
		<sourceImageInformation>
			<fileName>/tmp/tess_d3fjm3wl_input.PNG</fileName>
		</sourceImageInformation>
		<OCRProcessing ID="OCR_0">
			<ocrProcessingStep>
				<processingSoftware>
					<softwareName>tesseract 5.3.4</softwareName>
				</processingSoftware>
			</ocrProcessingStep>
		</OCRProcessing>
	</Description>
	<Layout>
		<Page WIDTH="1073" HEIGHT="1742" PHYSICAL_IMG_NR="0" ID="page_0">
			<PrintSpace HPOS="0" VPOS="0" WIDTH="1073" HEIGHT="1742">
				<ComposedBlock ID="cblock_0" HPOS="197" VPOS="103" WIDTH="828" HEIGHT="29">
					<TextBlock ID="block_0" HPOS="197" VPOS="103" WIDTH="828" HEIGHT="29">
						<TextLine ID="line_0" HPOS="197" VPOS="103" WIDTH="828" HEIGHT="29">
							<String ID="string_0" HPOS="197" VPOS="103" WIDTH="43" HEIGHT="21" WC="0.96" CONTENT="642"/><SP WIDTH="286" VPOS="103" HPOS="240"/>
							<String ID="string_1" HPOS="526" VPOS="111" WIDTH="57" HEIGHT="21" WC="0.96" CONTENT="Lega"/><SP WIDTH="12" VPOS="111" HPOS="583"/>
							<String ID="string_2" HPOS="595" VPOS="111" WIDTH="24" HEIGHT="17" WC="0.96" CONTENT="af"/><SP WIDTH="9" VPOS="111" HPOS="619"/>
							<String ID="string_3" HPOS="628" VPOS="112" WIDTH="53" HEIGHT="20" WC="0.94" CONTENT="torp."/><SP WIDTH="261" VPOS="112" HPOS="681"/>
							<String ID="string_4" HPOS="942" VPOS="110" WIDTH="23" HEIGHT="17" WC="0.95" CONTENT="18"/><SP WIDTH="13" VPOS="110" HPOS="965"/>
							<String ID="string_5" HPOS="978" VPOS="110" WIDTH="47" HEIGHT="20" WC="0.96" CONTENT="maj."/>
						</TextLine>
					</TextBlock>
				</ComposedBlock>
				<GraphicalElement ID="cblock_1" HPOS="205" VPOS="133" WIDTH="819" HEIGHT="15"></GraphicalElement >
				<ComposedBlock ID="cblock_2" HPOS="196" VPOS="178" WIDTH="829" HEIGHT="56">
					<TextBlock ID="block_1" HPOS="196" VPOS="178" WIDTH="829" HEIGHT="56">
						<TextLine ID="line_1" HPOS="266" VPOS="178" WIDTH="759" HEIGHT="29">
							<String ID="string_6" HPOS="266" VPOS="178" WIDTH="50" HEIGHT="22" WC="0.93" CONTENT="Med"/><SP WIDTH="22" VPOS="178" HPOS="316"/>
							<String ID="string_7" HPOS="338" VPOS="178" WIDTH="156" HEIGHT="28" WC="0.92" CONTENT="öfvervägande"/><SP WIDTH="17" VPOS="178" HPOS="494"/>
							<String ID="string_8" HPOS="511" VPOS="180" WIDTH="23" HEIGHT="26" WC="0.97" CONTENT="ja"/><SP WIDTH="22" VPOS="180" HPOS="534"/>
							<String ID="string_9" HPOS="556" VPOS="179" WIDTH="45" HEIGHT="22" WC="0.96" CONTENT="blef"/><SP WIDTH="20" VPOS="179" HPOS="601"/>
							<String ID="string_10" HPOS="621" VPOS="180" WIDTH="117" HEIGHT="21" WC="0.96" CONTENT="utskottets"/><SP WIDTH="18" VPOS="180" HPOS="738"/>
							<String ID="string_11" HPOS="756" VPOS="179" WIDTH="80" HEIGHT="28" WC="0.96" CONTENT="förslag"/><SP WIDTH="15" VPOS="179" HPOS="836"/>
							<String ID="string_12" HPOS="851" VPOS="180" WIDTH="32" HEIGHT="21" WC="0.96" CONTENT="till"/><SP WIDTH="15" VPOS="180" HPOS="883"/>
							<String ID="string_13" HPOS="898" VPOS="179" WIDTH="79" HEIGHT="27" WC="0.96" CONTENT="lydelse"/><SP WIDTH="15" VPOS="179" HPOS="977"/>
							<String ID="string_14" HPOS="992" VPOS="178" WIDTH="33" HEIGHT="22" WC="0.96" CONTENT="för"/>
						</TextLine>
						<TextLine ID="line_2" HPOS="196" VPOS="207" WIDTH="224" HEIGHT="27">
							<String ID="string_15" HPOS="196" VPOS="212" WIDTH="65" HEIGHT="16" WC="0.95" CONTENT="mom."/><SP WIDTH="16" VPOS="212" HPOS="261"/>
							<String ID="string_16" HPOS="277" VPOS="207" WIDTH="13" HEIGHT="21" WC="0.93" CONTENT="8"/><SP WIDTH="15" VPOS="207" HPOS="290"/>
							<String ID="string_17" HPOS="305" VPOS="207" WIDTH="115" HEIGHT="27" WC="0.91" CONTENT="godkändt."/>
						</TextLine>
					</TextBlock>
				</ComposedBlock>
				<ComposedBlock ID="cblock_3" HPOS="197" VPOS="264" WIDTH="827" HEIGHT="56">
					<TextBlock ID="block_2" HPOS="197" VPOS="264" WIDTH="827" HEIGHT="56">
						<TextLine ID="line_3" HPOS="266" VPOS="264" WIDTH="758" HEIGHT="29">
							<String ID="string_18" HPOS="266" VPOS="264" WIDTH="169" HEIGHT="22" WC="0.92" CONTENT="Vidkommande"/><SP WIDTH="23" VPOS="264" HPOS="435"/>
							<String ID="string_19" HPOS="458" VPOS="272" WIDTH="64" HEIGHT="15" WC="0.95" CONTENT="mom."/><SP WIDTH="16" VPOS="272" HPOS="522"/>
							<String ID="string_20" HPOS="538" VPOS="266" WIDTH="13" HEIGHT="20" WC="0.95" CONTENT="9"/><SP WIDTH="15" VPOS="266" HPOS="551"/>
							<String ID="string_21" HPOS="566" VPOS="265" WIDTH="117" HEIGHT="28" WC="0.93" CONTENT="försiggick"/><SP WIDTH="22" VPOS="265" HPOS="683"/>
							<String ID="string_22" HPOS="705" VPOS="266" WIDTH="135" HEIGHT="26" WC="0.91" CONTENT="omrästning"/><SP WIDTH="22" VPOS="266" HPOS="840"/>
							<String ID="string_23" HPOS="862" VPOS="266" WIDTH="66" HEIGHT="26" WC="0.96" CONTENT="enligt"/><SP WIDTH="21" VPOS="266" HPOS="928"/>
							<String ID="string_24" HPOS="949" VPOS="271" WIDTH="26" HEIGHT="15" WC="0.93" CONTENT="en"/><SP WIDTH="17" VPOS="271" HPOS="975"/>
							<String ID="string_25" HPOS="992" VPOS="265" WIDTH="32" HEIGHT="21" WC="0.93" CONTENT="så-"/>
						</TextLine>
						<TextLine ID="line_4" HPOS="197" VPOS="292" WIDTH="250" HEIGHT="28">
							<String ID="string_26" HPOS="197" VPOS="292" WIDTH="91" HEIGHT="27" WC="0.96" CONTENT="lydande"/><SP WIDTH="15" VPOS="292" HPOS="288"/>
							<String ID="string_27" HPOS="303" VPOS="294" WIDTH="144" HEIGHT="26" WC="0.96" CONTENT="proposition:"/>
						</TextLine>
					</TextBlock>
				</ComposedBlock>
				<ComposedBlock ID="cblock_4" HPOS="195" VPOS="350" WIDTH="828" HEIGHT="114">
					<TextBlock ID="block_3" HPOS="198" VPOS="350" WIDTH="824" HEIGHT="58">
						<TextLine ID="line_5" HPOS="266" VPOS="350" WIDTH="756" HEIGHT="29">
							<String ID="string_28" HPOS="266" VPOS="350" WIDTH="38" HEIGHT="27" WC="0.93" CONTENT="De,"/><SP WIDTH="16" VPOS="350" HPOS="304"/>
							<String ID="string_29" HPOS="320" VPOS="350" WIDTH="75" HEIGHT="22" WC="0.96" CONTENT="hvilka"/><SP WIDTH="13" VPOS="350" HPOS="395"/>
							<String ID="string_30" HPOS="408" VPOS="352" WIDTH="118" HEIGHT="26" WC="0.96" CONTENT="godkänna"/><SP WIDTH="16" VPOS="352" HPOS="526"/>
							<String ID="string_31" HPOS="542" VPOS="352" WIDTH="113" HEIGHT="20" WC="0.24" CONTENT="utskottets"/><SP WIDTH="15" VPOS="352" HPOS="655"/>
							<String ID="string_32" HPOS="670" VPOS="352" WIDTH="84" HEIGHT="27" WC="0.96" CONTENT="förslag"/><SP WIDTH="16" VPOS="352" HPOS="754"/>
							<String ID="string_33" HPOS="770" VPOS="351" WIDTH="35" HEIGHT="21" WC="0.95" CONTENT="till"/><SP WIDTH="17" VPOS="351" HPOS="805"/>
							<String ID="string_34" HPOS="822" VPOS="352" WIDTH="78" HEIGHT="27" WC="0.96" CONTENT="lydelse"/><SP WIDTH="10" VPOS="352" HPOS="900"/>
							<String ID="string_35" HPOS="910" VPOS="351" WIDTH="36" HEIGHT="28" WC="0.96" CONTENT="för"/><SP WIDTH="9" VPOS="351" HPOS="946"/>
							<String ID="string_36" HPOS="955" VPOS="358" WIDTH="67" HEIGHT="14" WC="0.96" CONTENT="mom."/>
						</TextLine>
						<TextLine ID="line_6" HPOS="198" VPOS="378" WIDTH="626" HEIGHT="30">
							<String ID="string_37" HPOS="198" VPOS="379" WIDTH="14" HEIGHT="20" WC="0.86" CONTENT="9"/><SP WIDTH="14" VPOS="379" HPOS="212"/>
							<String ID="string_38" HPOS="226" VPOS="378" WIDTH="30" HEIGHT="28" WC="0.91" CONTENT="af"/><SP WIDTH="11" VPOS="378" HPOS="256"/>
							<String ID="string_39" HPOS="267" VPOS="380" WIDTH="15" HEIGHT="25" WC="0.93" CONTENT="$"/><SP WIDTH="15" VPOS="380" HPOS="282"/>
							<String ID="string_40" HPOS="297" VPOS="380" WIDTH="34" HEIGHT="26" WC="0.96" CONTENT="44,"/><SP WIDTH="14" VPOS="380" HPOS="331"/>
							<String ID="string_41" HPOS="345" VPOS="381" WIDTH="59" HEIGHT="19" WC="0.96" CONTENT="rösta"/><SP WIDTH="13" VPOS="381" HPOS="404"/>
							<String ID="string_42" HPOS="417" VPOS="380" WIDTH="37" HEIGHT="27" WC="0.96" CONTENT="ja;"/><SP WIDTH="16" VPOS="380" HPOS="454"/>
							<String ID="string_43" HPOS="470" VPOS="380" WIDTH="31" HEIGHT="26" WC="0.96" CONTENT="de,"/><SP WIDTH="15" VPOS="380" HPOS="501"/>
							<String ID="string_44" HPOS="516" VPOS="380" WIDTH="35" HEIGHT="21" WC="0.96" CONTENT="det"/><SP WIDTH="15" VPOS="380" HPOS="551"/>
							<String ID="string_45" HPOS="566" VPOS="380" WIDTH="45" HEIGHT="21" WC="0.96" CONTENT="icke"/><SP WIDTH="13" VPOS="380" HPOS="611"/>
							<String ID="string_46" HPOS="624" VPOS="383" WIDTH="61" HEIGHT="24" WC="0.96" CONTENT="göra,"/><SP WIDTH="16" VPOS="383" HPOS="685"/>
							<String ID="string_47" HPOS="701" VPOS="382" WIDTH="61" HEIGHT="19" WC="0.96" CONTENT="rösta"/><SP WIDTH="14" VPOS="382" HPOS="762"/>
							<String ID="string_48" HPOS="776" VPOS="380" WIDTH="48" HEIGHT="28" WC="0.96" CONTENT="nej;"/>
						</TextLine>
					</TextBlock>
					<TextBlock ID="block_4" HPOS="195" VPOS="408" WIDTH="828" HEIGHT="56">
						<TextLine ID="line_7" HPOS="265" VPOS="408" WIDTH="758" HEIGHT="28">
							<String ID="string_49" HPOS="265" VPOS="408" WIDTH="79" HEIGHT="20" WC="0.96" CONTENT="vinner"/><SP WIDTH="23" VPOS="408" HPOS="344"/>
							<String ID="string_50" HPOS="367" VPOS="408" WIDTH="42" HEIGHT="28" WC="0.96" CONTENT="nej,"/><SP WIDTH="24" VPOS="408" HPOS="409"/>
							<String ID="string_51" HPOS="433" VPOS="408" WIDTH="42" HEIGHT="22" WC="0.93" CONTENT="har"/><SP WIDTH="20" VPOS="408" HPOS="475"/>
							<String ID="string_52" HPOS="495" VPOS="408" WIDTH="177" HEIGHT="28" WC="0.91" CONTENT="borgareständet"/><SP WIDTH="19" VPOS="408" HPOS="672"/>
							<String ID="string_53" HPOS="691" VPOS="408" WIDTH="105" HEIGHT="28" WC="0.71" CONTENT="omfattat"/><SP WIDTH="21" VPOS="408" HPOS="796"/>
							<String ID="string_54" HPOS="817" VPOS="409" WIDTH="27" HEIGHT="21" WC="0.92" CONTENT="hr"/><SP WIDTH="19" VPOS="409" HPOS="844"/>
							<String ID="string_55" HPOS="863" VPOS="408" WIDTH="160" HEIGHT="28" WC="0.92" CONTENT="Schybergsons"/>
						</TextLine>
						<TextLine ID="line_8" HPOS="195" VPOS="435" WIDTH="89" HEIGHT="29">
							<String ID="string_56" HPOS="195" VPOS="435" WIDTH="89" HEIGHT="29" WC="0.93" CONTENT="förslag."/>
						</TextLine>
					</TextBlock>
				</ComposedBlock>
				<ComposedBlock ID="cblock_5" HPOS="195" VPOS="493" WIDTH="828" HEIGHT="57">
					<TextBlock ID="block_5" HPOS="195" VPOS="493" WIDTH="828" HEIGHT="57">
						<TextLine ID="line_9" HPOS="265" VPOS="493" WIDTH="758" HEIGHT="29">
							<String ID="string_57" HPOS="265" VPOS="493" WIDTH="165" HEIGHT="27" WC="0.96" CONTENT="Propositionen"/><SP WIDTH="24" VPOS="493" HPOS="430"/>
							<String ID="string_58" HPOS="454" VPOS="494" WIDTH="129" HEIGHT="22" WC="0.96" CONTENT="besvarades"/><SP WIDTH="22" VPOS="494" HPOS="583"/>
							<String ID="string_59" HPOS="605" VPOS="495" WIDTH="49" HEIGHT="21" WC="0.93" CONTENT="med"/><SP WIDTH="21" VPOS="495" HPOS="654"/>
							<String ID="string_60" HPOS="675" VPOS="494" WIDTH="157" HEIGHT="28" WC="0.91" CONTENT="öfvervägande"/><SP WIDTH="18" VPOS="494" HPOS="832"/>
							<String ID="string_61" HPOS="850" VPOS="494" WIDTH="29" HEIGHT="28" WC="0.95" CONTENT="ja,"/><SP WIDTH="15" VPOS="494" HPOS="879"/>
							<String ID="string_62" HPOS="894" VPOS="495" WIDTH="7" HEIGHT="21" WC="0.93" CONTENT="i"/><SP WIDTH="15" VPOS="495" HPOS="901"/>
							<String ID="string_63" HPOS="916" VPOS="494" WIDTH="107" HEIGHT="22" WC="0.95" CONTENT="anseende"/>
						</TextLine>
						<TextLine ID="line_10" HPOS="195" VPOS="522" WIDTH="553" HEIGHT="28">
							<String ID="string_64" HPOS="195" VPOS="522" WIDTH="85" HEIGHT="21" WC="0.90" CONTENT="hvartill"/><SP WIDTH="17" VPOS="522" HPOS="280"/>
							<String ID="string_65" HPOS="297" VPOS="522" WIDTH="62" HEIGHT="22" WC="0.92" CONTENT="äfven"/><SP WIDTH="15" VPOS="522" HPOS="359"/>
							<String ID="string_66" HPOS="374" VPOS="529" WIDTH="65" HEIGHT="15" WC="0.96" CONTENT="mom."/><SP WIDTH="15" VPOS="529" HPOS="439"/>
							<String ID="string_67" HPOS="454" VPOS="523" WIDTH="13" HEIGHT="21" WC="0.93" CONTENT="9"/><SP WIDTH="16" VPOS="523" HPOS="467"/>
							<String ID="string_68" HPOS="483" VPOS="523" WIDTH="139" HEIGHT="22" WC="0.92" CONTENT="oförändradt"/><SP WIDTH="13" VPOS="523" HPOS="622"/>
							<String ID="string_69" HPOS="635" VPOS="524" WIDTH="113" HEIGHT="26" WC="0.93" CONTENT="godkänts."/>
						</TextLine>
					</TextBlock>
				</ComposedBlock>
				<ComposedBlock ID="cblock_6" HPOS="264" VPOS="579" WIDTH="517" HEIGHT="29">
					<TextBlock ID="block_6" HPOS="264" VPOS="579" WIDTH="517" HEIGHT="29">
						<TextLine ID="line_11" HPOS="264" VPOS="579" WIDTH="517" HEIGHT="29">
							<String ID="string_70" HPOS="264" VPOS="579" WIDTH="86" HEIGHT="22" WC="0.91" CONTENT="Momm."/><SP WIDTH="17" VPOS="579" HPOS="350"/>
							<String ID="string_71" HPOS="367" VPOS="580" WIDTH="27" HEIGHT="22" WC="0.96" CONTENT="10"/><SP WIDTH="15" VPOS="580" HPOS="394"/>
							<String ID="string_72" HPOS="409" VPOS="580" WIDTH="40" HEIGHT="22" WC="0.95" CONTENT="och"/><SP WIDTH="17" VPOS="580" HPOS="449"/>
							<String ID="string_73" HPOS="466" VPOS="581" WIDTH="24" HEIGHT="20" WC="0.93" CONTENT="11"/><SP WIDTH="18" VPOS="581" HPOS="490"/>
							<String ID="string_74" HPOS="508" VPOS="583" WIDTH="91" HEIGHT="25" WC="0.92" CONTENT="antogos"/><SP WIDTH="17" VPOS="583" HPOS="599"/>
							<String ID="string_75" HPOS="616" VPOS="583" WIDTH="51" HEIGHT="19" WC="0.96" CONTENT="utan"/><SP WIDTH="16" VPOS="583" HPOS="667"/>
							<String ID="string_76" HPOS="683" VPOS="581" WIDTH="98" HEIGHT="27" WC="0.96" CONTENT="ändring."/>
						</TextLine>
					</TextBlock>
				</ComposedBlock>
				<ComposedBlock ID="cblock_7" HPOS="194" VPOS="636" WIDTH="828" HEIGHT="58">
					<TextBlock ID="block_7" HPOS="194" VPOS="636" WIDTH="828" HEIGHT="58">
						<TextLine ID="line_12" HPOS="264" VPOS="636" WIDTH="758" HEIGHT="29">
							<String ID="string_77" HPOS="264" VPOS="636" WIDTH="134" HEIGHT="22" WC="0.96" CONTENT="Beträffande"/><SP WIDTH="23" VPOS="636" HPOS="398"/>
							<String ID="string_78" HPOS="421" VPOS="637" WIDTH="25" HEIGHT="21" WC="0.93" CONTENT="hr"/><SP WIDTH="24" VPOS="637" HPOS="446"/>
							<String ID="string_79" HPOS="470" VPOS="637" WIDTH="160" HEIGHT="28" WC="0.92" CONTENT="Schybergsons"/><SP WIDTH="23" VPOS="637" HPOS="630"/>
							<String ID="string_80" HPOS="653" VPOS="638" WIDTH="167" HEIGHT="27" WC="0.80" CONTENT="tilläggsförslag"/><SP WIDTH="25" VPOS="638" HPOS="820"/>
							<String ID="string_81" HPOS="845" VPOS="637" WIDTH="124" HEIGHT="22" WC="0.92" CONTENT="framstälde"/><SP WIDTH="27" VPOS="637" HPOS="969"/>
							<String ID="string_82" HPOS="996" VPOS="637" WIDTH="26" HEIGHT="21" WC="0.96" CONTENT="hr"/>
						</TextLine>
						<TextLine ID="line_13" HPOS="194" VPOS="665" WIDTH="539" HEIGHT="29">
							<String ID="string_83" HPOS="194" VPOS="665" WIDTH="122" HEIGHT="21" WC="0.92" CONTENT="talmannen"/><SP WIDTH="16" VPOS="665" HPOS="316"/>
							<String ID="string_84" HPOS="332" VPOS="665" WIDTH="93" HEIGHT="27" WC="0.93" CONTENT="följande"/><SP WIDTH="15" VPOS="665" HPOS="425"/>
							<String ID="string_85" HPOS="440" VPOS="667" WIDTH="293" HEIGHT="27" WC="0.92" CONTENT="omröstningsproposition:"/>
						</TextLine>
					</TextBlock>
				</ComposedBlock>
				<ComposedBlock ID="cblock_8" HPOS="192" VPOS="722" WIDTH="829" HEIGHT="115">
					<TextBlock ID="block_8" HPOS="194" VPOS="722" WIDTH="827" HEIGHT="57">
						<TextLine ID="line_14" HPOS="264" VPOS="722" WIDTH="757" HEIGHT="30">
							<String ID="string_86" HPOS="264" VPOS="722" WIDTH="38" HEIGHT="28" WC="0.92" CONTENT="De,"/><SP WIDTH="16" VPOS="722" HPOS="302"/>
							<String ID="string_87" HPOS="318" VPOS="722" WIDTH="75" HEIGHT="22" WC="0.96" CONTENT="hvilka"/><SP WIDTH="13" VPOS="722" HPOS="393"/>
							<String ID="string_88" HPOS="406" VPOS="724" WIDTH="118" HEIGHT="27" WC="0.96" CONTENT="godkänna"/><SP WIDTH="15" VPOS="724" HPOS="524"/>
							<String ID="string_89" HPOS="539" VPOS="724" WIDTH="114" HEIGHT="21" WC="0.96" CONTENT="utskottets"/><SP WIDTH="14" VPOS="724" HPOS="653"/>
							<String ID="string_90" HPOS="667" VPOS="724" WIDTH="84" HEIGHT="27" WC="0.96" CONTENT="förslag"/><SP WIDTH="16" VPOS="724" HPOS="751"/>
							<String ID="string_91" HPOS="767" VPOS="724" WIDTH="36" HEIGHT="21" WC="0.93" CONTENT="till"/><SP WIDTH="15" VPOS="724" HPOS="803"/>
							<String ID="string_92" HPOS="818" VPOS="724" WIDTH="79" HEIGHT="28" WC="0.96" CONTENT="lydelse"/><SP WIDTH="15" VPOS="724" HPOS="897"/>
							<String ID="string_93" HPOS="912" VPOS="723" WIDTH="36" HEIGHT="28" WC="0.93" CONTENT="för"/><SP WIDTH="14" VPOS="723" HPOS="948"/>
							<String ID="string_94" HPOS="962" VPOS="723" WIDTH="15" HEIGHT="27" WC="0.93" CONTENT="$"/><SP WIDTH="10" VPOS="723" HPOS="977"/>
							<String ID="string_95" HPOS="987" VPOS="724" WIDTH="34" HEIGHT="26" WC="0.95" CONTENT="44,"/>
						</TextLine>
						<TextLine ID="line_15" HPOS="194" VPOS="751" WIDTH="475" HEIGHT="28">
							<String ID="string_96" HPOS="194" VPOS="752" WIDTH="59" HEIGHT="20" WC="0.92" CONTENT="rösta"/><SP WIDTH="10" VPOS="752" HPOS="253"/>
							<String ID="string_97" HPOS="263" VPOS="751" WIDTH="40" HEIGHT="27" WC="0.96" CONTENT="ja;"/><SP WIDTH="16" VPOS="751" HPOS="303"/>
							<String ID="string_98" HPOS="319" VPOS="752" WIDTH="31" HEIGHT="25" WC="0.96" CONTENT="de,"/><SP WIDTH="14" VPOS="752" HPOS="350"/>
							<String ID="string_99" HPOS="364" VPOS="752" WIDTH="35" HEIGHT="21" WC="0.93" CONTENT="det"/><SP WIDTH="14" VPOS="752" HPOS="399"/>
							<String ID="string_100" HPOS="413" VPOS="752" WIDTH="46" HEIGHT="21" WC="0.92" CONTENT="icke"/><SP WIDTH="13" VPOS="752" HPOS="459"/>
							<String ID="string_101" HPOS="472" VPOS="754" WIDTH="60" HEIGHT="25" WC="0.93" CONTENT="göra,"/><SP WIDTH="15" VPOS="754" HPOS="532"/>
							<String ID="string_102" HPOS="547" VPOS="754" WIDTH="60" HEIGHT="19" WC="0.92" CONTENT="rösta"/><SP WIDTH="14" VPOS="754" HPOS="607"/>
							<String ID="string_103" HPOS="621" VPOS="753" WIDTH="48" HEIGHT="25" WC="0.95" CONTENT="nej;"/>
						</TextLine>
					</TextBlock>
					<TextBlock ID="block_9" HPOS="192" VPOS="780" WIDTH="829" HEIGHT="57">
						<TextLine ID="line_16" HPOS="263" VPOS="780" WIDTH="758" HEIGHT="28">
							<String ID="string_104" HPOS="263" VPOS="780" WIDTH="79" HEIGHT="21" WC="0.93" CONTENT="vinner"/><SP WIDTH="22" VPOS="780" HPOS="342"/>
							<String ID="string_105" HPOS="364" VPOS="780" WIDTH="42" HEIGHT="28" WC="0.95" CONTENT="nej,"/><SP WIDTH="22" VPOS="780" HPOS="406"/>
							<String ID="string_106" HPOS="428" VPOS="781" WIDTH="42" HEIGHT="21" WC="0.93" CONTENT="har"/><SP WIDTH="19" VPOS="781" HPOS="470"/>
							<String ID="string_107" HPOS="489" VPOS="780" WIDTH="176" HEIGHT="28" WC="0.92" CONTENT="borgareständet"/><SP WIDTH="20" VPOS="780" HPOS="665"/>
							<String ID="string_108" HPOS="685" VPOS="781" WIDTH="89" HEIGHT="21" WC="0.91" CONTENT="beslutit"/><SP WIDTH="14" VPOS="781" HPOS="774"/>
							<String ID="string_109" HPOS="788" VPOS="783" WIDTH="33" HEIGHT="19" WC="0.96" CONTENT="att"/><SP WIDTH="16" VPOS="783" HPOS="821"/>
							<String ID="string_110" HPOS="837" VPOS="781" WIDTH="35" HEIGHT="21" WC="0.93" CONTENT="till"/><SP WIDTH="12" VPOS="781" HPOS="872"/>
							<String ID="string_111" HPOS="884" VPOS="780" WIDTH="137" HEIGHT="28" WC="0.92" CONTENT="paragrafen"/>
						</TextLine>
						<TextLine ID="line_17" HPOS="192" VPOS="808" WIDTH="536" HEIGHT="29">
							<String ID="string_112" HPOS="192" VPOS="808" WIDTH="52" HEIGHT="28" WC="0.96" CONTENT="foga"/><SP WIDTH="15" VPOS="808" HPOS="244"/>
							<String ID="string_113" HPOS="259" VPOS="808" WIDTH="35" HEIGHT="22" WC="0.93" CONTENT="det"/><SP WIDTH="15" VPOS="808" HPOS="294"/>
							<String ID="string_114" HPOS="309" VPOS="808" WIDTH="75" HEIGHT="28" WC="0.96" CONTENT="tillägg"/><SP WIDTH="16" VPOS="808" HPOS="384"/>
							<String ID="string_115" HPOS="400" VPOS="809" WIDTH="27" HEIGHT="21" WC="0.95" CONTENT="hr"/><SP WIDTH="16" VPOS="809" HPOS="427"/>
							<String ID="string_116" HPOS="443" VPOS="809" WIDTH="149" HEIGHT="28" WC="0.93" CONTENT="Schybergson"/><SP WIDTH="15" VPOS="809" HPOS="592"/>
							<String ID="string_117" HPOS="607" VPOS="809" WIDTH="121" HEIGHT="28" WC="0.95" CONTENT="föreslagit."/>
						</TextLine>
					</TextBlock>
				</ComposedBlock>
				<ComposedBlock ID="cblock_9" HPOS="189" VPOS="866" WIDTH="831" HEIGHT="57">
					<TextBlock ID="block_10" HPOS="189" VPOS="866" WIDTH="831" HEIGHT="57">
						<TextLine ID="line_18" HPOS="193" VPOS="866" WIDTH="827" HEIGHT="31">
							<String ID="string_118" HPOS="193" VPOS="894" WIDTH="4" HEIGHT="3" WC="0.79" CONTENT="N"/><SP WIDTH="65" VPOS="894" HPOS="197"/>
							<String ID="string_119" HPOS="262" VPOS="866" WIDTH="58" HEIGHT="21" WC="0.90" CONTENT="Enär"/><SP WIDTH="20" VPOS="866" HPOS="320"/>
							<String ID="string_120" HPOS="340" VPOS="866" WIDTH="63" HEIGHT="22" WC="0.92" CONTENT="äfven"/><SP WIDTH="15" VPOS="866" HPOS="403"/>
							<String ID="string_121" HPOS="418" VPOS="866" WIDTH="70" HEIGHT="23" WC="0.96" CONTENT="denna"/><SP WIDTH="14" VPOS="866" HPOS="488"/>
							<String ID="string_122" HPOS="502" VPOS="867" WIDTH="135" HEIGHT="27" WC="0.93" CONTENT="proposition"/><SP WIDTH="17" VPOS="867" HPOS="637"/>
							<String ID="string_123" HPOS="654" VPOS="867" WIDTH="130" HEIGHT="22" WC="0.92" CONTENT="besvarades"/><SP WIDTH="15" VPOS="867" HPOS="784"/>
							<String ID="string_124" HPOS="799" VPOS="867" WIDTH="49" HEIGHT="22" WC="0.93" CONTENT="med"/><SP WIDTH="16" VPOS="867" HPOS="848"/>
							<String ID="string_125" HPOS="864" VPOS="866" WIDTH="156" HEIGHT="27" WC="0.91" CONTENT="öfvervägande"/>
						</TextLine>
						<TextLine ID="line_19" HPOS="189" VPOS="895" WIDTH="587" HEIGHT="28">
							<String ID="string_126" HPOS="189" VPOS="901" WIDTH="30" HEIGHT="20" WC="0.95" CONTENT="ja,"/><SP WIDTH="15" VPOS="901" HPOS="219"/>
							<String ID="string_127" HPOS="234" VPOS="901" WIDTH="38" HEIGHT="15" WC="0.96" CONTENT="var"/><SP WIDTH="16" VPOS="901" HPOS="272"/>
							<String ID="string_128" HPOS="288" VPOS="895" WIDTH="12" HEIGHT="28" WC="0.84" CONTENT="8"/><SP WIDTH="14" VPOS="895" HPOS="300"/>
							<String ID="string_129" HPOS="314" VPOS="895" WIDTH="28" HEIGHT="21" WC="0.95" CONTENT="44"/><SP WIDTH="15" VPOS="895" HPOS="342"/>
							<String ID="string_130" HPOS="357" VPOS="896" WIDTH="7" HEIGHT="20" WC="0.95" CONTENT="i"/><SP WIDTH="15" VPOS="896" HPOS="364"/>
							<String ID="string_131" HPOS="379" VPOS="895" WIDTH="50" HEIGHT="22" WC="0.93" CONTENT="dess"/><SP WIDTH="16" VPOS="895" HPOS="429"/>
							<String ID="string_132" HPOS="445" VPOS="895" WIDTH="72" HEIGHT="22" WC="0.96" CONTENT="helhet"/><SP WIDTH="15" VPOS="895" HPOS="517"/>
							<String ID="string_133" HPOS="532" VPOS="896" WIDTH="100" HEIGHT="27" WC="0.95" CONTENT="godkänd"/><SP WIDTH="16" VPOS="896" HPOS="632"/>
							<String ID="string_134" HPOS="648" VPOS="895" WIDTH="22" HEIGHT="22" WC="0.93" CONTENT="af"/><SP WIDTH="14" VPOS="895" HPOS="670"/>
							<String ID="string_135" HPOS="684" VPOS="896" WIDTH="92" HEIGHT="21" WC="0.96" CONTENT="ståndet."/>
						</TextLine>
					</TextBlock>
				</ComposedBlock>
				<ComposedBlock ID="cblock_10" HPOS="262" VPOS="951" WIDTH="480" HEIGHT="86">
					<TextBlock ID="block_11" HPOS="262" VPOS="951" WIDTH="480" HEIGHT="86">
						<TextLine ID="line_20" HPOS="262" VPOS="951" WIDTH="480" HEIGHT="28">
							<String ID="string_136" HPOS="262" VPOS="951" WIDTH="25" HEIGHT="28" WC="0.68" CONTENT="88"/><SP WIDTH="15" VPOS="951" HPOS="287"/>
							<String ID="string_137" HPOS="302" VPOS="952" WIDTH="85" HEIGHT="21" WC="0.89" CONTENT="45—49"/><SP WIDTH="15" VPOS="952" HPOS="387"/>
							<String ID="string_138" HPOS="402" VPOS="953" WIDTH="125" HEIGHT="26" WC="0.96" CONTENT="godkändes"/><SP WIDTH="16" VPOS="953" HPOS="527"/>
							<String ID="string_139" HPOS="543" VPOS="955" WIDTH="52" HEIGHT="19" WC="0.93" CONTENT="utan"/><SP WIDTH="16" VPOS="955" HPOS="595"/>
							<String ID="string_140" HPOS="611" VPOS="953" WIDTH="131" HEIGHT="22" WC="0.96" CONTENT="diskussion."/>
						</TextLine>
						<TextLine ID="line_21" HPOS="262" VPOS="1008" WIDTH="305" HEIGHT="29">
							<String ID="string_141" HPOS="262" VPOS="1008" WIDTH="135" HEIGHT="23" WC="0.93" CONTENT="Beträffande"/><SP WIDTH="15" VPOS="1008" HPOS="397"/>
							<String ID="string_142" HPOS="412" VPOS="1010" WIDTH="13" HEIGHT="27" WC="0.85" CONTENT="$"/><SP WIDTH="15" VPOS="1010" HPOS="425"/>
							<String ID="string_143" HPOS="440" VPOS="1009" WIDTH="29" HEIGHT="22" WC="0.93" CONTENT="50"/><SP WIDTH="13" VPOS="1009" HPOS="469"/>
							<String ID="string_144" HPOS="482" VPOS="1010" WIDTH="85" HEIGHT="27" WC="0.96" CONTENT="yttrade"/>
						</TextLine>
					</TextBlock>
				</ComposedBlock>
				<ComposedBlock ID="cblock_11" HPOS="187" VPOS="1065" WIDTH="831" HEIGHT="251">
					<TextBlock ID="block_12" HPOS="187" VPOS="1065" WIDTH="831" HEIGHT="251">
						<TextLine ID="line_22" HPOS="260" VPOS="1065" WIDTH="758" HEIGHT="29">
							<String ID="string_145" HPOS="260" VPOS="1066" WIDTH="25" HEIGHT="21" WC="0.93" CONTENT="hr"/><SP WIDTH="21" VPOS="1066" HPOS="285"/>
							<String ID="string_146" HPOS="306" VPOS="1066" WIDTH="199" HEIGHT="28" WC="0.91" CONTENT="Schybergson:"/><SP WIDTH="30" VPOS="1066" HPOS="505"/>
							<String ID="string_147" HPOS="535" VPOS="1067" WIDTH="11" HEIGHT="21" WC="0.95" CONTENT="I"/><SP WIDTH="21" VPOS="1067" HPOS="546"/>
							<String ID="string_148" HPOS="567" VPOS="1067" WIDTH="70" HEIGHT="21" WC="0.96" CONTENT="denna"/><SP WIDTH="19" VPOS="1067" HPOS="637"/>
							<String ID="string_149" HPOS="656" VPOS="1066" WIDTH="103" HEIGHT="28" WC="0.96" CONTENT="paragraf"/><SP WIDTH="16" VPOS="1066" HPOS="759"/>
							<String ID="string_150" HPOS="775" VPOS="1067" WIDTH="69" HEIGHT="21" WC="0.96" CONTENT="skulle"/><SP WIDTH="12" VPOS="1067" HPOS="844"/>
							<String ID="string_151" HPOS="856" VPOS="1067" WIDTH="38" HEIGHT="26" WC="0.96" CONTENT="jag"/><SP WIDTH="15" VPOS="1067" HPOS="894"/>
							<String ID="string_152" HPOS="909" VPOS="1067" WIDTH="27" HEIGHT="20" WC="0.96" CONTENT="be"/><SP WIDTH="15" VPOS="1067" HPOS="936"/>
							<String ID="string_153" HPOS="951" VPOS="1067" WIDTH="32" HEIGHT="20" WC="0.96" CONTENT="att"/><SP WIDTH="14" VPOS="1067" HPOS="983"/>
							<String ID="string_154" HPOS="997" VPOS="1065" WIDTH="21" HEIGHT="22" WC="0.96" CONTENT="få"/>
						</TextLine>
						<TextLine ID="line_23" HPOS="191" VPOS="1094" WIDTH="827" HEIGHT="28">
							<String ID="string_155" HPOS="191" VPOS="1096" WIDTH="97" HEIGHT="25" WC="0.91" CONTENT="upptaga"/><SP WIDTH="13" VPOS="1096" HPOS="288"/>
							<String ID="string_156" HPOS="301" VPOS="1095" WIDTH="49" HEIGHT="21" WC="0.96" CONTENT="mitt"/><SP WIDTH="15" VPOS="1095" HPOS="350"/>
							<String ID="string_157" HPOS="365" VPOS="1095" WIDTH="90" HEIGHT="27" WC="0.96" CONTENT="tidigare"/><SP WIDTH="15" VPOS="1095" HPOS="455"/>
							<String ID="string_158" HPOS="470" VPOS="1095" WIDTH="81" HEIGHT="27" WC="0.96" CONTENT="förslag"/><SP WIDTH="15" VPOS="1095" HPOS="551"/>
							<String ID="string_159" HPOS="566" VPOS="1096" WIDTH="80" HEIGHT="25" WC="0.96" CONTENT="därom,"/><SP WIDTH="16" VPOS="1096" HPOS="646"/>
							<String ID="string_160" HPOS="662" VPOS="1097" WIDTH="32" HEIGHT="20" WC="0.96" CONTENT="att"/><SP WIDTH="15" VPOS="1097" HPOS="694"/>
							<String ID="string_161" HPOS="709" VPOS="1095" WIDTH="62" HEIGHT="21" WC="0.96" CONTENT="äfven"/><SP WIDTH="16" VPOS="1095" HPOS="771"/>
							<String ID="string_162" HPOS="787" VPOS="1095" WIDTH="33" HEIGHT="21" WC="0.96" CONTENT="för"/><SP WIDTH="15" VPOS="1095" HPOS="820"/>
							<String ID="string_163" HPOS="835" VPOS="1095" WIDTH="84" HEIGHT="22" WC="0.93" CONTENT="mindre"/><SP WIDTH="10" VPOS="1095" HPOS="919"/>
							<String ID="string_164" HPOS="929" VPOS="1094" WIDTH="89" HEIGHT="22" WC="0.91" CONTENT="förbätt-"/>
						</TextLine>
						<TextLine ID="line_24" HPOS="190" VPOS="1123" WIDTH="827" HEIGHT="28">
							<String ID="string_165" HPOS="190" VPOS="1123" WIDTH="73" HEIGHT="27" WC="0.96" CONTENT="ringar"/><SP WIDTH="23" VPOS="1123" HPOS="263"/>
							<String ID="string_166" HPOS="286" VPOS="1123" WIDTH="68" HEIGHT="22" WC="0.95" CONTENT="skulle"/><SP WIDTH="16" VPOS="1123" HPOS="354"/>
							<String ID="string_167" HPOS="370" VPOS="1123" WIDTH="55" HEIGHT="28" WC="0.95" CONTENT="gälla"/><SP WIDTH="15" VPOS="1123" HPOS="425"/>
							<String ID="string_168" HPOS="440" VPOS="1125" WIDTH="31" HEIGHT="20" WC="0.96" CONTENT="att"/><SP WIDTH="15" VPOS="1125" HPOS="471"/>
							<String ID="string_169" HPOS="486" VPOS="1125" WIDTH="120" HEIGHT="26" WC="0.96" CONTENT="ersättning"/><SP WIDTH="15" VPOS="1125" HPOS="606"/>
							<String ID="string_170" HPOS="621" VPOS="1124" WIDTH="62" HEIGHT="27" WC="0.96" CONTENT="utgår"/><SP WIDTH="16" VPOS="1124" HPOS="683"/>
							<String ID="string_171" HPOS="699" VPOS="1124" WIDTH="77" HEIGHT="21" WC="0.96" CONTENT="endast"/><SP WIDTH="15" VPOS="1124" HPOS="776"/>
							<String ID="string_172" HPOS="791" VPOS="1124" WIDTH="74" HEIGHT="21" WC="0.96" CONTENT="såvida"/><SP WIDTH="14" VPOS="1124" HPOS="865"/>
							<String ID="string_173" HPOS="879" VPOS="1123" WIDTH="46" HEIGHT="22" WC="0.92" CONTENT="icke"/><SP WIDTH="15" VPOS="1123" HPOS="925"/>
							<String ID="string_174" HPOS="940" VPOS="1129" WIDTH="77" HEIGHT="15" WC="0.92" CONTENT="annor-"/>
						</TextLine>
						<TextLine ID="line_25" HPOS="189" VPOS="1151" WIDTH="827" HEIGHT="28">
							<String ID="string_175" HPOS="189" VPOS="1151" WIDTH="67" HEIGHT="21" WC="0.91" CONTENT="lunda"/><SP WIDTH="15" VPOS="1151" HPOS="256"/>
							<String ID="string_176" HPOS="271" VPOS="1152" WIDTH="31" HEIGHT="21" WC="0.93" CONTENT="uti"/><SP WIDTH="15" VPOS="1152" HPOS="302"/>
							<String ID="string_177" HPOS="317" VPOS="1151" WIDTH="123" HEIGHT="28" WC="0.92" CONTENT="legoaftalet"/><SP WIDTH="15" VPOS="1151" HPOS="440"/>
							<String ID="string_178" HPOS="455" VPOS="1152" WIDTH="209" HEIGHT="22" WC="0.90" CONTENT="öfverenskommits."/><SP WIDTH="31" VPOS="1152" HPOS="664"/>
							<String ID="string_179" HPOS="695" VPOS="1152" WIDTH="70" HEIGHT="22" WC="0.95" CONTENT="Saken"/><SP WIDTH="15" VPOS="1152" HPOS="765"/>
							<String ID="string_180" HPOS="780" VPOS="1152" WIDTH="42" HEIGHT="21" WC="0.96" CONTENT="kan"/><SP WIDTH="16" VPOS="1152" HPOS="822"/>
							<String ID="string_181" HPOS="838" VPOS="1152" WIDTH="85" HEIGHT="21" WC="0.96" CONTENT="enklast"/><SP WIDTH="15" VPOS="1152" HPOS="923"/>
							<String ID="string_182" HPOS="938" VPOS="1152" WIDTH="78" HEIGHT="21" WC="0.95" CONTENT="ordnas"/>
						</TextLine>
						<TextLine ID="line_26" HPOS="189" VPOS="1180" WIDTH="827" HEIGHT="29">
							<String ID="string_183" HPOS="189" VPOS="1180" WIDTH="29" HEIGHT="26" WC="0.96" CONTENT="sä,"/><SP WIDTH="23" VPOS="1180" HPOS="218"/>
							<String ID="string_184" HPOS="241" VPOS="1182" WIDTH="33" HEIGHT="19" WC="0.96" CONTENT="att"/><SP WIDTH="14" VPOS="1182" HPOS="274"/>
							<String ID="string_185" HPOS="288" VPOS="1181" WIDTH="7" HEIGHT="20" WC="0.96" CONTENT="i"/><SP WIDTH="15" VPOS="1181" HPOS="295"/>
							<String ID="string_186" HPOS="310" VPOS="1181" WIDTH="70" HEIGHT="21" WC="0.96" CONTENT="denna"/><SP WIDTH="22" VPOS="1181" HPOS="380"/>
							<String ID="string_187" HPOS="402" VPOS="1181" WIDTH="28" HEIGHT="21" WC="0.93" CONTENT="50"/><SP WIDTH="18" VPOS="1181" HPOS="430"/>
							<String ID="string_188" HPOS="448" VPOS="1181" WIDTH="11" HEIGHT="28" WC="0.93" CONTENT="$"/><SP WIDTH="19" VPOS="1181" HPOS="459"/>
							<String ID="string_189" HPOS="478" VPOS="1181" WIDTH="106" HEIGHT="27" WC="0.92" CONTENT="inskjutas"/><SP WIDTH="23" VPOS="1181" HPOS="584"/>
							<String ID="string_190" HPOS="607" VPOS="1181" WIDTH="75" HEIGHT="22" WC="0.93" CONTENT="orden:"/><SP WIDTH="26" VPOS="1181" HPOS="682"/>
							<String ID="string_191" HPOS="708" VPOS="1181" WIDTH="86" HEIGHT="22" WC="0.92" CONTENT="»såvida"/><SP WIDTH="22" VPOS="1181" HPOS="794"/>
							<String ID="string_192" HPOS="816" VPOS="1181" WIDTH="18" HEIGHT="26" WC="0.96" CONTENT="ej"/><SP WIDTH="21" VPOS="1181" HPOS="834"/>
							<String ID="string_193" HPOS="855" VPOS="1180" WIDTH="134" HEIGHT="21" WC="0.95" CONTENT="annorlunda"/><SP WIDTH="21" VPOS="1180" HPOS="989"/>
							<String ID="string_194" HPOS="1010" VPOS="1181" WIDTH="6" HEIGHT="20" WC="0.95" CONTENT="i"/>
						</TextLine>
						<TextLine ID="line_27" HPOS="189" VPOS="1208" WIDTH="827" HEIGHT="27">
							<String ID="string_195" HPOS="189" VPOS="1208" WIDTH="124" HEIGHT="27" WC="0.92" CONTENT="legoaftalet"/><SP WIDTH="18" VPOS="1208" HPOS="313"/>
							<String ID="string_196" HPOS="331" VPOS="1209" WIDTH="214" HEIGHT="22" WC="0.42" CONTENT="öfverenskommits»"/><SP WIDTH="18" VPOS="1209" HPOS="545"/>
							<String ID="string_197" HPOS="563" VPOS="1210" WIDTH="77" HEIGHT="21" WC="0.96" CONTENT="mellan"/><SP WIDTH="16" VPOS="1210" HPOS="640"/>
							<String ID="string_198" HPOS="656" VPOS="1210" WIDTH="66" HEIGHT="21" WC="0.93" CONTENT="orden"/><SP WIDTH="19" VPOS="1210" HPOS="722"/>
							<String ID="string_199" HPOS="741" VPOS="1211" WIDTH="47" HEIGHT="20" WC="0.52" CONTENT="vär»"/><SP WIDTH="18" VPOS="1211" HPOS="788"/>
							<String ID="string_200" HPOS="806" VPOS="1209" WIDTH="40" HEIGHT="22" WC="0.93" CONTENT="och"/><SP WIDTH="17" VPOS="1209" HPOS="846"/>
							<String ID="string_201" HPOS="863" VPOS="1209" WIDTH="153" HEIGHT="26" WC="0.79" CONTENT="»berättigad»."/>
						</TextLine>
						<TextLine ID="line_28" HPOS="188" VPOS="1237" WIDTH="828" HEIGHT="28">
							<String ID="string_202" HPOS="188" VPOS="1237" WIDTH="83" HEIGHT="26" WC="0.92" CONTENT="Regeln"/><SP WIDTH="15" VPOS="1237" HPOS="271"/>
							<String ID="string_203" HPOS="286" VPOS="1237" WIDTH="40" HEIGHT="22" WC="0.93" CONTENT="blir"/><SP WIDTH="15" VPOS="1237" HPOS="326"/>
							<String ID="string_204" HPOS="341" VPOS="1238" WIDTH="126" HEIGHT="27" WC="0.92" CONTENT="visserligen"/><SP WIDTH="16" VPOS="1238" HPOS="467"/>
							<String ID="string_205" HPOS="483" VPOS="1238" WIDTH="28" HEIGHT="21" WC="0.93" CONTENT="dä"/><SP WIDTH="14" VPOS="1238" HPOS="511"/>
							<String ID="string_206" HPOS="525" VPOS="1237" WIDTH="131" HEIGHT="22" WC="0.92" CONTENT="fortfarande"/><SP WIDTH="15" VPOS="1237" HPOS="656"/>
							<String ID="string_207" HPOS="671" VPOS="1238" WIDTH="48" HEIGHT="26" WC="0.96" CONTENT="den,"/><SP WIDTH="16" VPOS="1238" HPOS="719"/>
							<String ID="string_208" HPOS="735" VPOS="1244" WIDTH="46" HEIGHT="15" WC="0.93" CONTENT="som"/><SP WIDTH="17" VPOS="1244" HPOS="781"/>
							<String ID="string_209" HPOS="798" VPOS="1238" WIDTH="106" HEIGHT="21" WC="0.93" CONTENT="utskottet"/><SP WIDTH="11" VPOS="1238" HPOS="904"/>
							<String ID="string_210" HPOS="915" VPOS="1237" WIDTH="7" HEIGHT="22" WC="0.96" CONTENT="i"/><SP WIDTH="11" VPOS="1237" HPOS="922"/>
							<String ID="string_211" HPOS="933" VPOS="1238" WIDTH="37" HEIGHT="21" WC="0.93" CONTENT="sitt"/><SP WIDTH="10" VPOS="1238" HPOS="970"/>
							<String ID="string_212" HPOS="980" VPOS="1237" WIDTH="36" HEIGHT="21" WC="0.93" CONTENT="be-"/>
						</TextLine>
						<TextLine ID="line_29" HPOS="187" VPOS="1265" WIDTH="831" HEIGHT="29">
							<String ID="string_213" HPOS="187" VPOS="1265" WIDTH="108" HEIGHT="22" WC="0.92" CONTENT="tänkande"/><SP WIDTH="22" VPOS="1265" HPOS="295"/>
							<String ID="string_214" HPOS="317" VPOS="1265" WIDTH="97" HEIGHT="28" WC="0.90" CONTENT="föreslär,"/><SP WIDTH="23" VPOS="1265" HPOS="414"/>
							<String ID="string_215" HPOS="437" VPOS="1273" WIDTH="48" HEIGHT="15" WC="0.96" CONTENT="men"/><SP WIDTH="19" VPOS="1273" HPOS="485"/>
							<String ID="string_216" HPOS="504" VPOS="1267" WIDTH="111" HEIGHT="27" WC="0.96" CONTENT="möjlighet"/><SP WIDTH="14" VPOS="1267" HPOS="615"/>
							<String ID="string_217" HPOS="629" VPOS="1267" WIDTH="32" HEIGHT="21" WC="0.93" CONTENT="till"/><SP WIDTH="15" VPOS="1267" HPOS="661"/>
							<String ID="string_218" HPOS="676" VPOS="1266" WIDTH="103" HEIGHT="22" WC="0.93" CONTENT="afvikelse"/><SP WIDTH="15" VPOS="1266" HPOS="779"/>
							<String ID="string_219" HPOS="794" VPOS="1266" WIDTH="93" HEIGHT="22" WC="0.92" CONTENT="därifrän"/><SP WIDTH="16" VPOS="1266" HPOS="887"/>
							<String ID="string_220" HPOS="903" VPOS="1266" WIDTH="7" HEIGHT="21" WC="0.96" CONTENT="i"/><SP WIDTH="14" VPOS="1266" HPOS="910"/>
							<String ID="string_221" HPOS="924" VPOS="1265" WIDTH="55" HEIGHT="22" WC="0.96" CONTENT="form"/><SP WIDTH="16" VPOS="1265" HPOS="979"/>
							<String ID="string_222" HPOS="995" VPOS="1265" WIDTH="23" HEIGHT="22" WC="0.97" CONTENT="af"/>
						</TextLine>
						<TextLine ID="line_30" HPOS="187" VPOS="1293" WIDTH="187" HEIGHT="23">
							<String ID="string_223" HPOS="187" VPOS="1293" WIDTH="51" HEIGHT="22" WC="0.83" CONTENT="aftal"/><SP WIDTH="15" VPOS="1293" HPOS="238"/>
							<String ID="string_224" HPOS="253" VPOS="1293" WIDTH="121" HEIGHT="23" WC="0.92" CONTENT="förefinnes."/>
						</TextLine>
					</TextBlock>
				</ComposedBlock>
				<ComposedBlock ID="cblock_12" HPOS="184" VPOS="1351" WIDTH="832" HEIGHT="171">
					<TextBlock ID="block_13" HPOS="184" VPOS="1351" WIDTH="832" HEIGHT="171">
						<TextLine ID="line_31" HPOS="256" VPOS="1351" WIDTH="758" HEIGHT="28">
							<String ID="string_225" HPOS="256" VPOS="1351" WIDTH="34" HEIGHT="22" WC="0.92" CONTENT="Hr"/><SP WIDTH="22" VPOS="1351" HPOS="290"/>
							<String ID="string_226" HPOS="312" VPOS="1351" WIDTH="146" HEIGHT="22" WC="0.92" CONTENT="Boisman:"/><SP WIDTH="22" VPOS="1351" HPOS="458"/>
							<String ID="string_227" HPOS="480" VPOS="1353" WIDTH="12" HEIGHT="20" WC="0.88" CONTENT="I"/><SP WIDTH="19" VPOS="1353" HPOS="492"/>
							<String ID="string_228" HPOS="511" VPOS="1353" WIDTH="70" HEIGHT="20" WC="0.96" CONTENT="denna"/><SP WIDTH="20" VPOS="1353" HPOS="581"/>
							<String ID="string_229" HPOS="601" VPOS="1352" WIDTH="39" HEIGHT="21" WC="0.93" CONTENT="och"/><SP WIDTH="16" VPOS="1352" HPOS="640"/>
							<String ID="string_230" HPOS="656" VPOS="1352" WIDTH="143" HEIGHT="27" WC="0.92" CONTENT="nästföljande"/><SP WIDTH="15" VPOS="1352" HPOS="799"/>
							<String ID="string_231" HPOS="814" VPOS="1351" WIDTH="102" HEIGHT="28" WC="0.92" CONTENT="paragraf"/><SP WIDTH="12" VPOS="1351" HPOS="916"/>
							<String ID="string_232" HPOS="928" VPOS="1351" WIDTH="39" HEIGHT="21" WC="0.93" CONTENT="har"/><SP WIDTH="15" VPOS="1351" HPOS="967"/>
							<String ID="string_233" HPOS="982" VPOS="1353" WIDTH="32" HEIGHT="20" WC="0.92" CONTENT="ut-"/>
						</TextLine>
						<TextLine ID="line_32" HPOS="186" VPOS="1379" WIDTH="829" HEIGHT="29">
							<String ID="string_234" HPOS="186" VPOS="1379" WIDTH="82" HEIGHT="22" WC="0.91" CONTENT="skottet"/><SP WIDTH="21" VPOS="1379" HPOS="268"/>
							<String ID="string_235" HPOS="289" VPOS="1379" WIDTH="111" HEIGHT="28" WC="0.91" CONTENT="föreslagit"/><SP WIDTH="22" VPOS="1379" HPOS="400"/>
							<String ID="string_236" HPOS="422" VPOS="1387" WIDTH="27" HEIGHT="15" WC="0.92" CONTENT="en"/><SP WIDTH="23" VPOS="1387" HPOS="449"/>
							<String ID="string_237" HPOS="472" VPOS="1381" WIDTH="137" HEIGHT="27" WC="0.92" CONTENT="synnerligen"/><SP WIDTH="22" VPOS="1381" HPOS="609"/>
							<String ID="string_238" HPOS="631" VPOS="1381" WIDTH="68" HEIGHT="27" WC="0.96" CONTENT="viktig"/><SP WIDTH="18" VPOS="1381" HPOS="699"/>
							<String ID="string_239" HPOS="717" VPOS="1381" WIDTH="92" HEIGHT="26" WC="0.96" CONTENT="ändring"/><SP WIDTH="15" VPOS="1381" HPOS="809"/>
							<String ID="string_240" HPOS="824" VPOS="1381" WIDTH="7" HEIGHT="20" WC="0.96" CONTENT="i"/><SP WIDTH="16" VPOS="1381" HPOS="831"/>
							<String ID="string_241" HPOS="847" VPOS="1380" WIDTH="168" HEIGHT="27" WC="0.96" CONTENT="propositionen."/>
						</TextLine>
						<TextLine ID="line_33" HPOS="185" VPOS="1407" WIDTH="829" HEIGHT="30">
							<String ID="string_242" HPOS="185" VPOS="1407" WIDTH="75" HEIGHT="28" WC="0.96" CONTENT="Enligt"/><SP WIDTH="22" VPOS="1407" HPOS="260"/>
							<String ID="string_243" HPOS="282" VPOS="1409" WIDTH="163" HEIGHT="26" WC="0.96" CONTENT="propositionen"/><SP WIDTH="23" VPOS="1409" HPOS="445"/>
							<String ID="string_244" HPOS="468" VPOS="1409" WIDTH="54" HEIGHT="22" WC="0.96" CONTENT="skall"/><SP WIDTH="15" VPOS="1409" HPOS="522"/>
							<String ID="string_245" HPOS="537" VPOS="1410" WIDTH="119" HEIGHT="27" WC="0.96" CONTENT="ersättning"/><SP WIDTH="15" VPOS="1410" HPOS="656"/>
							<String ID="string_246" HPOS="671" VPOS="1409" WIDTH="33" HEIGHT="22" WC="0.93" CONTENT="för"/><SP WIDTH="16" VPOS="1409" HPOS="704"/>
							<String ID="string_247" HPOS="720" VPOS="1409" WIDTH="76" HEIGHT="27" WC="0.92" CONTENT="gjorda"/><SP WIDTH="14" VPOS="1409" HPOS="796"/>
							<String ID="string_248" HPOS="810" VPOS="1409" WIDTH="153" HEIGHT="26" WC="0.91" CONTENT="förbättringar"/><SP WIDTH="16" VPOS="1409" HPOS="963"/>
							<String ID="string_249" HPOS="979" VPOS="1409" WIDTH="35" HEIGHT="20" WC="0.93" CONTENT="be-"/>
						</TextLine>
						<TextLine ID="line_34" HPOS="186" VPOS="1437" WIDTH="830" HEIGHT="28">
							<String ID="string_250" HPOS="186" VPOS="1438" WIDTH="102" HEIGHT="20" WC="0.86" CONTENT="stämmas"/><SP WIDTH="23" VPOS="1438" HPOS="288"/>
							<String ID="string_251" HPOS="311" VPOS="1437" WIDTH="7" HEIGHT="21" WC="0.93" CONTENT="i"/><SP WIDTH="21" VPOS="1437" HPOS="318"/>
							<String ID="string_252" HPOS="339" VPOS="1437" WIDTH="132" HEIGHT="22" WC="0.96" CONTENT="förhållande"/><SP WIDTH="21" VPOS="1437" HPOS="471"/>
							<String ID="string_253" HPOS="492" VPOS="1438" WIDTH="32" HEIGHT="21" WC="0.96" CONTENT="till"/><SP WIDTH="23" VPOS="1438" HPOS="524"/>
							<String ID="string_254" HPOS="547" VPOS="1438" WIDTH="41" HEIGHT="21" WC="0.96" CONTENT="den"/><SP WIDTH="23" VPOS="1438" HPOS="588"/>
							<String ID="string_255" HPOS="611" VPOS="1444" WIDTH="77" HEIGHT="21" WC="0.90" CONTENT="genom"/><SP WIDTH="23" VPOS="1444" HPOS="688"/>
							<String ID="string_256" HPOS="711" VPOS="1437" WIDTH="157" HEIGHT="28" WC="0.95" CONTENT="förbättringen"/><SP WIDTH="24" VPOS="1437" HPOS="868"/>
							<String ID="string_257" HPOS="892" VPOS="1437" WIDTH="124" HEIGHT="27" WC="0.96" CONTENT="uppkomna"/>
						</TextLine>
						<TextLine ID="line_35" HPOS="184" VPOS="1465" WIDTH="830" HEIGHT="28">
							<String ID="string_258" HPOS="184" VPOS="1465" WIDTH="108" HEIGHT="28" WC="0.96" CONTENT="ökningen"/><SP WIDTH="23" VPOS="1465" HPOS="292"/>
							<String ID="string_259" HPOS="315" VPOS="1465" WIDTH="23" HEIGHT="22" WC="0.93" CONTENT="af"/><SP WIDTH="19" VPOS="1465" HPOS="338"/>
							<String ID="string_260" HPOS="357" VPOS="1466" WIDTH="139" HEIGHT="27" WC="0.96" CONTENT="lägenhetens"/><SP WIDTH="21" VPOS="1466" HPOS="496"/>
							<String ID="string_261" HPOS="517" VPOS="1467" WIDTH="71" HEIGHT="26" WC="0.96" CONTENT="värde,"/><SP WIDTH="16" VPOS="1467" HPOS="588"/>
							<String ID="string_262" HPOS="604" VPOS="1467" WIDTH="54" HEIGHT="21" WC="0.93" CONTENT="dock"/><SP WIDTH="15" VPOS="1467" HPOS="658"/>
							<String ID="string_263" HPOS="673" VPOS="1467" WIDTH="18" HEIGHT="26" WC="0.96" CONTENT="ej"/><SP WIDTH="17" VPOS="1467" HPOS="691"/>
							<String ID="string_264" HPOS="708" VPOS="1466" WIDTH="33" HEIGHT="21" WC="0.96" CONTENT="till"/><SP WIDTH="14" VPOS="1466" HPOS="741"/>
							<String ID="string_265" HPOS="755" VPOS="1466" WIDTH="67" HEIGHT="27" WC="0.93" CONTENT="högre"/><SP WIDTH="15" VPOS="1466" HPOS="822"/>
							<String ID="string_266" HPOS="837" VPOS="1466" WIDTH="78" HEIGHT="27" WC="0.96" CONTENT="belopp"/><SP WIDTH="16" VPOS="1466" HPOS="915"/>
							<String ID="string_267" HPOS="931" VPOS="1467" WIDTH="27" HEIGHT="20" WC="0.96" CONTENT="än"/><SP WIDTH="16" VPOS="1467" HPOS="958"/>
							<String ID="string_268" HPOS="974" VPOS="1466" WIDTH="40" HEIGHT="21" WC="0.96" CONTENT="den"/>
						</TextLine>
						<TextLine ID="line_36" HPOS="184" VPOS="1493" WIDTH="830" HEIGHT="29">
							<String ID="string_269" HPOS="184" VPOS="1493" WIDTH="99" HEIGHT="27" WC="0.90" CONTENT="kostnad,"/><SP WIDTH="23" VPOS="1493" HPOS="283"/>
							<String ID="string_270" HPOS="306" VPOS="1500" WIDTH="47" HEIGHT="15" WC="0.96" CONTENT="som"/><SP WIDTH="23" VPOS="1500" HPOS="353"/>
							<String ID="string_271" HPOS="376" VPOS="1495" WIDTH="56" HEIGHT="21" WC="0.93" CONTENT="varit"/><SP WIDTH="21" VPOS="1495" HPOS="432"/>
							<String ID="string_272" HPOS="453" VPOS="1495" WIDTH="122" HEIGHT="27" WC="0.92" CONTENT="nödvändig"/><SP WIDTH="14" VPOS="1495" HPOS="575"/>
							<String ID="string_273" HPOS="589" VPOS="1495" WIDTH="34" HEIGHT="21" WC="0.93" CONTENT="för"/><SP WIDTH="15" VPOS="1495" HPOS="623"/>
							<String ID="string_274" HPOS="638" VPOS="1495" WIDTH="95" HEIGHT="22" WC="0.92" CONTENT="arbetets"/><SP WIDTH="16" VPOS="1495" HPOS="733"/>
							<String ID="string_275" HPOS="749" VPOS="1494" WIDTH="119" HEIGHT="22" WC="0.92" CONTENT="utförande."/><SP WIDTH="30" VPOS="1494" HPOS="868"/>
							<String ID="string_276" HPOS="898" VPOS="1495" WIDTH="48" HEIGHT="20" WC="0.96" CONTENT="Den"/><SP WIDTH="16" VPOS="1495" HPOS="946"/>
							<String ID="string_277" HPOS="962" VPOS="1494" WIDTH="52" HEIGHT="21" WC="0.96" CONTENT="sista"/>
						</TextLine>
					</TextBlock>
				</ComposedBlock>
			</PrintSpace>
		</Page>
	</Layout>
</alto>
