1075 1745
193 95 42 34 840
545 106 126 21 Järnvägar.
933 106 28 17 23
972 105 47 20 maj.

263 175 40 21 3:0.
333 175 39 26 De,
387 175 75 21 hvilka
475 175 119 28 godkänna
609 175 114 21 utskottets
738 174 70 28 första
824 174 57 21 kläm
898 174 14 21 å
925 174 49 21 sida
984 175 37 25 42,

193 205 60 19 rösta
267 203 36 27 ja;
319 204 30 26 de,
365 204 35 21 det
414 204 46 21 icke
473 207 61 24 göra,
550 206 60 19 rösta
625 204 50 28 nej;

263 232 80 21 vinner
357 233 45 27 nej,
418 233 42 20 har
476 233 177 27 borgareståndet
668 232 88 28 antagit
770 233 67 27 sagda
853 231 60 22 kläm
927 232 49 21 med
987 231 35 22 det

193 261 29 27 af
234 261 27 20 hr
277 261 131 22 Lundenius
423 262 78 21 därtill
515 262 127 27 föreslagna
658 261 82 28 tillägg.

263 319 165 26 Propositionen
449 319 128 22 besvarades
597 319 48 22 med
664 318 158 27 öfvervägande
837 319 40 26 nej,
893 319 7 20 i
915 318 106 22 anseende

193 347 85 21 hvartill
302 348 176 27 borgareständet
501 348 95 27 godkänt
617 348 116 21 utskottets
749 347 70 22 första
833 347 56 21 kläm
905 347 13 21 å
933 347 46 21 sida
993 347 28 21 42

194 376 48 21 med
259 376 73 28 tillägg
346 376 24 21 af
383 377 61 21 ordet
461 377 130 21 »fastställa>
609 376 53 22 efter
678 376 107 22 slutordet
802 376 110 28 »skäligt».

263 440 118 27 Angående
405 440 116 22 utskottets
541 440 67 21 andra
623 440 39 21 och
678 439 68 28 tredje
761 439 56 22 kläm
833 439 12 22 å
861 439 52 22 sidd.
929 439 91 26 42—43,

194 475 34 14 om
252 468 71 22 hvilka
345 469 141 27 anmärkning
507 469 46 21 icke
568 469 123 26 framstälts,
707 468 142 22 antecknades
865 470 32 19 att
911 468 109 21 desamma

194 503 52 15 voro
262 497 23 21 af
299 497 86 22 ståndet
403 498 118 27 godkända.

262 554 123 22 Utskottets
407 554 68 22 första
497 555 57 21 kläm
576 555 13 21 å
610 555 47 21 sida
671 555 28 20 44
715 554 88 28 gillades
820 556 50 19 utan
886 554 134 26 diskussion;

193 583 38 20 och
248 589 47 15 som
311 583 35 21 det
361 583 67 22 andra
443 583 234 28 resolutionsförslaget
692 584 12 21 å
720 589 82 16 samma
811 583 47 22 sida
868 583 89 26 tidigare
968 583 51 26 god-

191 611 64 22 känts
278 611 22 22 af
321 612 91 26 ståndet,
435 619 37 14 var
488 612 221 27 järnvägsutskottets
724 611 146 28 föreliggande
886 611 133 22 betänkande

191 639 23 22 af
227 640 177 27 borgareståndet
420 641 179 22 slutbehandladt.

260 819 120 27 Föredrogs
394 820 221 27 järnvägsutskottets
627 821 35 20 vid
674 821 87 26 plenum
772 820 41 21 den
826 821 25 20 18
863 821 80 20 dennes
954 820 64 21 bord-

191 847 62 27 lagda
276 848 134 21 betänkande
433 855 35 15 n:o
491 849 12 20 2
525 849 6 21 i
547 849 115 26 anledning
677 849 22 21 af
713 849 106 21 särskilda
834 849 31 21 till
882 849 88 21 stånden
987 849 31 20 in-

191 876 98 21 lämnade
304 876 213 27 petitionsmemorial
532 877 111 28 angående
654 877 266 28 järnvägsbyggnader.

261 939 84 21 Främst
368 939 112 28 föredrogs
496 940 117 22 utskottets
629 941 52 21 sista
696 941 56 20 kläm
769 941 13 20 å
797 941 46 20 sida
854 941 51 23 161;
921 941 38 20 och
971 947 45 14 som

191 967 125 22 densamma
337 967 23 22 af
374 969 85 20 ståndet
478 969 128 27 godkändes,
622 969 143 21 antecknades
780 971 33 19 att
828 969 96 21 ståndets
941 969 76 26 beslut,

190 995 33 22 för
246 996 70 21 såvidt
337 997 26 20 de
381 997 93 27 angingo
489 997 80 28 anslag,
585 998 154 21 subventioner
754 997 39 22 och
809 998 34 21 lån
859 997 33 22 för
905 998 112 27 järnvägs-

190 1025 130 26 byggnader,
343 1025 69 22 skulle
434 1032 63 15 anses
518 1027 70 20 såsom
605 1027 120 21 eventuella
740 1026 39 21 och
795 1028 78 25 ytterst
888 1027 51 20 bero
955 1026 23 21 af
991 1027 26 20 de

190 1053 77 24 beslut,
283 1053 58 22 hvari
357 1055 87 20 ståndet
455 1055 86 21 komme
555 1057 32 19 att
602 1057 77 19 stanna
694 1055 35 21 vid
746 1055 155 27 behandlingen
917 1055 24 21 af
953 1057 64 19 stats-

191 1082 117 21 utskottets
330 1083 135 22 betänkande
488 1090 34 15 n:o
543 1084 13 21 9
573 1084 17 21 B
605 1084 111 27 angående
732 1083 285 22 kommunikationsfonden.

259 1139 56 21 Utan
333 1139 123 22 diskussion
475 1142 77 25 antogs
568 1141 61 21 ätven
645 1141 119 22 utskottets
780 1140 211 27 resolutionsförslag
1005 1141 13 20 ä

189 1167 54 21 sidd.
261 1168 40 21 123
317 1168 38 21 och
373 1169 47 21 124.

257 1225 100 21 Rörande
368 1226 116 21 utskottets
495 1227 103 21 klämmar
605 1227 9 21 å
624 1228 53 21 sidd.
685 1228 42 21 130
736 1228 60 21 —131
807 1228 104 27 begärdes
925 1227 61 21 ordet
996 1227 23 21 af

257 1287 25 21 hr
298 1288 74 25 Lille,
392 1295 45 15 som
453 1290 92 26 yttrade:
575 1291 42 26 Jag
631 1291 38 20 ber
683 1292 32 20 att
730 1291 7 20 i
754 1290 101 21 afseende
870 1291 13 20 å
898 1289 118 21 understöd

187 1316 22 20 åt
224 1315 120 28 Uleåborgs
362 1317 68 21 banan
447 1317 21 21 få
485 1318 85 21 ansluta
585 1319 44 27 mig
644 1318 30 22 till
691 1319 39 21 den
748 1318 68 22 första
831 1318 106 21 klämmen
953 1318 6 20 i
975 1318 40 21 den

187 1344 22 21 af
218 1344 25 21 hr
255 1344 80 22 Schildt
345 1346 174 22 undertecknade
532 1347 159 22 reservationen
703 1347 30 22 till
745 1347 118 22 utskottets
876 1346 139 22 betänkande.

256 1407 33 21 Hr
316 1407 156 23 Kerttula:
502 1409 82 22 Vaikka
614 1411 57 20 minä
696 1410 175 22 kiitollisuudella
897 1411 118 20 tunnustan

188 1441 37 15 sen
248 1437 234 27 myötätuntoisuuden,
499 1438 53 27 jolla
568 1439 216 22 rautatievaliokunta
800 1445 27 15 on
843 1438 108 27 käsitellyt
965 1438 51 21 mei-

187 1463 40 22 dän
252 1465 233 22 raha-anomustamme
501 1467 182 22 Vaalan—Oulun
699 1468 68 21 radan
783 1467 94 28 hyväksi,
893 1467 44 20 niin
953 1466 62 21 olisin

186 1492 133 22 kumminkin
336 1493 108 23 kernaasti
460 1495 85 28 nähnyt,
560 1497 44 22 että
619 1496 123 24 valiokunta
758 1496 48 22 olisi
822 1496 129 21 ehdottanut
965 1501 50 16 suu-
