1078 1764
183 114 55 33 1096
518 116 150 33 Arbetsbetyg.
934 124 12 15 5
955 123 53 20 juni.

285 193 94 23 FINLANDS
395 189 100 27 STÄNDERS

198 246 388 32 EKONOMIUTSKOTT

331 296 114 36 —0+—
610 301 40 21 Till
666 300 107 28 vällofliga
788 300 183 28 borgareständet.

298 350 183 18 HELSINGFORS

300 396 34 18 den
346 397 12 17 5
365 396 48 23 juni
425 396 56 18 1900.

346 449 36 17 N:o
396 450 37 17 195.

251 489 214 22 Ekonomiutskottet
485 489 33 22 fär
542 490 87 22 härmed
653 490 110 22 vördsamt
785 490 96 21 meddela
896 491 32 19 att
943 489 67 27 enligt

182 518 107 21 utskottet
310 518 182 22 tillhandakomna
514 518 200 28 protokollsutdrag
735 518 47 22 från
802 518 90 22 stånden
908 518 49 22 dess
973 518 36 21 be-

182 546 107 22 tänkande
304 553 33 15 n:o
354 547 27 21 19
396 547 7 21 i
418 547 116 27 anledning
549 546 23 22 af
585 549 31 19 ett
631 548 7 20 i
654 547 157 22 bondeständet
825 547 62 21 väckt
897 546 112 28 petitions-

181 574 82 28 förslag
285 575 110 27 angående
417 576 158 27 arbetsbetyg
598 576 68 21 blifvit
690 576 109 27 godkändt
818 575 23 21 af
860 575 149 27 ridderskapet

182 604 39 21 och
244 604 69 25 adeln,
335 604 158 27 prästeståndet
517 606 56 20 samt
595 604 184 28 borgareständet,
803 604 111 21 hvaremot
928 604 80 21 bonde-

182 632 87 22 ständet
289 633 82 26 antagit
391 633 40 21 den
456 633 31 21 till
505 633 144 21 betänkandet
664 632 77 28 fogade
756 633 172 21 reservationens
943 632 65 26 kläm;

182 660 38 22 och
236 661 39 21 har
291 661 65 27 sagda
371 661 184 27 petitionsförslag
570 662 56 27 förty
641 661 92 22 förfallit.

465 718 31 22 Pä
512 718 115 22 utskottets
643 720 90 26 vägnar:

504 764 81 21 Walter
600 764 98 28 Hoving.

797 792 57 18 Tekla
866 792 73 17 Hultin.

250 883 33 21 Pä
303 883 158 28 framställning
483 884 23 22 af
526 885 26 21 hr
575 885 122 21 talmannen
720 884 70 22 beslöt
809 884 198 27 borgareständet
995 879 16 37 i

181 911 60 27 fräga
264 918 35 15 om
319 912 127 28 justering
468 912 27 23 af
515 913 111 23 ständets
650 912 282 28 diskussionsprotokoll
955 912 53 22 efter

180 940 142 27 landtdagens
345 940 122 22 afslutande
489 942 112 27 uppdraga
616 942 23 21 ät
653 942 98 21 ständets
767 941 138 21 medlemmar
920 942 7 20 i
939 941 68 27 juste-

180 968 71 28 rings-
275 969 38 21 och
335 970 245 26 expeditionsutskotten
603 973 32 19 att
652 971 58 21 inom
728 970 35 27 sig
781 972 48 19 utse
845 973 31 17 tre
892 970 116 21 ledamöter

180 999 32 19 att
225 996 34 22 för
275 997 73 27 hvarje
364 998 57 27 gäng
432 998 85 27 justera
533 999 90 21 berörda
638 998 114 28 protokoll.

250 1094 56 22 Frän
319 1094 210 28 järnvägsutskottet
545 1096 54 21 hade
614 1096 88 22 anländt
716 1102 27 15 en
759 1094 113 23 skrifvelse
884 1094 23 22 af
915 1094 93 28 följande

180 1122 92 28 lydelse:

262 1168 116 20 FINLANDS
391 1165 121 24 STÄNDERS

229 1209 312 33 JÄRNVÄGSUTSKOTT.

334 1272 41 12 —
392 1273 50 12 +

287 1307 202 22 HELSINGFORS,

294 1353 34 17 den
340 1353 13 17 2
364 1353 44 21 juni
420 1353 56 18 1900.

349 1398 36 18 N:o
397 1399 28 18 50.

609 1279 40 20 Till
665 1278 107 27 vällofliga
787 1278 184 27 borgareståndet.

246 1447 32 22 Af
299 1448 106 21 utskottet
432 1449 183 22 tillhandakomna
636 1449 201 28 protokollsutdrag
859 1449 93 27 framgår
974 1451 32 19 att

178 1475 119 22 utskottets
312 1477 7 20 i
334 1477 113 21 skrifvelse
463 1477 22 22 af
499 1478 42 21 den
557 1479 11 20 1
582 1478 48 27 juni
646 1478 31 21 till
692 1478 92 21 stånden
800 1477 124 22 framstälda
941 1477 67 27 tredje

177 1503 82 28 förslag
274 1505 32 20 till
321 1505 210 28 sammanjämkning
546 1505 23 22 af
583 1506 26 21 de
624 1506 122 27 skiljaktiga
761 1506 78 26 beslut,
849 1506 7 21 i
866 1505 72 22 hvilka
950 1506 57 21 stän-
