1078 1767
51 121 13 17 5
73 121 52 20 juni.
352 136 3 3 .
361 121 110 21 Offentligt
482 122 96 20 register.
821 114 53 23 1091

120 190 56 21 Från
191 189 142 27 lagutskottet
347 190 54 22 hade
417 190 118 22 ankommit
550 189 92 28 följande
657 192 33 19 tre
706 190 133 22 skrifvelser
828 185 13 37 :

156 253 95 22 FINLANDS
267 249 100 27 STÄNDERS

102 306 322 38 LAGUTSKOTT.

215 357 76 35 ee
478 362 40 21 Till
534 361 105 27 vällofliga
650 361 183 27 borgareståndet.

190 404 140 18 HELSINGFORS,

159 447 36 17 den
213 448 11 16 5
237 446 46 23 juni
300 447 56 17 1900.

213 493 38 17 N:o
263 492 41 18 162.

122 539 41 22 Vid
185 538 153 28 föredragning
358 539 23 21 af
402 539 117 22 utskottets
543 540 40 21 den
606 539 27 21 26
652 539 115 22 nästvikna
787 538 41 27 maj
845 538 32 21 till

53 568 99 27 samtliga
167 567 62 22 ständ
245 567 78 22 aflätna
338 567 111 22 skrifvelse
464 568 7 21 i
486 567 74 28 frägan
576 574 35 15 om
621 568 89 21 förande
720 567 23 22 af
752 567 125 27 offentligt

53 596 104 27 register
181 595 68 24 öfver
270 602 124 22 personer,
416 602 52 17 som
487 597 55 22 icke
561 596 101 23 tillhöra
677 596 75 27 något
767 596 10 21 i
792 595 85 22 landet

53 625 133 27 behörigen
206 625 122 22 inrättadt
350 625 206 27 kyrkosamfund,
581 625 64 22 hafva
665 625 149 26 ridderskapet
837 624 39 21 och

52 653 61 22 adeln
129 655 56 20 samt
200 653 101 27 borgare-
317 653 38 22 och
370 654 162 21 bondeständen
548 655 71 20 ansett
633 654 67 27 sagda
712 653 111 22 skrifvelse
831 653 46 21 icke

52 681 109 22 föranleda
176 682 31 21 till
219 682 70 27 någon
306 682 81 27 åtgärd,
402 682 112 22 hvaremot
524 683 157 26 prästeståndet
690 682 90 21 beslutit
789 681 89 27 inbjuda

53 710 67 28 öfriga
142 711 63 20 stånd
223 712 32 19 att
269 711 74 21 förena
358 711 33 26 sig
407 717 34 15 om
456 711 170 27 prästeståndets
641 711 72 21 beslut
728 711 74 21 därom
818 711 31 20 att
863 710 14 21 2

53 745 63 15 mom.
131 739 13 21 6
160 739 11 28 8
187 739 7 21 i
208 739 103 27 förslaget
326 739 31 22 till
371 739 127 28 förordning
513 746 35 15 om
563 739 88 22 förande
666 739 23 22 af
698 739 76 22 sådant
786 739 91 26 register

53 774 46 15 som
115 774 51 21 nyss
182 768 87 21 nämdes
285 768 66 21 måtte
367 768 113 21 utlämnas.
509 769 77 20 Denna
595 768 169 27 prästeståndets
775 767 102 27 inbjudan

53 796 37 21 har
105 796 119 21 emellertid
240 796 68 22 blifvit
323 796 23 21 af
359 797 98 26 samtliga
473 797 69 27 öfriga
556 797 63 21 stånd
633 796 80 27 afböjd.

122 825 33 21 Då
178 825 89 21 sålunda
281 825 93 28 lagenlig
389 825 197 27 ständerpluralitet
600 825 113 27 föreligger
729 824 91 22 rörande
836 823 41 22 alla

53 853 58 22 delar
129 853 23 22 af
168 853 89 22 ärendet
272 854 39 21 och
327 854 72 21 vidare
414 854 75 27 åtgärd
504 854 46 21 däri
564 853 46 22 från
627 853 117 22 utskottets
760 853 47 22 sida
821 852 57 27 förty

52 882 46 21 icke
120 882 100 27 påkallas,
243 882 62 21 hafva
327 882 155 27 handlingarna
503 882 69 22 blifvit
590 882 31 21 till
637 881 241 28 expeditionsutskottet

53 910 163 22 öfverlämnade.

333 939 31 22 På
379 939 117 22 utskottets
511 942 92 25 vägnar:

381 985 26 22 R.
423 985 26 21 4.
472 985 80 22 Wrede.

576 1025 33 18 Ch.
622 1025 40 18 Em.
674 1025 20 17 af
706 1025 103 18 Frosterus.

163 1100 96 23 FINLANDS
273 1096 100 27 STÄNDERS

101 1153 323 38 LAGUTSKOTT.

225 1222 73 7 n
482 1209 40 21 Till
538 1208 105 27 vällofliga
658 1208 186 27 borgareständet.

191 1251 141 18 HELSINGFORS,

161 1293 36 17 den
214 1292 13 17 2
238 1292 47 23 juni
301 1294 56 17 1900.

215 1338 41 18 N:o
269 1339 39 17 167.

124 1385 86 22 Härhos
233 1385 32 22 fär
288 1386 106 21 utskottet
415 1386 110 21 vördsamt
545 1386 96 21 meddela
656 1387 32 19 att
703 1385 99 27 samtliga
818 1384 63 22 ständ

55 1414 105 26 godkänt:

125 1443 32 20 1:o
195 1442 117 22 utskottets
335 1442 135 22 betänkande
492 1449 34 15 n:o
550 1443 24 21 17
598 1443 48 21 med
669 1442 117 27 anledning
800 1440 24 23 af
837 1442 43 20 sär-

55 1470 68 22 skilda
149 1471 7 21 i
178 1471 99 27 samtliga
299 1471 62 21 stånd
388 1471 121 22 inlämnade
537 1470 211 28 petitionsmemorial
770 1470 111 27 angående

55 1498 200 28 missriktningar
270 1500 9 20 i
295 1499 96 23 landets
407 1499 160 28 förvaltning;
