1078 1756
42 98 28 17 28
81 98 48 21 maj.
392 90 152 35 Jordabalken.
829 92 42 22 958

43 161 32 21 uti
95 162 40 21 den
151 161 70 22 finska
235 161 107 28 lagtexten
357 161 46 22 icke
418 161 133 22 förekomme
566 162 151 21 motsvarande
732 162 40 21 ord
786 162 33 21 för
834 162 36 21 det

43 190 13 21 å
70 189 65 22 femte
157 191 64 20 raden
245 191 31 20 uti
299 191 27 20 16
341 191 13 26 $
370 191 11 20 1
398 197 64 14 mom.
478 191 7 20 i
500 191 41 21 den
565 191 92 21 svenska
676 193 71 19 texten
763 190 107 22 förekom-

43 219 78 21 mande
136 219 61 21 ordet
213 219 147 27 »lämpligen».

113 282 26 27 $8
157 282 32 25 17,
205 282 33 25 18,
258 282 32 26 19,
312 281 152 28 lagförslagets
486 282 84 27 ingress
594 282 39 21 och
655 282 74 21 rubrik
751 284 57 19 samt
829 283 41 20 den

44 310 63 26 kläm,
123 317 45 15 som
184 299 93 38 föregick
286 299 113 38 'rubriken,
415 311 123 26 godkändes
554 313 52 19 utan
621 311 147 27 anmärkning.

115 477 121 26 Föredrogs
258 477 39 21 och
320 477 124 27 godkändes
467 479 51 20 utan
542 477 149 22 diskussionen
708 479 162 20 vattenrättsut-

47 505 91 22 skottets
161 506 36 21 vid
218 508 85 19 senaste
326 506 86 27 plenum
436 505 33 22 för
484 507 68 20 andra
567 507 83 26 gången
666 506 117 27 bordlagda
798 506 72 21 betän-

46 534 69 21 kande
136 541 34 14 n:o
186 534 13 21 3
214 535 10 20 i
235 534 115 27 anledning
365 534 23 21 af
401 535 28 21 H.
445 535 26 21 K.
486 535 50 21 M:ts
551 535 78 27 nådiga
644 535 134 27 proposition
794 541 33 14 n:o
845 535 25 20 15

47 569 34 14 om
104 563 120 26 antagande
244 563 23 21 af
285 563 35 27 lag
341 563 111 28 angående
473 570 27 21 ny
515 563 94 28 lydelse
625 564 27 21 af
667 564 27 21 12
710 563 55 28 kap.
782 563 45 22 och
844 562 27 22 15

46 591 56 28 kap.
118 591 15 22 3
149 591 14 28 $
177 591 172 28 jordabalken.

116 753 135 29 Föredrogos
274 753 84 21 11—14
378 752 24 28 $$
419 754 11 20 1
446 753 48 27 kap.
510 755 56 19 samt
589 753 25 21 11
632 753 10 27 $
659 753 11 21 7
687 752 48 28 kap.
749 753 8 21 i
772 752 36 22 det
830 752 42 27 lag-

47 780 87 28 förslag,
157 780 47 23 som
213 769 42 33 "il
270 782 120 26 antagande
405 781 108 22 förordats
529 782 31 20 uti
575 781 246 22 vattenrättsutskottets
837 780 35 22 be-

47 810 108 21 tänkande
169 816 34 15 n:o
220 811 10 20 1
247 810 7 21 i
269 810 117 27 anledning
404 810 23 21 af
444 810 29 21 H.
488 810 26 21 K.
529 810 51 22 M:ts
595 810 77 27 nädiga
689 810 134 27 proposition
839 815 33 15 n:o

49 839 9 20 1
77 844 34 16 om
124 838 119 28 antagande
258 838 23 22 af
294 838 40 28 lag
348 838 126 28 angående
490 839 176 27 vattenrätten,
681 838 90 22 hvarvid

117 902 25 21 11
159 902 13 26 $
189 902 10 20 1
216 902 47 27 kap.
279 902 123 27 godkändes
419 904 51 19 utan
486 902 148 27 anmärkning.

117 965 135 22 Beträffande
268 966 11 26 $
296 966 26 20 12
338 965 6 21 i
360 966 66 26 sagda
441 965 49 27 kap.
505 965 71 21 anhöll

116 1028 26 22 hr
161 1028 171 22 Lundenius
352 1034 34 16 om
403 1028 63 22 ordet
481 1028 39 22 och
534 1028 93 27 yttrade:
654 1028 42 27 Jag
710 1028 38 21 ber
764 1028 110 21 vördsamt

48 1059 31 19 att
100 1057 178 27 borgareständet
292 1057 72 25 mätte,
380 1057 7 21 i
402 1057 95 27 enlighet
512 1057 48 21 med
576 1057 55 21 hvad
647 1056 67 28 öfriga
730 1057 63 21 ständ
808 1056 66 21 redan

49 1086 62 27 gjort,
130 1086 156 21 äterremittera
306 1086 70 21 denna
399 1085 102 28 paragraf
521 1086 31 21 till
573 1085 234 21 vattenrättsutskottet
822 1085 7 21 i
844 1084 30 22 af-

48 1114 79 22 seende
141 1115 14 20 ä
165 1114 89 27 förnyad
270 1114 122 27 beredning.

116 1143 50 21 Med
187 1143 85 21 hänsikt
279 1143 32 21 till
319 1143 41 21 den
368 1143 148 27 lösningsrätt,
525 1149 46 15 som
580 1142 120 22 utskottet
694 1138 9 36 i
711 1142 11 28 8
731 1143 27 21 12
765 1142 110 27 föreslagit

48 1171 33 21 för
102 1172 138 26 strandegare
255 1172 7 20 i
277 1171 101 22 afseende
392 1172 13 20 &
421 1172 105 20 strömfall
541 1171 39 21 och
595 1171 33 21 för
644 1171 180 27 strömfallsegare
840 1170 35 21 be-

48 1200 103 21 träffande
174 1200 131 22 tillstötande
320 1200 81 25 strand,
417 1200 39 21 har
468 1200 24 27 ju
509 1200 106 21 utskottet
629 1199 78 27 äsyftat
721 1202 32 19 att
768 1199 107 27 möjligast

48 1230 81 20 största
150 1229 134 27 reciprocitet
306 1229 66 21 borde
396 1228 55 26 gälla
474 1229 89 21 emellan
586 1229 84 21 strand-
693 1228 39 22 och
748 1227 126 23 strömfalls-

48 1264 69 20 egare.
146 1257 124 22 Emellertid
292 1257 39 22 har
350 1256 46 23 frän
421 1257 105 22 särskilda
541 1257 42 22 häll
598 1257 109 22 anmärkts
723 1259 32 20 att
769 1256 49 22 med
834 1257 40 21 den

47 1285 118 28 affattning,
187 1293 45 14 som
253 1285 138 28 paragrafens
415 1287 5 20 1
440 1292 64 15 mom.
522 1287 7 20 i
546 1286 66 21 slutet
625 1286 88 25 erhällit,
727 1292 26 15 en
764 1286 44 21 viss
821 1285 55 21 brist

47 1315 86 21 komme
140 1317 32 19 att
179 1314 102 27 föreligga
291 1315 7 21 i
309 1315 70 21 denna
389 1315 141 26 reciprocitet.
554 1315 46 21 Och
610 1315 27 21 dä
647 1315 106 26 ätskilliga
763 1314 23 21 af
793 1314 81 21 utskot-

47 1346 42 19 tets
101 1343 137 21 medlemmar
253 1344 49 21 med
317 1343 116 27 anledning
448 1343 24 21 af
485 1343 63 22 dessa
563 1343 165 27 anmärkningar
743 1343 55 27 änyo
807 1342 68 21 öfver-

48 1373 51 26 vägt
114 1372 146 27 stadgandena
274 1372 7 21 i
298 1372 27 21 12
340 1372 18 27 8,
367 1371 64 22 hafva
445 1372 27 21 de
487 1372 18 27 ej
522 1371 83 22 kunnat
620 1374 65 19 annat
699 1373 27 20 än
739 1371 94 22 erkänna
844 1373 32 19 att

49 1407 25 14 en
94 1401 65 20 sådan
183 1401 59 25 brist,
265 1407 47 15 som
328 1400 116 27 anmärkts,
460 1400 110 27 värkligen
586 1399 68 22 finnes
669 1401 7 20 i
691 1399 133 28 paragrafen,
839 1405 35 16 om

49 1429 39 21 ock
103 1429 76 21 endast
194 1429 7 21 i
216 1429 60 27 ringa
291 1429 56 21 män.

117 1457 34 21 Dä
162 1457 106 27 nämligen
280 1458 7 21 i
300 1457 66 22 slutet
377 1457 23 21 af
413 1457 139 27 paragrafens
562 1458 10 20 1
582 1463 64 15 mom.
654 1459 69 25 säges,
731 1459 32 19 att
769 1457 105 26 lösnings-

49 1488 43 19 rätt
105 1486 37 21 mä
153 1486 20 27 ej
187 1486 69 21 häller
265 1489 65 24 göras
336 1486 104 27 gällande
449 1488 46 19 mot
502 1486 143 27 själfständig
653 1485 223 27 strömfallslägenhet
