1075 1770
194 103 44 21 672
463 107 284 30 Kommunikationsfonden.
944 110 25 17 18
979 110 47 20 maj.

194 183 28 15 en
238 177 79 22 komité
332 177 33 22 för
381 179 117 21 utredande
513 178 23 22 af
549 178 73 28 frågan
634 179 40 21 och
684 185 26 15 en
723 179 78 27 mängd
813 179 99 26 åtgärder
923 179 100 26 vidtogos

194 205 34 22 för
243 208 32 19 att
291 206 26 21 nå
332 209 31 18 ett
378 207 69 21 bättre
463 207 90 22 resultat
567 208 7 21 i
590 208 59 21 detta
664 207 106 24 afseende,
786 208 39 21 och
837 207 39 27 jag
891 209 45 20 tror
949 209 31 20 att
991 207 32 26 de,

194 240 48 15 som
258 234 63 22 hatva
336 235 49 21 med
400 235 65 22 saken
481 238 96 19 närmast
588 238 32 19 att
632 238 56 25 göra,
704 236 185 27 fortsättningsvis
902 238 37 19 äro
950 235 73 22 oaflåt-

194 263 40 26 ligt
258 263 125 27 sysselsatta
406 265 49 20 med
471 265 69 21 denna
555 264 71 27 frågas
642 265 91 26 lösning.
763 265 42 21 För
821 264 64 27 öfrigt
900 265 37 21 ber
950 265 38 26 jag
1002 264 21 21 få

195 291 74 22 förena
284 292 44 27 mig
338 299 34 14 om
384 292 25 21 hr
419 293 114 27 Tallqvists
545 293 116 22 uttalande.
686 294 77 21 Denna
774 293 99 26 statistik,
885 299 46 15 som
940 293 82 21 utskot-

195 322 32 19 tet
248 319 134 28 framlägger,
398 321 57 22 visar
470 322 7 21 i
491 322 41 21 alla
552 321 38 22 fall
613 322 66 27 något
702 322 39 21 och
762 328 48 15 man
826 322 41 21 kan
883 321 61 22 däraf
957 322 66 27 draga

195 349 27 20 de
237 349 165 25 konsekvenser,
418 357 47 14 som
480 351 106 20 utskottet
602 351 62 26 gjort,
679 351 40 21 och
735 351 44 20 står
793 351 36 21 det
841 351 25 26 ju
878 350 53 21 hvar
946 350 39 21 och
996 357 26 14 en

194 377 48 21 fritt
256 380 32 19 att
302 378 123 27 ytterligare
442 379 100 21 bearbeta
558 379 36 21 det
606 379 119 21 statistiska
736 379 101 26 material,
849 385 46 15 som
907 378 114 28 föreligger

194 406 6 20 i
214 406 221 27 järnvägsstyrelsens
456 407 132 22 berättelser.
617 408 43 27 Jag
674 414 64 15 anser
754 408 35 21 det
805 407 72 22 därför
892 407 62 22 ätven
970 409 51 20 onö-

194 435 47 49 diet
261 437 32 19 att
312 435 155 22 äterremittera
481 436 145 22 betänkandet
640 437 7 20 i
663 437 36 20 det
714 436 23 21 af
751 437 24 20 hr
791 437 95 20 Neovius
901 435 122 27 föreslagna

194 465 72 25 syltet.

265 521 33 21 Hr
314 520 209 28 Schybergson:
553 522 47 21 Den
618 525 84 18 senaste
718 522 64 21 ärade
797 522 80 21 talaren
891 522 84 27 yttrade
991 523 32 19 att

195 548 209 28 järnvägsstyrelsen
421 550 66 21 sedan
503 550 66 26 nägra
584 551 24 21 är
623 550 104 28 oaflätligt
742 550 113 27 sysselsatt
870 551 33 26 sig
918 550 48 21 med
981 550 41 21 frä-

196 584 47 20 gan,
267 578 55 21 huru
346 579 149 27 vagnsparken
520 579 70 21 bättre
612 579 69 21 skulle
699 579 73 21 kunna
788 579 109 27 utnyttjas.
927 579 42 21 Det
985 579 38 21 har

195 606 101 22 förefallit
311 607 48 27 mig,
375 614 47 14 som
438 614 35 14 om
489 608 24 21 sä
527 608 6 20 i
549 607 75 27 själfva
639 608 75 21 värket
730 608 55 20 varit
799 607 59 22 fallet
879 608 38 21 och
931 614 45 15 som
989 614 33 14 re-

194 634 91 22 sultatet
299 635 69 21 blifvit
383 636 101 26 tämligen
500 636 66 27 ringa,
585 636 71 22 säsom
672 637 83 26 vanligt
769 638 29 23 är,
814 636 27 22 dä
857 636 65 22 saken
937 636 34 21 för
987 636 35 21 be-

194 664 97 26 ständigt
306 664 65 22 hålles
387 665 28 26 pä
430 665 160 27 dagordningen
606 667 51 19 utan
673 667 31 19 att
720 665 129 27 tillbörligen
861 665 57 21 ledas
930 665 31 21 till
973 665 49 21 slut,

192 692 44 26 Jag
257 692 68 21 mäste
340 692 74 22 förena
433 694 43 26 mig
492 693 48 21 med
555 694 25 20 hr
595 694 95 21 Neovius
707 694 80 26 därom,
803 696 31 18 att
850 694 171 21 statsutskottets

193 720 91 22 slutsats
306 721 27 27 pä
356 722 69 26 grund
448 722 23 21 af
490 722 26 21 de
535 722 89 22 anförda
639 722 100 22 siffrorna
754 724 23 19 är
793 721 148 23 öfverdrifven.
971 722 50 21 Man

193 748 33 22 fär
242 750 41 20 den
299 749 170 28 uppfattningen,
485 757 46 15 som
546 752 36 20 om
593 751 145 27 utnyttjandet
749 751 68 21 skulle
828 751 55 21 varit
893 751 48 21 vida
953 752 69 20 större

194 778 7 20 i
220 778 126 26 proportion
370 779 31 21 till
419 779 128 27 föregäende
563 780 55 20 tider
632 782 27 18 än
676 780 36 21 det
727 780 60 25 dock,
804 780 48 20 med
867 780 119 21 beaktande
1001 779 24 21 af

193 806 71 27 bägge
280 806 131 22 faktorerna:
427 808 54 21 både
497 808 121 27 belastning
628 808 39 22 och
678 808 58 22 antal
750 808 144 27 genomlupna
905 808 116 25 kilometer,

192 835 8 20 i
216 834 76 28 själfva
315 836 74 21 värket
411 838 28 19 är.
469 837 50 21 Man
542 837 38 21 har
601 837 68 21 under
688 837 71 21 denna
774 836 123 22 diskussion
913 836 52 22 talat
979 838 43 20 rätt

192 863 86 26 mycket
294 870 40 20 om,
349 864 103 22 hurusom
468 872 80 19 vagnar
564 866 68 20 mäste
648 866 26 26 gä
689 869 59 17 toma
763 865 7 21 i
785 866 40 20 den
842 871 41 15 ena
893 865 127 26 riktningen,

192 891 41 21 och
248 892 8 20 i
272 892 74 27 själfva
362 893 74 21 värket
457 895 22 19 är
493 893 23 27 ju
533 894 58 21 detta
607 893 63 22 ocksä
686 893 44 22 ofta
746 899 26 16 en
788 893 167 26 nödvändighet;
971 899 49 15 men

193 926 49 15 man
264 921 42 20 kan
328 921 55 22 dock
409 922 65 21 tänka
501 922 33 27 sig
558 924 32 19 att
613 929 76 20 genom
709 929 27 14 en
763 922 41 27 god
829 922 126 27 disposition
981 922 39 21 och

193 954 78 21 genom
287 951 31 20 att
333 956 27 15 en
376 949 93 28 oaflätlig
484 951 190 26 uppmärksamhet
688 951 94 26 egnades
797 951 46 21 icke
859 951 35 20 det
905 950 116 22 teoretiska

191 978 137 26 spörsmälet,
350 985 35 14 om
406 979 37 27 jag
465 979 24 22 sä
511 979 31 21 fär
558 981 57 25 säga,
631 981 51 20 utan
698 980 42 21 den
756 979 92 22 faktiska
864 979 155 27 dispositionen

192 1005 43 27 dag
255 1006 33 21 för
304 1007 42 26 dag
363 1007 23 21 af
399 1007 154 28 vagnsparken,
568 1010 32 19 ett
614 1008 70 21 bättre
700 1008 91 21 resultat
807 1007 68 22 skulle
890 1007 73 22 kunna
975 1008 45 21 vin-

192 1040 46 15 nas.
268 1035 34 21 Då
317 1035 70 22 denna
401 1035 61 28 fråga
476 1036 168 22 diskussionsvis
660 1037 56 20 varit
730 1036 46 21 före
787 1037 6 20 i
803 1036 216 27 järnvägsutskottet,

192 1062 28 21 ha
235 1063 117 22 utskottets
368 1064 99 22 tekniska
481 1065 137 21 medlemmar
633 1065 121 25 framhällit,
767 1065 104 21 hurusom
883 1071 48 14 man
942 1071 77 15 annor-

191 1091 75 22 städes
281 1092 38 21 har
334 1093 69 21 skilda
417 1093 134 27 afdelningar
564 1094 8 20 i
579 1093 264 28 järnvägsförvaltningen
855 1093 76 21 enkom
943 1093 77 27 syssel-

190 1121 60 20 satta
265 1121 48 20 med
328 1123 32 19 att
374 1121 65 22 tänka
454 1124 29 23 ut,
499 1122 54 21 huru
569 1129 109 20 vagnarna
693 1122 62 21 skola
770 1122 125 27 disponeras
912 1122 29 25 sä,
952 1124 31 19 att
994 1122 26 21 de

191 1148 47 21 icke
255 1149 89 21 behöfva
360 1150 27 27 gå
401 1152 60 19 toma
474 1150 23 21 af
510 1151 39 20 och
564 1157 33 15 an.
627 1151 42 21 Det
685 1157 64 20 synes
766 1151 49 26 mig,
831 1157 47 14 som
894 1157 34 14 om
934 1144 13 38 i
944 1151 76 20 detta

191 1176 102 22 afseende
314 1178 105 27 exemplet
441 1179 69 21 skulle
532 1179 92 27 förtjäna
644 1179 62 27 följas
727 1179 62 21 äfven
807 1179 40 21 hos
863 1185 42 17 oss,
921 1179 37 21 där
974 1179 45 21 icke

192 1205 107 22 särskilda
320 1206 148 23 funktionärer
490 1207 33 22 för
545 1208 120 21 ändamälet
683 1207 70 22 finnas
769 1207 103 26 anstälda,
886 1210 50 18 utan
949 1207 71 21 trafik-

191 1233 131 27 direktören,
338 1235 69 22 sävidt
419 1236 39 27 jag
472 1236 129 21 ätminstone
616 1236 38 21 har
670 1237 44 26 mig
727 1236 84 23 bekant,
824 1236 39 21 har
874 1236 69 21 denna
954 1236 67 21 börda

191 1262 35 27 sig
248 1263 69 27 älagd.
346 1264 43 21 För
410 1265 44 20 min
473 1265 33 21 del
525 1271 63 15 anser
602 1265 39 27 jag
663 1265 130 27 spörsmälet
808 1265 7 20 i
830 1264 74 27 hvarje
919 1264 101 21 händelse

192 1297 52 15 vara
260 1292 62 21 värdt
336 1294 119 25 yttermera
469 1293 155 27 öfvervägande
640 1293 38 22 och
695 1294 37 21 det
747 1299 57 19 vore,
814 1293 27 21 dä
851 1292 74 28 frägan
937 1293 84 26 engäng

192 1319 81 26 väckts,
289 1320 120 28 beklagligt,
425 1328 35 14 om
475 1322 176 26 borgareständet
667 1328 78 20 genom
759 1324 32 19 att
801 1321 96 21 förkasta
911 1321 109 27 förslaget,

191 1354 47 14 som
263 1348 81 22 ändock
365 1350 76 21 endast
463 1350 36 26 gär
522 1352 23 19 ut
564 1350 28 26 pä
612 1356 26 15 en
660 1350 163 27 undersökning
841 1349 23 21 af
881 1350 138 26 sakkunniga,

190 1376 72 21 skulle
285 1383 76 21 genom
385 1380 31 19 ett
439 1378 76 22 sädant
535 1378 169 28 tillvägagäende
727 1378 94 22 förklara
839 1380 32 19 att
892 1378 70 27 nägon
978 1378 41 21 för-

190 1404 94 27 ändring
298 1405 45 22 icke
358 1408 24 19 är
397 1406 23 21 af
433 1406 105 22 behofvet.

262 1434 33 21 Hr
310 1434 105 28 Hallberg
429 1435 90 21 anförde
534 1436 64 21 bland
613 1438 65 19 annat
694 1437 31 20 ett
741 1435 96 27 exempel
853 1435 110 27 angående
978 1436 42 20 trä-

190 1462 146 22 varutrafiken
351 1462 48 22 frän
414 1464 106 27 Vesijärvi
534 1464 32 21 till
581 1464 142 27 Helsingfors,
740 1464 33 25 dä,
783 1464 67 26 enligt
864 1464 53 21 hans
931 1463 91 31 uppgift,
