1078 1761
63 117 12 17 5
85 116 52 20 juni.
346 114 82 18 Lokala
440 112 161 22 själfstyrelsen.
832 103 55 21 1125

149 182 112 20 FINLANDS
274 178 120 23 STÄNDERS

63 232 64 27 LAG-
145 231 52 28 OCH
218 229 257 29 EKONOMIUTSKOTT.

209 279 51 27 —L
268 279 56 27 -4+—

511 317 4 4 ill
563 317 61 6 vällofii
771 315 79 22 tåndet.

229 313 135 52 SINGFORS,
491 317 39 22 Till
547 316 106 28 vällofliga
667 317 167 27 borgarestände!

177 386 34 17 den
223 387 13 16 5
243 386 48 23 juni
302 386 57 17 1900.

223 432 36 18 N:o
273 432 38 17 167.

133 524 95 21 Härmed
249 523 33 22 fär
304 524 44 27 lag-
371 523 39 22 och
432 523 209 22 ekonomiutskottet
663 523 110 22 vördsamt
793 523 97 21 meddela

64 555 31 19 att
111 553 98 26 samtliga
231 553 62 21 ständ
309 553 95 26 godkänt
418 553 118 21 utskottets
555 553 135 21 betänkande
705 559 33 14 n:o
755 552 27 21 15
796 552 8 21 i
818 551 71 22 anled-

65 581 52 27 ning
131 581 22 21 af
174 584 31 18 ett
219 581 32 21 till
272 581 149 27 ridderskapet
442 581 40 21 och
496 581 62 21 adeln
576 581 118 21 inlämnadt
708 580 183 28 petitionsförslag

65 610 110 27 angäende
190 610 130 26 utvidgande
342 609 23 21 af
378 609 48 22 den
441 610 83 22 lokala
542 609 193 29 själfstyrelsen,
750 609 83 21 hvadan
849 608 40 22 frä-

44 642 3 3 *
65 645 41 21 gan
122 638 89 22 sälunda
225 638 92 22 förfallit.

240 696 31 20 Pä
286 696 43 27 lag-
345 689 39 28 och
400 696 217 21 ekonomiutskottets
634 698 89 25 vägnar:

400 752 48 21 Em.
465 752 99 21 Berneri.

650 809 23 18 K.
686 809 17 18 J.
717 809 104 22 Stählberg.

137 959 32 21 Pä
191 958 79 27 förslag
291 958 22 22 af
333 958 26 22 hr
381 958 169 22 Stenström
574 958 69 22 beslöt
664 959 85 21 ständet
768 960 37 24 att,
820 958 73 21 därest

67 987 53 21 efter
143 987 141 27 landtdagens
307 987 44 21 slut
374 987 178 27 meningsolikhet
573 987 76 21 mellan
665 987 165 28 expeditions-
845 986 47 22 och

65 1016 264 28 justeringsutskotten
352 1016 110 26 angäende
482 1016 139 21 redaktionen
643 1015 23 22 af
685 1016 65 27 nägot
765 1015 127 22 ständernas

67 1051 50 15 svar
139 1044 51 22 eller
213 1051 70 15 annan
307 1044 114 22 skrifvelse
441 1045 115 27 uppstode,
579 1045 64 21 dessa
661 1044 83 22 utskott
766 1044 54 27 egde
836 1050 55 14 sam-

66 1073 112 21 manträda
200 1073 31 21 till
251 1079 138 21 gemensam
412 1072 188 28 &fverläggning
621 1074 68 20 under
708 1072 182 27 ordförandeskap

67 1101 23 21 af
106 1102 237 27 justeringsutskottets
367 1101 128 22 ordförande
517 1102 39 21 och
579 1102 74 21 därvid
676 1108 76 20 genom
768 1106 122 22 gemensam

66 1130 99 26 votering
179 1130 73 27 afgöra
267 1130 82 27 frägan.

137 1267 68 22 Sedan
221 1267 25 21 hr
261 1267 122 22 talmannen
399 1269 119 25 uppmanat
533 1267 96 21 ständets
645 1267 137 21 medlemmar
794 1268 32 19 att
836 1272 56 15 sam-

67 1296 32 21 las
114 1296 27 21 kl.
157 1296 61 21 10:30
233 1296 7 21 i
255 1302 89 21 morgon
360 1295 14 22 f.
388 1302 27 15 m.
430 1295 33 22 för
478 1297 32 20 att
526 1297 132 25 gemensamt
672 1295 70 27 aftäga
756 1295 32 21 till
799 1294 94 21 Nikolai-

67 1325 86 27 kyrkan,
169 1325 111 26 upplöstes
296 1325 87 26 plenum
399 1324 27 21 kl.
442 1325 12 20 8
472 1331 17 14 e.
504 1330 28 15 m.

692 1454 22 17 In
727 1454 61 17 fidem:

623 1500 25 20 A.
670 1499 23 21 V.
708 1499 116 28 Lindberg.
