1075 1739
53 103 13 16 8
79 102 47 20 maj.
360 93 214 33 Stämpelbevillning.
837 94 39 21 521

122 170 33 21 Hr
170 170 177 26 Aejmelaeus:
378 170 50 21 Kun
441 170 38 20 hra
490 165 73 31 Öberg
573 170 168 21 valiokunnassa
752 169 85 21 esiintoi
849 170 31 20 tä-

54 200 48 19 män
118 198 154 28 epäselvyyden
288 198 137 27 passituksen
442 198 96 25 suhteen,
552 198 57 24 josta
624 198 41 21 hän
680 198 199 21 vastalauseessaan

53 227 81 23 kertoo,
156 227 44 21 niin
221 226 122 22 valiokunta
363 227 39 21 tuli
421 227 80 21 asiasta
515 226 67 22 siihen
598 226 142 27 käsitykseen,
755 226 73 21 minkä
842 226 38 20 hra

54 256 102 20 Boisman
171 262 28 14 on
215 255 171 21 lausunnossaan
401 256 126 20 maininnut.
557 256 49 20 Kun
624 256 40 20 sitä
679 255 64 27 paitsi
756 254 39 22 hra
807 250 74 31 Öberg

54 284 149 21 nimenomaan
218 284 100 25 mainitsi,
333 284 66 21 miten
415 284 75 21 vaikea
505 290 27 15 on
547 284 141 27 passittaessa
703 285 83 19 erottaa
798 283 83 21 tislatut

54 312 130 27 väkijuomat
195 312 162 26 miedommista,
377 314 72 25 syystä
467 314 44 20 että
523 312 123 21 ulkomailta
662 312 52 21 niitä
731 312 150 21 lähetettäessä

55 341 77 21 mitään
152 344 96 18 erotusta
266 341 71 21 niiden
356 341 72 21 välillä
443 341 18 21 ei
477 341 68 26 tehdä,
561 341 43 21 niin
621 340 124 22 valiokunta
760 347 27 14 on
803 340 79 21 luullut

56 370 152 21 selvittävänsä
228 370 59 20 asian
308 370 96 26 paraiten
421 370 60 26 siten,
497 372 43 18 että
556 369 51 21 sekä
622 370 84 20 tislatut
721 371 44 19 että
780 369 101 21 miedom-

54 400 45 19 mat
119 398 130 26 väkijuomat
270 400 108 19 asetetaan
406 404 72 15 saman
504 398 261 27 passitus-leimamaksun
788 397 93 22 alaisiksi

52 427 24 26 ja
90 427 150 21 leimattaviksi
255 426 123 22 molemmat
393 426 68 28 yhden
479 427 86 21 markan
581 426 174 22 karttamerkillä.

124 490 32 20 Hr
177 490 188 27 Schybergson:
395 490 42 26 Jag
459 490 78 21 tilläter
560 490 43 26 mig
618 492 30 19 att
664 490 80 20 föreslä
759 490 65 20 sädan
841 489 41 21 lös-

55 518 52 27 ning
119 518 22 21 af
152 518 70 22 denna
233 518 86 27 kinkiga
330 518 65 27 fråga,
407 521 32 18 att
448 518 101 22 rubriken
562 518 162 27 »förpassning»
737 518 46 21 icke
795 518 87 21 sönder-

55 547 85 21 delades
159 547 7 21 i
182 548 36 20 tvä
232 551 101 21 moment,
349 549 51 19 utan
417 547 68 21 skulle
501 547 43 21 helt
559 547 71 21 enkelt
645 546 237 28 förpassningsafgiften

56 575 65 21 blifva
134 575 43 21 lika
192 576 100 26 antingen
313 576 124 20 densamma
447 575 76 21 hänför
536 576 33 26 sig
580 576 32 20 till
625 576 116 26 spirituosa
754 575 51 21 eller
817 575 66 21 andra

56 610 63 15 varor
134 604 39 21 och
188 604 130 21 bestämmas
333 604 31 21 till
380 604 28 21 50
423 604 71 27 penni.

127 667 32 21 Hr
175 666 174 28 Aejmelaeus:
380 668 46 21 Hra
449 667 170 28 Schybergsonin
636 667 133 22 ehdotuksen
782 666 102 28 johdosta

56 696 83 27 pyydän
150 696 65 21 saada
225 695 144 26 huomauttaa,
381 699 44 18 että
436 697 148 20 1897-vuoden
597 696 152 27 valtiopäivillä
760 697 124 20 suostunta-

57 724 143 21 valiokunnan
212 724 154 21 ehdotuksesta
378 725 75 21 tehtiin
467 725 306 21 leimasuostuntaasetukseen
787 730 23 15 se
823 731 61 14 muu-

57 755 41 24 tos,
113 755 44 19 että
171 753 161 21 muodostettiin
349 753 60 21 kaksi
424 753 83 26 kohtaa,
523 754 20 26 a)
556 753 23 27 ja
594 754 30 26 b).
654 753 45 22 Sitä
714 759 70 15 ennen
801 753 83 21 ainoas-

57 784 49 19 taan
122 781 117 27 tislattujen
256 781 142 28 väkijuomain
415 782 131 27 passitukset
561 782 117 21 leimattiin.
708 781 54 22 Olisi
775 781 37 22 siis
825 783 59 19 taan-

58 810 87 21 tumista
167 810 53 26 siitä,
243 810 52 21 mitä
319 811 149 21 1897-vuoden
492 810 150 27 valtiopäivillä
661 811 118 26 päätettiin,
796 810 35 27 jos
847 810 38 21 hra

59 839 169 26 Schybergsonin
246 839 90 21 ehdotus
352 839 182 27 hyväksyttäisiin.

126 902 33 21 Hr
175 901 145 22 Wasenius:
350 902 42 27 Jag
412 902 38 21 ber
471 905 31 18 att
521 902 33 21 för
569 902 43 21 min
628 902 33 21 del
677 901 21 22 fä
713 901 132 22 understöda
860 901 25 20 hr

60 929 158 28 Schybergsons
234 930 85 27 förslag.
349 931 43 20 Det
407 933 23 18 är
446 931 108 26 värkligen
570 931 100 26 tämligen
686 931 79 20 lönlöst
780 932 32 19 att
827 930 27 27 gä
863 929 22 21 in

59 959 5 21 i
81 959 79 21 sädana
182 959 118 26 petitesser,
323 961 32 19 att
377 965 49 15 man
441 959 33 21 för
490 960 116 26 spirituosa
621 959 38 21 har
676 960 10 20 1
704 959 71 21 marks
791 958 94 27 förpass-

59 987 124 27 ningsafgift
198 987 38 22 och
252 987 32 22 för
299 988 68 21 andra
381 994 63 15 varor
458 988 28 21 50
496 988 70 27 penni.
589 988 33 21 Ur
633 987 181 28 skattesynpunkt
824 987 62 21 torde

59 1017 36 20 det
110 1022 50 15 vara
182 1022 26 15 en
228 1016 92 27 bagatell
336 1016 38 21 och
391 1023 25 14 ur
432 1017 233 27 sedlighetssynpunkt,
681 1016 19 21 d.
716 1023 19 14 v.
751 1023 17 14 s.
783 1015 102 27 förföljel-

60 1051 37 14 sen
113 1047 45 18 mot
173 1045 123 26 spirituosa,
311 1045 65 21 ocksä
391 1051 26 15 en
433 1045 98 27 bagatell.
560 1045 43 21 Det
618 1051 63 21 synes
696 1045 45 26 mig
751 1044 72 22 därför
835 1043 51 22 enk-

59 1073 47 26 last,
129 1079 34 15 om
185 1073 180 27 borgareständet
383 1073 94 22 besluter
493 1076 31 19 att
539 1073 176 28 stämpelskatten
732 1073 63 27 utgår
810 1072 33 21 för
858 1072 28 21 all

59 1101 137 28 förpassning
211 1102 48 21 med
274 1102 28 21 50
318 1102 71 27 penni.

128 1165 32 20 Hr
176 1160 95 31 Öberg:
301 1165 43 20 För
361 1165 41 21 min
419 1165 33 21 del
468 1165 41 21 kan
522 1165 38 27 jag
575 1167 66 25 gärna
655 1165 75 21 förena
744 1165 45 26 mig
804 1171 35 14 om
854 1166 32 19 att

60 1192 179 29 stämpelafgiften
254 1193 33 21 för
302 1193 28 21 all
344 1193 139 28 förpassning
498 1194 129 21 bestämmes
642 1193 31 22 till
688 1194 29 21 50
732 1194 71 27 penni.

129 1256 33 21 Hr
180 1256 134 27 Hallberg:
343 1257 43 26 Jag
408 1257 37 21 ber
463 1257 66 21 också
542 1256 22 22 få
578 1257 86 21 ansluta
678 1257 44 26 mig
737 1256 31 22 till
781 1256 25 21 hr
822 1255 64 27 Schy-

60 1286 105 26 bergsons
188 1285 145 21 salomoniska
347 1285 86 27 förslag.
448 1292 49 14 men
511 1286 37 26 jag
562 1292 64 14 anser
641 1286 55 20 ändå
710 1287 33 19 att
757 1292 49 14 man
819 1284 68 22 borde

61 1316 75 24 utsäga
157 1314 45 20 icke
223 1313 56 21 blott
296 1313 161 29 »förpassning»
479 1316 52 20 utan
549 1314 149 27 »förpassning
712 1313 33 21 för
760 1313 92 27 forsling
866 1312 23 21 af

60 1348 83 15 varor».

129 1399 33 21 Hr
178 1399 195 27 Schybergson:
402 1400 42 26 Jag
459 1400 38 21 ber
511 1403 32 18 att
558 1399 20 22 få
593 1399 74 21 förena
682 1400 43 26 mig
741 1406 34 14 om
791 1399 26 21 hr
828 1398 60 22 Hall-

62 1428 62 26 bergs
139 1427 87 27 förslag.

130 1485 33 21 Hr
181 1485 146 21 Wasenius:
356 1486 43 26 Jag
419 1485 38 21 ber
477 1485 6 21 i
499 1485 41 21 allo
555 1484 21 22 få
591 1485 132 21 understöda
737 1484 25 22 hr
777 1484 111 26 Hallberg.
