1078 1800
196 121 56 36 1060
424 132 128 17 Gemensam
564 132 218 17 kommunalstämma.
943 130 14 17 2
966 130 52 20 juni.

195 200 78 26 nädiga
283 200 133 27 proposition
427 207 34 15 n:o
472 200 34 26 34,
515 200 148 22 innefattande
672 201 58 21 vissa
740 200 160 27 bestämningar
910 199 110 27 angäende

195 233 138 22 gemensam
348 228 256 23 kommunalstämma.

264 423 121 28 Föredrogs
406 423 153 28 lagutskottets
579 424 36 22 vid
635 426 85 19 senaste
741 423 87 28 plenum
849 423 116 28 bordlagda
984 423 35 22 be-

194 451 108 22 tänkande
320 458 33 15 n:o
374 453 25 20 17
419 453 49 21 med
486 453 116 27 anledning
619 452 24 22 af
656 452 104 23 särskilda
775 453 7 20 i
798 452 98 27 samtliga
911 452 62 21 ständ
988 452 31 21 in-

194 479 99 23 lämnade
313 481 212 27 petitionsmemorial
546 481 110 28 angående
676 481 202 28 missriktningar
895 481 10 21 i
923 480 96 23 landets

194 508 163 29 förvaltning.

265 572 67 22 Ordet
347 573 105 27 begärdes
467 573 23 22 af

263 630 26 21 hr
304 630 162 27 Wasenius,
482 637 46 15 som
543 631 93 27 yttrade:
658 631 77 27 Nägon
752 630 92 22 särskild
854 630 120 27 tillstyrkan
985 636 34 14 om

195 658 156 27 godkännande
366 658 23 22 af
402 658 146 28 föreliggande
564 660 139 25 betänkande,
714 660 50 21 dess
775 659 129 26 motivering
914 658 39 21 och
964 658 56 21 kläm

193 687 59 21 inser
264 687 38 27 jag
316 687 33 22 för
364 687 34 22 väl
413 695 52 14 vara
479 687 131 28 öfverflödig.
632 688 49 21 Men
698 688 36 21 det
746 693 64 22 synes
825 687 44 27 mig
878 689 32 20 att
920 687 99 26 borgare-

195 715 86 22 ständet
300 716 46 21 icke
366 716 39 21 bör
420 717 116 21 inskränka
556 717 33 26 sig
607 717 32 21 till
653 717 76 21 endast
745 718 31 19 ett
792 716 161 27 godkännande,
969 717 50 19 utan

195 744 103 27 därjämte
317 745 67 21 uttala
402 745 32 21 sin
453 745 186 22 tillfredsställelse
656 745 49 22 med
720 745 118 21 utskottets
854 744 66 27 ärliga
935 744 40 21 och
990 743 29 22 lo-

191 773 44 27 jala
249 772 160 29 framställning
423 773 23 22 af
459 774 26 21 de
500 781 29 14 nu
544 774 8 21 i
567 774 47 21 värt
629 774 49 21 land
693 773 95 22 rädande
802 773 218 22 missförhällandena.

263 801 102 22 Finlands
387 803 87 20 ständer
495 804 150 25 representera
659 803 37 21 det
709 802 70 21 finska
794 801 66 22 folket
874 801 39 22 och
928 801 91 22 förvisso

194 831 23 20 är
232 830 81 21 enhvar
323 833 149 24 representant
484 831 155 27 genomträngd
649 831 23 21 af
682 831 90 21 känslan
782 830 24 21 af
814 831 35 20 det
860 832 67 25 tunga
937 836 83 19 ansvar,

194 865 46 14 som
257 859 68 21 hvilar
339 859 14 21 &
366 860 205 26 representationen,
587 866 48 15 men
650 860 7 21 i
673 860 59 21 detta
746 866 30 14 nu
792 861 23 19 är
830 860 100 20 ansvaret
939 858 40 22 lätt
989 860 31 19 att

193 887 58 26 bära,
267 887 27 22 dä
309 888 21 21 vi
345 889 36 20 äro
397 887 49 22 fullt
462 889 114 20 medvetna
586 895 35 15 om
631 890 32 20 att
673 888 74 27 hvarje
757 887 57 22 finsk
824 894 49 15 man
885 887 40 22 och
935 887 84 23 kvinna,

193 915 43 28 hög
255 922 46 15 som
319 916 41 27 läg,
379 918 32 19 att
429 917 47 21 hela
494 916 69 22 finska
580 917 67 21 folket
663 917 127 21 instämmer
808 916 32 21 uti
858 915 137 22 uttalandena
1012 915 8 21 i

194 944 59 21 detta
267 945 141 22 betänkande.

263 1002 32 21 Hr
315 1002 153 22 Borenius:
496 1003 43 26 Jag
558 1003 82 27 hoppas
662 1003 36 21 det
715 1002 46 22 icke
780 1002 53 21 skall
849 1001 108 22 betraktas
973 1008 46 15 som

193 1036 26 15 en
234 1030 149 27 förmätenhet,
393 1037 35 15 om
444 1031 61 29 äfven
518 1031 38 27 jag
571 1032 37 21 ber
623 1033 31 20 att
669 1031 21 22 fä
704 1033 58 25 yttra
776 1031 68 26 nägra
858 1031 39 20 ord
908 1030 31 21 uti
950 1030 69 21 denna

193 1061 60 19 stora
272 1059 107 21 allmänna
393 1059 66 28 fräga.
488 1060 69 21 Äfven
570 1060 38 27 jag
623 1061 37 20 ber
675 1062 32 19 att
722 1059 32 22 till
769 1059 142 27 lagutskottet
925 1058 22 21 fä
961 1059 57 20 hem-

192 1087 52 21 bära
264 1088 42 21 min
323 1088 48 21 tack
386 1088 33 21 för
434 1089 36 20 det
485 1090 77 25 öppna,
577 1089 60 21 klara
651 1089 39 21 och
706 1088 153 27 öfvertygande
874 1089 49 21 sätt,
938 1087 80 27 hvarpä

192 1115 108 22 utskottet
314 1117 7 20 i
336 1117 37 20 sitt
391 1117 133 21 betänkande
544 1117 114 21 framhällit
678 1117 26 21 de
722 1116 173 26 missriktningar
910 1116 7 20 i
932 1115 86 21 förvalt-

192 1144 86 27 ningen,
293 1144 86 22 hvarför
394 1145 48 21 värt
457 1145 48 21 land
517 1146 69 20 under
597 1146 26 21 de
633 1147 78 20 tvänne
722 1147 87 19 senaste
819 1145 51 21 ären
881 1144 55 22 varit
946 1146 72 19 utsatt.

191 1172 42 28 Jag
249 1175 36 19 vet
299 1173 52 26 icke,
362 1180 34 14 om
413 1173 63 22 dessa
491 1174 171 27 missriktningar
678 1176 37 19 äro
730 1175 33 19 att
778 1173 109 21 betraktas
899 1173 72 21 säsom
985 1178 33 15 ex-

191 1204 106 24 ponenter
316 1201 33 22 för
370 1204 31 19 ett
419 1203 53 21 visst
492 1203 107 21 bestämdt
616 1203 97 26 politiskt
731 1204 88 25 system,
839 1208 48 15 men
906 1208 35 15 om
957 1201 24 22 sä
995 1203 23 19 är

191 1229 65 27 fallet,
271 1231 69 21 mäste
352 1237 49 15 man
413 1231 33 21 väl
457 1231 69 21 därtill
538 1237 62 16 svara
609 1233 32 20 att
651 1231 53 21 intet
715 1231 98 27 politiskt
823 1232 80 25 system
913 1230 7 21 i
931 1230 87 21 världen

193 1258 116 28 berättigar
329 1259 71 27 nägon
420 1261 32 20 att
471 1259 85 28 angifva
577 1259 206 27 lefnadsriktningen
804 1258 33 22 för
857 1265 27 15 en
902 1259 73 21 nation
991 1259 27 26 pä

191 1289 100 19 närmare
308 1289 33 20 tre
360 1288 104 27 miljoner,
484 1290 30 19 ett
532 1288 50 26 folk,
602 1289 88 20 stäende
711 1288 29 27 pä
755 1288 41 21 den
811 1287 208 26 kulturständpunkt

191 1315 36 21 det
242 1315 70 22 finska
326 1316 67 21 folket
406 1317 66 21 redan
487 1317 119 26 tillkämpat
621 1317 39 27 sig,
676 1319 52 19 utan
744 1319 32 18 att
791 1317 70 20 denna
875 1316 95 26 riktning
982 1322 36 15 an-

192 1343 68 27 gifves
279 1344 24 21 af
317 1344 67 22 folket
403 1345 63 27 själft,
484 1345 107 22 beroende
606 1346 28 26 pä
648 1346 27 21 de
691 1345 75 27 gäfvor
782 1345 39 21 och
839 1344 179 27 förutsättningar

191 1378 25 15 en
232 1372 45 27 hög
291 1373 72 27 försyn
379 1373 87 28 nedlagt
480 1374 8 21 i
502 1374 50 21 dess
568 1376 73 19 väsen.
662 1374 45 21 Och
723 1373 54 22 allra
792 1373 66 21 minst
868 1375 23 18 är
902 1375 31 18 ett
942 1373 76 21 sädant

190 1400 123 23 förfarande
328 1402 129 27 berättigadt
471 1405 57 18 emot
543 1405 31 18 ett
588 1402 49 27 folk,
650 1409 46 15 som
707 1402 70 27 aldrig
788 1402 64 21 svikit
861 1401 48 22 sina
919 1401 99 27 politiska

189 1429 152 27 förpliktelser.
370 1431 50 20 Man
441 1431 69 21 måste
531 1431 71 21 därför
621 1433 79 24 antaga
719 1432 33 20 att
767 1431 64 20 dessa
846 1430 171 27 missriktningar

190 1459 37 20 äro
247 1458 107 22 beroende
372 1459 28 26 pä
418 1459 123 27 oförmägan
560 1459 40 22 hos
616 1460 40 21 den
671 1459 135 22 förvaltande
820 1461 32 19 att
866 1458 53 21 fatta
934 1458 83 21 landets

189 1486 103 27 politiska
314 1487 101 28 ställning
435 1490 56 19 samt
511 1490 31 19 ett
561 1487 56 22 folks
638 1488 126 27 rättigheter
780 1488 8 21 i
802 1487 121 21 allmänhet.
953 1487 65 21 Detta

190 1515 85 22 bevisas
291 1515 61 22 äfven
369 1516 64 22 bland
448 1519 64 19 annat
527 1516 23 22 af
558 1517 36 21 det
604 1516 90 27 faktum,
704 1518 32 20 att
746 1523 50 14 man
807 1516 83 21 kunnat
901 1515 26 27 gä
937 1515 79 22 därhän
