1078 1759
201 100 46 38 894
484 107 241 32 Hypoteksföreningar.
942 112 28 18 25
977 112 49 20 maj.

201 180 231 28 hypoteksföreningen
456 181 28 27 på
505 188 26 15 en
546 182 67 21 sådan
630 182 61 21 säker
706 181 32 22 fot
753 187 94 20 numera,
862 183 32 19 att
908 181 80 22 skadan
1004 181 22 21 af

201 214 30 17 en.
252 209 66 21 sådan
338 208 125 29 förändring
484 210 8 22 i
514 210 73 27 hvarje
608 210 37 21 fall
667 216 53 15 vore
733 210 109 26 obetydlig
856 212 45 19 mot
916 210 36 21 det
966 212 61 19 stora

201 240 79 24 gagnet
302 238 64 22 däraf.
396 238 117 22 Dessutom
535 238 64 22 hafva
611 239 25 27 ju
652 240 79 20 tvänne
745 238 23 22 af
782 238 242 27 hypoteksföreningens

201 266 118 22 direktörer
342 266 75 28 själfva
433 268 76 20 uttalat
524 268 33 26 sig
572 267 33 21 för
620 269 31 20 att
667 268 41 21 den
723 267 70 27 lägsta
807 267 158 27 värdegränsen
980 267 45 21 helt

201 294 39 22 och
255 294 65 22 hållet
335 295 68 22 skulle
418 295 106 22 afskaffas.

269 352 34 22 Hr
326 352 192 28 Schybergson:
549 354 33 21 De
604 353 128 27 föregående
747 354 164 26 andragandena
926 354 52 26 göra
992 353 32 21 åt-

200 380 109 22 minstone
322 381 28 27 på
365 382 44 26 mig
423 382 105 27 intrycket
542 382 24 21 af
576 384 32 19 att
622 388 48 15 man
687 382 81 21 känner
784 382 33 26 sig
832 382 88 26 ungefär
938 388 46 15 som
997 382 27 26 på

199 409 243 28 hypoteksföreningens
465 411 168 27 bolagsstämma
655 410 40 22 och
714 413 45 19 tror
774 412 32 20 att
820 410 102 22 Finlands
937 410 87 22 ständer

201 438 68 21 skulle
292 438 62 22 hafva
374 441 32 19 att
420 439 65 21 fixera
500 440 36 20 det
551 439 83 27 belopp,
650 439 32 21 till
697 439 80 21 hvilket
793 439 101 21 Finlands
909 439 114 27 hypoteks-

200 466 98 28 förening
312 466 38 22 har
366 469 31 19 att
412 468 106 27 begränsa
533 468 47 21 sina
595 468 41 21 lån.
661 468 34 21 Då
709 468 60 27 fråga
784 470 23 19 är
823 474 34 15 om
873 467 120 27 beviljande
1002 467 24 22 af

200 496 139 26 statsgaranti
360 496 34 21 för
418 496 243 28 hypoteksföreningens
677 496 114 22 utländska
805 496 41 26 lån,
861 496 73 22 kunna
950 498 73 19 natur-

199 524 72 26 ligtvis
287 524 67 22 vilkor
370 524 23 22 af
406 526 115 20 ständerna
536 525 125 27 uppställas,
677 532 48 14 men
741 532 29 14 nu
786 527 23 19 är
825 526 35 20 det
875 525 45 21 icke
935 531 35 15 om
986 524 37 28 hy-

199 552 202 28 poteksföreningen
424 554 20 21 vi
467 554 62 21 hafva
551 557 31 18 att
604 554 48 26 tala,
675 557 51 18 utan
739 560 34 16 om
791 554 40 21 den
846 554 125 26 förordning
986 560 37 14 an-

200 581 81 27 gående
306 582 123 26 grunderna
448 582 34 22 för
504 582 234 28 hypoteksföreningar,
762 589 46 15 som
832 582 55 22 1859
910 582 113 22 utfärdats.

199 610 64 21 Hvad
279 610 69 22 denna
362 610 127 28 förordning
503 611 107 22 beträffar.
626 611 39 21 och
680 612 36 21 det
731 614 24 18 är
770 618 34 14 om
821 611 40 21 den
877 611 39 21 och
931 610 45 22 icke
988 617 34 15 om

200 638 231 28 hypoteksföreningen
453 646 46 15 som
522 640 107 21 utskottet
644 640 6 21 i
665 640 47 21 sina
727 640 103 21 klämmar
845 640 59 25 talar,
920 645 52 16 vore
985 640 39 26 jag

199 666 33 22 för
248 668 44 20 min
308 668 34 20 del
356 668 98 27 benägen
469 668 33 22 för
518 671 30 19 att
563 668 43 22 låta
622 670 91 25 gränsen
729 668 44 22 helt
788 668 39 22 och
842 668 64 22 hållet
918 668 105 23 bortfalla,

199 696 27 21 då
242 696 37 21 det
294 696 117 22 emellertid
427 697 69 21 skulle
511 698 33 20 stå
559 697 237 27 hypoteksföreningen,
812 697 40 21 den
868 697 55 21 enda
937 697 85 25 anstalt,

199 730 46 16 som
263 724 117 22 tillsvidare
395 726 85 21 arbetar
495 726 29 27 på
538 726 66 21 basen
620 726 23 21 af
655 726 160 26 ifrågavarande
830 726 131 26 förordning,
976 725 46 21 fritt

198 755 31 19 att
244 753 119 22 bestämma
378 754 41 21 den
434 754 70 28 lägsta
518 754 147 27 lånegränsen.
695 755 56 21 Från
767 754 70 22 denna
851 754 109 27 synpunkt
974 754 49 21 sedt

198 781 69 22 skulle
279 782 38 27 jag
331 782 46 22 icke
392 782 63 22 hafva
470 784 66 26 något
550 785 59 19 emot
624 783 40 21 den
679 783 56 21 kläm
752 783 105 21 utskottet
871 782 89 22 föreslår
970 782 52 22 eller

197 812 46 19 mot
266 810 40 22 den
330 810 23 22 af
366 811 25 21 hr
406 812 92 26 Löfgren
514 811 130 27 föreslagna;
656 812 39 26 jag
709 818 52 15 vore
776 812 31 20 till
823 812 38 21 och
877 812 48 20 med
940 812 81 21 beredd

197 840 31 20 att
251 839 27 27 gå
300 841 57 19 ännu
379 840 74 27 längre
476 840 39 22 och
530 840 42 22 låta
588 842 92 25 gränsen
695 841 8 20 i
717 840 163 27 ifrågavarande
895 840 127 27 förordning

197 867 45 21 helt
257 868 39 21 och
312 868 65 21 hållet
391 868 105 22 bortfalla.
526 869 49 21 Men
586 869 38 27 jag
639 869 63 27 hyser
717 869 169 27 betänkligheter
901 868 23 22 af
936 868 85 22 formell

196 898 72 19 natur.
293 896 77 22 Denna
384 896 127 28 förordning
525 897 23 21 af
562 898 62 25 1859,
640 904 46 15 som
701 898 95 26 reglerar
809 899 30 19 ett
847 898 44 20 helt
906 897 39 21 och
956 897 65 21 hållet

196 925 165 27 privaträttsligt
377 926 63 26 gebit,
456 932 64 22 synes
535 926 7 21 i
556 926 62 27 fråga
632 932 35 15 om
683 927 33 21 sin
731 928 64 19 natur
803 932 52 15 vara
862 926 65 27 något
937 925 83 22 tvifvel-

196 953 64 27 aktig.
288 954 42 26 Jag
350 954 42 21 kan
415 954 45 22 icke
483 954 57 22 finna
555 957 32 19 att
602 961 26 15 en
643 955 66 21 sådan
725 954 126 28 förordning
866 954 68 22 skulle
949 954 49 22 bort
1012 955 8 21 i

196 982 158 22 administrativ
370 985 41 25 väg
427 983 101 26 utfärdas,
544 984 39 20 och
599 984 36 20 det
649 985 24 19 är
688 984 49 20 med
753 983 100 21 afseende
867 983 51 21 därå
930 983 38 27 jag
982 990 37 14 an-

195 1016 35 15 ser
246 1011 36 21 det
297 1017 51 15 vara
363 1012 119 27 betänkligt
496 1014 32 19 att
543 1012 115 21 ständerna
673 1012 84 21 anhålla
772 1018 34 15 om
823 1018 26 15 en
864 1011 124 27 förändring
998 1011 24 21 af

194 1038 153 28 förordningen
369 1042 52 20 utan
443 1043 32 19 att
490 1041 26 27 på
531 1041 66 27 något
612 1042 43 20 sätt
670 1042 52 25 göra
736 1046 27 16 en
778 1040 132 22 reservation
925 1040 7 21 i
947 1040 36 21 det
998 1040 23 21 af

195 1068 44 26 mig
262 1068 93 27 antydda
370 1068 69 28 syftet,
460 1069 40 21 och
523 1069 25 21 då
564 1076 29 14 nu
609 1068 74 28 frågan
698 1069 46 21 icke
757 1071 23 19 är
795 1068 23 22 af
832 1068 62 22 altför
910 1071 46 19 stor
971 1069 47 21 bär-

195 1096 56 26 vidd,
274 1096 69 22 skulle
360 1097 38 27 jag
419 1097 33 21 för
468 1098 43 20 min
526 1098 34 21 del
576 1098 67 21 tillåta
658 1098 44 26 mig
716 1097 79 21 föreslå
809 1100 32 18 att
857 1098 62 20 dessa
934 1097 84 27 petitio-

193 1130 39 15 ner
254 1125 47 21 icke
322 1125 67 22 måtte
411 1126 31 21 till
461 1126 75 27 åtgärd
551 1126 114 21 föranleda.
694 1126 43 27 Jag
753 1128 62 25 säger
830 1128 31 19 att
876 1126 142 26 petitionerna

193 1153 47 21 icke
262 1155 38 19 äro
315 1153 23 21 af
350 1154 64 21 altför
429 1157 46 19 stor
491 1155 94 25 bärvidd,
601 1155 88 21 emedan
702 1155 39 27 jag
755 1154 109 22 förmodar
878 1157 37 23 att,
930 1160 36 15 om
981 1154 37 27 hy-

193 1181 204 28 poteksföreningen
425 1185 116 25 yttermera
566 1183 95 21 anhåller
683 1190 35 14 om
741 1183 141 21 nedsättande
904 1182 23 22 af
947 1183 72 21 denna

193 1210 153 27 minimigräns,
368 1212 36 20 det
426 1212 46 21 icke
492 1212 54 21 skall
560 1218 52 15 vara
627 1212 96 26 omöjligt
737 1211 34 22 för
786 1211 231 27 hypoteksföreningen

192 1241 32 19 att
246 1239 90 21 utvärka
352 1246 26 15 en
394 1240 145 22 modifikation
554 1240 24 22 af
592 1240 54 21 1859
661 1240 36 21 års
711 1240 132 26 förordning,
858 1240 39 21 och
912 1240 28 21 då
954 1240 64 21 hafva

193 1268 117 22 ständerna
331 1268 7 21 i
359 1268 41 22 alla
422 1268 36 22 fall
480 1268 46 22 icke
544 1268 125 22 medvärkat
683 1269 32 21 till
730 1270 32 20 att
778 1268 142 28 stillatigande
934 1268 84 27 förbigå

193 1296 41 21 den
249 1296 24 21 af
285 1296 44 27 mig
344 1296 91 22 berörda
450 1297 141 27 synpunkten.

261 1353 33 21 Hr
317 1354 155 27 Holmberg,
495 1354 62 22 Axel:
587 1354 43 22 Det
651 1361 69 21 synes,
739 1360 47 16 som
806 1360 35 15 om
859 1354 25 21 hr
900 1354 117 27 Schyberg-

192 1387 39 15 son
248 1381 69 22 skulle
332 1382 63 22 hafva
413 1382 98 22 förbisett
526 1385 31 19 att
571 1383 232 27 hypoteksföreningen
818 1383 66 21 redan
899 1382 33 22 för
947 1383 36 21 två
993 1382 24 22 år

192 1410 66 23 sedan
274 1410 46 27 gått
334 1410 22 22 in
372 1411 32 21 till
419 1412 103 27 styrelsen
539 1412 48 21 med
602 1412 125 21 hemställan
744 1418 35 14 om
793 1411 138 27 nedsättning
942 1410 23 22 af
973 1411 44 27 läg-

191 1440 35 20 sta
249 1439 158 27 värdegränsen
430 1439 32 22 för
485 1440 26 21 de
533 1440 128 27 lägenheter,
677 1446 47 16 som
739 1440 74 21 kunna
827 1440 87 21 belånas
929 1440 8 20 i
952 1439 65 27 hypo-

191 1466 181 28 teksföreningen,
388 1474 49 16 men
453 1468 67 22 erhöll
535 1468 69 26 afslag
618 1469 28 27 på
661 1469 40 21 den
718 1468 71 28 grund
804 1470 32 20 att
851 1468 97 22 anhållan
967 1468 50 21 stod

190 1495 7 21 i
213 1496 55 21 strid
283 1496 49 22 med
347 1496 15 21 4
378 1496 10 28 $
404 1497 23 21 af
440 1497 77 27 nådiga
531 1497 144 27 kungörelsen
690 1497 23 21 af
728 1498 41 20 den
785 1497 28 21 25
829 1497 40 27 maj
887 1496 61 22 1859.
970 1497 46 21 Un-
