1075 1773
200 104 42 22 746
409 107 247 27 Ålderdomsförsäkring
668 112 24 17 af
702 112 101 18 arbetare.
948 112 23 17 21
983 112 41 20 maj

199 179 114 27 hylättävä.
342 180 27 21 Ei
384 180 37 22 siis
436 181 51 27 pidä
501 181 131 27 paikkaansa
647 184 37 18 tuo
701 181 144 21 valiokunnan
860 181 97 21 lausuma
973 180 52 22 olet-

199 211 78 23 tamus,
293 210 43 20 että
351 209 93 21 komitea
460 209 54 21 ehkä
529 210 47 21 olisi
591 210 134 27 hyväksynyt
739 210 119 27 pakollisen
869 209 156 22 invaliditeetti-

200 236 156 22 vakuutuksen.
383 238 99 21 Komitea
497 244 28 15 on
540 238 149 22 nimenomaan
706 238 101 28 hylännyt
822 238 108 22 tämänkin
946 238 79 27 pakko-

199 265 166 28 vakuutuslajin.
393 267 40 21 Jos
456 267 164 27 porvarissääty,
642 267 97 21 niinkuin
762 268 58 20 minä
842 267 79 26 toivon,
936 268 88 20 muuten

199 294 109 28 hyväksyy
330 295 143 21 valiokunnan
496 296 123 26 mietinnön,
642 302 28 15 on
693 296 85 21 ainakin
800 296 153 26 perusteluista
968 295 57 27 pois-

200 324 81 20 tettava
303 325 57 19 tämä
378 324 113 21 viimeinen
506 324 66 27 lause,
584 324 53 27 joka
652 324 87 22 sisältää
753 324 112 22 ilmeisesti
880 326 77 20 väärän
973 324 52 21 olet-

199 352 119 21 tamuksen.

270 381 26 20 13
318 380 76 22 sivulla
417 387 66 15 sanoo
499 382 132 21 valiokunta:
663 382 106 21 »Eräässä
784 382 171 21 vastalauseessa
971 381 54 21 1889

199 408 86 22 vuoden
298 410 308 26 työväenvakuutuskomitean
617 410 132 22 mietinnöön
761 416 33 16 n:o
806 411 31 21 VI
848 410 101 22 esitettiin
961 410 65 26 hyöty

198 436 102 27 yleisestä
322 438 79 21 valtion
424 441 160 24 perustamasta
602 439 24 26 ja
648 439 133 21 takaamasta
803 439 117 21 vakuutus-
936 438 23 27 ja
974 438 51 21 elin-

200 465 199 25 korkolaitoksesta,
413 467 61 26 jossa
489 467 119 27 paikalliset
622 467 209 28 työväenapukassat
846 467 91 21 voisivat
952 466 73 21 edulli-

200 494 48 21 silla
263 494 91 22 ehdoilla
366 495 196 27 jälleenvakuuttaa
578 496 153 21 osakkaansa».
752 497 66 20 Tämä
826 498 109 19 sanotaan.
956 495 70 21 Mutta

200 529 24 14 se
236 523 96 26 jätetään
348 524 172 26 mainitsematta,
536 526 44 19 että
595 527 47 19 eräs
658 525 73 21 toinen
747 525 128 25 vastalause,
883 524 66 27 johon
960 523 65 22 valio-

199 551 88 22 kunnan
303 552 171 22 mainitsemassa
489 553 171 22 vastalauseessa
675 554 108 25 viitataan,
799 553 88 22 sisältää
901 552 124 28 täydellisen

199 579 133 23 ehdotuksen
352 581 60 27 juuri
435 581 118 22 sellaiseksi
575 582 80 21 valtion
674 582 158 27 perustamaksi
844 582 23 27 ja
882 581 144 22 turvaamaksi

199 608 240 23 elinkorkolaitokseksi.
470 611 66 20 Tämä
558 611 92 21 ehdotus
672 611 96 21 aiheutui
792 611 47 25 sitä,
861 612 44 19 että
920 609 105 22 vastalau-

199 643 52 15 seen
274 638 73 27 tekijät
363 639 125 26 puolestaan
504 639 118 21 ehdottivat
637 639 115 27 pakollista
766 639 259 27 tapaturmavakuutusta.

199 665 50 22 Kun
266 667 122 21 valiokunta
403 670 38 24 nyt
456 668 125 27 puolestaan
597 668 83 21 arvelee
696 668 130 25 suotavaksi,
842 669 44 20 että
896 667 129 22 tämmöinen

198 694 153 23 keskus-laitos
367 696 70 21 meillä
452 699 144 24 perustetaan,
612 697 43 20 niin
672 697 48 21 olisi
736 697 144 21 valiokunnan
896 698 59 25 myös
968 695 57 28 sopi-

198 725 40 19 nut
254 724 92 25 mainita,
363 726 44 19 että
421 725 92 21 ehdotus
529 725 148 22 semmoiseksi
692 725 125 22 laitokseksi
830 725 24 27 jo
870 731 28 15 on
913 725 112 21 olemassa.

202 764 22 2 —
242 752 69 21 Mutta
327 759 23 15 se
366 753 91 21 sikseen.

269 781 109 27 Vaikkapa
400 782 58 21 minä
479 782 121 27 puolestani
622 789 26 14 en
671 783 64 26 luule,
755 784 45 19 että
814 782 122 21 kahdeksan
953 781 71 22 viime-

198 809 85 21 vuoden
306 809 104 22 kokemus
428 810 241 28 työväenvakuutuksen
685 811 63 21 alalla
763 811 35 21 voi
812 811 79 26 tarjota
905 811 120 20 sanottavia

198 837 163 28 lisäselvityksiä
376 839 58 21 asian
450 839 199 26 arvostelemiseksi,
665 846 26 15 en
707 839 130 22 kuitenkaan
853 841 97 20 vastusta
960 839 64 21 valio-

198 866 88 22 kunnan
301 867 136 22 ehdottamaa
451 869 82 26 pontta.
562 868 139 22 Päinvastoin
717 869 42 21 sitä
773 868 114 23 kannatan,
902 868 67 21 koska
979 867 46 22 asia

198 901 27 15 on
249 896 53 20 siksi
323 896 79 26 tärkeä,
424 899 45 19 että
490 903 28 15 on
537 897 55 27 hyvä
607 898 58 26 pitää
680 898 41 21 sitä
736 897 87 26 vireillä,
839 897 52 21 siksi
906 897 51 21 kuin
973 896 51 22 tosi-

197 924 83 21 toimiin
295 924 90 22 voidaan
400 925 80 27 ryhtyä.

267 981 33 22 Hr
322 982 178 21 Tötterman:
530 983 47 20 Den
593 982 132 27 behandling
739 982 107 21 utskottet
861 984 64 25 egnat
939 981 85 28 förelig-

198 1010 70 26 gande
283 1011 105 26 spörsmäl
404 1010 69 27 gifver
488 1011 36 21 vid
538 1011 84 21 handen
638 1013 32 19 att
684 1011 107 22 utskottet
809 1011 49 21 med
875 1011 92 21 intresse
979 1017 44 14 om-

196 1038 65 21 fattat
283 1039 124 21 detsamma.
437 1039 42 22 Om
503 1039 63 22 också
589 1039 56 22 olika
667 1040 81 21 åsikter
763 1039 106 27 själffallet
884 1039 73 21 kunna
972 1041 52 24 göra

197 1067 34 26 sig
247 1067 97 27 gällande
360 1067 131 22 beträffande
506 1068 159 21 utförbarheten
681 1068 23 21 af
716 1075 31 14 nu
762 1068 126 27 ifrägasatta
902 1067 122 27 försäkring

196 1095 7 21 i
224 1101 26 15 en
266 1095 51 22 eller
332 1102 70 15 annan
418 1096 55 21 form
489 1097 51 21 eller
554 1097 68 26 enligt
636 1103 27 15 en
679 1097 52 21 eller
751 1103 70 14 annan
841 1096 89 27 princip,
955 1096 69 21 mäste

197 1124 55 21 dock
275 1124 104 22 erkännas
401 1127 32 19 att
455 1125 74 27 frågan
549 1127 23 19 är
587 1125 23 22 af
623 1125 41 22 den
680 1125 46 22 vikt
741 1125 40 21 och
795 1125 115 27 betydelse,
925 1126 32 20 att
972 1125 51 20 den-

197 1158 83 16 samma
302 1153 102 27 förtjänar
427 1160 110 21 noggrann
554 1154 121 27 utredning.
704 1154 11 21 I
735 1154 36 21 det
787 1153 70 26 skede,
873 1153 60 22 hvari
948 1153 74 27 frågan

196 1187 30 15 nu
248 1181 96 22 befinner
361 1182 38 27 sig,
415 1182 58 21 delar
485 1182 38 27 jag
538 1182 61 21 äfven
615 1183 118 20 utskottets
749 1181 138 28 uppfattning
901 1184 32 19 att
948 1188 26 15 en
990 1181 32 22 så-

196 1209 42 22 dan
256 1210 122 27 försäkring
397 1211 66 21 borde
478 1211 86 21 baseras
580 1211 28 27 på
622 1211 253 27 frivillighetsprincipen.
903 1211 42 26 Jag
959 1216 64 15 anser

196 1238 66 21 också
277 1240 31 19 att
323 1239 41 21 den
379 1239 149 27 utsträckning
542 1239 40 22 och
597 1239 135 28 omfattning,
748 1245 47 16 som
810 1239 107 21 utskottet
933 1239 90 21 föreslår

196 1268 32 19 att
243 1267 41 21 den
300 1267 93 27 begärda
408 1268 141 27 utredningen
566 1268 68 21 skulle
649 1268 27 26 få,
691 1270 23 19 är
723 1267 130 27 välbetänkt,
868 1267 27 22 då
905 1269 31 20 ett
947 1267 76 22 sådant

196 1295 170 28 tillvägagående
388 1296 112 27 möjliggör
522 1296 86 27 frågans
631 1297 116 26 belysande
768 1297 8 20 i
790 1296 47 21 hela
853 1296 49 21 dess
918 1296 50 21 vidd
983 1295 39 22 och

196 1323 126 28 därigenom
345 1325 132 21 underlättar
492 1325 142 22 bedömandet
648 1325 24 21 af
685 1325 131 25 densamma,
832 1325 27 21 då
874 1325 40 21 den
930 1325 7 20 i
953 1324 69 21 sinom

196 1352 31 21 tid
242 1352 97 22 kommer
355 1353 32 21 till
401 1353 122 27 afgörande.
537 1354 72 21 Jämte
624 1353 36 22 det
672 1353 38 28 jag
725 1354 8 21 i
747 1353 31 22 alt
792 1353 115 27 väsentligt
917 1353 41 21 kan
971 1353 51 26 god-

195 1380 72 50 ana
282 1381 116 22 utskottets
414 1382 133 27 motivering,
562 1382 98 22 förordar
672 1383 38 26 jag
726 1382 32 21 till
773 1381 120 28 antagande
905 1381 116 22 utskottets

218 1416 41 15 äm.

265 1467 33 21 Hr
313 1467 167 28 Holmberg,
495 1467 81 22 Emil:
601 1467 73 28 Enligt
689 1467 45 22 min
749 1467 56 22 åsikt
820 1469 23 20 är
859 1467 40 22 den
915 1467 62 25 kläm,
990 1466 32 22 till

194 1495 87 21 hvilken
304 1495 105 22 utskottet
423 1496 96 26 kommit,
534 1496 33 21 väl
582 1496 114 27 platonisk.
726 1496 49 21 Den
791 1495 116 22 innehåller
922 1495 55 21 blott
991 1497 32 19 ett
