1078 1773
61 127 28 17 25
101 127 47 20 maj.
337 127 140 16 Hästafvelns
489 126 151 21 befrämjande.
847 120 41 21 899

63 195 108 27 anslagets
194 195 88 25 ökande,
303 195 81 21 hvilket
406 195 133 26 specificeras
563 195 12 21 å
591 195 46 21 sida
650 195 20 20 4.
701 195 112 21 Utskottet
827 197 62 24 säger

62 226 33 19 att
117 224 40 21 den
178 223 68 22 första
268 226 77 25 posten
366 223 67 22 borde
453 223 83 22 lämnas
559 223 135 26 oförändrad,
710 223 41 22 den
766 223 67 22 andra
847 223 41 21 för-

63 252 96 26 dubblas,
183 253 26 20 de
231 252 68 27 öfriga
321 252 104 27 betydligt
445 252 58 21 ökas.
533 252 41 21 Om
598 258 49 15 man
662 259 29 14 nu
707 251 124 22 fördubblar
843 252 46 21 alla

63 281 26 22 de
104 284 81 24 poster,
210 287 46 15 som
282 281 105 21 utskottet
412 287 63 14 anser
500 281 52 20 böra
577 280 58 26 ökas,
660 280 39 21 och
724 280 71 21 därtill
816 280 73 27 lägger

63 310 40 21 den
118 309 68 22 första
201 313 76 24 posten
300 309 135 26 oförändrad,
456 309 87 21 komma
557 309 21 21 vi
594 309 31 21 till
641 311 31 19 ett
684 309 78 27 belopp
778 308 22 22 af
813 309 76 26 98,000

62 338 61 21 mark
144 339 22 20 in
189 344 89 15 summa.
308 338 65 21 Detta
394 339 23 20 är
431 338 78 25 40,000
524 337 61 22 mark
599 344 59 15 mera
673 339 26 20 än
716 338 36 21 det
766 337 123 22 nuvarande

62 367 107 27 anslaget;
192 367 106 21 utskottet
317 367 65 26 begär
406 367 91 25 100,000
519 366 61 22 mark
595 366 83 21 utöfver
694 366 123 21 detsamma.
847 366 42 21 Det

62 395 106 22 förefaller
183 396 44 26 mig
248 395 71 21 därför
334 401 47 15 som
396 401 35 15 om
447 395 106 21 klämmen
569 395 46 21 icke
630 395 68 21 skulle
714 395 34 21 stå
762 395 7 20 i
784 401 105 15 samman-

59 424 61 27 hang
134 425 50 20 med
205 424 160 27 motiveringen,
381 423 39 22 och
436 424 27 21 då
479 424 111 21 dessutom
605 425 139 20 reservanten
758 423 72 27 tyckes
845 423 45 27 mig

62 452 75 22 anföra
153 453 55 27 goda
223 452 46 21 skäl
284 452 32 21 för
332 453 32 20 sin
380 452 61 26 åsikt,
456 453 39 20 ber
505 452 38 27 jag
552 452 21 21 få
584 452 130 21 understöda
724 453 165 20 reservationen.

131 505 61 21 Efter
216 504 88 21 härmed
326 503 94 22 afslutad
443 504 124 21 diskussion
586 503 124 22 framstälde
725 503 25 22 hr
765 504 123 21 talmannen

64 533 93 28 följande
173 532 293 28 omröstningsproposition:

132 585 39 27 De,
195 584 75 21 hvilka
291 584 119 27 godkänna
432 584 114 21 utskottets
569 583 140 27 betänkande,
731 586 59 19 rösta
799 585 42 27 ja;
857 585 31 26 de,

64 614 35 21 det
114 614 45 21 icke
173 616 61 25 göra,
250 615 59 18 rösta
324 613 50 27 nej;

132 642 81 21 vinner
234 641 42 28 nej,
293 641 42 21 har
350 641 179 28 borgareståndet
543 641 89 27 förenat
646 641 33 28 sig
695 648 36 14 om
745 641 42 21 den
802 641 35 22 till
852 641 35 22 be-

63 671 122 21 tänkandet
199 670 77 28 fogade
290 670 171 21 reservationen.

132 723 51 20 Med
199 721 156 28 öfvervägande
368 721 24 27 ja
407 721 112 27 godkände
534 721 178 27 borgareståndet
727 722 115 22 utskottets
853 723 35 21 be-

63 751 116 22 tänkande.

641 827 3 7 N

133 855 121 26 Föredrogs
269 854 39 21 och
325 854 123 27 godkändes
461 853 223 27 järnvägsutskottets
700 854 35 22 vid
749 854 87 27 plenum
848 855 40 21 den

63 884 28 21 22
115 884 81 21 dennes
213 883 118 27 bordlagda
346 882 135 22 betänkande
496 889 35 14 n:o
547 882 14 20 3
576 882 6 21 i
597 882 116 28 anledning
728 883 22 21 af
764 883 104 22 särskilda
882 884 7 21 i

64 913 158 21 bondeständet
243 912 76 21 väckta
341 911 184 28 petitionsförslag
547 911 110 27 angäende
672 912 216 27 kanaliseringsar-

63 941 82 22 beten.

133 1029 120 26 Föredrogs
276 1031 31 19 ett
322 1029 46 21 från
386 1030 25 21 R.
427 1036 18 15 o.
461 1031 26 20 A.
501 1031 89 21 anländt
604 1029 198 28 protokollsutdrag
817 1028 22 22 af
851 1028 38 21 föl-

61 1057 65 26 jande
141 1057 89 27 lydelse:

339 1115 84 27 Utdrag
436 1122 25 15 ur
476 1116 149 27 ridderskapet
642 1116 39 21 och
699 1115 73 22 adelns
783 1114 107 28 protokoll

270 1144 36 21 vid
325 1143 129 28 landtdagen
473 1145 7 21 i
498 1145 143 27 Helsingfors,
661 1145 41 21 den
720 1145 27 20 23
765 1143 41 28 maj
829 1143 61 21 1900.

133 1194 121 27 Föredrogs
270 1195 105 22 allmänna
391 1196 206 21 besvärsutskottets
613 1196 133 21 betänkande
762 1201 35 15 n:o
813 1195 76 21 7ian-

63 1223 88 27 ledning
165 1223 23 21 af
196 1225 31 19 ett
236 1223 7 21 i
254 1223 156 22 bondeståndet
421 1225 63 21 väckt
494 1224 182 27 petitionsförslag
688 1231 35 15 om
734 1224 109 21 ordnande
854 1230 35 20 ge-

63 1258 50 15 nom
129 1251 36 27 lag
179 1251 23 22 af
212 1252 171 28 vintersjöfart
392 1253 8 20 i
408 1253 73 23 farled,
492 1253 60 22 öfver
563 1253 85 22 hvilken
658 1253 109 26 virterväg
775 1254 23 19 är
806 1252 84 27 anlagd.

132 1280 63 21 Efter
210 1280 70 22 slutad
296 1281 122 22 diskussion
433 1282 113 27 godkände
562 1282 25 21 R.
603 1288 18 15 o.
637 1282 25 21 A.
678 1281 116 22 utskottets
809 1281 56 20 kläm
877 1281 13 21 å

63 1315 17 15 s.
97 1309 27 21 10
139 1309 48 21 med
202 1308 93 28 följande
311 1310 82 27 tillägg:
411 1312 44 19 »att
471 1311 116 20 ständerna
601 1310 117 21 emellertid
733 1310 50 21 ville
794 1310 7 21 i
812 1309 77 21 under-

64 1337 101 27 dånighet
187 1337 39 22 hos
248 1338 28 21 H.
291 1338 26 21 K.
333 1339 39 20 M:t
386 1339 85 21 anhålla
485 1341 37 23 att,
538 1339 49 21 med
602 1339 100 21 afseende
717 1339 13 20 &
744 1337 145 28 vintersjöfar-

64 1369 47 18 tens
135 1368 60 19 stora
215 1367 110 26 betydelse
347 1367 33 21 för
403 1367 74 22 landet
497 1368 8 21 i
527 1367 50 22 dess
599 1367 77 25 helhet,
698 1369 80 20 största
793 1367 61 21 delen
869 1366 23 21 af

63 1395 146 21 kostnaderna
223 1395 33 21 för
272 1395 197 27 upprätthållandet
484 1395 23 22 af
515 1395 177 28 vägförbindelse,
704 1396 37 21 där
751 1394 145 23 vinterfarled'

63 1423 76 21 korsar
162 1423 118 27 vinterväg,
303 1426 56 19 samt
374 1424 34 22 för
426 1424 66 22 sådan
507 1424 80 22 farleds
600 1425 140 21 utmärkande
756 1424 65 21 måtte
837 1423 52 21 tills-

64 1452 73 21 vidare
161 1452 22 21 af
203 1452 107 22 allmänna
332 1453 69 21 medel
423 1453 137 27 tillskjutas»;
583 1453 39 21 och
641 1453 68 21 skulle
724 1452 166 22 betänkandet
878 1448 15 37 i

65 1480 70 22 denna
149 1480 34 22 del
198 1480 142 22 öfverlämnas
355 1482 31 20 till
402 1482 161 21 statsutskottet
577 1482 8 21 i
597 1482 37 21 det
643 1482 100 21 afseende
754 1482 28 20 36
792 1481 11 27 $
813 1481 8 21 i
831 1480 22 22 L.
864 1480 26 22 O.

64 1510 98 20 närmare
177 1508 102 28 angifver.
304 1510 110 27 Därjämte
430 1510 71 22 beslöt
515 1511 26 21 R.
556 1516 19 16 o.
590 1511 25 20 A.
631 1512 31 20 att
673 1516 77 21 genom
760 1509 129 28 protokolls-
