1078 1753
57 117 11 17 1
77 117 53 20 juni.
386 107 154 34 Fångforsling.
830 107 54 22 1043

127 185 54 27 Lag-
197 184 38 22 och
251 184 207 22 ekonomiutskottet
472 183 55 21 hade
542 183 88 21 insändt
644 189 26 15 en
687 182 111 22 skrifvelse
813 182 23 23 af
847 182 38 22 föl-

56 214 66 27 jande
137 213 89 27 lydelse:

122 270 132 23 FINLANDS
269 265 140 27 STÄNDERS

60 324 66 27 LAG-
134 323 54 28 OCH
199 322 272 29 EKONOMIUTSKOTT.

212 381 107 12 —oe

192 427 146 23 HELSINGFORS,
486 406 41 22 Till
542 405 99 28 välofliga
655 405 185 28 borgareståndet.

179 474 34 17 den
225 474 10 17 1
242 474 47 23 juni
300 474 56 18 1900.

224 520 32 18 N:o
270 521 38 17 145.

129 573 96 21 Härmed
240 572 32 22 får
287 573 44 27 lag-
347 573 39 21 och
402 573 207 22 ekonomiutskottet
630 573 111 22 vördsamt
755 572 84 22 anmäla
855 574 32 20 att

60 601 149 28 ridderskapet
224 601 38 21 och
277 601 61 22 adeln
355 603 57 20 samt
427 601 177 28 borgareståndet
619 602 94 27 godkänt
724 601 116 22 utskottets
851 601 35 21 be-

61 629 107 22 tänkande
190 636 34 15 n:o
243 630 27 21 12
284 631 7 20 i
306 630 116 27 anledning
439 630 23 21 af
480 632 32 19 ett
525 631 59 20 inom
597 631 158 21 bondeståndet
769 630 118 21 inlämnadt

61 658 183 27 petitionsförslag
265 659 110 27 angående
398 659 40 21 den
454 659 7 20 i
477 659 79 21 mantal
580 661 56 20 satta
655 659 90 27 jordens
767 658 120 27 fritagande

61 686 46 22 från
130 687 189 27 fångforslings-
335 687 47 22 och
397 687 256 27 fångvårdsbesväret,
669 687 160 27 prästeståndet
843 687 43 25 har,

61 716 49 20 med
134 715 136 22 förkastande
290 715 23 22 af
334 716 40 21 den
396 715 24 22 af
432 715 106 22 utskottet
559 715 122 28 föreslagna
701 716 113 26 klämmen,
832 716 54 20 åter-

63 744 119 22 remitterat
204 744 124 22 densamma
349 744 33 21 för
401 746 32 19 att
448 744 164 22 omformuleras
627 744 7 21 i
649 744 93 28 enlighet
757 744 49 22 med
821 744 65 21 kläm-

61 779 49 15 men
133 773 7 21 i
161 772 204 28 petitionsförslaget
386 775 56 19 samt
463 773 159 21 bondeståndet
641 773 68 21 likaså
728 773 95 27 godkänt
837 773 49 21 sist-

61 802 78 21 nämda
153 802 63 26 kläm,
230 801 83 22 hvadan
328 801 75 27 frågan
419 802 91 20 sålunda
524 801 93 21 förfallit.

230 859 32 21 På
276 859 44 27 lag-
336 858 39 22 och
390 859 219 22 ekonomiutskottets
624 860 91 26 vägnar:

389 916 51 22 Em.
457 916 101 22 Berneri.

659 967 21 18 E.
692 967 17 18 J.
721 966 97 24 Ståhlberg.

132 1088 56 21 Från
199 1088 206 21 ekonomiutskottet
414 1087 56 22 hade
479 1087 113 22 inkommit
602 1093 26 16 en
640 1087 115 28 sålydande
767 1087 120 22 skrifvelse:

163 1151 94 23 FINLANDS
274 1148 98 27 STÄNDERS

101 1204 331 33 EKONOMIUTSKOTT.

195 1278 146 51 HELSINGFORS,
504 1282 41 22 Till
560 1282 106 28 vällofliga
681 1282 183 28 borgareståndet.

177 1343 34 17 den
228 1343 10 17 1
246 1343 47 23 juni
304 1343 57 17 1900.

223 1388 35 18 N:o
271 1390 38 17 157.

131 1445 213 22 Ekonomiutskottet
358 1445 32 22 fär
405 1446 89 23 härmed
509 1447 111 22 vördsamt
634 1447 97 22 meddela
743 1449 32 20 att
788 1447 36 22 vid
833 1446 54 22 före-

62 1474 106 27 dragning
183 1475 7 20 i
205 1475 90 21 ständen
311 1474 23 22 af
347 1475 118 22 utskottets
480 1475 81 28 förslag
573 1476 31 21 till
618 1476 207 27 sammanjämkning
834 1476 7 21 i
851 1481 36 16 an-

61 1502 88 27 ledning
164 1502 23 21 af
200 1503 26 21 de
242 1503 121 28 skiljaktiga
378 1503 78 27 beslut,
471 1504 61 22 hvari
547 1505 90 21 ständen
653 1507 86 19 stannat
748 1504 36 22 vid
794 1504 93 22 behand-
