1073 1736
201 103 44 20 778
543 100 126 36 Järnvägar.
943 111 27 16 22
981 110 47 20 maj.

201 184 43 14 nen
265 177 87 27 anlöpes
373 177 22 22 af
417 178 62 27 141/,
496 179 13 21 å
529 179 27 21 15
579 178 32 22 fot
634 179 135 27 djupgående
792 178 70 28 fartyg
884 179 39 21 och
949 185 76 21 genom

201 206 182 27 utsprängningar
398 207 13 21 å
425 207 122 26 stenrefvet,
563 214 47 15 som
629 208 73 26 skiljer
722 208 41 21 den
781 208 46 20 inre
842 207 40 21 och
897 210 56 24 yttre
968 208 58 20 ham-

201 240 43 15 nen
264 234 46 22 från
329 235 126 26 hvarandra,
470 236 41 21 blir
526 236 37 21 det
581 236 84 27 möjligt
683 236 62 21 äfven
760 236 33 21 för
808 236 71 26 fartyg
894 237 48 21 med
958 238 69 20 större

199 263 138 27 djupgående
359 266 32 19 att
412 264 114 22 inkomma.
556 265 43 21 För
618 265 67 26 några
703 265 24 21 år
748 265 65 21 sedan
832 265 86 26 gjordes
934 265 94 21 försök
1018 259 14 36 i

200 291 73 21 denna
293 291 93 28 riktning
403 293 40 20 och
458 292 94 22 farleden
567 293 138 27 fördjupades
721 293 32 21 till
770 293 25 21 17
811 292 37 27 fot,
864 299 48 15 men
934 293 26 22 då
976 293 51 21 lots-

200 320 106 27 styrelsen
328 321 92 26 vägrade
441 323 32 20 att
493 321 110 27 öfvertaga
623 322 164 27 utprickningen
805 321 23 22 af
846 322 128 24 densamma,
990 322 38 21 har

202 350 76 25 nyttan
293 349 23 21 af
329 349 82 22 arbetet
426 350 55 21 varit
495 351 68 26 ringa.
584 350 103 21 Innanför
702 350 69 21 refvet
785 349 68 22 finnes
868 351 25 20 18
904 351 38 21 och
954 351 27 21 20
990 350 37 22 fot.

202 377 42 21 Vid
267 377 188 28 ångbåtsbryggan
477 379 74 21 kunna
568 379 25 21 12
609 379 44 22 fots
669 379 69 28 fartyg
753 379 60 26 lasta,
829 379 35 21 vid
877 379 150 27 tjärhafsbryg-

202 412 42 20 gan
262 406 26 21 14
303 406 12 21 å
331 407 26 20 15
371 407 32 21 fot
418 407 136 27 djupgående
569 407 76 28 fartyg.
676 407 209 28 Ötverhutvudtaget
900 407 72 22 kunna
986 408 42 21 alla

200 435 29 20 de
250 434 75 27 fartyg,
345 436 48 21 med
416 435 71 22 hvilka
508 443 62 14 varor
586 437 38 20 im-
640 436 39 21 och
695 438 124 25 exporteras
834 436 77 21 mellan
926 437 100 26 östersjö-

201 463 90 21 hamnar
307 464 37 21 och
360 464 69 21 finska
443 465 91 21 hamnar
550 467 56 19 samt
621 465 31 21 till
668 465 38 21 och
722 465 49 21 med
784 465 76 21 mellan
873 465 103 27 Nordsjö-
988 465 39 21 och

201 491 70 22 finska
286 492 94 27 hamnar,
389 493 76 27 inlöpa.
481 493 118 29 Undantag
619 495 62 26 göres
701 493 77 22 endast
792 493 33 22 för
840 494 27 21 de
883 496 58 19 stora
951 493 76 27 fartyg,

201 520 72 21 hvilka
291 521 64 22 lastas
373 522 49 21 med
440 522 100 21 trävirke.
569 522 70 21 Äfven
656 525 50 18 utan
722 524 32 19 att
769 522 65 27 draga
850 523 68 20 banan
934 522 31 21 till
980 517 44 26 Åd-

202 549 94 26 grundet
311 549 40 22 kan
368 551 75 20 staden
459 557 25 15 en
500 551 51 26 lång
565 551 31 21 tid
611 551 77 21 framåt
702 551 87 21 komma
804 551 31 21 till
845 553 56 19 rätta
911 551 48 21 med
970 551 56 21 ham-

202 583 49 15 nen.
281 578 46 21 Den
346 580 56 26 yttre
420 579 91 21 hamnen
527 579 39 21 har
581 581 31 19 ett
627 580 126 26 vattendjup
769 579 23 21 af
804 579 56 21 5—6
876 579 87 25 famnar,
979 585 47 15 men

202 606 99 27 inloppet
316 609 23 19 är
354 608 27 26 på
397 608 36 20 det
448 608 117 26 grundaste
576 608 71 21 stället
659 608 76 21 endast
747 608 49 27 41/,
806 607 82 22 famnar
903 608 49 21 eller
965 614 64 20 unge-

201 634 33 22 fär
250 635 29 21 25
293 635 37 21 fot.
360 636 47 21 Den
427 638 23 19 är
465 636 27 27 på
507 636 109 22 hafssidan
632 637 95 27 skyddad
743 637 22 21 af
779 642 26 16 en
821 636 209 27 sammanhängande

202 663 65 21 räcka
283 664 69 26 grund
367 664 39 22 och
422 665 56 25 skär,
494 665 39 21 och
549 665 58 21 fallet
623 667 23 19 är
657 667 32 19 att
697 665 23 21 så
728 665 75 27 längre
813 665 38 27 jag
861 666 72 20 minns
944 665 86 21 tillbaka

200 692 41 21 har
257 692 65 27 något
340 693 73 21 haveri
431 694 51 20 eller
498 696 66 19 annat
578 694 183 27 fartygsmissöde,
771 700 46 15 som
833 694 69 21 skulle
918 694 70 21 berott
1002 694 28 26 på

200 722 34 19 att
255 720 91 22 hamnen
365 722 76 21 saknat
461 722 75 27 skydd,
551 722 46 22 icke
615 722 142 22 förekommit.
787 722 99 27 Inloppet
902 729 76 20 genom
994 723 36 21 det

201 755 18 15 s.
235 749 20 21 k.
272 750 109 26 Bäkhälet,
397 751 49 21 med
465 753 30 19 ett
513 751 52 27 djup
580 751 23 21 af
616 751 28 21 25
659 751 37 26 fot,
711 753 24 19 är
750 751 46 21 icke
811 751 53 25 rakt,
880 758 47 14 men
942 751 88 21 innebär

200 778 20 26 ej
245 778 68 21 häller
335 779 72 27 någon
429 779 46 21 fara
496 780 33 21 för
556 780 157 26 navigationen.
743 780 77 26 Någon
838 780 104 20 nämvärd
956 780 75 27 olycka

201 806 37 22 vid
258 807 32 21 in-
309 807 39 21 och
371 808 125 27 utlöpandet
515 815 77 20 genom
611 808 105 22 Båkhålet
735 810 24 19 är
777 808 45 21 icke
840 808 62 22 känd.
932 809 42 20 För
989 808 40 22 den

200 834 105 22 händelse
320 838 32 19 att
367 842 25 15 en
409 836 121 22 hamnbana
545 837 69 21 skulle
630 838 77 26 dragas
722 837 32 21 till
769 831 134 33 Ådgrundet,
913 836 67 22 finnes
992 837 37 21 där

202 866 107 24 utrymme
326 864 33 21 för
377 865 109 27 vidlyftiga
504 866 189 26 kajanläggningar
709 865 39 21 och
764 866 122 26 tillräckligt
904 866 125 26 vattendjup

200 891 34 22 för
249 891 71 28 fartyg
335 893 48 21 med
399 896 45 19 stor
459 894 127 27 dräktighet.
615 895 42 26 Jag
672 893 65 22 håller
749 893 83 22 således
845 893 45 22 före
908 896 31 19 att
952 894 77 21 Kristi-

201 921 89 21 nestads
310 921 64 22 hamn
393 922 99 26 erbjuder
511 922 41 21 alla
572 923 26 21 de
617 922 98 26 fördelar,
731 929 47 14 som
795 924 36 19 äro
847 923 135 26 nödvändiga
996 922 32 21 för

200 951 33 19 att
255 952 107 25 emottaga
383 957 26 14 en
429 951 119 26 mångfaldt
567 953 69 19 större
655 951 62 21 trafik
733 953 26 18 än
776 951 40 20 den
832 951 128 21 nuvarande.
991 951 37 21 Uti

201 978 160 21 reservationen
381 985 34 15 n:o
436 980 10 20 1
464 980 72 26 påstås
552 982 31 19 att
599 980 144 21 Kristinestad
759 979 46 22 icke
820 979 69 21 skulle
899 979 71 22 mäkta
980 979 48 21 med

200 1006 28 21 de
243 1006 122 27 kostnader,
387 1014 46 15 som
453 1010 36 19 äro
509 1008 105 27 förenliga
632 1009 49 20 med
696 1010 32 19 att
742 1007 91 22 försätta
848 1008 90 21 hamnen
954 1009 6 20 i
977 1008 51 27 godt

200 1035 67 25 skick,
283 1035 39 21 och
341 1038 32 19 att
388 1038 70 19 staten
475 1037 99 26 möjligen
590 1043 51 15 vore
657 1039 95 24 tvungen
768 1039 31 18 att
814 1037 62 20 träda
890 1037 89 20 emellan
995 1036 32 21 för

200 1063 61 21 detta
276 1064 102 21 ändamål.
407 1065 42 26 Jag
464 1065 41 21 kan
520 1072 30 15 nu
566 1067 69 19 trösta
649 1065 55 26 dem,
720 1071 46 16 som
778 1065 62 21 hafva
851 1065 79 21 sådana
942 1065 85 25 åsikter,

200 1092 90 21 därmed
310 1095 31 18 att
359 1093 76 21 staden
451 1094 61 21 torde
527 1093 62 22 hafva
605 1093 126 28 tillräckliga
746 1093 69 22 medel
830 1096 31 19 att
876 1093 70 22 utföra
961 1093 66 22 erfor-

199 1120 84 27 derliga
297 1121 94 22 arbeten.

270 1149 38 21 Uti
327 1150 40 20 den
387 1157 16 14 s.
421 1151 19 20 k.
456 1151 210 27 järnvägskomiténs
686 1151 135 21 betänkande
839 1150 95 25 angifves
954 1150 73 27 djupet

200 1177 32 21 uti
253 1177 42 21 den
314 1184 71 19 norra,
405 1178 134 28 Saltgrunds,
558 1178 95 22 farleden
669 1179 88 27 oriktigt
773 1179 31 21 till
827 1179 6 20 2
849 1181 73 19 meter.
952 1178 76 21 Denna

199 1206 116 26 oriktighet
337 1207 38 20 ber
390 1207 38 26 jag
447 1209 32 19 att
495 1207 21 21 få
535 1209 62 27 rätta.
627 1208 80 26 Fartyg
726 1207 50 21 med
796 1208 54 20 llä
866 1208 27 19 12
908 1206 42 21 fots
967 1207 61 26 djup-

199 1233 84 27 gående
297 1234 74 22 kunna
385 1235 39 21 där
439 1235 114 22 inkomma.
582 1235 70 22 Äfven
669 1242 38 21 par
721 1235 148 27 felaktigheter
885 1235 12 21 å
912 1241 26 15 en
954 1235 6 21 i
971 1235 57 21 stån-

199 1262 37 21 det
251 1263 87 21 utdelad
354 1263 60 22 karta
429 1263 59 22 öfver
503 1264 118 21 hamnarna
636 1265 35 20 vid
687 1264 72 21 Kaskö
775 1265 39 20 och
831 1263 144 22 Kristinestad
991 1264 37 21 ber

195 1290 40 27 jag
250 1293 32 19 att
296 1291 21 21 få
332 1292 88 27 påpeka.

270 1320 10 21 I
297 1320 172 26 Storskatssund,
486 1327 64 15 norra
567 1321 95 21 farleden
678 1321 31 21 till
724 1321 80 26 Kaskö,
819 1320 68 22 finnes
904 1322 71 19 vatten
992 1327 35 14 en-

198 1347 50 22 dast
260 1348 33 21 för
310 1349 23 20 11
351 1349 12 21 å
380 1349 25 21 12
420 1349 33 22 fot
467 1349 135 28 djupgående
617 1349 76 28 fartyg.
723 1350 118 21 Dessutom
856 1349 68 21 finnes
940 1349 7 21 i
962 1349 64 21 nord-

199 1375 67 28 ligare
287 1377 62 21 delen
367 1377 23 22 af
408 1378 73 21 Kaskö
496 1378 64 21 hamn
577 1384 25 15 en
619 1378 56 21 bank
691 1379 48 20 med
755 1378 77 21 endast
848 1378 26 21 14
889 1377 43 22 fots
948 1380 78 19 vatten.

197 1405 44 26 Jag
259 1405 62 22 anför
341 1406 59 21 detta
414 1406 33 21 för
462 1409 32 18 att
508 1407 87 21 ståndet
609 1407 46 21 icke
671 1407 66 21 måtte
752 1406 21 21 få
789 1407 40 20 den
845 1406 181 27 föreställningen,

199 1435 32 19 att
245 1440 65 14 norra
324 1434 97 27 inloppet
436 1435 32 21 till
483 1435 73 21 Kaskö
572 1435 69 21 skulle
656 1442 51 14 vara
722 1435 121 21 trafikabelt
857 1434 33 21 för
906 1441 45 14 mer
967 1434 61 27 djup-

198 1461 83 27 gående
296 1462 75 27 fartyg.
401 1463 42 27 Jag
457 1463 39 21 ber
511 1465 58 19 ännu
585 1466 30 18 att
630 1463 21 21 få
666 1463 83 27 påpeka
765 1465 36 23 att,
813 1469 34 15 om
859 1462 167 28 järnvägslinjen

199 1490 78 27 drages
293 1491 71 21 såsom
380 1491 107 22 utskottet
501 1492 95 26 föreslår,
611 1492 126 27 härigenom
753 1492 69 21 bildas
833 1491 32 21 för
877 1490 113 22 framtiden
1002 1497 25 15 en
