1078 1773
197 105 56 37 1034
523 113 171 29 Smörexporten.
948 117 10 17 1
967 116 53 21 juni.

197 183 86 21 tionens
305 183 71 27 kärna,
400 185 24 21 så
438 186 24 20 är
484 191 26 15 en
527 186 66 21 sådan
609 186 130 21 subvention
754 186 8 20 i
777 185 75 28 själfva
867 185 74 22 värket
955 185 23 21 af
988 187 32 26 yt-

196 214 56 19 terst
266 212 61 28 ringa
341 214 114 27 betydelse,
471 214 28 21 då
513 220 49 15 man
577 214 103 22 betänker
701 217 32 19 att
748 214 70 22 denna
833 216 61 20 ränta
908 214 45 21 icke
966 216 54 20 mot-

197 247 74 15 svarar
293 247 39 16 ens
354 242 118 22 kostnaden
495 242 34 22 för
544 249 26 15 en
586 243 89 21 månads
691 243 237 27 stenkolsförbrukning
942 242 33 22 för
990 244 30 20 ett

196 269 23 21 af
232 269 26 21 de
273 269 75 28 fartyg,
364 277 46 15 som
425 271 100 21 trafikera
539 271 73 27 linjen.
641 272 79 21 Vidare
735 272 39 21 bör
797 278 48 15 man
861 272 45 21 icke
920 271 100 27 förglöm-

196 304 34 15 ma
251 300 33 20 att
304 298 97 28 fartygen
424 306 76 21 genom
524 300 41 21 den
588 300 177 27 utomordentligt
780 300 158 27 ansträngande
953 300 67 26 trafik,

196 332 46 16 som
259 327 27 21 de
300 327 38 22 här
353 330 92 20 utsättas
461 328 39 26 för,
515 329 7 21 i
538 328 76 28 själfva
630 329 73 21 värket
718 328 54 22 efter
787 329 75 21 endast
877 329 13 21 8
903 329 35 21 års
948 329 72 21 arbete

195 354 94 22 förutom
305 356 26 22 de
346 357 66 27 årliga
431 357 117 27 utgifterna
571 357 39 22 och
626 360 59 18 stora
700 360 137 19 remonterna
852 358 61 21 hafva
928 357 71 21 slukat
1013 358 7 20 i

196 384 36 21 det
246 384 53 22 allra
320 387 108 20 närmaste
449 386 71 21 denna
539 392 17 15 s.
572 386 20 21 k.
607 386 232 25 subventionssumma,
862 393 46 15 som
931 386 89 26 åtgått
1008 380 15 36 i

196 412 39 21 och
257 412 33 22 för
314 414 61 22 deras
390 414 151 22 återställande
556 415 6 21 i
578 414 49 22 fullt
646 415 104 21 brukbart
765 415 64 21 skick.
859 415 83 26 Frågan
957 415 62 21 återi-

196 447 40 20 gen
260 447 35 15 om
316 444 92 20 smörets
430 443 113 27 afkylande
559 443 68 22 under
643 445 137 25 transporten
796 445 23 19 är
834 443 7 21 i
857 443 74 27 själfva
946 443 74 21 värket

195 469 23 21 af
230 476 27 15 en
273 471 83 26 mycket
371 471 92 22 svårlöst
477 471 152 22 beskaffenhet.
658 472 35 21 Då
707 473 24 20 år
748 472 52 21 1891
818 471 88 22 trafiken
921 471 28 27 på
962 471 57 27 Eng-

195 498 50 21 land
261 499 48 21 med
324 499 82 22 direkta
421 500 60 21 båtar
496 501 80 26 vidtog,
591 501 117 21 inrättades
726 501 31 20 uti
775 500 96 28 fartygen
888 507 16 15 s.
919 500 19 21 k.
953 499 66 28 afkyl-

195 527 111 26 ningsrum
330 528 38 21 och
390 529 108 21 användes
521 529 27 22 de
569 529 62 22 bästa
653 529 235 27 afkylningsmaskiner,
911 535 46 15 som
978 529 41 20 den

195 555 59 22 tiden
278 557 60 21 stodo
362 557 31 21 till
416 558 61 21 buds.
507 558 34 21 Då
562 565 38 14 var
615 558 36 21 det
666 558 94 21 rådande
775 560 103 25 systemet
892 558 80 25 sådant,
988 559 32 19 att

195 583 32 22 för
250 587 32 19 att
303 585 69 28 afkyla
393 592 25 15 en
435 587 24 20 så
475 588 45 19 stor
539 587 106 23 smörlast,
660 593 46 15 som
722 587 129 26 exempelvis
866 587 7 20 i
888 585 131 22 närvarande

195 613 31 21 tid
242 613 87 27 utföres,
344 614 109 27 fartygens
469 615 89 22 lastrum
574 615 46 22 icke
635 615 54 22 hade
704 616 56 21 varit
779 615 124 27 tillräckliga
918 621 38 15 ens
970 614 49 21 med

195 641 41 21 den
253 642 79 21 dubbla
347 643 114 26 storleken,
476 644 88 21 emedan
581 644 36 21 det
632 644 94 21 rådande
736 646 103 25 systemet
849 643 75 22 kräfde
936 643 83 27 mycket

195 672 56 19 stort
273 673 105 25 utrymme
400 672 32 21 för
455 673 136 20 maskinerna
613 673 39 21 och
667 673 101 26 ofantligt
790 675 45 19 stor
850 673 107 26 isolering,
972 678 46 15 som

195 699 31 20 till
250 702 46 18 stor
318 700 33 21 del
367 701 100 27 uppfylde
485 701 103 27 fartygen.
619 701 43 22 Det
677 701 72 22 visade
765 701 34 27 sig
813 701 65 22 också
892 701 57 21 inom
965 700 54 26 kort.

195 727 27 22 då
244 730 196 26 smörtransporten
462 730 75 27 tilltog,
553 732 32 19 att
599 731 36 20 det
650 730 97 21 använda
763 731 102 26 systemet
880 736 37 15 var
932 729 86 21 alldeles

195 756 104 27 otjänligt.
329 757 94 22 Därmed
445 758 71 22 kunde
537 759 46 20 icke
605 758 82 27 afkylas
703 765 59 15 mera
777 761 27 18 än
820 765 26 14 en
862 758 108 27 obetydlig
985 757 33 22 del

194 785 23 20 af
230 787 87 24 smöret,
333 786 117 27 hvarjämte
465 787 145 21 kostnaderna
625 787 33 21 för
673 788 71 21 denna
758 787 110 27 afkylning
876 787 69 21 blefvo
956 793 62 20 opro-

194 814 150 27 portionerligt
359 817 64 20 stora.
462 815 31 22 Af
513 816 70 21 denna
598 816 63 21 orsak
682 818 89 25 uttogos
790 816 63 21 dessa
867 815 151 28 frysmaskiner

193 842 47 21 från
257 842 102 28 fartygen,
376 844 38 21 och
430 851 46 14 som
492 845 59 21 bevis
567 845 28 26 på
609 845 57 21 huru
680 844 160 22 förhållandena
850 845 76 20 ändrat
938 844 33 27 sig
981 844 37 21 ber

191 870 38 28 jag
243 871 22 21 få
279 871 110 23 framhålla
410 875 32 19 att
464 873 63 21 dessa
548 873 107 22 maskiner
678 880 29 14 nu
723 875 37 19 äro
783 873 126 24 obrukbara,
932 872 87 22 oaktadt

195 900 25 20 de
235 900 7 20 i
258 900 75 27 själfva
357 901 74 22 värket
446 904 37 19 äro
502 908 46 21 nya,
564 904 31 19 att
611 902 26 21 de
652 902 68 21 under
736 903 12 20 7
764 902 24 21 år
803 902 45 21 icke
862 902 82 21 kunnat
962 901 56 21 finna

194 928 71 27 någon
277 929 80 29 köpare
372 930 39 21 och
434 936 89 16 numera
545 933 149 25 representera
714 930 78 22 endast
814 930 140 22 skrotvärdet.

263 957 69 22 Äfven
354 958 27 21 de
399 965 75 14 senare
489 961 114 24 systemen,
626 966 46 14 som
696 960 36 20 det
754 965 41 15 ena
817 959 52 21 efter
890 959 36 21 det
947 959 71 24 andra,

195 986 126 26 grundande
342 987 33 26 sig
390 987 27 26 på
431 993 42 21 nya
488 987 157 27 uppfinningar,
667 987 63 22 aflöst
745 987 125 26 hvarandra,
890 993 64 15 anser
969 993 49 14 man

193 1014 28 27 på
242 1014 61 27 långt
324 1017 39 19 när
378 1016 45 21 icke
445 1015 201 22 tillfredsställande.
676 1016 50 21 Man
747 1016 109 21 använder
871 1022 89 15 numera
975 1021 43 15 ma-

194 1042 72 22 skiner
282 1044 47 21 med
349 1045 83 26 mycket
447 1044 107 27 vidlyftigt
576 1047 123 24 rörsystem,
722 1045 28 26 på
765 1045 61 20 båtar
841 1044 22 21 af
876 1045 40 20 den
932 1043 86 26 storlek,

193 1077 46 15 som
256 1078 29 15 nu
300 1071 104 23 förmedla
418 1073 89 21 trafiken
530 1073 28 27 på
573 1073 105 27 England,
701 1073 132 22 omfattande
848 1079 25 15 en
889 1073 100 26 rörlängd
998 1072 23 21 af

193 1100 56 21 ända
265 1100 31 21 till
312 1101 77 25 12,000
403 1101 32 22 fot
449 1102 8 20 i
479 1104 31 19 ett
532 1102 38 21 och
594 1109 82 14 samma
690 1102 76 27 fartyg.
798 1101 82 22 Genom
902 1101 64 21 dessa
983 1102 35 20 rör

193 1128 79 22 drifves
288 1129 90 27 kolsyra,
394 1130 38 21 och
448 1131 91 26 uppstår
554 1131 91 21 sålunda
659 1131 60 20 stark
741 1129 110 28 afkylning
864 1130 8 21 i
887 1131 69 24 rören,
971 1135 46 16 som

193 1157 109 22 meddelar
321 1158 34 27 sig
371 1158 31 21 till
423 1159 146 21 lastrummen.
601 1159 107 27 Systemet
728 1159 40 21 har
790 1159 41 21 den
854 1161 59 19 stora
933 1158 85 27 olägen-

193 1185 70 26 heten,
279 1188 36 22 att,
332 1187 73 26 hvarje
421 1187 56 27 gång
492 1187 145 22 lastluckorna
652 1189 88 26 öppnas,
757 1187 87 21 smälter
860 1187 41 21 den
915 1186 102 23 rimfrost,

192 1220 47 15 som
268 1215 68 21 bildas
359 1215 28 27 på
408 1217 64 20 rören
495 1216 39 21 och
556 1216 68 21 lasten
648 1216 40 21 blir
711 1216 59 21 inom
795 1216 49 21 kort
864 1215 86 22 alldeles
976 1215 42 21 våt.

192 1242 43 21 Det
257 1245 24 19 är
296 1245 30 20 ett
346 1243 149 23 konstateradt
509 1244 82 22 faktum
606 1247 32 19 att
653 1245 89 25 drittlar,
758 1244 60 21 hvari
833 1246 81 19 smöret
928 1243 90 22 sålunda

191 1271 79 27 afkylts
294 1272 38 21 och
350 1273 102 26 skeppats
472 1273 46 21 från
534 1273 93 21 svenska
648 1273 40 21 och
710 1273 83 21 danska
807 1273 93 26 hamnar,
916 1272 44 21 ofta
975 1278 43 21 nog

191 1298 146 24 framkommit
348 1301 31 21 till
388 1301 99 27 England
500 1302 104 27 mögligt
597 1294 10 40 i
612 1302 108 21 anseende
728 1301 32 22 till
769 1301 182 22 smördrittlarnas
961 1303 57 24 yttre

191 1328 103 22 tillstånd.
331 1329 48 22 Den
405 1332 80 19 största
509 1330 140 27 olägenheten
674 1330 24 21 af
720 1330 60 21 detta
802 1332 78 25 system
906 1331 24 19 är
954 1329 64 21 likväl

191 1356 41 21 den
248 1357 108 22 såkallade
370 1358 136 28 isoleringen,
521 1365 47 15 som
591 1359 85 21 kräfver
696 1365 26 15 en
744 1358 102 27 fotstjock
865 1364 72 15 massa
956 1357 61 27 längs

190 1384 104 28 fartygets
318 1387 64 26 sidor,
407 1387 74 21 botten
506 1387 39 22 och
570 1387 59 22 däck.
658 1387 48 22 Den
731 1387 43 21 kan
799 1387 34 21 väl
859 1386 97 22 försvara
985 1386 33 27 sig

191 1414 28 27 på
234 1413 76 28 fartyg,
325 1421 47 15 som
387 1415 46 22 icke
447 1415 63 22 bafva
524 1417 32 20 att
570 1416 78 27 kämpa
662 1416 49 21 med
733 1415 101 27 ishinder,
849 1415 71 22 såsom
936 1415 26 21 de
976 1414 42 22 far-

191 1445 37 24 tyg
250 1443 68 26 hafva,
333 1443 72 22 hvilka
428 1444 60 21 skola
503 1444 98 21 trafikera
617 1445 83 26 Hangö.
730 1444 44 21 Det
788 1444 42 21 kan
852 1444 45 21 icke
912 1443 105 22 undvikas

190 1473 37 24 att,
250 1471 28 22 då
300 1473 64 20 dessa
379 1472 70 28 fartyg
464 1475 127 25 ansträngas
607 1479 77 21 genom
700 1473 132 26 isforcering,
847 1472 115 27 plåtlaskar
978 1472 39 21 och

190 1499 56 21 nitar
263 1500 56 27 gifva
334 1501 34 27 sig
382 1501 40 21 och
436 1501 72 21 läckor
518 1502 80 26 uppstå
608 1502 39 20 här
657 1501 40 22 och
708 1502 44 21 där.
782 1501 71 21 Dessa
863 1501 72 21 läckor
945 1501 73 21 kunna
