1075 1745
192 96 43 22 522
496 93 214 39 Stämpelbevillning.
947 107 13 16 8
972 105 47 21 maj.

264 171 68 22 Sedan
355 173 150 22 diskussionen
526 174 110 27 angående
657 174 101 21 rubriken
779 175 172 26 »Förpassning»
968 175 51 20 härå

193 199 114 22 förklarats
329 201 101 23 afslutad,
452 201 124 23 framstälde
599 203 25 21 hr
645 203 122 21 talmannen
783 202 32 22 till
831 203 97 21 ståndets
945 203 73 21 besva-

193 229 68 20 rande
275 228 93 28 följande
384 231 291 28 omröstningsproposition:

263 285 39 27 De,
323 287 74 21 hvilka
418 288 118 27 godkänna
553 289 113 21 utskottets
680 289 84 27 förslag
780 288 36 21 till
831 289 78 27 lydelse
923 289 36 26 för
973 289 16 27 $
1005 290 14 19 3

193 315 72 20 under
279 315 104 21 rubriken
404 316 185 29 »Förpassning»,
612 319 59 20 rösta
688 318 40 27 ja;
752 318 30 25 de,
802 317 35 21 det
852 317 45 21 icke
910 319 60 26 göra,
985 320 34 19 rö-

192 344 35 19 sta
243 343 47 28 nej;

262 373 81 20 vinner
364 373 42 28 nej,
428 374 42 21 har
493 374 175 28 borgareståndet
691 375 88 21 beslutit
799 375 94 27 omfatta
908 375 27 20 hr
951 374 67 27 Schy-

193 399 102 28 bergsons
309 401 89 28 förslag.

263 458 165 27 Propositionen
448 460 129 22 besvaradas
599 460 35 22 vid
656 460 108 22 värkstäld
779 460 99 27 votering
893 460 47 21 med
956 460 27 21 23
996 460 23 27 ja

193 486 40 21 och
253 486 27 22 38
303 488 40 26 nej,
366 488 86 21 hvarför
474 489 85 21 ståndet
581 489 87 21 beslutit
690 491 32 19 att
744 489 155 21 återremittera
917 488 101 22 rubriken

196 514 170 28 »Förpassning»
384 517 31 21 uti
431 518 13 26 $
460 518 12 20 3
488 518 7 20 i
510 517 54 27 syfte
579 520 32 19 att
621 518 27 21 de
660 518 107 21 därunder
778 520 110 24 upptagna
897 519 122 19 momenten

192 543 21 27 a)
230 544 40 20 och
286 544 22 27 b)
331 545 69 21 skulle
419 546 105 21 uteslutas
545 549 55 19 samt
615 546 139 27 förpassning
768 546 32 21 för
815 546 90 27 forsling
920 545 22 21 af
955 552 64 14 varor

193 571 143 23 öfverhufvud
351 574 101 27 beläggas
468 575 48 21 med
532 575 91 27 stämpel
639 575 31 21 till
685 575 78 27 belopp
779 574 23 22 af
815 574 28 22 50
858 575 70 27 penni.

263 626 75 32 Öfriga
354 632 30 20 uti
400 632 11 26 $
426 632 14 21 3
451 632 104 27 ingående
566 632 98 22 rubriker
676 632 123 27 godkändes
810 634 52 19 utan
873 631 146 27 anmärkning.

263 688 12 26 $
291 688 14 20 4
319 690 77 26 antogs
413 692 51 18 utan
480 690 129 21 diskussion.

264 745 168 23 Vidkommande
448 747 11 27 $
474 746 14 22 5
503 747 70 21 anhöll

262 802 25 21 hr
303 802 135 23 Wasenius
454 810 35 15 om
504 805 61 21 ordet
581 805 38 21 och
635 805 93 27 yttrade:
758 804 34 22 Då
806 804 36 21 det
857 810 29 15 nu
901 804 46 21 icke
958 804 61 21 torde

192 836 52 15 vara
259 831 66 27 något
340 832 73 21 tvifvel
429 833 153 21 underkastadt
597 836 32 18 att
643 834 62 26 lagen
722 840 34 14 om
770 833 97 21 dödande
879 832 22 22 af
910 832 109 22 urkunder

191 858 98 22 kommer
304 863 31 18 att
350 861 148 26 promulgeras
514 862 38 21 och
568 862 35 21 det
619 862 6 21 i
641 862 10 27 $
668 862 26 21 16
709 861 23 22 af
746 862 69 20 denna
830 861 35 26 lag
883 861 86 26 stadgas
981 863 38 20 att,

193 887 27 21 dä
235 887 113 22 intecknad
364 889 123 22 skuldsedel
502 890 73 26 dödas,
591 890 53 21 skall
659 891 28 26 pä
702 890 93 27 begäran
809 890 59 21 bevis
884 896 34 14 om
934 889 86 21 medde-

192 915 35 22 lad
243 916 39 21 och
298 919 73 19 senast
385 917 90 28 förnyad
490 919 123 27 inteckning
628 919 23 21 af
664 920 70 19 rätten
749 918 87 21 tecknas
852 919 13 20 &
880 918 39 21 den
933 924 41 21 nya
984 924 35 15 ur-

192 944 93 27 kunden,
314 946 22 20 sä
361 946 39 21 ock
422 949 32 19 att
481 947 40 21 den
543 947 71 22 säsom
637 947 145 22 hufvudskrift
804 947 70 26 gäller,
897 946 122 21 hemställer

189 973 38 26 jag
250 973 105 22 huruvida
370 975 46 21 icke
431 975 36 22 det
479 982 51 15 vore
545 976 46 21 skäl
607 978 31 19 att
653 976 6 21 i
675 976 71 21 denna
760 975 101 27 paragraf
874 975 64 21 bland
953 975 66 21 hand-

192 1001 75 28 lingar,
289 1009 46 14 som
359 1005 37 19 äro
420 1003 94 22 befriade
536 1004 46 21 från
603 1004 217 27 stämpelskyldighet,
836 1003 61 22 äfven
913 1005 105 25 upptages

191 1032 32 19 att
236 1031 80 21 sådana
324 1032 65 27 intyg,
398 1039 46 14 som
454 1032 95 22 utfärdas
565 1033 7 21 i
587 1033 72 21 stället
679 1033 32 21 för
735 1033 68 21 dödad
827 1032 90 26 urkund,
934 1031 84 22 hvilken

192 1059 66 21 redan
274 1060 55 21 varit
344 1061 175 27 stämpelbelagd,
535 1061 52 22 böra
601 1068 52 15 vara
667 1061 95 22 befriade
776 1061 47 21 från
835 1060 183 27 stämpelskyldig-

191 1087 42 26 het,
243 1088 38 21 och
296 1088 92 22 föreslår
400 1089 38 27 jag
453 1092 36 24 att,
505 1097 34 14 om
555 1090 179 27 borgareståndet
749 1089 123 28 godkänner
885 1090 69 20 denna
965 1095 53 21 upp-

190 1115 100 29 fattning,
310 1117 144 23 betänkandet
474 1119 7 21 i
496 1119 69 21 denna
587 1120 33 20 del
636 1119 166 21 återremitteras
818 1118 32 21 till
865 1118 105 21 utskottet
985 1117 34 22 för

191 1144 112 23 införande
318 1145 23 22 af
354 1147 65 21 sådan
437 1148 97 26 ändring.

261 1203 33 20 Hr
309 1203 97 21 Idman:
436 1204 42 27 Jag
499 1210 63 15 anser
585 1205 37 21 det
643 1211 50 15 vara
716 1204 34 21 för
773 1204 63 27 tidigt
858 1206 31 19 att
904 1204 69 21 införa
988 1205 31 19 ett

191 1230 78 22 sådant
283 1231 74 27 tillägg
372 1232 7 21 i
394 1232 158 28 författningen.
561 1240 46 14 som
623 1233 25 21 hr
663 1233 115 21 Wasenius
793 1232 95 28 påyrkat,
903 1234 51 20 enär
969 1238 50 15 man

191 1260 58 20 ännu
265 1260 45 21 icke
325 1262 24 19 är
364 1261 64 21 säker
442 1262 28 26 på
484 1263 32 19 att
531 1262 126 26 regeringen
674 1262 124 26 godkänner
811 1262 126 20 ständernas
948 1260 71 22 beslut

190 1287 7 21 i
212 1287 116 28 anledning
342 1288 24 22 af
379 1290 41 20 den
436 1290 75 26 nådiga
531 1290 140 27 proposition,
687 1290 108 21 hvarifrån
810 1290 25 20 hr
851 1290 114 20 Wasenius
981 1291 38 24 tog

191 1315 38 22 sitt
243 1315 86 28 förslag.
360 1317 74 22 Skulle
449 1318 35 21 det
500 1318 70 21 hända
587 1320 32 20 att
634 1319 127 26 regeringen
776 1318 46 21 icke
838 1317 124 28 godkänner
976 1317 42 21 för-

190 1344 75 27 slaget,
289 1345 68 22 skulle
380 1347 127 26 regeringen
526 1347 45 20 icke
587 1347 114 26 godkänna
716 1347 70 21 denna
802 1345 217 28 stämpelförordning

190 1373 39 20 och
247 1373 40 21 den
303 1374 53 21 sista
371 1375 64 21 villan
451 1375 69 21 blefve
535 1377 60 20 värre
611 1377 26 19 än
651 1375 40 22 den
707 1375 74 21 första.

260 1430 33 21 Hr
315 1431 116 22 Berneri:
461 1432 140 21 Viidennessä
627 1432 114 27 pykälässä
766 1433 141 26 myönnetään
930 1431 88 27 huojen-

189 1461 66 18 nusta
276 1459 306 23 leimaamisvelvollisuudesta
604 1461 74 22 useille
697 1461 119 25 laitoksille,
835 1461 114 31 etupäässä
964 1466 55 15 sem-

189 1487 98 25 moisille,
300 1488 62 27 jotka
376 1489 57 21 eivät
443 1489 91 21 tarkoita
546 1489 79 22 mitään
638 1489 130 22 osakkaiden
781 1489 44 21 tahi
836 1489 119 26 omistajien
969 1495 49 14 suo-
