1078 1786
66 126 15 17 5
90 125 53 21 juni.
406 118 156 34 Vattenrätten.
839 118 54 22 1083

137 194 34 21 Hr
193 194 121 21 talmannen
336 193 124 22 meddelade
474 195 32 20 att
520 193 94 28 följande
629 193 64 28 plena
707 193 86 22 komma
808 195 32 20 att
855 199 39 21 ega

68 229 49 15 rum
132 223 177 21 nästkommande
324 223 71 26 tisdag
408 222 28 21 kl.
453 223 27 21 10
493 222 15 21 f.
522 229 28 14 m.
566 224 56 19 samt
636 222 27 21 kl.
679 223 13 20 2
707 222 40 21 och
762 223 12 21 7
790 227 19 16 e.
823 228 28 15 m.

138 354 90 21 Plenum
243 354 112 28 upplöstes
370 354 28 21 kl.
413 354 12 21 8
441 360 18 15 e.
474 360 28 15 m.

656 410 24 17 In
692 409 64 19 fidem:

602 445 27 21 A.
651 444 24 22 V.
692 444 117 28 Lindberg.

219 611 142 34 Tisdagen
379 611 55 26 den
454 611 17 26 5
488 611 66 35 juni
571 611 39 26 kl.
627 611 33 26 10
678 611 18 26 f.
713 619 35 19 m.

137 692 42 22 Vid
196 692 119 21 värkstäldt
331 698 84 21 upprop
438 691 106 22 befunnos
560 692 141 22 frånvarande
716 692 24 22 hr
756 693 138 24 Mattsson,

67 727 49 16 som
139 721 23 21 af
182 721 97 27 sjukdom
296 727 37 15 var
347 720 125 22 förhindrad
487 723 32 19 att
533 720 81 22 infinna
629 721 37 27 sig,
682 724 56 19 samt
752 721 38 22 hrr
806 721 88 22 Idman

67 749 42 22 och
125 749 129 26 Stenroth,
269 749 29 28 på
313 749 70 28 grund
397 748 23 22 af
433 749 116 22 utvärkadt
563 749 101 22 tillstånd.

138 881 116 27 Upplästes
276 881 33 21 till
329 881 108 27 justering
459 881 40 21 och
518 881 123 27 godkändes
656 882 105 21 särskilda
776 882 78 27 utdrag
869 888 26 15 ur

69 910 189 27 borgareståndets
273 910 37 21 vid
325 912 85 19 senaste
425 910 88 27 plenum
528 910 62 22 förda
604 910 113 28 protokoll.

139 1042 149 21 Antecknades
310 1043 32 20 att
361 1041 47 22 från
431 1042 141 22 medstånden
594 1042 88 22 anländt
703 1042 105 22 särskilda
823 1043 72 26 proto-

69 1070 140 28 kollsutdrag.

139 1202 120 27 Föredrogs
282 1202 40 22 och
344 1202 124 27 godkändes
491 1203 245 21 vattenrättsutskottets
759 1203 37 21 vid
811 1203 85 20 senaste

70 1231 88 28 plenum
173 1231 117 27 bordlagda
304 1231 80 27 förslag
398 1231 33 21 till
446 1231 208 28 sammanjämkning
668 1231 23 22 af
703 1232 27 21 de
744 1231 77 26 beslut,
836 1231 61 21 hvari

71 1260 91 21 stånden
177 1262 86 19 stannat
272 1260 36 21 vid
323 1259 157 28 behandlingen
496 1259 22 22 af
531 1260 116 21 utskottets
663 1260 133 21 betänkande
811 1265 35 16 n:o
862 1259 11 21 1
889 1259 8 21 i

71 1289 116 26 anledning
204 1291 21 18 at
241 1289 77 26 nådiga
332 1288 163 27 propositionen
511 1295 35 15 n:o
562 1289 11 21 1
590 1295 35 15 om
640 1289 119 27 antagande
774 1288 23 22 af
810 1288 35 27 lag
860 1294 36 15 an-

71 1317 83 27 gående
169 1318 176 21 vattenrätten.

140 1449 121 27 Föredrogs
283 1448 173 23 statsutskottets
471 1449 37 22 vid
524 1451 85 19 senaste
624 1447 87 27 plenum
726 1447 118 27 bordlagda
862 1447 35 21 be-

71 1477 108 21 tänkande
200 1483 34 15 n:o
255 1477 13 21 9
291 1477 18 21 B
332 1477 7 21 i
353 1477 118 27 anledning
486 1477 24 21 af
522 1477 62 22 Hans
600 1475 120 27 Kejserliga
734 1476 111 26 Majestäts
860 1475 37 21 nå-

71 1505 50 27 diga
136 1506 133 27 proposition
285 1512 35 15 n:o
335 1506 26 20 31
378 1505 113 28 angående
506 1504 330 24 kommunikationsfonden.
