1075 1767
64 110 11 16 1
84 110 52 20 juni.
378 101 213 35 Arbetarestatistik.
841 103 54 21 1031

134 178 34 22 Hr
184 178 136 22 Cadenius:
344 178 34 21 Då
390 178 38 26 jag
443 177 46 22 icke
504 177 46 22 haft
565 177 82 22 tillfälle
662 179 31 20 att
708 178 7 21 i
731 178 106 22 utskottet
852 177 43 22 del-

67 209 51 24 taga
132 207 7 20 i
154 206 156 27 behandlingen
332 206 23 22 af
376 206 59 22 detta
458 206 134 22 betänkande
615 206 40 22 och
679 206 90 22 sålunda
791 207 46 21 icke
849 206 48 22 hatt

66 235 102 27 rättighet
186 237 32 19 att
233 234 149 22 underskrifva
397 235 167 23 reservationen,
580 235 38 21 ber
631 235 39 27 jag
684 241 29 15 nu
728 234 22 22 få
765 235 132 22 understöda

67 263 25 21 hr
108 263 131 22 Stenströms
255 264 100 27 yrkande.

136 321 32 21 Hr
188 320 144 22 Relander:
353 320 96 22 Minäkin
465 320 122 28 puolestani
603 321 84 27 pyydän
703 321 65 21 saada
782 321 115 21 kannattaa

67 350 60 21 esillä
149 350 74 20 olevaa
245 349 143 21 valiokunnan
411 349 116 21 mietintöä.
557 349 52 21 Sillä
631 356 24 14 se
677 351 80 24 erotus,
778 349 59 27 josta
858 349 39 21 hra

67 378 157 22 Stenströmkin
239 378 64 21 täällä
324 378 127 26 huomautti,
474 384 28 15 on
518 378 95 21 minusta
636 378 52 21 siksi
711 378 80 25 tärkeä,
813 380 44 19 että
873 378 23 26 jo

67 413 23 15 se
112 407 108 27 yksistään
243 406 70 22 riittää
336 406 98 22 sellaisen
456 406 134 22 anomuksen
613 406 138 26 tekemiseen,
770 407 47 27 jota
832 406 65 22 valio-

65 435 69 21 kunta
155 435 106 21 ehdottaa.
289 436 27 21 Ja
335 436 95 20 minusta
452 441 28 15 on
496 435 70 21 vallan
582 435 101 24 tärkeätä,
699 437 44 19 että
758 435 75 27 säädyt
847 441 50 15 suo-

67 470 51 15 raan
140 463 100 22 lausuvat
255 463 154 27 mielipiteensä
424 464 85 25 asiasta,
521 463 53 27 joka
585 463 61 28 juuri
661 463 133 28 nykyaikana
809 469 28 16 on
852 463 44 22 niin

66 492 101 26 polttava.
197 493 47 20 Hra
269 492 119 21 Stenström
412 492 56 27 kyllä
493 492 66 21 arveli
584 492 76 21 olevan
686 492 144 26 luonnollista,
853 493 44 20 että

66 521 86 22 hallitus
175 521 102 21 ilmankin
299 520 77 28 ryhtyy
390 520 142 22 tehokkaisiin
548 521 89 21 toimiin.
667 521 179 21 Mahdollistahan
862 527 34 19 on,

66 551 44 20 että
132 550 44 21 niin
199 550 35 21 voi
256 549 108 27 tapahtua.
394 549 76 25 Mutta,
485 549 97 22 niinkuin
599 549 81 26 sanoin,
695 549 65 27 pidän
775 549 64 28 hyvin
855 551 41 19 tär-

67 578 73 27 keänä,
156 580 44 19 että
215 578 74 27 säädyt
303 578 101 21 lausuvat
416 577 56 28 julki
488 578 155 27 mielipiteensä
657 578 87 21 asiassa.

135 636 34 21 Hr
192 635 187 22 Stenström:
409 635 30 21 Af
460 635 25 21 hr
507 634 102 22 Neovius'
626 635 110 21 uttalande
758 635 72 21 kunde
847 641 49 15 man

68 665 34 20 tro
117 666 32 19 att
163 664 26 21 hr
197 664 95 21 Neovius
308 663 100 22 omfattar
424 664 42 21 den
482 664 89 24 äsikten,
585 666 38 23 att,
639 664 73 21 därest
727 664 105 27 styrelsen
847 663 49 22 med

67 693 116 26 anledning
197 692 24 21 af
229 699 26 14 en
271 692 22 21 af
307 693 116 20 ständerna
442 693 82 20 uttalad
539 692 98 21 anhällan
653 699 36 14 om
704 692 158 21 värkställande
875 691 22 22 af

67 721 161 27 undersökning
243 721 90 21 rörande
347 721 180 27 förefintligheten
543 720 24 22 af
579 721 101 21 befarade
695 721 201 21 missförhällanden

66 749 68 22 finner
149 752 32 19 att
195 749 201 22 missförhällanden
404 749 111 28 värkligen
531 750 91 21 existera
638 751 56 20 samt
708 752 32 19 att
754 749 100 28 ätgärder
864 749 33 21 för

66 778 63 21 deras
152 777 137 28 aflägsnande
311 779 66 20 borde
400 778 103 27 vidtagas,
529 779 77 20 sädant
620 778 47 21 icke
682 778 41 21 kan
740 778 38 21 ske
792 777 46 22 frän
855 780 42 25 sty-

66 807 83 21 relsens
165 807 46 21 sida
233 809 51 19 utan
299 809 32 19 att
346 807 116 21 ständerna
478 807 102 21 särskildt
595 807 74 21 därom
685 807 77 21 erinra.
791 807 50 20 Man
855 806 41 21 kan

64 835 26 27 ju
112 835 63 21 hafva
197 841 26 15 en
245 836 66 21 sädan
329 835 68 26 äsikt;
410 835 38 27 jag
466 835 79 22 tilläter
560 836 45 25 mig
619 835 55 22 dock
688 835 63 21 hafva
766 841 27 15 en
808 837 89 19 motsatt

69 863 39 22 och
130 870 63 15 anser
211 864 36 21 det
267 864 45 21 icke
334 864 92 21 allenast
443 864 84 27 möjligt
543 866 51 19 utan
611 863 61 22 äfven
688 864 44 21 helt
746 863 105 28 naturligt
865 865 32 20 att

68 892 106 27 styrelsen
197 895 51 19 utan
271 893 91 21 särskild
383 893 142 26 pätryckning
546 892 47 21 från
616 893 126 21 ständernas
766 893 46 21 sida
834 892 38 27 går
891 892 7 21 i

68 920 127 28 författning
217 927 34 16 om
274 921 225 22 missförhållandenas
517 921 144 27 aflägsnande.
690 921 42 27 Jag
746 921 105 21 erkänner
867 923 31 18 att

70 949 54 22 1897
140 950 36 21 års
191 950 98 21 ständers
304 950 128 21 hemställan
447 949 46 22 icke
508 950 89 21 innebär
613 950 123 25 detsamma,
752 956 47 15 som
815 949 82 22 utskot-

68 980 42 19 tets
126 978 56 21 kläm
198 985 29 14 nu
243 978 106 26 omfattar,
364 985 49 14 men
430 979 40 20 den
480 978 194 27 omständigheten,
687 980 33 19 att
729 977 169 28 industristyrel-

68 1007 61 20 sen
122 1003 14 36 i
152 1007 84 21 samråd
259 1007 49 22 med
329 1007 119 22 statistiska
470 1007 148 27 centralbyrån
638 1007 65 21 redan
719 1007 49 22 med
783 1007 116 26 anledning

68 1035 24 21 af
106 1035 53 22 1897
177 1036 34 21 års
227 1036 99 21 ständers
341 1035 99 22 anhållan
456 1035 32 22 till
503 1036 127 27 regeringen
643 1035 103 22 inlämnat
764 1037 32 20 ett
812 1035 85 27 förslag,

69 1070 46 15 som
138 1065 24 20 är
185 1065 24 20 så
224 1065 52 25 godt
298 1071 46 14 som
367 1064 131 27 fullkomligt
520 1064 111 21 enahanda
649 1071 47 14 som
711 1064 71 21 denna
796 1064 102 27 petitions

68 1092 62 26 kläm,
146 1093 57 21 visar
219 1093 158 21 ohällbarheten
388 1093 23 21 af
419 1093 25 21 hr
455 1092 103 22 Neovius'
570 1099 157 20 resonnemang
737 1093 39 21 och
784 1093 8 20 i
800 1093 39 20 och
850 1092 48 21 med

68 1121 120 21 detsamma
203 1121 64 22 också
282 1121 25 22 hr
322 1121 138 28 Holmbergs.
491 1122 42 26 Jag
547 1121 38 22 har
601 1121 46 22 icke
661 1123 49 25 sagt
724 1123 32 20 att
772 1121 125 21 ständernas

69 1149 35 22 vid
121 1150 54 21 1897
191 1150 35 21 års
241 1150 102 27 landtdag
358 1150 77 27 gjorda
449 1150 100 21 anhållan
565 1152 23 19 är
603 1150 56 21 iallo
670 1150 111 21 enahanda
792 1156 46 15 som
849 1150 48 25 den,

69 1177 84 22 hvilken
177 1178 128 22 framställes
329 1179 32 21 uti
383 1179 119 21 utskottets
525 1179 62 20 kläm.
626 1179 42 26 Jag
690 1179 38 20 har
750 1179 76 20 endast
841 1178 56 21 velat

68 1206 111 22 framhålla
201 1209 32 19 att
248 1207 39 22 den
303 1207 82 28 åtgärd,
402 1213 48 16 som
466 1207 23 21 af
503 1207 104 27 styrelsen
623 1207 66 21 redan
705 1206 69 22 blifvit
792 1207 106 26 vidtagen,

68 1235 44 22 ledt
127 1235 32 22 till
181 1237 31 20 ett
226 1235 87 28 förslag,
335 1236 82 27 gående
432 1236 7 21 i
454 1236 30 21 alt
499 1236 116 27 väsentligt
630 1237 25 20 ut
669 1235 27 28 på
711 1236 124 25 detsamma,
851 1241 47 16 som

68 1264 7 21 i
91 1264 144 21 betänkandet
249 1265 96 26 påyrkas.

137 1321 34 21 Hr
193 1322 186 20 Tötterman:
409 1321 68 21 Utom
501 1322 32 20 att
553 1321 27 21 de
595 1321 79 21 sociala
692 1321 205 25 missförhållanden,

68 1349 72 21 hvilka
154 1349 89 22 faktiskt
258 1352 37 19 äro
310 1349 33 22 för
357 1350 92 26 handen,
464 1350 8 20 i
487 1349 40 22 och
542 1349 33 21 för
590 1350 33 26 sig
638 1350 43 21 tala
695 1349 33 21 för
742 1352 33 18 att
784 1349 116 26 utredning

68 1378 40 21 och
123 1378 100 26 åtgärder
239 1378 52 21 böra
305 1378 98 27 vidtagas
418 1378 34 21 för
467 1380 33 19 att
515 1378 70 22 såvidt
600 1378 84 27 möjligt
698 1378 73 21 kunna
782 1377 118 27 förebygga

68 1406 40 21 och
130 1406 93 28 athjälpa
245 1407 62 21 dessa
329 1406 208 27 missförhållanden,
553 1412 63 22 synes
632 1407 44 27 mig
691 1406 53 22 dock
759 1406 74 27 frågan
849 1412 52 15 vara

68 1434 24 22 af
115 1435 41 21 den
172 1435 114 27 betydelse,
301 1437 32 19 att
345 1435 80 27 jämväl
442 1435 118 21 ständerna
575 1435 52 21 böra
642 1437 49 25 taga
706 1435 34 27 sig
754 1435 57 21 talan
827 1435 6 21 i
849 1434 50 22 den-

68 1469 83 15 samma
173 1464 40 21 och
237 1463 112 22 framhålla
368 1464 188 27 nödvändigheten
579 1463 23 22 af
615 1464 80 21 sådana
709 1464 111 26 åtgärders
836 1468 65 16 snara

68 1492 135 27 vidtagande,
224 1498 47 16 som
293 1492 74 22 kunna
389 1498 64 16 anses
469 1492 8 21 i
489 1492 140 22 förevarande
657 1492 101 22 afseende
780 1490 119 23 ändamåls-
