1075 1753
175 105 41 21 518
478 104 218 33 Stämpelbevillning.
933 113 13 17 8
958 112 47 21 maj.

244 179 80 21 vinner
345 180 42 28 nej,
406 180 42 21 har
464 180 180 28 borgareståndet
658 181 89 27 förenat
760 180 34 28 sig
811 187 34 15 om
861 181 28 21 hr
907 176 98 26 Öhmans

174 207 91 28 förslag.

244 264 51 22 Med
309 265 157 28 öfvervägande
479 267 24 27 ja
519 266 112 28 godkände
646 267 179 27 borgareståndet
835 266 116 22 utskottets
962 266 42 21 för-

176 293 47 27 slag
237 292 145 24 oförändradt.

245 351 58 21 Enär
327 352 12 25 $
362 352 13 20 3
398 352 96 21 innehöll
510 358 26 15 en
552 352 80 27 mängd
648 352 56 22 olika
719 352 104 27 rubriker,
839 352 124 22 meddelade
979 352 25 21 hr

176 379 122 21 talmannen
321 381 32 20 att
376 380 151 21 diskussionen
550 381 92 21 rörande
667 381 71 22 denna
759 381 101 27 paragraf
873 381 85 21 komme
973 382 31 20 att

175 407 80 22 ordnas
279 408 94 24 sålunda,
397 411 37 24 att,
458 409 24 21 så
501 411 60 19 snart
575 409 142 28 anmärkning
732 411 46 20 mot
792 409 117 22 utskottets
923 409 81 27 förslag

176 436 68 21 under
267 437 70 26 någon
361 437 74 21 rubrik
458 437 69 22 blifvit
547 437 117 28 framstäld,
686 439 189 26 öfverläggningen
891 439 66 20 borde
971 438 32 21 in-

176 464 93 22 skränka
291 465 33 27 sig
346 465 32 22 till
399 465 162 28 ifrågavarande
575 467 81 27 förslag
671 467 110 21 äfvensom
797 467 135 26 omröstning
947 473 57 15 ome-

175 493 84 22 delbart
278 494 7 21 i
300 494 116 27 anledning
430 495 23 21 af
466 495 169 28 anmärkningen
651 495 100 28 försiggå,
767 497 51 20 utan
834 497 31 20 att
881 495 74 21 sådant
971 497 32 19 ut-

176 522 75 27 gjorde
266 522 75 22 hinder
355 523 33 21 för
403 523 73 22 vidare
491 524 178 27 anmärkningars
684 524 161 21 framställande
859 524 90 21 rörande
961 523 42 22 för-

176 551 69 26 slaget
260 551 68 21 under
343 558 70 15 annan
428 552 8 21 i
451 552 128 27 paragrafen
595 552 176 23 förekommande
786 553 80 21 rubrik.

245 603 33 21 Hr
293 603 109 22 Pentzin
418 604 72 21 anhöll
506 604 51 21 härå
572 611 35 14 om
623 605 62 20 ordet
699 604 40 21 och
754 605 93 26 yttrade:
877 599 19 26 Å
912 611 47 20 pag.
975 605 28 20 36

175 631 33 22 uti
223 631 144 22 betänkandet
382 632 143 22 förekommer
541 632 62 22 äfven
619 633 62 21 ordet
693 639 154 21 »panoramor»
859 633 68 27 jämte
937 633 66 21 andra

175 659 177 28 föreställningar,
373 661 82 22 hvilkas
476 661 144 22 resolutioner
636 662 101 27 beläggas
752 662 49 21 med
816 661 151 28 stämpelafgift
982 661 23 22 af

175 689 29 20 50
219 689 66 21 mark.
315 689 33 21 Då
364 690 118 21 emellertid
498 690 81 21 sådana
594 697 129 20 panoramor
738 689 75 27 finnas,
829 690 71 21 hvilka
914 690 89 26 fullfölja

175 718 31 20 ett
221 717 90 21 lärorikt
326 718 60 27 syfte,
403 718 129 27 exempelvis
547 719 120 21 Panorama
678 718 155 22 International
843 719 7 20 i
861 718 141 27 Helsingfors,

174 745 41 21 och
231 746 63 22 dessa
309 753 134 20 panoramor,
459 747 67 27 enligt
541 747 43 21 min
600 747 61 25 åsikt,
669 747 46 21 icke
731 748 53 20 böra
798 747 105 27 betungas
919 747 48 21 med
979 747 24 21 sä

174 774 44 27 hög
241 774 63 27 skatt,
319 774 33 22 fär
365 775 38 27 jag
418 775 79 22 föresiä
512 776 123 21 äterremiss
651 776 31 21 till
698 776 106 21 utskottet
818 775 33 21 för
867 775 135 22 omformule-

173 803 50 27 ring
237 803 8 21 i
261 804 58 21 detta
333 804 61 27 syfte.

244 855 34 21 Hr
300 856 165 21 Tötterman:
495 856 42 26 Jag
559 856 38 21 ber
619 858 32 19 att
673 856 21 21 fä
713 856 132 22 understöda
860 856 25 21 hr
899 856 102 21 Pentzins

174 882 82 28 förslag
278 890 34 15 om
335 884 124 22 återremiss
482 884 7 21 i
511 884 101 22 afseende
627 885 12 21 &
655 885 70 21 denna
740 885 74 27 punkt,
829 885 28 21 dä
871 885 41 21 den
927 884 74 21 inrätt-

174 912 53 27 ning
242 912 38 21 här
295 914 23 19 är
333 912 59 28 fräga
408 919 34 15 om
458 912 23 22 af
495 913 116 21 skollärare
626 913 39 21 och
681 913 194 21 skolföreständare
887 913 114 21 vitsordats

175 940 72 22 säsom
264 942 92 20 varande
372 942 137 26 synnerligen
525 941 79 21 lärorik
619 942 39 20 och
673 942 115 21 instruktiv
804 942 33 21 för
853 942 149 26 skolungdom,

174 969 87 21 hvarför
281 970 40 20 den
344 970 46 21 icke
413 970 67 21 borde
496 970 103 21 likställas
615 970 48 22 med
680 971 68 21 under
763 977 81 15 samma
858 970 74 21 rubrik
948 976 53 20 upp-

174 1000 65 24 tagna
255 998 68 27 öfriga
338 998 148 28 inrättningar,
502 998 71 22 hvilka
587 998 46 22 afse
648 999 85 27 vanliga
748 998 139 22 förlustelser.

243 1050 34 21 Hr
292 1050 174 26 Aejmelaeus:
496 1050 77 21 Lienee
588 1050 72 21 varsin
676 1050 88 21 vaikeaa
778 1050 138 21 asetuksessa
931 1052 72 19 säätää

171 1077 96 28 jokaista.
282 1078 155 27 erityisliikettä
452 1080 74 19 varten
542 1079 31 20 eri
588 1079 139 26 määräyksiä.
753 1079 41 21 Sen
810 1078 78 21 tähden
905 1079 57 20 minä
976 1084 27 15 en

173 1107 51 26 pidä
239 1107 108 26 sopivana,
364 1109 44 19 että
424 1107 267 21 erikoisleima-suostunta
706 1107 76 21 maksu
798 1107 152 21 määrättäisiin
965 1106 38 27 yk-

175 1135 81 21 sistään
273 1141 129 21 »panorama
418 1135 190 22 internationalen»
627 1136 111 26 tapaisista
753 1135 154 27 näytännöistä.

243 1187 34 20 Hr
292 1187 111 26 Hoving:
434 1187 34 21 Dä
490 1187 37 21 det
546 1187 23 21 af
582 1187 25 21 hr
622 1187 90 21 Pentzin
729 1187 75 27 gjorda
818 1187 102 26 förslaget
934 1185 69 22 blifvit

173 1215 111 27 motsagdt
306 1215 23 21 af
349 1215 25 21 hr
397 1215 143 27 Aejmelaeus,
563 1215 37 21 ber
619 1215 38 27 jag
677 1215 22 21 fä
714 1215 132 21 understöda
861 1215 24 21 hr
901 1215 102 21 Pentzins

173 1242 87 28 förslag.
289 1244 41 26 Jag
352 1250 64 15 anser
438 1246 32 19 att
485 1244 237 26 stämpelbevillningen
746 1244 67 20 mäste
829 1245 56 19 rätta
900 1243 33 27 sig
948 1242 54 22 efter

173 1271 117 22 bestäende
304 1272 147 22 förhällanden
467 1272 39 21 och
522 1272 41 26 det,
579 1278 47 15 som
641 1272 7 21 i
663 1272 74 27 hvarje
752 1272 102 21 särskildt
865 1272 36 21 fall
911 1271 92 21 kräfves.

172 1300 43 21 Om
231 1306 27 15 en
274 1306 116 21 panorama
405 1303 30 23 är,
451 1307 46 15 som
513 1301 41 21 den
570 1301 6 21 i
592 1300 136 27 Helsingfors
740 1301 55 21 visat
807 1300 34 27 sig
851 1306 56 20 vara,
917 1300 85 25 lärorik,

172 1328 42 22 kan
231 1329 41 21 den
287 1329 46 21 icke
348 1329 74 21 ställas
434 1330 68 20 under
513 1336 81 14 samma
604 1329 75 21 rubrik
689 1336 48 14 som
750 1329 26 21 de
786 1335 134 21 panoramor,
931 1328 72 21 hvilka

172 1356 105 22 förevisas
300 1357 23 21 af
343 1358 155 26 kringresande
521 1358 107 21 såkallade
651 1358 134 21 konstnärer.
814 1358 43 26 Jag
879 1357 37 21 ber
935 1359 32 19 att
981 1356 22 21 få

173 1386 132 21 understöda
320 1386 36 21 det
371 1386 87 27 förslag,
469 1392 47 15 som
532 1386 25 21 hr
572 1386 91 21 Pentzin
677 1386 40 21 har
733 1386 63 27 gjort.

242 1437 158 21 Diskussionen
416 1437 110 27 angående
541 1437 101 22 rubriken
660 1437 152 22 »Resolution»
830 1436 131 21 förklarades
971 1435 30 22 af-

172 1464 77 33 slutad,
267 1465 64 22 hvarä
349 1465 25 22 hr
393 1466 122 21 talmannen
529 1465 124 22 framstälde
668 1465 94 27 följande
776 1465 227 26 omröstningspropo-

172 1494 75 21 sition:
