1075 1775
46 115 26 16 14
83 114 47 20 maj.
388 108 157 33 Vattenrätten.
834 108 41 21 597

47 182 49 22 med
111 182 149 27 betänkandet,
277 182 106 22 utskottet
397 184 72 20 ansett
484 183 34 27 sig
532 183 46 21 icke
590 183 79 25 kunna,
680 184 59 20 emot
750 182 128 27 stadgandet

48 212 6 20 i
70 211 22 21 L.
108 211 26 21 O.
149 211 11 27 $
176 211 28 21 42
218 213 32 19 att
272 211 231 21 utskottsbetänkande
519 212 17 26 ej
554 212 35 20 mä
603 210 23 22 af
640 211 158 21 reservationer
811 216 66 22 uppe-

48 240 73 26 hällas,
136 240 118 27 uppskjuta
268 240 143 21 insändandet
425 239 23 22 af
462 240 151 26 betänkandet,
627 240 84 21 hvadan
728 240 106 21 utskottet
844 241 33 19 ut-

48 268 65 22 beder
129 268 34 27 sig
178 270 31 20 att
224 268 76 22 efteråt
315 268 21 21 få
351 268 102 22 särskildt
467 268 95 22 aflämna
576 268 192 22 reservationerna.

328 325 32 22 Pä
375 326 118 21 utskottets
507 328 91 25 vägnar:

340 383 80 22 Robert
436 383 149 22 Hermanson.

634 440 21 17 F.
668 440 30 18 W.
711 440 98 17 Haavisto.

118 515 33 21 Hr
166 515 133 26 Tallgvist
314 515 71 21 anhöll
401 521 34 15 om
451 515 63 21 ordet
529 515 39 21 och
583 515 95 26 yttrade:
707 515 72 21 Jämte
794 514 36 21 det
841 514 39 27 jag

50 544 12 20 ä
77 543 247 22 vattenrättsutskottets
346 545 81 25 vägnar
449 543 33 22 får
504 543 99 22 meddela
624 545 32 19 att
675 543 26 21 de
716 543 163 25 reservationer,

51 578 46 16 som
113 574 37 19 äro
166 572 115 21 omnämda
296 572 32 21 uti
343 572 41 21 den
397 579 30 14 nu
438 572 101 27 upplästa
550 571 132 27 skrifvelsen,
694 572 66 21 redan
770 571 7 22 i
788 577 91 21 morgon

49 601 73 21 kunna
147 601 34 21 stä
206 602 31 20 att
262 600 90 22 erhällas
378 601 28 27 pä
421 601 191 27 borgareständets
627 601 70 21 kansli
712 600 40 22 och
767 600 36 22 vid
817 601 63 20 nästa

50 630 158 21 sammanträde
228 630 86 20 komma
336 631 32 19 att
390 629 90 27 utdelas,
502 630 36 21 vill
550 630 40 26 jag
604 630 125 20 underrätta
744 629 85 21 ständet
844 634 35 16 om

50 660 32 19 att
96 658 106 22 utskottet
226 658 45 21 haft
296 658 69 21 under
390 658 163 27 öfvervägande,
578 658 106 21 huruvida
705 658 90 21 ständen
811 657 69 21 skulle

50 687 73 21 kunna
138 686 105 22 behandla
258 687 36 21 det
309 693 29 15 nu
354 687 100 21 utdelade
466 687 146 21 betänkandet
622 687 65 21 innan
698 686 105 22 särskilda
813 686 67 21 andra

50 716 31 20 till
106 716 236 21 vattenrättsutskottet
366 716 137 20 remitterade
528 716 78 26 nådiga
630 715 159 27 propositioner
811 714 70 22 blifvit

51 744 47 21 utaf
120 744 106 22 utskottet
250 744 133 21 behandlade
409 744 39 21 och
474 744 150 21 betänkanden
642 744 8 20 i
664 744 117 26 anledning
795 742 23 22 af
831 743 48 21 dem

50 773 90 21 kommit
161 773 115 21 ständerna
296 772 32 22 till
349 772 40 26 del,
409 772 149 28 förnämligast
573 772 144 22 betänkandet
732 772 91 21 rörande
838 770 42 22 för-

51 802 92 27 ordning
158 809 35 14 om
210 801 62 22 skifte
283 801 47 22 utaf
338 801 134 27 fiskevatten,
484 802 39 21 och
533 803 33 20 att
575 801 104 22 utskottet
688 801 75 21 därvid
772 800 38 21 har
820 800 60 21 kom-

50 831 40 21 mit
112 831 31 21 till
166 831 36 21 det
217 831 97 25 resultat,
335 832 33 19 att
390 831 59 20 detta
474 830 135 21 betänkande
624 830 84 27 mycket
723 830 34 21 väl
773 829 72 21 kunde
859 827 23 22 af

52 859 115 22 ständerna
182 860 7 20 i
204 859 68 27 öfriga
287 859 58 21 delar
361 859 116 22 behandlas
493 861 60 19 utom
570 859 25 21 så
609 859 46 21 vidt
670 859 36 20 det
721 860 36 19 rör
772 858 23 27 88
812 858 25 21 11
849 857 32 21 till

52 888 39 21 och
106 889 48 20 med
171 888 27 21 14
213 888 6 21 i
234 887 68 22 första
316 888 90 27 kapitlet
424 888 39 21 och
480 888 26 21 11
523 888 11 27 8
550 888 6 21 i
572 888 12 21 7
600 887 54 27 kap.,
670 887 71 21 hvilka
755 886 64 21 hafva
833 887 48 20 när-

51 918 69 20 maste
136 917 103 21 samband
261 917 49 20 med
331 917 131 26 nyssnämda
476 916 132 27 författning.
638 916 65 21 Detta
718 915 49 22 med
781 914 101 22 afseende

52 945 56 26 därå,
132 947 18 19 tt
166 945 90 22 stånden
272 952 29 14 nu
316 945 67 21 måtte
398 945 73 21 kunna
486 944 53 22 fatta
557 945 79 25 beslut,
651 944 33 21 till
698 944 81 21 hvilket
793 943 87 28 plenum

53 975 57 20 detta
126 974 134 21 betänkande
276 973 54 22 skall
345 974 137 27 bordläggas.

122 1037 43 22 Det
179 1038 7 20 i
202 1037 126 22 skrifvelsen
349 1037 115 21 omnämda
478 1037 145 20 betänkandet
638 1036 54 21 hade
707 1035 64 22 bland
786 1035 96 21 ståndets

53 1066 137 21 medlemmar
206 1066 98 25 utdelats,
316 1066 40 21 och
368 1065 69 22 beslöt
447 1065 180 27 borgareståndet
637 1065 117 26 bordlägga
765 1064 118 21 detsamma

55 1095 31 21 till
101 1095 113 26 fredagens
231 1095 92 26 plenum.

124 1250 34 20 Hr
180 1249 168 21 Lindbloms
372 1249 99 21 anhållan
495 1255 35 15 om
550 1248 94 27 ledighet
658 1248 46 20 från
721 1249 61 19 nästa
797 1246 87 28 plenum

55 1278 70 21 bifölls
141 1278 23 21 af
177 1278 91 22 ståndet.

126 1421 70 22 Sedan
216 1421 110 21 läktarena
340 1423 95 25 utrymts
451 1420 40 21 och
507 1420 99 27 samtliga
620 1419 88 22 åhörare
724 1419 79 21 lämnat
818 1417 67 28 pleni-

57 1450 65 25 salen,
138 1449 140 27 tillkännagaf
300 1449 25 21 hr
350 1449 124 21 talmannen
494 1450 37 25 att,
548 1449 26 21 då
589 1449 28 20 H.
632 1448 26 21 K.
673 1448 29 21 M.
717 1447 116 27 Kejsarens
846 1445 40 22 och

58 1477 145 22 Storfurstens
218 1477 125 28 födelsedag
358 1477 112 22 inträffade
486 1477 41 21 den
544 1477 27 21 19
587 1477 80 21 dennes
683 1476 40 21 och
738 1476 40 21 den
794 1475 27 21 27
835 1474 52 21 den-

56 1513 39 15 nes
110 1507 70 20 Deras
203 1506 135 27 Majestäters
360 1506 153 27 kröningsdag,
532 1505 235 22 talmanskonferensen
782 1503 57 22 velat
853 1502 34 21 för
