1078 1759
49 100 18 16 2
76 99 53 21 juni.
380 99 102 17 Finlands
494 99 64 17 bank.
825 92 54 22 1067

123 167 121 27 Föredrogs
267 167 174 23 bankutskottets
462 168 36 21 vid
519 168 119 27 gärdagens
660 167 88 27 plenum
763 166 117 28 bordlagda

51 194 121 27 skrifvelse,
189 195 62 22 hvari
272 196 98 22 bemälda
394 196 83 22 utskott
494 196 110 27 föreslagit
618 197 32 20 att
665 196 117 21 ständerna
796 196 48 21 ville
859 194 22 22 ät

53 224 190 28 bankfullmäktige
258 225 112 27 uppdraga
384 226 37 24 att,
430 224 71 22 därest
510 224 129 28 indragning
646 224 24 22 af
675 224 118 22 Finlands
804 223 76 23 banks

52 252 236 28 afdelningskontor
303 253 9 21 i
324 252 36 23 S:t
370 252 151 29 Petersburg
530 253 105 22 befunnes
647 253 49 21 med
706 252 97 22 bankens
813 251 68 23 fördel

51 280 242 28 Ofverensstämmande,
308 282 7 20 i
330 282 94 27 enlighet
439 282 49 22 med
503 282 28 21 15
545 282 12 28 $
572 282 7 21 i
594 282 36 21 det
645 281 33 22 för
688 281 85 22 banken
784 280 97 28 gällande

53 310 142 26 reglementet
216 310 87 27 vidtaga
323 310 66 28 nödig
404 310 75 27 åtgärd
494 311 7 21 i
515 310 92 22 berörda
623 310 54 28 syfte
692 312 56 20 samt
764 308 118 23 emellertid

53 338 118 22 tillsvidare
192 338 72 22 lämna
285 339 300 27 bankkommissarietjänsten
606 339 36 22 vid
666 338 67 28 sagda
752 338 128 27 afdelnings-

53 366 79 22 kontor
148 368 90 21 obesatt.

124 424 68 22 Ordet
206 424 104 28 begärdes
326 424 22 22 af

123 482 25 21 hr
165 482 201 27 Schybergson,
382 488 46 15 som
446 482 93 27 yttrade:
568 482 42 27 Jag
625 482 37 21 ber
678 481 24 22 så
716 481 83 27 mycket
813 480 67 22 hällre

52 512 34 20 att
100 510 21 22 få
136 510 106 28 tillstyrka
256 510 174 22 bankutskottets
445 510 86 28 förslag,
546 517 46 15 som
605 510 38 28 jag
657 510 65 22 redan
737 510 61 26 1890,
808 510 27 21 då
842 509 38 28 jag

53 538 99 22 lämnade
167 539 43 21 min
226 538 119 28 befattning
356 540 71 20 såsom
436 539 147 22 föreståndare
593 538 33 22 för
637 539 101 21 Finlands
749 538 68 22 banks
827 538 52 22 kon-

52 569 36 20 tor
103 568 7 21 i
125 568 138 26 Petersburg,
279 567 75 28 gjorde
368 574 27 15 en
410 568 157 27 framställning
577 568 8 21 i
595 574 81 15 samma
688 567 60 28 syfte.
770 567 45 21 Min
826 566 54 22 erfa-

54 596 77 22 renhet
145 596 23 22 af
176 596 43 22 min
230 596 120 22 dåvarande
358 596 137 22 värksamhet
502 603 38 15 var
548 597 47 25 den,
603 598 32 20 att
645 596 100 22 kontoret
752 596 46 22 icke
807 595 73 28 gjorde

54 624 85 22 banken
162 627 31 19 ett
215 631 61 21 gagn,
295 626 151 21 motsvarande
468 626 42 21 den
531 625 120 27 betydande
673 625 93 23 kostnad
780 624 100 22 kontoret

55 653 115 26 medförde,
190 656 56 19 samt
260 656 32 19 att
307 653 41 22 alla
363 654 26 21 de
404 654 96 26 tjänster,
516 660 47 15 som
578 654 100 21 kontoret
693 653 100 27 möjligen
809 652 71 22 kunde

55 683 52 26 göra
122 682 90 26 banken,
228 682 42 22 lika
284 682 35 22 väl
334 682 40 22 och
389 682 96 27 billigare
499 683 74 21 kunde
588 682 132 27 ombesörjas
729 677 27 36 af
764 682 66 26 något
838 681 42 28 pri-

55 713 36 19 vat
113 711 148 21 bankinstitut.
290 711 42 27 Jag
353 710 97 22 framhöll
472 712 27 20 då
514 711 7 21 i
536 717 26 15 en
578 711 31 21 till
625 710 133 22 direktionen
774 710 107 22 inlämnad

55 740 144 26 promemoria
220 741 32 20 att
274 739 62 22 äfven
355 740 104 27 bankens]
474 740 176 26 undantagsläge,
665 740 27 21 då
708 739 105 27 nämligen
829 739 51 21 ban-

54 768 42 21 ken
120 768 45 21 icke
187 770 24 19 är
233 768 144 22 underkastad
400 774 81 16 samma
495 768 160 27 bestämningar
670 774 47 15 som
732 767 69 27 öfriga
814 767 66 21 bank-

54 796 87 22 institut
162 797 27 27 på
205 796 90 28 platsen,
313 796 95 27 påkallar
423 803 26 15 en
465 797 66 21 sådan
547 797 82 27 åtgärd.
658 796 66 22 Detta
738 796 48 22 mitt
801 796 80 26 förslag

54 825 125 27 upprepade
191 825 39 27 jag
244 825 36 22 vid
297 825 55 21 1894
367 826 35 20 års
417 826 108 26 landtdag,
540 826 68 20 ehuru
620 824 260 28 bankkommissarietjän-

53 856 50 19 sten
126 854 27 21 då
173 854 47 21 icke
239 860 37 15 var
291 854 63 27 ledig.
384 854 34 21 Då
431 854 104 27 förslaget
550 860 29 15 nu
594 854 114 21 framträdt
723 854 40 21 och
778 853 103 27 förelagts

53 882 117 22 ständerna
186 885 56 19 samt
256 882 147 28 befattningen
418 882 33 22 för
467 882 91 22 tillfället
572 882 46 22 icke
635 884 23 20 är
673 882 75 26 besatt,
763 882 68 21 finner
843 882 38 27 jag

52 911 105 27 åtgärden
173 911 7 21 i
195 911 41 21 allo
252 911 172 27 ändamålsenlig.

124 968 69 22 Sedan
210 968 150 22 diskussionen
376 968 114 22 förklarats
505 968 98 27 afslutad,
619 968 69 22 beslöt
702 968 180 28 borgareståndet

56 997 114 27 godkänna
185 997 174 22 bankutskottets
375 997 156 22 ofvanberörda
545 997 163 27 framställning.

124 1129 33 21 Hr
179 1129 136 27 Hallberg
337 1130 100 27 uppläste
459 1132 32 20 ett
505 1130 23 21 af
541 1129 79 22 honom
635 1129 117 22 inlämnadt
768 1129 111 27 petitions-

56 1158 117 26 memorial,
188 1158 123 28 sålydande:

235 1216 55 22 Till
305 1216 143 28 vällofliga
463 1217 232 27 borgareståndet,

606 1268 95 19 vördsamt
713 1268 99 18 memorial.

124 1314 51 22 Med
190 1315 48 21 stöd
253 1314 23 22 af
288 1315 15 21 4
318 1321 64 15 mom.
398 1314 23 22 af
434 1315 11 28 $
461 1315 26 21 51
504 1315 7 21 i
526 1315 22 21 L.
564 1315 31 26 O.,
611 1314 60 22 hvari
686 1314 87 26 stadgas
782 1316 32 20 att
821 1313 60 28 fråga

55 1349 36 15 om
106 1343 90 27 petition
213 1343 53 21 efter
282 1344 108 26 utgången
406 1343 23 21 af
442 1344 42 21 den
499 1344 96 21 normala
610 1343 161 27 petitionstiden
786 1342 33 22 får
834 1344 46 20 väc-

55 1371 45 27 kas,
123 1371 88 22 såframt
238 1372 41 21 den
304 1372 121 22 föranledes
447 1372 24 21 af
491 1378 26 15 en
540 1372 68 21 under
631 1372 128 26 landtdagen
782 1370 99 23 inträffad

55 1400 108 27 händelse,
179 1400 63 22 utber
254 1401 39 27 jag
308 1401 44 27 mig
366 1402 34 20 att
422 1400 39 22 hos
477 1400 106 28 vällofliga
601 1400 179 28 borgareståndet
794 1400 21 21 få
831 1401 51 26 göra

53 1428 95 27 följande
163 1428 162 28 framställning.

124 1458 11 20 I
156 1458 64 21 dessa
242 1458 65 27 dagar
329 1458 39 21 har
384 1458 32 21 till
430 1460 89 20 senaten
540 1458 112 21 inkommit
667 1464 27 15 en
709 1457 111 22 skrifvelse
834 1456 47 22 från

53 1484 194 24 inrikesministern
262 1486 8 22 i
284 1486 163 28 kejsaredömet,
465 1486 149 22 innehållande
632 1486 104 22 särskilda
751 1485 129 23 bestämnin-
