1078 1781
178 110 42 37 980
510 110 127 37 Järnvägar.
918 121 28 17 29
958 120 48 20 maj.

248 189 110 28 Därjämte
373 190 70 22 beslöt
458 191 25 21 R.
498 197 20 15 o.
530 191 26 21 A.
571 193 32 19 att
618 197 77 21 genom
708 191 198 27 protokollsutdrag
918 190 89 27 inbjuda

179 218 140 21 medstånden
334 221 32 19 att
380 219 74 22 förena
469 219 33 28 sig
517 225 35 16 om
568 220 131 27 nyssnämda
715 219 76 22 beslut.

248 247 170 22 Vidkommande
440 248 41 21 den
507 248 125 27 ifrågasatta
653 249 70 20 banan
746 247 260 28 Nyslott—Elisenvaara,

179 275 85 22 hvilken
286 276 87 21 beröres
388 277 7 20 i
412 277 53 21 1:sta
482 277 107 21 klämmen
604 277 13 21 å
632 283 17 15 s.
664 277 26 25 4.,
706 277 69 21 beslöt
790 277 85 21 ståndet
889 278 32 19 att
936 276 70 21 denna

179 304 55 21 bana
256 304 69 22 skulle
348 307 105 25 upptagas
475 305 27 27 på
525 307 146 26 programmet
688 305 33 22 för
736 305 177 22 nästkommande
928 304 79 22 finans-

180 333 81 26 period,
277 333 53 22 dock
345 334 76 21 endast
435 334 50 21 med
500 336 31 19 ett
546 334 76 27 anslag
636 334 23 21 af
673 334 110 26 1,000,000
798 333 67 22 mark.

249 361 42 22 Vid
311 368 51 21 nyss
384 363 76 26 antydt
479 362 133 22 förhållande
626 362 124 22 föranledde
765 363 60 21 2:dra
839 362 106 21 klämmen
951 357 13 37 ä
988 367 17 16 s.

179 390 19 21 4,
214 389 17 28 ej
249 390 71 27 någon
336 391 72 21 vidare
423 391 75 27 åtgärd
512 391 46 21 från
575 391 26 22 R.
616 397 19 16 o.
650 391 37 22 A:s
704 391 51 22 sida.

250 419 81 21 Härom
354 419 68 22 skulle
444 420 141 21 medstånden
601 420 39 21 och
656 420 160 21 vederbörande
831 419 83 22 utskott
930 425 77 22 genom

179 447 199 28 protokollsutdrag
392 449 144 21 underrättas.

800 517 22 18 In
837 516 65 19 fidem:

751 545 50 22 Clas
816 553 19 14 v.
853 545 83 22 Collan.

248 643 68 21 Ordet
330 643 104 27 begärdes
451 643 22 22 af

248 699 26 22 hr
296 700 139 27 Tallgvist.
459 707 46 15 som
520 701 97 27 yttrade:
649 701 42 26 Jag
713 700 69 21 skulle
798 700 109 21 vördsamt
928 699 79 22 föreslå

179 730 32 19 att
238 729 178 26 borgareståndet
440 729 68 22 skulle
538 729 101 22 vidblifva
672 729 38 21 sitt
731 728 59 22 förra
810 729 7 21 i
840 729 64 21 saken
927 728 80 22 fattade

178 757 78 26 beslut,
278 757 80 22 hvilket
373 757 64 22 också
452 760 78 19 tvänne
546 758 62 21 stånd
624 758 65 21 redan
705 757 88 27 antagit.
822 757 42 27 Jag
878 757 68 21 finner
961 757 45 21 icke

179 786 65 27 något
266 786 45 21 skäl
326 788 32 19 att
373 787 109 21 utsträcka
496 787 107 20 klämmen
619 788 58 19 ännu
691 786 124 27 ytterligare
831 785 85 27 därhän,
932 787 32 20 att
978 792 27 15 en

178 814 68 27 tredje
260 815 100 26 spårvidd
376 815 68 22 skulle
459 815 139 21 förekomma.

248 877 33 21 Hr
297 877 193 28 Schybergson:
521 877 76 22 Såsom
613 877 23 22 af
649 878 26 21 de
690 878 8 21 i
720 877 137 27 tidningarna
871 877 136 27 publicerade

178 905 188 27 förhandlingarna
389 907 35 20 vid
446 907 26 20 R.
487 913 19 14 o.
526 906 38 21 A:s
587 906 87 27 plenum
697 905 101 28 framgår,
819 905 57 22 afser
894 906 25 21 R.
934 912 20 15 o.
968 906 38 21 A:s

178 933 141 28 formulering
334 937 31 18 att
380 935 70 21 lämna
465 935 32 21 för
512 935 126 27 regeringen
654 936 65 26 öppet
735 937 31 18 att
781 935 109 20 eventuelt
904 935 55 26 välja
977 934 29 21 äf-

179 968 40 15 ven
235 968 27 15 en
278 965 79 19 meters
373 963 106 27 spårvidd.
509 963 175 27 Formuleringen
701 965 24 19 är
741 963 24 21 så
779 963 42 26 vid,
836 965 32 19 att
882 969 49 15 man
943 963 64 21 också

178 991 42 20 kan
243 991 65 21 tänka
322 992 34 27 sig
370 994 32 19 att
417 992 125 27 regeringen
558 992 69 21 skulle
642 992 21 21 få
677 992 57 27 välja
749 992 28 21 60
792 997 32 16 cm
841 991 106 27 spårvidd.
958 998 48 15 men

178 1019 59 22 detta
252 1020 96 21 kommer
370 1027 30 14 nu
416 1021 135 27 naturligtvis
574 1021 45 20 icke
634 1021 7 20 i
656 1020 65 28 fråga.
752 1020 33 21 Hr
799 1020 104 27 Tallqvist
922 1021 84 27 yttrade

177 1050 33 19 att
224 1049 37 21 två
276 1049 66 21 andra
357 1050 63 20 stånd
435 1050 65 20 redan
516 1049 83 21 förenat
614 1050 34 26 sig
663 1056 35 14 om
718 1049 188 27 borgareståndets
922 1048 84 28 uppfat-

178 1077 57 27 ning,
251 1084 48 14 men
319 1078 24 21 så
358 1078 61 21 torde
434 1078 45 21 icke
494 1084 50 15 vara
559 1078 64 26 fallet,
639 1081 22 24 ty
676 1078 160 26 prästeståndet
844 1077 38 21 har
888 1078 82 26 antagit
980 1083 26 15 en

177 1104 142 29 formulering
348 1106 232 22 öfverensstämmande
604 1107 49 21 med
675 1107 26 21 R.
721 1113 19 15 o.
762 1106 45 21 A:s.
841 1106 43 21 För
906 1106 43 21 min
973 1106 34 21 del

178 1134 70 21 skulle
260 1134 38 27 jag
312 1135 8 21 i
331 1135 67 21 likhet
420 1135 48 21 med
482 1135 26 21 hr
523 1135 104 27 Tallgvist
641 1135 27 27 pä
684 1135 36 21 det
735 1134 145 22 bestämdaste
902 1134 106 28 tillstyrka

177 1164 32 20 att
224 1163 178 27 borgareständet
418 1164 76 21 vidblir
510 1164 38 21 sitt
562 1163 59 22 förra
636 1164 77 21 beslut.
742 1164 43 26 Jag
801 1163 37 27 gär
857 1163 24 21 sä
896 1163 110 27 längt,att,

178 1197 35 15 om
236 1192 130 26 spårvidden
388 1192 108 21 eventuelt
519 1192 41 21 blir
582 1198 26 15 en
630 1194 74 24 meter,
727 1192 36 21 det
787 1193 24 19 är
826 1192 70 21 bättre
910 1194 33 19 att
958 1192 49 21 med

177 1226 39 15 ens
238 1220 44 21 läta
304 1220 36 22 det
362 1221 66 21 smala
450 1221 73 27 späret
543 1220 49 22 vika
613 1220 40 22 och
676 1221 70 21 banan
762 1220 66 22 blifva
843 1220 164 27 normalspärig.

178 1248 116 22 Skilnaden
316 1249 8 21 i
339 1249 118 21 kostnaden
473 1250 40 20 blir
529 1249 54 21 dock
598 1249 24 21 sä
637 1250 66 26 ringa,
719 1251 32 19 att
765 1249 37 21 det
816 1248 46 22 icke
877 1250 24 20 är
914 1248 47 22 skäl
976 1251 32 19 att

177 1277 74 21 vidare
272 1277 55 21 hålla
348 1278 28 26 pä
398 1284 27 15 en
448 1277 101 22 afvikelse
571 1277 47 22 från
640 1278 83 21 normal
739 1277 109 27 spårvidd.
876 1278 42 26 Jag
932 1277 39 21 ber
986 1276 21 22 få

177 1305 84 27 påpeka
283 1308 31 19 att
337 1308 33 19 tre
385 1306 63 22 stånd
463 1306 32 22 vis
513 1307 13 20 a
540 1307 33 21 vis
589 1306 218 21 Kemi—Rovaniemi
822 1306 68 21 banan
906 1306 60 21 hållit
980 1306 28 26 pä

177 1334 28 20 75
220 1340 33 15 cm
277 1334 101 27 spårvidd
401 1335 40 21 och
463 1337 31 19 att
516 1335 20 21 vi
559 1335 38 21 här
619 1335 7 21 i
641 1335 72 21 landet
728 1335 66 21 redan
809 1334 63 21 hafva
887 1334 121 21 erfarenhet

177 1368 36 15 om
228 1363 71 21 denna
314 1363 107 27 spärvidd,
437 1363 39 22 och
488 1363 38 27 jag
540 1363 42 21 kan
598 1363 46 21 icke
657 1363 64 26 finna,
737 1362 86 22 hvarför
839 1363 85 21 ständet
939 1362 69 22 skulle

177 1390 72 22 lämna
271 1392 110 26 möjlighet
403 1394 70 25 öppen
495 1392 33 21 för
550 1392 132 26 experiment
705 1392 49 21 med
775 1398 26 15 en
817 1391 68 27 tredje
900 1391 107 27 spärvidd.

176 1420 42 26 Jag
232 1419 91 22 föreslär
337 1422 33 20 att
385 1421 86 21 ständet
485 1420 113 22 vidblifver
615 1420 38 22 sitt
667 1420 59 22 förra
741 1420 78 21 beslut.

247 1477 33 21 Hr
296 1477 162 27 Hallberg:
488 1478 10 20 I
514 1477 66 21 likhet
595 1478 49 20 med
658 1477 37 21 hrr
709 1477 105 27 Tallgvist
835 1476 39 22 och
890 1476 116 28 Schyberg-

177 1511 40 15 son
238 1506 79 20 tilläter
337 1506 38 27 jag
397 1506 45 27 mig
456 1506 78 22 föreslä
548 1508 32 19 att
595 1506 180 27 borgareständet
789 1506 50 21 ville
854 1505 101 22 vidblifva
970 1505 37 21 sitt
