1075 1714
195 118 42 22 824
535 125 126 22 Järnvägar.
936 124 28 18 23
971 124 48 21 maj.

193 196 32 20 att
252 194 113 22 resultatet
392 195 23 21 af
438 194 189 28 öfverläggningen
653 195 69 21 under
749 196 85 19 senaste
856 193 86 28 plenum
965 194 54 21 hade

194 225 113 26 utmynnat
322 223 7 21 i
344 225 32 20 att
397 225 60 20 utom
473 223 175 28 Kajana-Iisalmi
663 223 70 22 banan
748 223 46 22 icke
810 229 45 15 mer
870 224 26 19 än
912 229 25 15 en
949 229 68 15 annan

193 253 56 20 bana
272 252 68 21 skulle
362 252 100 27 beläggas
479 253 48 20 med
543 252 78 21 arbete.
651 252 42 27 Jag
708 252 38 21 har
762 251 71 22 därför
848 251 64 22 också
927 251 32 22 för
975 251 42 22 min

194 281 33 21 del
243 282 70 20 röstat
328 283 46 19 mot
386 281 220 27 järnvägsutskottets
622 280 81 27 förslag
717 281 81 26 därom,
813 282 32 19 att
859 279 46 22 från
921 280 40 21 den
976 280 44 21 lilla

193 309 76 22 staden
293 309 87 27 Nyslott
402 310 39 21 och
465 316 76 21 genom
564 316 26 15 en
611 309 32 22 till
659 311 46 20 stor
720 309 34 22 del
770 309 116 27 trafiksvag
900 309 49 27 näjd
965 309 54 21 skall

193 339 82 26 byggas
298 338 102 21 Finlands
424 339 86 26 dyraste
529 339 96 26 järnväg.
655 338 51 21 Men
727 338 6 21 i
749 338 59 21 detta
823 337 99 22 afseende
936 337 39 22 har
989 344 30 15 nu

193 367 179 27 borgareståndet
388 367 109 21 eventuelt
507 367 63 21 fattat
581 367 37 22 sitt
628 367 77 26 beslut,
716 366 39 22 och
767 367 59 21 detta
835 366 38 21 har
884 366 134 27 naturligtvis

193 396 74 27 hvarje
282 395 90 22 medlem
388 397 32 20 att
434 396 63 21 ställa
508 396 33 27 sig
552 395 31 22 till
595 395 148 22 efterrättelse.
764 395 43 27 Jag
817 395 67 21 måste
896 395 122 26 emellertid,

193 425 49 20 med
257 424 99 21 afseende
372 425 12 20 å
399 425 55 21 hvad
467 425 38 27 jag
519 425 90 26 tidigare
624 423 71 22 anfört
704 423 132 23 beträffande
847 423 171 22 statsutskottets

193 453 127 27 utläggning
330 459 35 15 om
376 453 304 27 kommunikationsbudgeten
690 452 34 22 för
733 454 63 20 nästa
807 452 150 27 finansperiod,
967 452 52 27 yrka

193 482 27 27 på
235 483 32 20 att
289 482 35 21 det
338 482 80 27 anslag,
435 489 46 14 som
497 481 23 22 af
530 481 210 28 järnvägsutskottet
755 488 30 15 nu
800 482 7 21 i
818 481 58 22 detta
886 481 133 21 betänkande

192 510 99 21 förordas
309 510 32 21 för
363 513 62 19 nästa
440 510 144 28 finansperiod
596 510 33 22 för
644 511 96 21 banorna
756 510 262 27 Seinäjoki-Kristinestad

193 539 39 22 och
245 539 241 27 Nyslott-Elisenvaara,
502 540 39 21 bör
556 540 7 20 i
578 539 70 28 nägon
664 539 49 22 män
729 539 117 21 nedsättas.
866 539 73 27 Enligt
955 540 63 19 stats-

192 568 117 21 utskottets
332 568 120 27 beräkning
474 568 54 21 hade
547 567 33 22 för
600 575 41 20 nya
663 568 123 21 statsbanor
804 567 110 28 upptagits
933 567 57 22 cirka
1005 567 12 21 8

193 597 97 26 miljoner
306 597 66 20 mark.
402 597 83 27 Drager
501 603 49 15 man
565 603 29 15 nu
611 597 92 21 därifrän
719 597 57 21 hvad
791 603 47 15 som
854 596 59 27 ätgär
928 595 33 22 för
977 596 40 21 den

192 625 23 21 af
236 625 126 27 regeringen
386 626 148 49 proponerade
556 625 174 28 Kajana-Iisalmi
748 625 69 21 banan
840 625 51 21 eller
906 625 112 26 5,400,000

192 655 66 25 mark,
285 654 81 21 återstå
392 655 112 26 2,600,000
531 655 66 21 mark.
634 655 46 20 Här
703 654 38 21 har
767 654 118 21 emellertid
905 653 112 28 järnvägs-

192 671 106 33 utskottet
320 682 32 21 för
375 671 63 33 dessa
462 684 36 21 två
519 684 67 21 banor
608 679 112 42 föreslagit
742 683 32 21 till
796 683 139 21 användande
950 683 67 20 under

192 713 63 20 nästa
278 711 143 27 finansperiod
443 712 45 21 icke
509 712 83 21 mindre
611 714 27 19 än
659 712 112 26 6,500,000
786 711 66 22 mark.
881 711 49 21 Man
946 711 72 21 kunde

192 747 28 14 nu
233 740 131 27 ifrågasätta,
374 740 106 22 huruvida
490 741 46 21 icke
546 741 36 21 det
593 747 51 15 vore
655 725 101 47 riktigare
767 742 31 19 att
810 740 44 21 låta
865 740 48 21 med
925 739 92 22 beslutet

192 769 63 21 anstå
276 769 42 20 tills
339 769 86 21 ståndet
444 769 63 22 fattat
529 769 70 21 beslut
615 775 34 15 om
665 769 27 21 de
707 769 160 26 subventioner,
884 775 45 14 som
945 768 73 21 kunna

192 798 87 21 komma
296 798 7 20 i
318 797 60 27 fråga
393 797 32 22 för
440 798 145 27 privatbanor,
600 804 48 15 men
664 797 33 22 för
713 798 41 21 den
770 797 101 22 händelse
886 799 31 19 att
933 797 85 21 ståndet

192 826 118 22 emellertid
332 832 64 15 anser
416 828 32 19 att
466 827 72 21 beslut
557 833 30 14 nu
608 827 39 20 bör
665 826 64 22 fattas
744 826 111 27 angående
869 826 101 27 anslagen
985 825 32 22 för

192 855 65 21 dessa
279 855 129 26 statsbanor,
431 855 78 21 tillåter
531 855 38 28 jag
595 855 44 27 mig
664 854 79 22 föreslå
765 857 32 19 att
819 855 106 26 beloppen
949 854 68 22 skulle

192 884 111 21 nedsättas
325 883 32 21 till
375 883 79 22 hälften
474 883 51 22 eller
546 885 13 20 2
579 883 99 28 miljoner
693 883 33 22 för
742 884 40 21 den
798 889 40 16 ena
854 883 38 21 och
909 883 110 26 1,250,000

192 912 33 21 för
247 913 41 20 den
307 912 72 21 andra.
409 913 66 21 Detta
493 913 68 20 skulle
579 912 64 21 redan
665 912 133 22 öfverskrida
817 912 40 21 den
877 911 63 28 utgift
955 913 63 20 stats-

192 941 107 21 utskottet
320 941 62 20 tänkt
407 941 39 27 sig.
484 941 43 22 Går
551 947 49 15 man
627 941 129 26 därutöfver,
783 941 68 21 måste
873 941 36 20 det
931 940 38 21 ske
991 940 27 27 på

191 969 120 22 bekostnad
332 969 22 21 af
372 970 217 27 subventioneringen
605 969 32 22 för
652 970 146 27 privatbanor,
814 969 74 21 såvida
902 975 49 15 man
966 969 51 26 icke,

191 1001 59 18 emot
271 998 117 21 utskottets
408 998 136 27 afstyrkande
560 998 115 26 utlåtande,
691 998 76 21 tänker
782 998 34 27 sig
831 999 31 20 ett
876 999 57 20 ännu
949 999 69 20 större

191 1027 97 21 statslån.

260 1084 33 22 Hr
304 1084 72 21 Lille:
392 1085 41 26 Jag
444 1086 23 19 är
477 1085 51 26 böjd
537 1084 33 21 för
578 1086 32 20 att
619 1084 75 21 förena
706 1084 45 27 mig
760 1090 36 15 om
809 1084 40 21 den
861 1086 85 19 senaste
954 1084 63 21 ärade

191 1113 94 21 talarens
300 1112 80 27 förslag
395 1113 28 26 på
436 1113 36 21 det
481 1113 74 26 vilkor,
566 1115 31 19 att
608 1113 156 21 subventionen
774 1112 34 21 för
820 1113 26 21 de
856 1113 83 27 privata
951 1113 66 20 banor

189 1141 47 21 från
253 1141 113 26 2,850,000
382 1141 60 21 mark
456 1141 60 28 höjes
532 1142 32 21 till
578 1142 113 26 4,000,000
705 1141 68 22 mark.
804 1142 43 26 Jag
861 1147 63 16 anser
939 1141 77 21 visser-

190 1170 57 27 ligen
271 1170 65 21 redan
360 1170 58 21 detta
440 1170 78 27 belopp
539 1177 51 14 vara
612 1170 65 27 något
701 1170 45 27 lågt
764 1169 96 28 tilltaget,
881 1176 49 15 men
946 1170 27 21 då
987 1176 29 15 nu

191 1198 162 22 statsutskottet
371 1199 73 26 tyckes
460 1205 51 15 vara
526 1199 135 27 synnerligen
677 1200 59 20 emot
750 1200 32 19 att
797 1199 49 21 med
861 1199 71 26 någon
947 1200 70 20 större

190 1233 85 15 summa
299 1227 40 21 öka
362 1227 37 21 det
422 1227 95 26 statslån,
536 1227 80 22 hvilket
631 1227 163 22 statsutskottet
810 1227 55 22 velat
880 1226 83 27 föreslå,
981 1227 35 21 vill

187 1256 38 27 jag
240 1256 46 21 icke
301 1255 66 21 häller
383 1255 79 22 föreslå
477 1257 68 20 större
561 1256 80 27 ökning
655 1255 23 22 af
691 1255 98 28 anslaget
804 1255 33 22 för
852 1256 83 27 privata
950 1256 66 21 banor

190 1285 69 20 under
281 1285 145 20 instundande
444 1285 14 20 4
473 1285 35 21 års
524 1285 80 26 period.
633 1285 34 21 Då
681 1284 76 27 frågan
773 1291 35 14 om
824 1291 41 20 nya
877 1285 139 26 järnvägsan-

189 1313 128 26 läggningar
339 1313 148 21 remitterades
509 1313 31 21 till
563 1313 110 26 utskottet,
696 1313 55 22 hade
763 1313 39 27 jag
817 1315 51 19 äran
884 1312 32 22 för
932 1313 85 21 ståndet

189 1341 120 27 framlägga
334 1342 68 26 några
428 1342 132 27 synpunkter
585 1330 92 33 rörande
698 1342 41 21 den
763 1343 97 20 närmast
882 1341 134 22 förestående

187 1370 209 27 järnvägspolitiken
412 1370 40 21 och
467 1371 92 26 antydde
571 1370 38 27 jag
623 1370 75 22 därvid
713 1371 32 21 att
760 1377 49 14 man
825 1370 39 21 bör
875 1376 50 15 vara
938 1370 78 21 beredd

189 1399 28 26 på
239 1405 27 14 en
287 1399 109 26 vändning
414 1399 8 21 i
442 1399 124 21 densamma
586 1399 112 26 såtillvida,
719 1405 47 15 som
789 1399 36 21 det
843 1405 29 14 nu
888 1399 61 26 gälde
964 1400 31 19 att
1009 1399 7 20 i

189 1427 68 27 högre
273 1427 53 21 mått
341 1429 27 19 än
385 1427 75 22 hittills
476 1428 131 21 understöda
622 1416 150 38 utvecklingen
788 1427 23 21 af
824 1427 191 27 privatbanenätet.

187 1456 43 27 Jag
251 1456 81 26 vågade
351 1455 32 22 till
402 1456 39 21 och
457 1457 48 20 med
520 1455 117 22 förutsätta
651 1457 32 20 att
695 1456 117 21 ständerna
826 1455 33 22 för
874 1456 107 21 vinnande
995 1455 22 22 af

189 1484 59 21 detta
270 1485 97 20 ändamål
389 1484 69 21 skulle
476 1484 33 22 för
524 1485 41 21 den
580 1485 14 20 4
609 1485 24 25 år
647 1485 63 27 långa
724 1484 174 27 finansperioden
913 1484 61 21 anslå
989 1490 25 15 en

189 1519 86 14 summa
289 1513 21 20 at
325 1513 113 26 8,000,000
453 1513 65 26 mark,
535 1513 39 22 och
589 1514 31 21 uti
636 1513 59 21 detta
707 1513 111 21 uttalande
826 1519 56 15 vann
890 1513 37 27 jag
938 1513 77 22 under-
