1075 1784
183 100 44 37 530
525 109 145 29 Rusdrycker.
941 114 14 17 8
963 114 48 20 maj.

184 180 120 27 säljningen
324 180 59 22 inom
402 187 160 21 gemensamma
576 182 88 26 lokaler,
679 188 50 16 men
745 184 32 20 att
791 182 27 21 de
833 182 97 22 däremot
945 182 67 22 borde

184 208 115 28 bannlysas
313 208 47 22 från
376 210 91 27 butiker,
483 210 38 22 där
536 216 63 16 varor
614 210 23 22 af
649 212 67 20 annat
731 211 46 27 slag
791 210 107 28 föryttras.
929 211 81 21 Genom

184 238 31 20 ett
230 237 77 22 sådant
322 238 140 27 särskiljande
477 240 75 21 vinnes
568 239 46 21 icke
630 240 77 21 endast
722 239 111 27 möjlighet
847 240 32 21 till
894 246 26 15 en
937 240 74 27 skärpt

183 266 101 26 kontroll,
299 268 51 20 utan
369 267 91 22 handeln
480 268 49 21 med
546 268 64 21 dessa
625 268 89 27 drycker
730 268 117 22 öfverföres
863 268 64 22 också
942 268 69 22 direkt

183 294 28 27 på
225 294 66 22 reella
306 295 86 22 händer.
421 296 49 22 Den
484 296 185 26 förkastelsedom,
684 303 47 15 som
747 296 45 22 ofta
807 297 68 21 under
887 298 124 21 nuvarande

183 323 145 22 förhållanden
337 324 88 22 uttalats
433 325 102 21 särskildt
543 325 59 21 öfver
609 325 176 28 maltdryckerna,
790 326 85 20 komme
881 326 130 26 därigenom,

183 353 46 20 tror
248 352 44 27 jag,
313 352 8 22 i
340 352 69 28 någon
426 354 50 21 mån
491 355 32 20 att
538 353 83 28 aflyftas
636 354 47 21 från
699 354 55 24 dem,
770 360 47 16 som
833 354 44 22 ofta
892 354 119 27 oförskyldt

183 380 102 22 drabbats
294 381 60 21 däraf
360 382 8 20 i
376 382 71 22 stället
455 382 33 22 för
497 384 33 20 att
537 383 41 21 den
586 382 113 28 rättsligen
708 383 67 21 borde
783 382 89 28 öfvergå
879 383 40 21 den
929 383 81 26 snikna,

183 411 52 19 utan
250 410 225 27 ansvarighetskänsla
490 411 93 21 varande
597 410 133 28 försäljaren.
755 412 48 21 Den
818 412 87 21 misstro
921 412 32 21 till
968 411 42 22 för-

184 438 74 26 slaget,
274 444 47 16 som
336 439 101 27 möjligen
452 440 41 21 kan
509 439 69 22 finnas
593 440 29 27 på
636 440 67 27 några
718 440 48 26 håll,
781 442 46 20 tror
840 440 39 27 jag
889 440 58 22 inom
955 440 55 28 jäm-

182 466 113 22 förelsevis
316 467 49 22 kort
387 468 31 21 tid
437 468 55 22 efter
511 469 37 21 det
565 469 62 27 lagen
643 469 55 21 varit
712 469 152 27 promulgerad
879 469 85 21 komme
979 471 32 19 att

182 494 66 28 förgå.
271 496 50 21 Man
337 496 62 22 torde
414 500 61 18 snart
489 503 44 21 nog
547 497 87 22 komma
648 499 32 20 att
694 498 95 21 erkänna
807 500 32 19 att
854 504 58 15 mera
922 498 87 20 vunnits

182 525 27 20 än
230 524 107 22 förlorats.
367 526 100 21 Handeln
488 526 49 21 med
552 526 64 21 dessa
630 526 90 27 drycker
735 526 38 22 har
788 526 46 22 från
851 529 30 19 ett
896 526 114 22 hundratal

183 553 46 21 små
250 553 90 26 butiker,
360 554 71 21 hvilka
450 554 108 28 knappast
578 561 40 21 ega
632 557 44 19 rätt
691 555 52 21 bära
759 555 57 21 detta
831 562 63 14 namn
914 554 39 22 och
971 555 38 21 där

183 582 68 21 under
271 582 127 22 täckmantel
420 582 23 22 af
459 590 26 14 en
501 583 65 27 laglig
581 583 77 22 handel
673 584 45 21 ofta
733 584 36 21 det
784 584 81 26 gröfsta
880 584 73 21 oskick
967 583 42 22 för-

182 610 87 27 siggått,
284 610 142 28 öfverflyttats
447 612 33 21 till
500 612 90 26 butiker,
605 612 25 21 så
645 612 95 28 belägna,
756 614 32 20 att
803 613 26 21 de
844 612 73 22 kunna
932 613 77 21 under-

182 638 73 22 kastas
270 645 27 15 en
312 640 93 21 intensiv
419 640 94 22 kontroll
529 641 45 25 och,
590 647 46 15 som
652 641 80 26 nämdt,
747 641 124 21 innehafvas
887 641 22 21 af
922 641 88 21 reellare

181 674 110 20 personer.
321 668 44 22 Det
385 670 23 20 är
427 669 25 27 ju
468 669 66 27 gifvet
548 671 37 25 att,
601 670 71 21 såsom
688 670 37 21 det
739 676 30 15 nu
784 670 60 26 varit,
860 672 59 19 stora
929 670 80 26 svårig-

181 696 61 22 heter
264 698 54 20 mött
340 697 121 22 kontrollen
484 698 60 21 öfver
566 698 92 22 handeln
678 699 50 21 med
747 698 146 28 maltdrycker,
909 698 101 22 särskildt

181 724 107 22 huruvida
302 726 75 21 därvid
389 726 46 22 icke
446 727 84 27 mycket
542 729 65 19 annat
620 727 68 21 under
698 728 157 26 benämningen
869 727 140 27 maltdrycker

181 752 94 28 försålts,
290 754 28 21 då
332 754 229 28 försäljningsställena
576 756 55 20 varit
642 756 87 26 spridda
744 756 46 21 vidt
801 756 98 26 omkring
909 756 7 20 i
927 756 82 21 staden.

180 782 42 27 Jag
229 782 83 28 hoppas
321 783 68 21 tillika
395 785 37 24 att,
441 784 27 21 då
475 784 154 27 försäljningen
638 784 23 22 af
668 784 142 28 maltdrycker
818 784 41 22 kan
869 784 139 22 sammanslås

180 811 50 21 med
245 817 27 15 en
287 818 78 20 annan,
380 818 26 15 en
422 812 130 22 lukrativare
567 813 97 26 branche,
680 813 20 21 d.
713 820 19 14 v.
745 820 17 14 s.
775 812 126 28 försäljning
912 812 23 22 af
943 813 66 26 viner,

180 840 42 20 den
234 839 100 23 frästelse
346 840 32 22 till
391 841 138 27 utprängling
541 841 23 21 af
575 848 71 19 varan,
658 848 46 14 som
716 848 29 14 nu
757 844 24 18 är
793 841 33 21 för
834 842 89 26 handen,
933 842 27 20 dä
967 842 41 20 den

180 868 62 27 ringa
250 868 63 27 vinst,
320 875 47 15 som
377 870 90 27 uppstär
475 870 23 21 af
504 870 129 27 maltdrycks
641 870 132 27 försäljning,
781 870 69 21 mäste
857 870 68 22 drifva
933 870 75 21 försäl-

176 897 63 26 jaren
253 897 31 21 till
296 900 32 19 att
343 897 86 23 försöka
445 899 52 26 sälja
507 899 24 21 sä
540 899 84 27 mycket
634 905 46 15 som
692 899 88 27 möjligt,
791 899 53 21 skall
854 899 115 26 försvinna,
980 899 27 21 dä

180 925 128 22 vinhandeln
328 927 7 20 i
354 927 73 26 regeln
449 927 111 22 dessutom
578 927 125 22 innehafvas
723 927 23 22 af
759 934 104 21 personer
878 928 49 21 med
941 928 68 26 högre

179 954 103 27 bildning,
297 955 72 22 hvilka
388 955 71 22 därför
479 956 63 21 äfven
562 955 63 22 hafva
640 958 70 19 större
725 956 97 27 förmäga
836 958 32 19 att
885 957 46 20 inse
952 956 56 21 hvad

179 982 63 22 äfven
262 983 109 22 oskrifven
392 986 43 19 rätt
449 985 82 26 bjuder.
560 985 109 26 Naturligt
684 987 23 19 är
726 987 32 19 att
775 987 31 19 ett
822 985 185 21 sammanförande

178 1011 24 21 af
221 1012 147 27 stadgandena
387 1013 111 27 angående
517 1013 92 22 handeln
630 1013 49 22 med
701 1013 96 26 bränvin,
813 1014 60 21 viner
891 1013 39 22 och
946 1013 61 21 malt-

179 1040 90 27 drycker
284 1041 54 21 skall
353 1041 72 22 lämna
439 1048 48 15 rum
503 1041 33 22 för
552 1042 171 27 anmärkningar,
739 1042 39 21 och
794 1042 35 21 det
844 1042 55 21 hade
911 1042 25 27 ju
951 1042 56 21 varit

178 1069 120 27 lyckligare,
318 1075 35 16 om
377 1070 36 21 vid
436 1071 70 20 denna
524 1071 102 26 landtdag
645 1070 75 27 frägan
738 1071 8 20 i
760 1071 48 20 hela
823 1071 48 21 dess
888 1071 49 21 vidd
953 1070 54 21 hade

178 1097 109 27 förelegat.
317 1098 34 21 Då
371 1098 54 22 hade
447 1105 48 15 man
515 1099 106 21 måhända
640 1099 49 21 med
710 1099 87 27 hänsigt
816 1099 31 21 till
868 1099 139 27 maltdrycks-

177 1125 154 28 försäljningen
352 1127 83 22 kunnat
455 1127 21 22 fä
495 1127 118 28 lindringar
628 1128 7 21 i
650 1128 107 27 ätskilliga
772 1128 85 21 relativt
871 1128 63 21 svära
949 1127 58 22 stad-

178 1155 90 26 ganden.
298 1155 34 21 Nu
348 1155 39 22 har
403 1156 36 21 det
451 1156 24 27 ju
492 1157 55 20 varit
562 1157 64 25 svärt,
642 1157 26 20 dä
683 1163 50 14 man
749 1156 48 21 sökt
809 1156 139 21 konformitet
958 1156 49 21 med

178 1183 116 22 bestående
313 1184 41 27 lag.
384 1185 43 26 Jag
447 1185 36 21 vill
506 1185 27 21 dä
553 1185 101 21 särskildt
673 1184 112 22 framhålla
800 1191 26 15 en
843 1185 164 26 omständighet,

178 1217 46 16 som
241 1212 54 21 hade
311 1213 56 20 varit
382 1213 77 25 bättre,
474 1219 35 16 om
525 1213 41 22 den
581 1213 46 22 icke
646 1213 73 22 behöft
734 1213 7 21 i
757 1213 37 22 sitt
809 1213 123 22 nuvarande
948 1213 59 21 skick

176 1240 110 21 inkomma
300 1241 8 21 i
322 1241 70 27 lagen,
407 1242 19 21 d.
442 1249 19 14 v.
474 1249 17 14 s.
504 1242 128 27 stadgandet
646 1244 31 19 att
693 1242 186 27 stängningstiden
891 1241 54 22 skall
956 1248 51 15 vara

176 1269 91 21 klockan
278 1269 13 21 6
301 1270 29 26 pä
339 1269 95 22 aftonen.
457 1271 62 21 Hade
529 1270 74 27 frägan
614 1271 7 20 i
631 1270 47 21 hela
691 1271 50 21 dess
753 1271 50 21 vidd
813 1270 110 27 förelegat,
935 1270 72 21 kunde

176 1303 49 15 man
246 1298 101 27 möjligen
368 1299 77 21 vunnit
466 1299 36 21 det
521 1301 32 19 att
571 1299 186 27 stängningstiden
777 1299 66 27 nägot
857 1299 149 26 framskjutits.

175 1326 42 26 Jag
240 1326 36 21 vill
299 1327 27 20 dä
348 1327 129 27 exempelvis
500 1329 78 20 nämna
599 1327 89 22 klockan
712 1329 19 24 7,
747 1327 80 22 hvilket
849 1327 55 22 hade
924 1327 83 21 kunnat

175 1354 65 22 hafva
254 1357 58 19 ännu
328 1361 27 15 en
371 1362 71 15 annan
455 1356 113 27 betydelse,
580 1356 7 21 i
598 1357 35 20 det
643 1358 32 19 att
685 1356 24 21 sä
720 1356 134 27 smäningom
867 1356 58 21 detta
935 1355 72 22 klock-

176 1383 48 27 slag
242 1383 114 22 betecknat
372 1385 40 20 den
429 1384 106 22 allmänna
550 1385 188 26 stängningstiden
753 1384 33 21 för
802 1384 99 27 samtliga
916 1384 91 21 butiker.

175 1411 132 27 Därigenom
327 1412 56 21 hade
402 1419 49 15 man
472 1413 76 21 vunnit
568 1413 72 27 nägot,
656 1419 46 16 som
723 1413 34 21 väl
775 1413 68 27 ligger
858 1413 36 21 vid
909 1413 61 21 sidan
985 1412 25 21 af

175 1440 65 26 detta,
262 1447 48 15 men
331 1447 48 15 som
401 1441 55 22 dock
476 1443 24 20 är
515 1442 84 27 mycket
618 1441 171 27 beaktansvärdt,
805 1448 27 15 en
848 1441 123 26 minskning
985 1440 25 22 af

175 1469 41 21 den
238 1468 140 23 öfverdrifvet
399 1470 63 27 länga
480 1470 131 22 arbetstiden
627 1470 33 21 för
675 1471 112 20 biträdena
803 1471 35 21 vid
853 1469 155 22 minuthandel.
