1078 1756
55 112 29 16 25
95 111 48 21 maj.
315 112 143 16 Kommunala
470 111 164 21 odlingsfonder.
841 104 41 22 897

58 179 45 21 min
119 179 34 22 del
167 179 28 22 be
209 181 32 20 att
255 179 21 21 få
291 178 78 23 föreslå
384 181 32 20 att
431 180 178 27 borgareståndet
624 179 48 22 ville
691 179 89 22 omfatta
790 186 27 15 en
826 179 57 22 kläm

58 208 8 21 i
81 208 77 22 sådant
173 208 61 27 syfte,
249 210 31 19 att
296 208 121 26 ständerna,
432 208 69 22 under
516 208 120 27 antagande
650 208 23 21 af
685 210 33 19 att
733 208 106 27 styrelsen
854 207 29 22 äf-

59 242 41 16 ven
123 236 108 28 framgent
249 236 54 22 skall
317 237 8 21 i
340 236 49 22 mån
402 236 23 22 af
437 236 93 28 värkligt
545 236 65 22 behof
623 236 40 22 och
677 236 29 28 på
721 236 24 22 så
759 236 73 28 billiga
845 236 39 22 vil-

59 265 40 21 kor
122 272 47 14 som
192 265 83 27 möjligt
296 265 78 27 bevilja
388 265 35 21 lån
438 265 23 21 af
474 265 125 22 statsmedel
614 265 32 21 för
662 265 99 21 bildande
776 265 51 21 eller
841 264 42 22 för-

59 294 116 21 stärkande
190 294 23 21 af
225 294 138 21 kommunala
378 294 161 27 odlingsfonder
554 294 22 21 åt
591 294 27 21 de
627 294 197 26 landskommuner,
837 300 46 15 som

59 322 75 22 därom
150 322 89 27 anhålla,
254 323 64 27 lägga
333 323 59 21 detta
406 322 214 28 petitionsmemorial
635 322 31 22 till
681 322 160 28 handlingarna.

127 380 34 21 Hr
184 380 150 27 Holmberg,
356 380 63 21 Axel:
448 380 43 27 Jag
512 380 38 21 ber
568 381 32 20 att
618 366 22 35 få
655 380 132 21 understöda
801 379 26 21 hr
841 385 42 16 von

59 408 82 22 Pfalers
157 408 87 28 förslag.

128 465 158 22 Diskussionen
302 465 131 22 förklarades
448 465 99 27 afslutad,
562 465 66 22 hvarå
642 465 26 21 hr
683 465 122 21 talmannen
820 464 64 23 fram-

60 494 68 22 stälde
143 494 93 27 följande
252 494 292 27 omröstningsproposition:

129 551 39 27 De,
191 551 75 21 hvilka
287 551 118 28 godkänna
425 551 113 21 utskottets
560 551 141 27 betänkande,
720 553 59 19 rösta
791 551 42 28 ja;
852 551 31 26 de,

60 579 36 22 det
110 579 47 22 icke
167 582 60 25 göra,
243 582 59 19 rösta
317 580 47 26 nej;

128 609 79 21 vinner
229 609 42 27 nej,
301 609 42 20 har
365 608 176 28 borgareständet
562 608 103 28 omfattat
688 608 27 21 hr
738 615 43 15 von
797 608 87 28 Pfalers

59 633 90 37 förslag.
329 660 5 5 N

127 695 167 26 Propositionen
309 695 129 21 besvarades
453 695 49 20 med
517 694 157 27 öfvervägande
689 694 41 27 nej,
741 693 85 22 hvarför
836 694 48 21 bor-

61 723 142 28 gareständet,
226 723 68 22 under
310 723 120 27 antagande
445 725 32 19 att
492 723 104 27 styrelsen
612 723 61 21 äfven
688 723 107 27 framgent
810 722 74 26 skulle,

59 753 8 20 i
85 753 48 20 män
154 751 23 22 af
190 752 91 27 värkligt
296 751 66 22 behof
375 751 40 22 och
430 752 28 27 pä
473 752 25 21 sä
511 751 73 28 billiga
599 751 68 22 vilkor
683 758 46 15 som
745 751 88 27 möjligt,
851 751 33 21 be-

60 781 51 26 vilja
133 781 35 21 län
184 781 23 21 af
220 780 124 22 statsmedel
360 780 32 21 för
407 781 101 20 bildande
523 780 51 21 eller
588 779 149 22 förstärkande
752 780 23 21 af
788 780 98 21 kommu-

61 809 48 22 nala
124 809 162 27 odlingsfonder
302 809 22 21 ät
339 809 26 21 de
381 809 195 26 landskommuner,
593 815 47 15 som
655 809 74 21 därom
745 809 89 25 anhålla,
850 808 35 21 be-

60 838 62 21 slutit
145 840 32 19 att
198 837 161 28 ifrågavarande
381 837 213 28 petitionsmemorial
616 837 46 22 icke
683 837 69 22 skulle
767 837 32 22 till
814 837 71 27 någon

59 867 76 26 ätgärd
151 866 116 21 föranleda.

130 981 122 27 Föredrogs
267 980 219 22 ekonomiutskottets
496 981 35 21 vid
542 981 86 27 plenum
640 981 41 21 den
694 980 27 21 22
733 980 80 22 dennes
823 980 63 20 bord-

62 1009 63 27 lagda
148 1010 132 20 betänkande
303 1016 33 14 n:o
357 1010 26 20 13
399 1010 6 20 i
420 1010 116 26 anledning
551 1009 23 21 af
586 1011 32 19 ett
632 1009 6 21 i
654 1009 157 21 bondeständet
825 1008 62 21 väckt

63 1038 189 26 petitionsförslag,
275 1038 111 27 äsyftande
401 1038 67 27 högre
487 1038 130 27 statsanslag
633 1038 31 21 till
679 1037 153 23 hästafvelns
847 1037 40 21 be-

62 1066 149 28 främjande.

133 1124 68 21 Ordet
216 1124 104 27 begärdes
336 1124 23 21 af

132 1181 25 21 hr
173 1182 121 24 Genetz,
317 1188 46 14 som
388 1181 95 27 yttrade:
512 1181 126 27 Täydelleen
651 1180 110 28 yhdistyen
778 1179 110 22 valiokun-

63 1216 42 14 nan
121 1210 131 25 mietintöön,
268 1210 78 21 katson
361 1210 111 21 kuitenkin
489 1210 215 21 velvollisuudekseni
715 1211 58 19 ottaa
785 1208 104 27 puheeksi

63 1244 39 16 sen
125 1238 155 26 vastalauseen,
301 1238 53 27 joka
376 1245 27 15 on
419 1239 126 21 mietintöön
560 1238 83 27 liitetty.
671 1238 134 21 Perusteena
819 1238 69 20 vasta-

63 1267 127 21 lauseelleen
214 1267 111 21 mainitsee
348 1274 38 14 sen
402 1267 70 27 tekijä,
488 1269 44 19 että
546 1266 232 27 maanviljelyshallitus
794 1266 94 26 ekspert-

63 1296 44 20 tien
129 1296 72 20 avulla
223 1302 27 14 on
269 1296 105 21 äskettäin
390 1296 108 26 käsitellyt
512 1296 253 26 hevossiitoskysymystä
777 1294 24 27 ja
816 1294 74 26 tehnyt

64 1324 129 21 semmoisen
209 1324 141 26 ehdotuksen,
366 1326 43 19 että
425 1330 23 15 se
464 1324 100 27 apuraha,
577 1324 51 26 joka
644 1326 44 18 tätä
703 1324 128 20 tarkoitusta
842 1328 47 15 var-

64 1355 36 19 ten
123 1359 28 15 on
174 1359 69 15 ennen
266 1353 54 21 ollut
335 1353 112 25 olemassa,
464 1353 105 21 nimittäin
584 1352 77 23 59.000
677 1352 40 23 mk,
733 1351 157 22 korotettaisiin

63 1381 125 21 ainoastaan
210 1382 78 25 20,000
310 1382 107 25 markalla,
433 1382 37 21 siis
490 1382 76 25 79,000
581 1381 121 26 markkaan,
715 1381 22 27 ja
753 1380 48 22 sillä
815 1386 75 20 perus-

64 1410 64 21 teella
150 1410 103 21 katsonut
276 1410 182 27 tarpeettomaksi,
474 1412 44 19 että
533 1410 74 26 säädyt
623 1412 37 24 nyt
675 1410 126 26 puolestaan
817 1409 73 26 myön-

64 1438 87 22 täisivät
173 1438 91 26 100,000
286 1439 36 21 mk
342 1439 92 21 entisten
450 1438 131 27 apurahojen
596 1438 79 22 lisäksi.
703 1438 60 21 Minä
777 1438 49 20 olen
839 1437 51 20 istu-

64 1468 40 20 nut
126 1467 134 26 eksperttinä
282 1467 298 26 maanviljelyshallituksessa
599 1469 45 19 tätä
658 1467 58 21 asiaa
731 1466 60 22 siellä
806 1464 85 22 käsitel-

64 1496 73 21 täessä
156 1495 23 26 ja
201 1498 89 23 tunnen,
312 1497 44 20 että
372 1502 44 20 syy,
431 1495 63 22 miksi
510 1496 19 21 ei
544 1495 232 27 maanviljelyshallitus
791 1494 34 21 ole
841 1499 50 15 suu-

799 1534 22 17 57
