1075 1767
203 103 43 21 810
552 97 125 38 Järnvägar.
942 109 27 16 22
981 108 46 20 maj.

203 179 62 19 stone
281 178 44 21 icke
340 181 43 19 sett
397 179 57 21 inom
471 179 107 21 utskottet
593 179 39 21 och
647 178 33 22 för
694 179 42 21 min
748 184 53 21 egen
817 178 32 21 del
866 178 45 21 icke
922 185 37 14 ens
970 179 58 20 vetat

202 206 26 21 af.
259 207 38 21 Att
320 207 70 21 såsom
414 208 25 20 hr
459 208 96 21 Neovius
577 214 28 15 nu
626 209 50 25 göra
701 208 107 20 allmänna
829 206 140 22 deduktioner
989 206 38 21 och

202 235 89 21 förneka
309 236 39 20 och
367 236 94 26 förringa
482 237 100 25 motiven,
602 236 35 21 det
656 238 22 19 är
701 243 28 14 nu
745 236 45 20 icke
806 236 69 26 någon
892 236 134 27 synnerligen

203 264 49 20 svår
268 264 37 21 sak
320 265 6 20 i
342 264 70 27 dylika
425 265 204 27 järnvägsärenden,
646 272 45 14 som
708 264 39 22 hos
764 271 36 15 oss
815 264 137 22 förekomma.
978 264 48 20 Men

199 292 39 27 jag
259 293 52 21 skall
335 293 45 21 icke
401 293 55 21 fästa
470 294 101 20 afseende
587 294 35 20 vid
639 294 24 20 hr
679 293 102 22 Neovius?
797 293 142 27 andragande,
955 295 21 25 ty
989 292 38 27 jag

201 328 64 14 anser
288 324 30 18 att
343 322 24 20 hr
390 322 57 21 Sikio
468 323 65 20 redan
553 322 135 27 fullständigt
707 322 39 22 och
766 322 30 21 till
815 322 40 20 alla
871 322 58 21 delar
944 322 81 21 bemött

201 350 39 21 och
259 350 115 22 kullkastat
389 351 24 21 hr
429 350 101 22 Neovius”
546 351 137 27 påståenden.

271 379 49 21 Men
338 379 37 27 jag
391 380 70 20 kunde
477 380 45 21 icke
538 380 112 21 underlåta
669 381 31 19 att
719 380 84 20 anhålla
821 386 34 14 om
872 380 61 20 ordet
948 379 32 21 för
995 380 32 20 att

202 408 85 20 bemöta
302 408 24 20 hr
342 408 87 26 Genetz,
446 415 45 15 som
507 416 29 14 nu
553 408 48 21 ville
617 409 66 26 draga
698 408 66 22 saken
775 408 30 21 till
818 409 36 21 det
864 408 79 27 lustiga
953 408 32 20 för
995 409 32 19 att

202 436 64 21 vinna
288 436 133 21 skrattarena
443 438 28 25 pä
486 438 32 20 sin
536 438 46 20 sida
596 438 7 19 i
619 443 25 15 en
661 437 113 21 allvarsam
791 438 43 20 sak.
863 438 42 25 Jag
920 437 37 20 ber
972 438 32 19 att
1019 436 6 20 i

201 465 67 26 några
290 465 57 21 delar
371 465 22 21 tä
413 466 85 21 bemöta
519 466 85 21 honom.
634 466 42 26 Jag
692 465 53 22 skall
763 465 64 27 börja,
844 466 37 21 där
897 465 40 21 han
955 465 71 20 slutat.

201 493 49 21 Han
267 494 98 21 betackar
381 494 32 27 sig
429 494 33 21 för
478 495 41 20 den
535 495 153 26 turiströrelse,
704 501 46 14 som
767 494 68 21 skulle
850 494 72 21 kunna
937 493 88 22 tillföras

202 528 24 15 en
245 522 54 21 bana
314 522 46 21 frän
377 523 138 21 Elisenvaara
530 523 31 21 till
577 523 93 27 Nyslott.
700 523 34 21 Nu
752 523 38 21 har
806 530 48 14 man
871 524 30 19 uti
918 523 46 20 värt
976 522 49 21 land

201 551 59 26 gjort
281 551 83 27 mycket
381 551 32 21 för
432 554 31 19 att
479 553 65 26 draga
560 552 30 21 hit
605 552 95 26 turister,
716 552 106 21 härintills
838 552 38 21 har
891 558 48 14 man
955 552 71 19 ansett

201 579 35 21 det
256 579 33 21 för
304 586 25 15 en
346 580 59 27 lycka
420 583 31 18 att
466 581 72 20 landet
554 580 70 21 skulle
639 581 65 20 blifva
719 581 72 25 kändt,
807 583 31 19 att
854 581 87 20 turister
957 579 68 22 skulle

201 608 81 21 besöka
302 609 72 21 landet
397 609 38 21 och
457 609 38 21 här
517 609 90 22 likasom
623 609 7 21 i
646 610 26 21 de
691 610 67 20 andra
780 609 79 26 länder,
875 609 38 21 där
937 609 87 20 turister

200 636 71 22 färdas
291 637 6 21 i
318 639 67 20 större
406 639 58 26 grad,
486 639 73 26 Norge
578 638 38 21 och
640 638 99 26 Schweiz,
755 638 99 27 inbringa
868 638 71 21 landet
955 637 69 27 nägon

200 665 100 22 inkomst.
328 666 43 27 Jag
391 667 69 21 skulle
479 674 29 14 nu
531 673 51 15 vara
602 667 23 21 af
646 667 40 21 den
702 667 62 26 äsikt,
783 669 32 19 att
830 667 37 21 där
883 673 49 14 man
947 666 41 21 kan
1004 665 21 21 fä

200 695 150 26 turiströrelse,
371 702 34 14 om
424 696 64 21 ocksä
506 696 31 21 till
557 699 45 18 stor
621 696 33 21 del
675 696 115 21 bestäende
809 695 24 22 af
849 695 175 26 österlänningar,

201 729 48 15 man
266 723 44 21 icke
322 724 37 21 bör
371 724 66 21 afvisa
450 725 54 20 dem.
528 724 136 21 Beträffande
675 731 82 14 samma
769 724 145 21 turiströrelse
925 723 98 21 anfördes

201 751 23 21 af
236 752 26 20 hr
273 752 104 27 Hallberg
387 755 31 18 att
430 753 40 21 den
481 753 77 22 endast
569 753 68 21 skulle
648 753 96 26 försiggä
755 753 125 21 sommartid
891 752 39 21 och
942 752 81 21 således

200 780 46 21 icke
260 787 50 14 vore
320 781 22 20 af
350 782 71 26 någon
433 782 109 27 synnerlig
553 782 109 27 betydelse
673 782 38 21 och
721 784 32 19 att
764 782 40 21 den
816 782 45 21 icke
872 781 40 21 kan
921 781 102 26 jämföras

201 809 48 21 med
274 810 158 21 turiströrelsen
455 811 26 26 pä
503 811 157 20 Imatrabanan.
690 811 113 21 Utskottet
828 811 37 20 har
891 810 45 21 icke
958 809 66 21 häller

201 838 81 26 påstått
292 840 31 19 att
334 839 93 20 rörelsen
444 839 52 21 skall
512 839 65 21 blifva
593 839 23 21 sä
632 842 45 18 stor
691 846 46 14 som
751 839 28 27 pä
791 839 66 27 sagda
868 839 60 25 bana,
941 839 36 20 det
986 838 38 21 har

201 867 77 20 endast
300 867 71 21 anfört
391 868 66 26 nägra
478 868 95 27 exempel
595 868 27 27 pä
640 868 56 21 hvad
719 868 145 21 turiströrelse
879 867 32 21 för
928 873 25 15 en
970 867 55 20 bana

200 895 96 27 betyder.
326 896 43 21 Det
387 898 23 19 är
425 897 56 20 klart
496 899 31 18 att
544 897 87 21 turister
647 897 45 20 icke
708 897 84 20 komma
809 899 31 18 att
856 903 48 14 resa
919 895 106 26 vintertid,

201 926 51 19 utan
269 924 200 28 öfverhufvudtaget
483 927 24 19 är
523 926 35 20 det
574 925 32 21 väl
623 925 67 21 under
706 932 117 19 somrarna,
839 931 47 15 men
901 925 42 20 lika
953 924 72 21 säkert

200 954 24 19 är
246 954 32 19 att
301 953 25 20 de
349 953 46 21 icke
418 954 76 21 endast
515 961 49 14 resa
587 954 101 27 sjövägen
711 956 50 19 utan
778 954 63 21 ocksä
858 953 83 27 betjäna
957 953 32 26 sig
1004 953 23 20 af

198 981 96 27 järnväg,
316 984 56 19 sätta
393 983 33 26 sig
443 983 7 20 i
469 983 25 20 de
514 983 106 26 dammiga
638 989 115 20 vagnarna,
769 983 24 20 sä
809 982 82 27 mycket
904 988 59 15 mera
978 988 45 15 som

200 1009 26 21 de
238 1010 122 26 därigenom
372 1011 21 20 fä
403 1011 103 21 variation
517 1012 6 20 i
535 1012 32 20 sin
580 1018 48 14 resa
641 1011 38 21 och
692 1018 45 15 som
750 1012 26 20 de
788 1017 75 21 genom
875 1013 30 18 att
916 1010 71 21 färdas
998 1011 27 26 pä

200 1037 161 28 ifrägavarande
381 1039 92 28 järnväg
494 1040 86 21 komma
602 1042 31 19 att
658 1040 49 21 bese
729 1042 80 19 tvänne
831 1039 23 22 af
871 1039 83 21 landets
969 1040 56 19 mest

200 1067 120 21 storartade
336 1068 63 26 sjöar.

271 1096 40 21 Om
327 1096 38 27 jag
384 1096 62 22 fattat
465 1097 24 20 hr
510 1097 80 22 Genetz
614 1099 48 24 rätt,
686 1097 89 21 menade
797 1097 41 21 han
862 1099 31 18 att
915 1097 36 20 det
973 1102 51 15 vore

200 1130 26 15 en
244 1125 80 26 ganska
340 1125 49 20 liten
407 1125 102 26 landsort,
525 1133 45 14 som
587 1126 69 21 skulle
671 1126 86 21 komma
772 1127 32 20 att
819 1126 96 26 begagna
930 1131 25 14 en
970 1125 55 20 bana

200 1153 242 26 Nyslott-Elisenvaara.
465 1155 65 20 Detta
546 1156 22 19 är
584 1161 29 14 nu
629 1155 39 20 alls
684 1155 46 20 icke
741 1154 64 21 fallet.
829 1155 74 20 Såsom
913 1154 111 27 järnväys-

200 1181 94 21 komit6n
311 1182 37 21 har
364 1183 106 26 uträknat,
487 1183 68 21 skulle
570 1184 27 26 pä
612 1183 71 21 denna
697 1184 56 20 bana
770 1183 50 21 falla
839 1185 31 19 ett
888 1181 136 28 personantal

200 1209 22 21 af
236 1210 77 26 32,000
328 1217 104 20 personer
447 1212 39 21 och
502 1212 42 21 395
559 1219 103 20 personer
678 1219 38 20 per
732 1211 161 26 bankilometer,
909 1217 45 15 som
965 1211 58 26 inga-

200 1238 66 21 lunda
281 1241 23 18 är
319 1241 31 19 ett
365 1240 24 21 sä
405 1240 66 27 däligt
485 1241 28 20 tal
529 1240 33 21 för
575 1241 50 20 vära
632 1241 121 26 järnvägar.
777 1241 43 20 Det
831 1242 22 19 är
864 1240 69 27 precis
944 1245 81 16 samma

200 1267 35 25 tal,
259 1274 46 14 som
326 1267 59 22 faller
407 1269 27 26 pä
455 1269 40 20 den
516 1269 60 26 bana,
594 1269 102 21 hvarmed
715 1269 106 21 utskottet
836 1269 79 26 jämför
929 1268 95 27 Nyslott-

200 1296 143 26 Elisenvaara,
357 1297 18 21 d.
392 1304 19 14 v.
427 1304 16 14 s.
458 1297 23 21 af
494 1298 97 21 karelska
607 1298 68 21 banan
689 1298 61 21 delen
766 1297 258 22 Elisenvaara-Kaalamo.

200 1324 33 20 Hr
253 1324 81 21 Genetz
354 1325 73 27 pästär
444 1328 32 18 att
491 1326 35 21 det
542 1333 37 14 var
594 1326 88 21 alldeles
697 1328 57 19 orätt
769 1328 32 19 att
813 1326 92 26 jämföra
921 1324 102 22 bandelen

200 1352 235 28 Elisenvaara-Nyslott
450 1355 48 20 med
513 1355 104 21 bandelen
633 1355 258 25 Elisenvaara-Kaalamo;
907 1360 48 15 man
971 1354 54 20 hade

200 1381 49 21 bort
272 1382 65 26 enligt
360 1382 53 22 hans
436 1384 87 26 mening
538 1383 92 27 jämföra
649 1384 40 20 den
708 1384 112 20 tillernade
835 1384 69 20 banan
920 1383 48 21 med
984 1382 40 21 den

200 1409 34 21 del
251 1410 24 20 af
294 1410 97 22 karelska
410 1411 75 27 banan,
503 1418 46 15 som
571 1412 71 27 börjar
662 1412 48 21 med
725 1412 104 26 Joensuu,
845 1412 38 21 där
899 1411 88 21 trafiken
1000 1411 25 27 ju

200 1440 23 19 är
244 1440 70 20 sämre
334 1441 26 19 än
380 1440 7 20 i
409 1440 83 21 trakten
508 1440 23 21 af
548 1441 120 25 Sordavala,
685 1447 47 15 men
749 1441 28 21 dä
792 1440 69 21 skulle
876 1447 48 14 man
940 1440 85 21 komma

200 1467 30 20 till
247 1468 151 26 orimligheter.
422 1469 42 21 Det
480 1470 139 26 naturligaste
634 1471 23 19 är
670 1470 25 26 ju
710 1471 32 19 att
754 1469 93 27 jämföra
862 1471 78 19 tvänne
952 1470 73 24 banor,

200 1502 46 14 som
270 1496 56 27 ligga
349 1497 23 21 sä
394 1499 52 19 nära
465 1498 119 21 hvarandra
606 1498 38 21 och
663 1498 38 22 där
720 1498 206 21 ortsförhällandena
944 1500 35 19 äro
1002 1497 23 21 sä
