<?xml version="1.0" encoding="UTF-8"?>
<alto xmlns="http://www.loc.gov/standards/alto/ns-v3#" xmlns:xlink="http://www.w3.org/1999/xlink" xmlns:xsi="http://www.w3.org/2001/XMLSchema-instance" xsi:schemaLocation="http://www.loc.gov/standards/alto/ns-v3# http://www.loc.gov/alto/v3/alto-3-0.xsd">
	<Description>
		<MeasurementUnit>pixel</MeasurementUnit>
		<sourceImageInformation>
			<fileName>/tmp/tess_425oeb8x_input.PNG</fileName>
		</sourceImageInformation>
		<OCRProcessing ID="OCR_0">
			<ocrProcessingStep>
				<processingSoftware>
					<softwareName>tesseract 5.3.4</softwareName>
				</processingSoftware>
			</ocrProcessingStep>
		</OCRProcessing>
	</Description>
	<Layout>
		<Page WIDTH="1075" HEIGHT="1781" PHYSICAL_IMG_NR="0" ID="page_0">
			<PrintSpace HPOS="0" VPOS="0" WIDTH="1075" HEIGHT="1781">
				<ComposedBlock ID="cblock_0" HPOS="47" VPOS="107" WIDTH="827" HEIGHT="32">
					<TextBlock ID="block_0" HPOS="47" VPOS="107" WIDTH="827" HEIGHT="32">
						<TextLine ID="line_0" HPOS="47" VPOS="107" WIDTH="827" HEIGHT="32">
							<String ID="string_0" HPOS="47" VPOS="115" WIDTH="27" HEIGHT="17" WC="0.94" CONTENT="23"/><SP WIDTH="12" VPOS="115" HPOS="74"/>
							<String ID="string_1" HPOS="86" VPOS="114" WIDTH="47" HEIGHT="21" WC="0.96" CONTENT="maj."/><SP WIDTH="273" VPOS="114" HPOS="133"/>
							<String ID="string_2" HPOS="406" VPOS="107" WIDTH="126" HEIGHT="32" WC="0.96" CONTENT="Järnvägar."/><SP WIDTH="300" VPOS="107" HPOS="532"/>
							<String ID="string_3" HPOS="832" VPOS="110" WIDTH="42" HEIGHT="21" WC="0.95" CONTENT="833"/>
						</TextLine>
					</TextBlock>
				</ComposedBlock>
				<GraphicalElement ID="cblock_1" HPOS="48" VPOS="143" WIDTH="826" HEIGHT="5"></GraphicalElement >
				<ComposedBlock ID="cblock_2" HPOS="47" VPOS="183" WIDTH="856" HEIGHT="1204">
					<TextBlock ID="block_1" HPOS="48" VPOS="183" WIDTH="828" HEIGHT="372">
						<TextLine ID="line_1" HPOS="48" VPOS="183" WIDTH="826" HEIGHT="28">
							<String ID="string_4" HPOS="48" VPOS="183" WIDTH="60" HEIGHT="27" WC="0.96" CONTENT="fråga"/><SP WIDTH="15" VPOS="183" HPOS="108"/>
							<String ID="string_5" HPOS="123" VPOS="189" WIDTH="34" HEIGHT="15" WC="0.96" CONTENT="om"/><SP WIDTH="13" VPOS="189" HPOS="157"/>
							<String ID="string_6" HPOS="170" VPOS="183" WIDTH="89" HEIGHT="27" WC="0.96" CONTENT="jordens"/><SP WIDTH="15" VPOS="183" HPOS="259"/>
							<String ID="string_7" HPOS="274" VPOS="183" WIDTH="157" HEIGHT="27" WC="0.96" CONTENT="uppskattning"/><SP WIDTH="15" VPOS="183" HPOS="431"/>
							<String ID="string_8" HPOS="446" VPOS="183" WIDTH="36" HEIGHT="21" WC="0.96" CONTENT="det"/><SP WIDTH="14" VPOS="183" HPOS="482"/>
							<String ID="string_9" HPOS="496" VPOS="183" WIDTH="67" HEIGHT="28" WC="0.96" CONTENT="högre"/><SP WIDTH="16" VPOS="183" HPOS="563"/>
							<String ID="string_10" HPOS="579" VPOS="184" WIDTH="74" HEIGHT="21" WC="0.96" CONTENT="värdet"/><SP WIDTH="16" VPOS="184" HPOS="653"/>
							<String ID="string_11" HPOS="669" VPOS="183" WIDTH="65" HEIGHT="28" WC="0.96" CONTENT="gäller"/><SP WIDTH="16" VPOS="183" HPOS="734"/>
							<String ID="string_12" HPOS="750" VPOS="184" WIDTH="61" HEIGHT="27" WC="0.96" CONTENT="längs"/><SP WIDTH="16" VPOS="184" HPOS="811"/>
							<String ID="string_13" HPOS="827" VPOS="183" WIDTH="47" HEIGHT="22" WC="0.96" CONTENT="hela"/>
						</TextLine>
						<TextLine ID="line_2" HPOS="48" VPOS="211" WIDTH="826" HEIGHT="28">
							<String ID="string_14" HPOS="48" VPOS="212" WIDTH="72" HEIGHT="33" WC="0.93" CONTENT="linjen."/><SP WIDTH="29" VPOS="212" HPOS="120"/>
							<String ID="string_15" HPOS="149" VPOS="212" WIDTH="33" HEIGHT="21" WC="0.93" CONTENT="Hr"/><SP WIDTH="21" VPOS="212" HPOS="182"/>
							<String ID="string_16" HPOS="203" VPOS="211" WIDTH="108" HEIGHT="22" WC="0.92" CONTENT="Levonius"/><SP WIDTH="21" VPOS="211" HPOS="311"/>
							<String ID="string_17" HPOS="332" VPOS="211" WIDTH="38" HEIGHT="22" WC="0.96" CONTENT="har"/><SP WIDTH="23" VPOS="211" HPOS="370"/>
							<String ID="string_18" HPOS="393" VPOS="211" WIDTH="115" HEIGHT="22" WC="0.96" CONTENT="framhållit"/><SP WIDTH="15" VPOS="211" HPOS="508"/>
							<String ID="string_19" HPOS="523" VPOS="218" WIDTH="25" HEIGHT="15" WC="0.96" CONTENT="en"/><SP WIDTH="17" VPOS="218" HPOS="548"/>
							<String ID="string_20" HPOS="565" VPOS="212" WIDTH="165" HEIGHT="27" WC="0.96" CONTENT="omständighet,"/><SP WIDTH="16" VPOS="212" HPOS="730"/>
							<String ID="string_21" HPOS="746" VPOS="219" WIDTH="46" HEIGHT="14" WC="0.96" CONTENT="som"/><SP WIDTH="16" VPOS="219" HPOS="792"/>
							<String ID="string_22" HPOS="808" VPOS="213" WIDTH="66" HEIGHT="25" WC="0.96" CONTENT="enligt"/>
						</TextLine>
						<TextLine ID="line_3" HPOS="49" VPOS="240" WIDTH="824" HEIGHT="28">
							<String ID="string_23" HPOS="49" VPOS="241" WIDTH="43" HEIGHT="20" WC="0.95" CONTENT="min"/><SP WIDTH="24" VPOS="241" HPOS="92"/>
							<String ID="string_24" HPOS="116" VPOS="240" WIDTH="63" HEIGHT="21" WC="0.95" CONTENT="tanke"/><SP WIDTH="14" VPOS="240" HPOS="179"/>
							<String ID="string_25" HPOS="193" VPOS="241" WIDTH="8" HEIGHT="20" WC="0.93" CONTENT="i"/><SP WIDTH="19" VPOS="241" HPOS="201"/>
							<String ID="string_26" HPOS="220" VPOS="240" WIDTH="41" HEIGHT="22" WC="0.91" CONTENT="allo"/><SP WIDTH="16" VPOS="240" HPOS="261"/>
							<String ID="string_27" HPOS="277" VPOS="240" WIDTH="72" HEIGHT="21" WC="0.96" CONTENT="stöder"/><SP WIDTH="17" VPOS="240" HPOS="349"/>
							<String ID="string_28" HPOS="366" VPOS="240" WIDTH="116" HEIGHT="22" WC="0.96" CONTENT="utskottets"/><SP WIDTH="16" VPOS="240" HPOS="482"/>
							<String ID="string_29" HPOS="498" VPOS="240" WIDTH="85" HEIGHT="27" WC="0.96" CONTENT="förslag,"/><SP WIDTH="17" VPOS="240" HPOS="583"/>
							<String ID="string_30" HPOS="600" VPOS="241" WIDTH="41" HEIGHT="21" WC="0.96" CONTENT="den"/><SP WIDTH="16" VPOS="241" HPOS="641"/>
							<String ID="string_31" HPOS="657" VPOS="241" WIDTH="113" HEIGHT="27" WC="0.96" CONTENT="nämligen,"/><SP WIDTH="16" VPOS="241" HPOS="770"/>
							<String ID="string_32" HPOS="786" VPOS="243" WIDTH="36" HEIGHT="24" WC="0.96" CONTENT="att,"/><SP WIDTH="16" VPOS="243" HPOS="822"/>
							<String ID="string_33" HPOS="838" VPOS="247" WIDTH="35" HEIGHT="15" WC="0.96" CONTENT="om"/>
						</TextLine>
						<TextLine ID="line_4" HPOS="49" VPOS="269" WIDTH="825" HEIGHT="27">
							<String ID="string_34" HPOS="49" VPOS="269" WIDTH="59" HEIGHT="21" WC="0.96" CONTENT="detta"/><SP WIDTH="14" VPOS="269" HPOS="108"/>
							<String ID="string_35" HPOS="122" VPOS="269" WIDTH="80" HEIGHT="27" WC="0.93" CONTENT="förslag"/><SP WIDTH="15" VPOS="269" HPOS="202"/>
							<String ID="string_36" HPOS="217" VPOS="271" WIDTH="96" HEIGHT="25" WC="0.90" CONTENT="antoges,"/><SP WIDTH="15" VPOS="271" HPOS="313"/>
							<String ID="string_37" HPOS="328" VPOS="269" WIDTH="156" HEIGHT="21" WC="0.96" CONTENT="kommunerna"/><SP WIDTH="15" VPOS="269" HPOS="484"/>
							<String ID="string_38" HPOS="499" VPOS="275" WIDTH="52" HEIGHT="16" WC="0.95" CONTENT="vore."/><SP WIDTH="15" VPOS="275" HPOS="551"/>
							<String ID="string_39" HPOS="566" VPOS="270" WIDTH="145" HEIGHT="21" WC="0.95" CONTENT="intresserade"/><SP WIDTH="15" VPOS="270" HPOS="711"/>
							<String ID="string_40" HPOS="726" VPOS="269" WIDTH="22" HEIGHT="22" WC="0.96" CONTENT="af"/><SP WIDTH="13" VPOS="269" HPOS="748"/>
							<String ID="string_41" HPOS="761" VPOS="272" WIDTH="32" HEIGHT="19" WC="0.96" CONTENT="att"/><SP WIDTH="7" VPOS="272" HPOS="793"/>
							<String ID="string_42" HPOS="800" VPOS="258" WIDTH="74" HEIGHT="33" WC="0.92" CONTENT="värde-"/>
						</TextLine>
						<TextLine ID="line_5" HPOS="49" VPOS="297" WIDTH="826" HEIGHT="28">
							<String ID="string_43" HPOS="49" VPOS="298" WIDTH="75" HEIGHT="27" WC="0.96" CONTENT="ringen"/><SP WIDTH="16" VPOS="298" HPOS="124"/>
							<String ID="string_44" HPOS="140" VPOS="297" WIDTH="65" HEIGHT="22" WC="0.96" CONTENT="hålles"/><SP WIDTH="16" VPOS="297" HPOS="205"/>
							<String ID="string_45" HPOS="221" VPOS="298" WIDTH="57" HEIGHT="21" WC="0.96" CONTENT="inom"/><SP WIDTH="17" VPOS="298" HPOS="278"/>
							<String ID="string_46" HPOS="295" VPOS="297" WIDTH="81" HEIGHT="27" WC="0.95" CONTENT="skäliga"/><SP WIDTH="15" VPOS="297" HPOS="376"/>
							<String ID="string_47" HPOS="391" VPOS="299" WIDTH="94" HEIGHT="26" WC="0.95" CONTENT="gränser."/><SP WIDTH="30" VPOS="299" HPOS="485"/>
							<String ID="string_48" HPOS="515" VPOS="298" WIDTH="49" HEIGHT="21" WC="0.93" CONTENT="Han"/><SP WIDTH="16" VPOS="298" HPOS="564"/>
							<String ID="string_49" HPOS="580" VPOS="298" WIDTH="38" HEIGHT="21" WC="0.96" CONTENT="har"/><SP WIDTH="11" VPOS="298" HPOS="618"/>
							<String ID="string_50" HPOS="629" VPOS="298" WIDTH="125" HEIGHT="27" WC="0.92" CONTENT="visserligen"/><SP WIDTH="16" VPOS="298" HPOS="754"/>
							<String ID="string_51" HPOS="770" VPOS="298" WIDTH="105" HEIGHT="21" WC="0.91" CONTENT="förmenat"/>
						</TextLine>
						<TextLine ID="line_6" HPOS="48" VPOS="326" WIDTH="828" HEIGHT="28">
							<String ID="string_52" HPOS="48" VPOS="329" WIDTH="32" HEIGHT="18" WC="0.96" CONTENT="att"/><SP WIDTH="15" VPOS="329" HPOS="80"/>
							<String ID="string_53" HPOS="95" VPOS="327" WIDTH="59" HEIGHT="20" WC="0.96" CONTENT="detta"/><SP WIDTH="15" VPOS="327" HPOS="154"/>
							<String ID="string_54" HPOS="169" VPOS="326" WIDTH="68" HEIGHT="21" WC="0.96" CONTENT="skulle"/><SP WIDTH="16" VPOS="326" HPOS="237"/>
							<String ID="string_55" HPOS="253" VPOS="333" WIDTH="50" HEIGHT="14" WC="0.96" CONTENT="vara"/><SP WIDTH="15" VPOS="333" HPOS="303"/>
							<String ID="string_56" HPOS="318" VPOS="326" WIDTH="83" HEIGHT="27" WC="0.96" CONTENT="möjligt"/><SP WIDTH="15" VPOS="326" HPOS="401"/>
							<String ID="string_57" HPOS="416" VPOS="327" WIDTH="77" HEIGHT="20" WC="0.96" CONTENT="endast"/><SP WIDTH="14" VPOS="327" HPOS="493"/>
							<String ID="string_58" HPOS="507" VPOS="327" WIDTH="7" HEIGHT="21" WC="0.96" CONTENT="i"/><SP WIDTH="15" VPOS="327" HPOS="514"/>
							<String ID="string_59" HPOS="529" VPOS="327" WIDTH="60" HEIGHT="27" WC="0.96" CONTENT="fråga"/><SP WIDTH="16" VPOS="327" HPOS="589"/>
							<String ID="string_60" HPOS="605" VPOS="333" WIDTH="34" HEIGHT="15" WC="0.96" CONTENT="om"/><SP WIDTH="16" VPOS="333" HPOS="639"/>
							<String ID="string_61" HPOS="655" VPOS="327" WIDTH="183" HEIGHT="27" WC="0.96" CONTENT="uppskattningen"/><SP WIDTH="16" VPOS="327" HPOS="838"/>
							<String ID="string_62" HPOS="854" VPOS="327" WIDTH="22" HEIGHT="20" WC="0.96" CONTENT="af"/>
						</TextLine>
						<TextLine ID="line_7" HPOS="49" VPOS="355" WIDTH="825" HEIGHT="27">
							<String ID="string_63" HPOS="49" VPOS="355" WIDTH="170" HEIGHT="27" WC="0.91" CONTENT="olägenheterna,"/><SP WIDTH="15" VPOS="355" HPOS="219"/>
							<String ID="string_64" HPOS="234" VPOS="357" WIDTH="32" HEIGHT="19" WC="0.96" CONTENT="att"/><SP WIDTH="14" VPOS="357" HPOS="266"/>
							<String ID="string_65" HPOS="280" VPOS="355" WIDTH="76" HEIGHT="21" WC="0.96" CONTENT="endast"/><SP WIDTH="15" VPOS="355" HPOS="356"/>
							<String ID="string_66" HPOS="371" VPOS="355" WIDTH="7" HEIGHT="21" WC="0.96" CONTENT="i"/><SP WIDTH="14" VPOS="355" HPOS="378"/>
							<String ID="string_67" HPOS="392" VPOS="355" WIDTH="60" HEIGHT="27" WC="0.96" CONTENT="fråga"/><SP WIDTH="15" VPOS="355" HPOS="452"/>
							<String ID="string_68" HPOS="467" VPOS="361" WIDTH="35" HEIGHT="15" WC="0.96" CONTENT="om"/><SP WIDTH="16" VPOS="361" HPOS="502"/>
							<String ID="string_69" HPOS="518" VPOS="355" WIDTH="48" HEIGHT="22" WC="0.93" CONTENT="dem"/><SP WIDTH="11" VPOS="355" HPOS="566"/>
							<String ID="string_70" HPOS="577" VPOS="355" WIDTH="219" HEIGHT="22" WC="0.91" CONTENT="öfverenskommelse"/><SP WIDTH="10" VPOS="355" HPOS="796"/>
							<String ID="string_71" HPOS="806" VPOS="355" WIDTH="68" HEIGHT="22" WC="0.96" CONTENT="skulle"/>
						</TextLine>
						<TextLine ID="line_8" HPOS="49" VPOS="383" WIDTH="825" HEIGHT="28">
							<String ID="string_72" HPOS="49" VPOS="384" WIDTH="28" HEIGHT="27" WC="0.96" CONTENT="på"/><SP WIDTH="14" VPOS="384" HPOS="77"/>
							<String ID="string_73" HPOS="91" VPOS="383" WIDTH="90" HEIGHT="22" WC="0.95" CONTENT="förhand"/><SP WIDTH="15" VPOS="383" HPOS="181"/>
							<String ID="string_74" HPOS="196" VPOS="383" WIDTH="73" HEIGHT="22" WC="0.93" CONTENT="kunna"/><SP WIDTH="15" VPOS="383" HPOS="269"/>
							<String ID="string_75" HPOS="284" VPOS="390" WIDTH="39" HEIGHT="21" WC="0.92" CONTENT="ega"/><SP WIDTH="15" VPOS="390" HPOS="323"/>
							<String ID="string_76" HPOS="338" VPOS="390" WIDTH="47" HEIGHT="15" WC="0.96" CONTENT="rum"/><SP WIDTH="17" VPOS="390" HPOS="385"/>
							<String ID="string_77" HPOS="402" VPOS="384" WIDTH="48" HEIGHT="21" WC="0.93" CONTENT="med"/><SP WIDTH="13" VPOS="384" HPOS="450"/>
							<String ID="string_78" HPOS="463" VPOS="384" WIDTH="148" HEIGHT="27" WC="0.92" CONTENT="jordegarena."/><SP WIDTH="16" VPOS="384" HPOS="611"/>
							<String ID="string_79" HPOS="627" VPOS="384" WIDTH="75" HEIGHT="22" WC="0.93" CONTENT="Sävidt"/><SP WIDTH="5" VPOS="384" HPOS="702"/>
							<String ID="string_80" HPOS="707" VPOS="385" WIDTH="37" HEIGHT="26" WC="0.97" CONTENT="jag"/><SP WIDTH="8" VPOS="385" HPOS="744"/>
							<String ID="string_81" HPOS="752" VPOS="385" WIDTH="41" HEIGHT="20" WC="0.96" CONTENT="kan"/><SP WIDTH="9" VPOS="385" HPOS="793"/>
							<String ID="string_82" HPOS="802" VPOS="384" WIDTH="72" HEIGHT="26" WC="0.96" CONTENT="förstå,"/>
						</TextLine>
						<TextLine ID="line_9" HPOS="49" VPOS="412" WIDTH="824" HEIGHT="27">
							<String ID="string_83" HPOS="49" VPOS="415" WIDTH="23" HEIGHT="19" WC="0.96" CONTENT="är"/><SP WIDTH="23" VPOS="415" HPOS="72"/>
							<String ID="string_84" HPOS="95" VPOS="413" WIDTH="36" HEIGHT="21" WC="0.96" CONTENT="det"/><SP WIDTH="20" VPOS="413" HPOS="131"/>
							<String ID="string_85" HPOS="151" VPOS="413" WIDTH="43" HEIGHT="21" WC="0.96" CONTENT="lika"/><SP WIDTH="22" VPOS="413" HPOS="194"/>
							<String ID="string_86" HPOS="216" VPOS="412" WIDTH="83" HEIGHT="27" WC="0.96" CONTENT="möjligt"/><SP WIDTH="14" VPOS="412" HPOS="299"/>
							<String ID="string_87" HPOS="313" VPOS="412" WIDTH="39" HEIGHT="21" WC="0.96" CONTENT="och"/><SP WIDTH="16" VPOS="412" HPOS="352"/>
							<String ID="string_88" HPOS="368" VPOS="412" WIDTH="32" HEIGHT="21" WC="0.96" CONTENT="till"/><SP WIDTH="15" VPOS="412" HPOS="400"/>
							<String ID="string_89" HPOS="415" VPOS="412" WIDTH="39" HEIGHT="22" WC="0.94" CONTENT="och"/><SP WIDTH="15" VPOS="412" HPOS="454"/>
							<String ID="string_90" HPOS="469" VPOS="413" WIDTH="49" HEIGHT="21" WC="0.96" CONTENT="med"/><SP WIDTH="16" VPOS="413" HPOS="518"/>
							<String ID="string_91" HPOS="534" VPOS="419" WIDTH="59" HEIGHT="15" WC="0.96" CONTENT="mera"/><SP WIDTH="14" VPOS="419" HPOS="593"/>
							<String ID="string_92" HPOS="607" VPOS="413" WIDTH="109" HEIGHT="22" WC="0.96" CONTENT="sannolikt"/><SP WIDTH="15" VPOS="413" HPOS="716"/>
							<String ID="string_93" HPOS="731" VPOS="416" WIDTH="31" HEIGHT="18" WC="0.93" CONTENT="att"/><SP WIDTH="15" VPOS="416" HPOS="762"/>
							<String ID="string_94" HPOS="777" VPOS="413" WIDTH="96" HEIGHT="21" WC="0.92" CONTENT="kommu-"/>
						</TextLine>
						<TextLine ID="line_10" HPOS="49" VPOS="441" WIDTH="825" HEIGHT="28">
							<String ID="string_95" HPOS="49" VPOS="447" WIDTH="67" HEIGHT="16" WC="0.91" CONTENT="nerna"/><SP WIDTH="21" VPOS="447" HPOS="116"/>
							<String ID="string_96" HPOS="137" VPOS="442" WIDTH="7" HEIGHT="21" WC="0.90" CONTENT="i"/><SP WIDTH="21" VPOS="442" HPOS="144"/>
							<String ID="string_97" HPOS="165" VPOS="441" WIDTH="61" HEIGHT="27" WC="0.92" CONTENT="fräga"/><SP WIDTH="22" VPOS="441" HPOS="226"/>
							<String ID="string_98" HPOS="248" VPOS="447" WIDTH="35" HEIGHT="15" WC="0.91" CONTENT="om"/><SP WIDTH="23" VPOS="447" HPOS="283"/>
							<String ID="string_99" HPOS="306" VPOS="441" WIDTH="183" HEIGHT="27" WC="0.91" CONTENT="uppskattningen"/><SP WIDTH="25" VPOS="441" HPOS="489"/>
							<String ID="string_100" HPOS="514" VPOS="441" WIDTH="23" HEIGHT="22" WC="0.93" CONTENT="af"/><SP WIDTH="14" VPOS="441" HPOS="537"/>
							<String ID="string_101" HPOS="551" VPOS="441" WIDTH="75" HEIGHT="28" WC="0.92" CONTENT="själfva"/><SP WIDTH="11" VPOS="441" HPOS="626"/>
							<String ID="string_102" HPOS="637" VPOS="442" WIDTH="85" HEIGHT="27" WC="0.92" CONTENT="jorden,"/><SP WIDTH="16" VPOS="442" HPOS="722"/>
							<String ID="string_103" HPOS="738" VPOS="442" WIDTH="37" HEIGHT="21" WC="0.96" CONTENT="där"/><SP WIDTH="16" VPOS="442" HPOS="775"/>
							<String ID="string_104" HPOS="791" VPOS="442" WIDTH="83" HEIGHT="27" WC="0.96" CONTENT="mycket"/>
						</TextLine>
						<TextLine ID="line_11" HPOS="50" VPOS="469" WIDTH="826" HEIGHT="28">
							<String ID="string_105" HPOS="50" VPOS="470" WIDTH="87" HEIGHT="21" WC="0.89" CONTENT="säkrare"/><SP WIDTH="22" VPOS="470" HPOS="137"/>
							<String ID="string_106" HPOS="159" VPOS="476" WIDTH="86" HEIGHT="15" WC="0.89" CONTENT="normer"/><SP WIDTH="22" VPOS="476" HPOS="245"/>
							<String ID="string_107" HPOS="267" VPOS="469" WIDTH="68" HEIGHT="22" WC="0.96" CONTENT="finnas"/><SP WIDTH="16" VPOS="469" HPOS="335"/>
							<String ID="string_108" HPOS="351" VPOS="470" WIDTH="32" HEIGHT="21" WC="0.93" CONTENT="att"/><SP WIDTH="15" VPOS="470" HPOS="383"/>
							<String ID="string_109" HPOS="398" VPOS="470" WIDTH="59" HEIGHT="27" WC="0.92" CONTENT="tillgä"/><SP WIDTH="14" VPOS="470" HPOS="457"/>
							<String ID="string_110" HPOS="471" VPOS="470" WIDTH="8" HEIGHT="21" WC="0.96" CONTENT="i"/><SP WIDTH="15" VPOS="470" HPOS="479"/>
							<String ID="string_111" HPOS="494" VPOS="471" WIDTH="36" HEIGHT="20" WC="0.93" CONTENT="det"/><SP WIDTH="15" VPOS="471" HPOS="530"/>
							<String ID="string_112" HPOS="545" VPOS="471" WIDTH="50" HEIGHT="26" WC="0.93" CONTENT="pris,"/><SP WIDTH="17" VPOS="471" HPOS="595"/>
							<String ID="string_113" HPOS="612" VPOS="477" WIDTH="46" HEIGHT="15" WC="0.93" CONTENT="som"/><SP WIDTH="17" VPOS="477" HPOS="658"/>
							<String ID="string_114" HPOS="675" VPOS="470" WIDTH="201" HEIGHT="27" WC="0.92" CONTENT="öfverhufvudtaget"/>
						</TextLine>
						<TextLine ID="line_12" HPOS="50" VPOS="498" WIDTH="823" HEIGHT="28">
							<String ID="string_115" HPOS="50" VPOS="501" WIDTH="23" HEIGHT="19" WC="0.96" CONTENT="är"/><SP WIDTH="16" VPOS="501" HPOS="73"/>
							<String ID="string_116" HPOS="89" VPOS="499" WIDTH="96" HEIGHT="27" WC="0.94" CONTENT="gällande"/><SP WIDTH="15" VPOS="499" HPOS="185"/>
							<String ID="string_117" HPOS="200" VPOS="499" WIDTH="27" HEIGHT="27" WC="0.93" CONTENT="pä"/><SP WIDTH="15" VPOS="499" HPOS="227"/>
							<String ID="string_118" HPOS="242" VPOS="501" WIDTH="68" HEIGHT="24" WC="0.92" CONTENT="orten,"/><SP WIDTH="15" VPOS="501" HPOS="310"/>
							<String ID="string_119" HPOS="325" VPOS="501" WIDTH="32" HEIGHT="19" WC="0.96" CONTENT="att"/><SP WIDTH="14" VPOS="501" HPOS="357"/>
							<String ID="string_120" HPOS="371" VPOS="499" WIDTH="7" HEIGHT="20" WC="0.93" CONTENT="i"/><SP WIDTH="13" VPOS="499" HPOS="378"/>
							<String ID="string_121" HPOS="391" VPOS="498" WIDTH="60" HEIGHT="28" WC="0.92" CONTENT="fräga"/><SP WIDTH="15" VPOS="498" HPOS="451"/>
							<String ID="string_122" HPOS="466" VPOS="505" WIDTH="35" HEIGHT="15" WC="0.96" CONTENT="om"/><SP WIDTH="16" VPOS="505" HPOS="501"/>
							<String ID="string_123" HPOS="517" VPOS="499" WIDTH="70" HEIGHT="22" WC="0.96" CONTENT="denna"/><SP WIDTH="15" VPOS="499" HPOS="587"/>
							<String ID="string_124" HPOS="602" VPOS="499" WIDTH="34" HEIGHT="21" WC="0.96" CONTENT="del"/><SP WIDTH="15" VPOS="499" HPOS="636"/>
							<String ID="string_125" HPOS="651" VPOS="499" WIDTH="23" HEIGHT="21" WC="0.93" CONTENT="af"/><SP WIDTH="13" VPOS="499" HPOS="674"/>
							<String ID="string_126" HPOS="687" VPOS="499" WIDTH="186" HEIGHT="27" WC="0.92" CONTENT="expropriationen"/>
						</TextLine>
						<TextLine ID="line_13" HPOS="50" VPOS="527" WIDTH="826" HEIGHT="28">
							<String ID="string_127" HPOS="50" VPOS="534" WIDTH="26" HEIGHT="15" WC="0.92" CONTENT="en"/><SP WIDTH="15" VPOS="534" HPOS="76"/>
							<String ID="string_128" HPOS="91" VPOS="528" WIDTH="140" HEIGHT="27" WC="0.89" CONTENT="pätryckning"/><SP WIDTH="15" VPOS="528" HPOS="231"/>
							<String ID="string_129" HPOS="246" VPOS="527" WIDTH="49" HEIGHT="22" WC="0.91" CONTENT="frän"/><SP WIDTH="15" VPOS="527" HPOS="295"/>
							<String ID="string_130" HPOS="310" VPOS="528" WIDTH="142" HEIGHT="21" WC="0.96" CONTENT="kommunens"/><SP WIDTH="17" VPOS="528" HPOS="452"/>
							<String ID="string_131" HPOS="469" VPOS="528" WIDTH="46" HEIGHT="21" WC="0.96" CONTENT="sida"/><SP WIDTH="15" VPOS="528" HPOS="515"/>
							<String ID="string_132" HPOS="530" VPOS="528" WIDTH="48" HEIGHT="21" WC="0.93" CONTENT="med"/><SP WIDTH="15" VPOS="528" HPOS="578"/>
							<String ID="string_133" HPOS="593" VPOS="528" WIDTH="113" HEIGHT="27" WC="0.92" CONTENT="framgäng"/><SP WIDTH="13" VPOS="528" HPOS="706"/>
							<String ID="string_134" HPOS="719" VPOS="528" WIDTH="40" HEIGHT="21" WC="0.93" CONTENT="kan"/><SP WIDTH="12" VPOS="528" HPOS="759"/>
							<String ID="string_135" HPOS="771" VPOS="534" WIDTH="39" HEIGHT="21" WC="0.93" CONTENT="ega"/><SP WIDTH="11" VPOS="534" HPOS="810"/>
							<String ID="string_136" HPOS="821" VPOS="534" WIDTH="55" HEIGHT="15" WC="0.96" CONTENT="rum."/>
						</TextLine>
					</TextBlock>
					<TextBlock ID="block_2" HPOS="47" VPOS="556" WIDTH="856" HEIGHT="831">
						<TextLine ID="line_14" HPOS="119" VPOS="556" WIDTH="754" HEIGHT="28">
							<String ID="string_137" HPOS="119" VPOS="557" WIDTH="62" HEIGHT="21" WC="0.92" CONTENT="Hvad"/><SP WIDTH="23" VPOS="557" HPOS="181"/>
							<String ID="string_138" HPOS="204" VPOS="562" WIDTH="47" HEIGHT="15" WC="0.96" CONTENT="som"/><SP WIDTH="20" VPOS="562" HPOS="251"/>
							<String ID="string_139" HPOS="271" VPOS="556" WIDTH="65" HEIGHT="27" WC="0.95" CONTENT="gäller"/><SP WIDTH="15" VPOS="556" HPOS="336"/>
							<String ID="string_140" HPOS="351" VPOS="562" WIDTH="36" HEIGHT="16" WC="0.93" CONTENT="om"/><SP WIDTH="16" VPOS="562" HPOS="387"/>
							<String ID="string_141" HPOS="403" VPOS="557" WIDTH="190" HEIGHT="27" WC="0.91" CONTENT="expropriationen"/><SP WIDTH="15" VPOS="557" HPOS="593"/>
							<String ID="string_142" HPOS="608" VPOS="557" WIDTH="165" HEIGHT="21" WC="0.92" CONTENT="vidkommande"/><SP WIDTH="16" VPOS="557" HPOS="773"/>
							<String ID="string_143" HPOS="789" VPOS="557" WIDTH="84" HEIGHT="27" WC="0.92" CONTENT="olägen-"/>
						</TextLine>
						<TextLine ID="line_15" HPOS="50" VPOS="584" WIDTH="823" HEIGHT="28">
							<String ID="string_144" HPOS="50" VPOS="585" WIDTH="88" HEIGHT="22" WC="0.90" CONTENT="heterna"/><SP WIDTH="14" VPOS="585" HPOS="138"/>
							<String ID="string_145" HPOS="152" VPOS="585" WIDTH="23" HEIGHT="21" WC="0.96" CONTENT="af"/><SP WIDTH="12" VPOS="585" HPOS="175"/>
							<String ID="string_146" HPOS="187" VPOS="591" WIDTH="27" HEIGHT="15" WC="0.93" CONTENT="en"/><SP WIDTH="13" VPOS="591" HPOS="214"/>
							<String ID="string_147" HPOS="227" VPOS="585" WIDTH="102" HEIGHT="27" WC="0.93" CONTENT="järnvägs"/><SP WIDTH="15" VPOS="585" HPOS="329"/>
							<String ID="string_148" HPOS="344" VPOS="584" WIDTH="120" HEIGHT="28" WC="0.92" CONTENT="utförande,"/><SP WIDTH="15" VPOS="584" HPOS="464"/>
							<String ID="string_149" HPOS="479" VPOS="586" WIDTH="37" HEIGHT="21" WC="0.96" CONTENT="det"/><SP WIDTH="14" VPOS="586" HPOS="516"/>
							<String ID="string_150" HPOS="530" VPOS="585" WIDTH="41" HEIGHT="21" WC="0.96" CONTENT="kan"/><SP WIDTH="16" VPOS="585" HPOS="571"/>
							<String ID="string_151" HPOS="587" VPOS="586" WIDTH="7" HEIGHT="20" WC="0.93" CONTENT="i"/><SP WIDTH="15" VPOS="586" HPOS="594"/>
							<String ID="string_152" HPOS="609" VPOS="585" WIDTH="121" HEIGHT="22" WC="0.93" CONTENT="hufvudsak"/><SP WIDTH="8" VPOS="585" HPOS="730"/>
							<String ID="string_153" HPOS="738" VPOS="586" WIDTH="65" HEIGHT="21" WC="0.93" CONTENT="ocksä"/><SP WIDTH="8" VPOS="586" HPOS="803"/>
							<String ID="string_154" HPOS="811" VPOS="587" WIDTH="62" HEIGHT="25" WC="0.92" CONTENT="sägas"/>
						</TextLine>
						<TextLine ID="line_16" HPOS="50" VPOS="614" WIDTH="825" HEIGHT="27">
							<String ID="string_155" HPOS="50" VPOS="620" WIDTH="35" HEIGHT="15" WC="0.92" CONTENT="om"/><SP WIDTH="25" VPOS="620" HPOS="85"/>
							<String ID="string_156" HPOS="110" VPOS="614" WIDTH="186" HEIGHT="27" WC="0.83" CONTENT="expropriationen"/><SP WIDTH="23" VPOS="614" HPOS="296"/>
							<String ID="string_157" HPOS="319" VPOS="614" WIDTH="165" HEIGHT="22" WC="0.93" CONTENT="vidkommande"/><SP WIDTH="23" VPOS="614" HPOS="484"/>
							<String ID="string_158" HPOS="507" VPOS="614" WIDTH="75" HEIGHT="27" WC="0.87" CONTENT="själfva"/><SP WIDTH="17" VPOS="614" HPOS="582"/>
							<String ID="string_159" HPOS="599" VPOS="614" WIDTH="88" HEIGHT="27" WC="0.96" CONTENT="jorden;"/><SP WIDTH="24" VPOS="614" HPOS="687"/>
							<String ID="string_160" HPOS="711" VPOS="614" WIDTH="26" HEIGHT="22" WC="0.92" CONTENT="de"/><SP WIDTH="15" VPOS="614" HPOS="737"/>
							<String ID="string_161" HPOS="752" VPOS="616" WIDTH="37" HEIGHT="19" WC="0.96" CONTENT="äro"/><SP WIDTH="16" VPOS="616" HPOS="789"/>
							<String ID="string_162" HPOS="805" VPOS="614" WIDTH="23" HEIGHT="21" WC="0.96" CONTENT="sä"/><SP WIDTH="16" VPOS="614" HPOS="828"/>
							<String ID="string_163" HPOS="844" VPOS="614" WIDTH="31" HEIGHT="21" WC="0.96" CONTENT="till"/>
						</TextLine>
						<TextLine ID="line_17" HPOS="50" VPOS="642" WIDTH="826" HEIGHT="28">
							<String ID="string_164" HPOS="50" VPOS="643" WIDTH="40" HEIGHT="21" WC="0.96" CONTENT="den"/><SP WIDTH="24" VPOS="643" HPOS="90"/>
							<String ID="string_165" HPOS="114" VPOS="643" WIDTH="52" HEIGHT="27" WC="0.93" CONTENT="grad"/><SP WIDTH="22" VPOS="643" HPOS="166"/>
							<String ID="string_166" HPOS="188" VPOS="642" WIDTH="121" HEIGHT="22" WC="0.93" CONTENT="förbundna"/><SP WIDTH="15" VPOS="642" HPOS="309"/>
							<String ID="string_167" HPOS="324" VPOS="642" WIDTH="68" HEIGHT="26" WC="0.96" CONTENT="saker,"/><SP WIDTH="16" VPOS="642" HPOS="392"/>
							<String ID="string_168" HPOS="408" VPOS="644" WIDTH="32" HEIGHT="20" WC="0.96" CONTENT="att"/><SP WIDTH="15" VPOS="644" HPOS="440"/>
							<String ID="string_169" HPOS="455" VPOS="649" WIDTH="48" HEIGHT="15" WC="0.93" CONTENT="man"/><SP WIDTH="16" VPOS="649" HPOS="503"/>
							<String ID="string_170" HPOS="519" VPOS="642" WIDTH="46" HEIGHT="22" WC="0.89" CONTENT="icke"/><SP WIDTH="15" VPOS="642" HPOS="565"/>
							<String ID="string_171" HPOS="580" VPOS="643" WIDTH="39" HEIGHT="21" WC="0.93" CONTENT="bör"/><SP WIDTH="16" VPOS="643" HPOS="619"/>
							<String ID="string_172" HPOS="635" VPOS="642" WIDTH="62" HEIGHT="28" WC="0.92" CONTENT="skilja"/><SP WIDTH="15" VPOS="642" HPOS="697"/>
							<String ID="string_173" HPOS="712" VPOS="643" WIDTH="47" HEIGHT="21" WC="0.95" CONTENT="dem"/><SP WIDTH="17" VPOS="643" HPOS="759"/>
							<String ID="string_174" HPOS="776" VPOS="643" WIDTH="27" HEIGHT="21" WC="0.95" CONTENT="ät."/><SP WIDTH="30" VPOS="643" HPOS="803"/>
							<String ID="string_175" HPOS="833" VPOS="643" WIDTH="43" HEIGHT="21" WC="0.96" CONTENT="Det"/>
						</TextLine>
						<TextLine ID="line_18" HPOS="50" VPOS="671" WIDTH="825" HEIGHT="27">
							<String ID="string_176" HPOS="50" VPOS="672" WIDTH="60" HEIGHT="25" WC="0.96" CONTENT="enda,"/><SP WIDTH="22" VPOS="672" HPOS="110"/>
							<String ID="string_177" HPOS="132" VPOS="678" WIDTH="46" HEIGHT="14" WC="0.96" CONTENT="som"/><SP WIDTH="23" VPOS="678" HPOS="178"/>
							<String ID="string_178" HPOS="201" VPOS="671" WIDTH="41" HEIGHT="21" WC="0.92" CONTENT="kan"/><SP WIDTH="23" VPOS="671" HPOS="242"/>
							<String ID="string_179" HPOS="265" VPOS="671" WIDTH="62" HEIGHT="21" WC="0.96" CONTENT="exakt"/><SP WIDTH="22" VPOS="671" HPOS="327"/>
							<String ID="string_180" HPOS="349" VPOS="672" WIDTH="137" HEIGHT="26" WC="0.95" CONTENT="bestämmas,"/><SP WIDTH="19" VPOS="672" HPOS="486"/>
							<String ID="string_181" HPOS="505" VPOS="673" WIDTH="23" HEIGHT="19" WC="0.96" CONTENT="är"/><SP WIDTH="15" VPOS="673" HPOS="528"/>
							<String ID="string_182" HPOS="543" VPOS="671" WIDTH="146" HEIGHT="22" WC="0.96" CONTENT="kostnaderna"/><SP WIDTH="15" VPOS="671" HPOS="689"/>
							<String ID="string_183" HPOS="704" VPOS="671" WIDTH="34" HEIGHT="21" WC="0.93" CONTENT="för"/><SP WIDTH="16" VPOS="671" HPOS="738"/>
							<String ID="string_184" HPOS="754" VPOS="672" WIDTH="121" HEIGHT="26" WC="0.91" CONTENT="expropria-"/>
						</TextLine>
						<TextLine ID="line_19" HPOS="49" VPOS="700" WIDTH="825" HEIGHT="27">
							<String ID="string_185" HPOS="49" VPOS="700" WIDTH="84" HEIGHT="22" WC="0.89" CONTENT="tionens"/><SP WIDTH="23" VPOS="700" HPOS="133"/>
							<String ID="string_186" HPOS="156" VPOS="700" WIDTH="163" HEIGHT="25" WC="0.92" CONTENT="värkställande,"/><SP WIDTH="18" VPOS="700" HPOS="319"/>
							<String ID="string_187" HPOS="337" VPOS="700" WIDTH="40" HEIGHT="21" WC="0.96" CONTENT="och"/><SP WIDTH="19" VPOS="700" HPOS="377"/>
							<String ID="string_188" HPOS="396" VPOS="700" WIDTH="6" HEIGHT="21" WC="0.96" CONTENT="i"/><SP WIDTH="16" VPOS="700" HPOS="402"/>
							<String ID="string_189" HPOS="418" VPOS="700" WIDTH="40" HEIGHT="22" WC="0.96" CONTENT="den"/><SP WIDTH="16" VPOS="700" HPOS="458"/>
							<String ID="string_190" HPOS="474" VPOS="702" WIDTH="68" HEIGHT="25" WC="0.96" CONTENT="vägen"/><SP WIDTH="17" VPOS="702" HPOS="542"/>
							<String ID="string_191" HPOS="559" VPOS="700" WIDTH="71" HEIGHT="22" WC="0.96" CONTENT="kunde"/><SP WIDTH="13" VPOS="700" HPOS="630"/>
							<String ID="string_192" HPOS="643" VPOS="700" WIDTH="38" HEIGHT="27" WC="0.93" CONTENT="jag"/><SP WIDTH="15" VPOS="700" HPOS="681"/>
							<String ID="string_193" HPOS="696" VPOS="700" WIDTH="100" HEIGHT="27" WC="0.92" CONTENT="möjligen"/><SP WIDTH="17" VPOS="700" HPOS="796"/>
							<String ID="string_194" HPOS="813" VPOS="700" WIDTH="27" HEIGHT="27" WC="0.93" CONTENT="gä"/><SP WIDTH="14" VPOS="700" HPOS="840"/>
							<String ID="string_195" HPOS="854" VPOS="700" WIDTH="20" HEIGHT="21" WC="0.96" CONTENT="in"/>
						</TextLine>
						<TextLine ID="line_20" HPOS="49" VPOS="728" WIDTH="827" HEIGHT="28">
							<String ID="string_196" HPOS="49" VPOS="729" WIDTH="28" HEIGHT="27" WC="0.96" CONTENT="pä"/><SP WIDTH="14" VPOS="729" HPOS="77"/>
							<String ID="string_197" HPOS="91" VPOS="728" WIDTH="25" HEIGHT="22" WC="0.93" CONTENT="hr"/><SP WIDTH="16" VPOS="728" HPOS="116"/>
							<String ID="string_198" HPOS="132" VPOS="728" WIDTH="113" HEIGHT="22" WC="0.92" CONTENT="Levonius&#39;"/><SP WIDTH="10" VPOS="728" HPOS="245"/>
							<String ID="string_199" HPOS="255" VPOS="728" WIDTH="85" HEIGHT="28" WC="0.96" CONTENT="förslag,"/><SP WIDTH="15" VPOS="728" HPOS="340"/>
							<String ID="string_200" HPOS="355" VPOS="735" WIDTH="50" HEIGHT="15" WC="0.96" CONTENT="men"/><SP WIDTH="15" VPOS="735" HPOS="405"/>
							<String ID="string_201" HPOS="420" VPOS="729" WIDTH="26" HEIGHT="21" WC="0.96" CONTENT="de"/><SP WIDTH="16" VPOS="729" HPOS="446"/>
							<String ID="string_202" HPOS="462" VPOS="730" WIDTH="76" HEIGHT="26" WC="0.96" CONTENT="utgöra"/><SP WIDTH="16" VPOS="730" HPOS="538"/>
							<String ID="string_203" HPOS="554" VPOS="735" WIDTH="26" HEIGHT="15" WC="0.96" CONTENT="en"/><SP WIDTH="16" VPOS="735" HPOS="580"/>
							<String ID="string_204" HPOS="596" VPOS="729" WIDTH="25" HEIGHT="21" WC="0.96" CONTENT="sä"/><SP WIDTH="13" VPOS="729" HPOS="621"/>
							<String ID="string_205" HPOS="634" VPOS="729" WIDTH="52" HEIGHT="21" WC="0.96" CONTENT="liten"/><SP WIDTH="16" VPOS="729" HPOS="686"/>
							<String ID="string_206" HPOS="702" VPOS="729" WIDTH="33" HEIGHT="21" WC="0.96" CONTENT="del"/><SP WIDTH="15" VPOS="729" HPOS="735"/>
							<String ID="string_207" HPOS="750" VPOS="728" WIDTH="23" HEIGHT="22" WC="0.96" CONTENT="af"/><SP WIDTH="7" VPOS="728" HPOS="773"/>
							<String ID="string_208" HPOS="780" VPOS="729" WIDTH="33" HEIGHT="21" WC="0.79" CONTENT="det"/><SP WIDTH="9" VPOS="729" HPOS="813"/>
							<String ID="string_209" HPOS="822" VPOS="724" WIDTH="54" HEIGHT="36" WC="0.79" CONTENT="hela,"/>
						</TextLine>
						<TextLine ID="line_21" HPOS="49" VPOS="757" WIDTH="825" HEIGHT="27">
							<String ID="string_210" HPOS="49" VPOS="759" WIDTH="32" HEIGHT="19" WC="0.95" CONTENT="att"/><SP WIDTH="22" VPOS="759" HPOS="81"/>
							<String ID="string_211" HPOS="103" VPOS="758" WIDTH="27" HEIGHT="21" WC="0.92" CONTENT="de"/><SP WIDTH="17" VPOS="758" HPOS="130"/>
							<String ID="string_212" HPOS="147" VPOS="757" WIDTH="46" HEIGHT="21" WC="0.96" CONTENT="icke"/><SP WIDTH="15" VPOS="757" HPOS="193"/>
							<String ID="string_213" HPOS="208" VPOS="757" WIDTH="37" HEIGHT="21" WC="0.93" CONTENT="här"/><SP WIDTH="16" VPOS="757" HPOS="245"/>
							<String ID="string_214" HPOS="261" VPOS="757" WIDTH="90" HEIGHT="21" WC="0.92" CONTENT="behöfva"/><SP WIDTH="16" VPOS="757" HPOS="351"/>
							<String ID="string_215" HPOS="367" VPOS="757" WIDTH="101" HEIGHT="21" WC="0.96" CONTENT="särskildt"/><SP WIDTH="15" VPOS="757" HPOS="468"/>
							<String ID="string_216" HPOS="483" VPOS="758" WIDTH="134" HEIGHT="21" WC="0.95" CONTENT="observeras."/><SP WIDTH="30" VPOS="758" HPOS="617"/>
							<String ID="string_217" HPOS="647" VPOS="758" WIDTH="42" HEIGHT="26" WC="0.96" CONTENT="Jag"/><SP WIDTH="14" VPOS="758" HPOS="689"/>
							<String ID="string_218" HPOS="703" VPOS="758" WIDTH="37" HEIGHT="21" WC="0.93" CONTENT="vill"/><SP WIDTH="16" VPOS="758" HPOS="740"/>
							<String ID="string_219" HPOS="756" VPOS="758" WIDTH="57" HEIGHT="21" WC="0.93" CONTENT="sluta"/><SP WIDTH="15" VPOS="758" HPOS="813"/>
							<String ID="string_220" HPOS="828" VPOS="758" WIDTH="46" HEIGHT="20" WC="0.89" CONTENT="där-"/>
						</TextLine>
						<TextLine ID="line_22" HPOS="49" VPOS="786" WIDTH="826" HEIGHT="27">
							<String ID="string_221" HPOS="49" VPOS="786" WIDTH="55" HEIGHT="26" WC="0.96" CONTENT="med,"/><SP WIDTH="8" VPOS="786" HPOS="104"/>
							<String ID="string_222" HPOS="112" VPOS="788" WIDTH="32" HEIGHT="20" WC="0.96" CONTENT="att"/><SP WIDTH="12" VPOS="788" HPOS="144"/>
							<String ID="string_223" HPOS="156" VPOS="786" WIDTH="38" HEIGHT="27" WC="0.96" CONTENT="jag"/><SP WIDTH="15" VPOS="786" HPOS="194"/>
							<String ID="string_224" HPOS="209" VPOS="786" WIDTH="38" HEIGHT="21" WC="0.93" CONTENT="här"/><SP WIDTH="15" VPOS="786" HPOS="247"/>
							<String ID="string_225" HPOS="262" VPOS="786" WIDTH="91" HEIGHT="21" WC="0.91" CONTENT="likasom"/><SP WIDTH="15" VPOS="786" HPOS="353"/>
							<String ID="string_226" HPOS="368" VPOS="786" WIDTH="7" HEIGHT="21" WC="0.93" CONTENT="i"/><SP WIDTH="15" VPOS="786" HPOS="375"/>
							<String ID="string_227" HPOS="390" VPOS="786" WIDTH="107" HEIGHT="22" WC="0.92" CONTENT="utskottet"/><SP WIDTH="15" VPOS="786" HPOS="497"/>
							<String ID="string_228" HPOS="512" VPOS="786" WIDTH="53" HEIGHT="22" WC="0.93" CONTENT="allra"/><SP WIDTH="14" VPOS="786" HPOS="565"/>
							<String ID="string_229" HPOS="579" VPOS="786" WIDTH="57" HEIGHT="21" WC="0.91" CONTENT="hälst"/><SP WIDTH="15" VPOS="786" HPOS="636"/>
							<String ID="string_230" HPOS="651" VPOS="786" WIDTH="54" HEIGHT="21" WC="0.93" CONTENT="hade"/><SP WIDTH="21" VPOS="786" HPOS="705"/>
							<String ID="string_231" HPOS="726" VPOS="786" WIDTH="90" HEIGHT="22" WC="0.92" CONTENT="anslutit"/><SP WIDTH="15" VPOS="786" HPOS="816"/>
							<String ID="string_232" HPOS="831" VPOS="786" WIDTH="44" HEIGHT="27" WC="0.96" CONTENT="mig"/>
						</TextLine>
						<TextLine ID="line_23" HPOS="49" VPOS="814" WIDTH="825" HEIGHT="26">
							<String ID="string_233" HPOS="49" VPOS="814" WIDTH="32" HEIGHT="22" WC="0.96" CONTENT="till"/><SP WIDTH="15" VPOS="814" HPOS="81"/>
							<String ID="string_234" HPOS="96" VPOS="821" WIDTH="25" HEIGHT="15" WC="0.93" CONTENT="en"/><SP WIDTH="17" VPOS="821" HPOS="121"/>
							<String ID="string_235" HPOS="138" VPOS="815" WIDTH="55" HEIGHT="21" WC="0.92" CONTENT="kläm"/><SP WIDTH="16" VPOS="815" HPOS="193"/>
							<String ID="string_236" HPOS="209" VPOS="814" WIDTH="22" HEIGHT="22" WC="0.96" CONTENT="af"/><SP WIDTH="14" VPOS="814" HPOS="231"/>
							<String ID="string_237" HPOS="245" VPOS="815" WIDTH="36" HEIGHT="21" WC="0.93" CONTENT="det"/><SP WIDTH="14" VPOS="815" HPOS="281"/>
							<String ID="string_238" HPOS="295" VPOS="814" WIDTH="99" HEIGHT="26" WC="0.87" CONTENT="innehäll,"/><SP WIDTH="15" VPOS="814" HPOS="394"/>
							<String ID="string_239" HPOS="409" VPOS="816" WIDTH="32" HEIGHT="20" WC="0.96" CONTENT="att"/><SP WIDTH="14" VPOS="816" HPOS="441"/>
							<String ID="string_240" HPOS="455" VPOS="815" WIDTH="41" HEIGHT="21" WC="0.96" CONTENT="alla"/><SP WIDTH="15" VPOS="815" HPOS="496"/>
							<String ID="string_241" HPOS="511" VPOS="815" WIDTH="116" HEIGHT="21" WC="0.96" CONTENT="kostnader"/><SP WIDTH="16" VPOS="815" HPOS="627"/>
							<String ID="string_242" HPOS="643" VPOS="815" WIDTH="61" HEIGHT="21" WC="0.93" CONTENT="skola"/><SP WIDTH="16" VPOS="815" HPOS="704"/>
							<String ID="string_243" HPOS="720" VPOS="815" WIDTH="80" HEIGHT="21" WC="0.92" CONTENT="drabba"/><SP WIDTH="15" VPOS="815" HPOS="800"/>
							<String ID="string_244" HPOS="815" VPOS="815" WIDTH="59" HEIGHT="21" WC="0.92" CONTENT="kom-"/>
						</TextLine>
						<TextLine ID="line_24" HPOS="49" VPOS="843" WIDTH="825" HEIGHT="27">
							<String ID="string_245" HPOS="49" VPOS="850" WIDTH="110" HEIGHT="19" WC="0.96" CONTENT="munerna,"/><SP WIDTH="15" VPOS="850" HPOS="159"/>
							<String ID="string_246" HPOS="174" VPOS="850" WIDTH="48" HEIGHT="14" WC="0.95" CONTENT="men"/><SP WIDTH="17" VPOS="850" HPOS="222"/>
							<String ID="string_247" HPOS="239" VPOS="844" WIDTH="24" HEIGHT="20" WC="0.93" CONTENT="sä"/><SP WIDTH="14" VPOS="844" HPOS="263"/>
							<String ID="string_248" HPOS="277" VPOS="843" WIDTH="60" HEIGHT="27" WC="0.96" CONTENT="långt"/><SP WIDTH="14" VPOS="843" HPOS="337"/>
							<String ID="string_249" HPOS="351" VPOS="844" WIDTH="67" HEIGHT="26" WC="0.96" CONTENT="ansåg"/><SP WIDTH="14" VPOS="844" HPOS="418"/>
							<String ID="string_250" HPOS="432" VPOS="850" WIDTH="50" HEIGHT="14" WC="0.96" CONTENT="man"/><SP WIDTH="16" VPOS="850" HPOS="482"/>
							<String ID="string_251" HPOS="498" VPOS="844" WIDTH="34" HEIGHT="26" WC="0.93" CONTENT="sig"/><SP WIDTH="14" VPOS="844" HPOS="532"/>
							<String ID="string_252" HPOS="546" VPOS="843" WIDTH="46" HEIGHT="21" WC="0.96" CONTENT="icke"/><SP WIDTH="16" VPOS="843" HPOS="592"/>
							<String ID="string_253" HPOS="608" VPOS="844" WIDTH="73" HEIGHT="20" WC="0.64" CONTENT="kunna"/><SP WIDTH="6" VPOS="844" HPOS="681"/>
							<String ID="string_254" HPOS="687" VPOS="845" WIDTH="49" HEIGHT="25" WC="0.96" CONTENT="taga"/><SP WIDTH="10" VPOS="845" HPOS="736"/>
							<String ID="string_255" HPOS="746" VPOS="845" WIDTH="70" HEIGHT="25" WC="0.96" CONTENT="steget"/><SP WIDTH="7" VPOS="845" HPOS="816"/>
							<String ID="string_256" HPOS="823" VPOS="846" WIDTH="51" HEIGHT="18" WC="0.96" CONTENT="utan"/>
						</TextLine>
						<TextLine ID="line_25" HPOS="49" VPOS="872" WIDTH="854" HEIGHT="27">
							<String ID="string_257" HPOS="49" VPOS="874" WIDTH="32" HEIGHT="19" WC="0.90" CONTENT="att"/><SP WIDTH="21" VPOS="874" HPOS="81"/>
							<String ID="string_258" HPOS="102" VPOS="872" WIDTH="64" HEIGHT="22" WC="0.90" CONTENT="ocksä"/><SP WIDTH="22" VPOS="872" HPOS="166"/>
							<String ID="string_259" HPOS="188" VPOS="872" WIDTH="127" HEIGHT="27" WC="0.96" CONTENT="regeringen"/><SP WIDTH="24" VPOS="872" HPOS="315"/>
							<String ID="string_260" HPOS="339" VPOS="873" WIDTH="55" HEIGHT="20" WC="0.96" CONTENT="varit"/><SP WIDTH="24" VPOS="873" HPOS="394"/>
							<String ID="string_261" HPOS="418" VPOS="872" WIDTH="48" HEIGHT="21" WC="0.96" CONTENT="med"/><SP WIDTH="24" VPOS="872" HPOS="466"/>
							<String ID="string_262" HPOS="490" VPOS="878" WIDTH="34" HEIGHT="15" WC="0.96" CONTENT="om"/><SP WIDTH="21" VPOS="878" HPOS="524"/>
							<String ID="string_263" HPOS="545" VPOS="872" WIDTH="72" HEIGHT="22" WC="0.94" CONTENT="saken."/><SP WIDTH="30" VPOS="872" HPOS="617"/>
							<String ID="string_264" HPOS="647" VPOS="872" WIDTH="50" HEIGHT="21" WC="0.96" CONTENT="Men"/><SP WIDTH="24" VPOS="872" HPOS="697"/>
							<String ID="string_265" HPOS="721" VPOS="872" WIDTH="27" HEIGHT="22" WC="0.93" CONTENT="dä"/><SP WIDTH="15" VPOS="872" HPOS="748"/>
							<String ID="string_266" HPOS="763" VPOS="872" WIDTH="113" HEIGHT="27" WC="0.91" CONTENT="uppstälde"/><SP WIDTH="25" VPOS="872" HPOS="876"/>
							<String ID="string_267" HPOS="901" VPOS="876" WIDTH="2" HEIGHT="2" WC="0.88" CONTENT="&#39;"/>
						</TextLine>
						<TextLine ID="line_26" HPOS="49" VPOS="900" WIDTH="826" HEIGHT="28">
							<String ID="string_268" HPOS="49" VPOS="907" WIDTH="49" HEIGHT="15" WC="0.96" CONTENT="man"/><SP WIDTH="16" VPOS="907" HPOS="98"/>
							<String ID="string_269" HPOS="114" VPOS="901" WIDTH="41" HEIGHT="21" WC="0.96" CONTENT="den"/><SP WIDTH="16" VPOS="901" HPOS="155"/>
							<String ID="string_270" HPOS="171" VPOS="900" WIDTH="66" HEIGHT="27" WC="0.96" CONTENT="enligt"/><SP WIDTH="15" VPOS="900" HPOS="237"/>
							<String ID="string_271" HPOS="252" VPOS="901" WIDTH="43" HEIGHT="21" WC="0.96" CONTENT="min"/><SP WIDTH="13" VPOS="901" HPOS="295"/>
							<String ID="string_272" HPOS="308" VPOS="900" WIDTH="64" HEIGHT="22" WC="0.96" CONTENT="tanke"/><SP WIDTH="16" VPOS="900" HPOS="372"/>
							<String ID="string_273" HPOS="388" VPOS="900" WIDTH="86" HEIGHT="22" WC="0.93" CONTENT="alldeles"/><SP WIDTH="16" VPOS="900" HPOS="474"/>
							<String ID="string_274" HPOS="490" VPOS="901" WIDTH="78" HEIGHT="27" WC="0.91" CONTENT="riktiga"/><SP WIDTH="15" VPOS="901" HPOS="568"/>
							<String ID="string_275" HPOS="583" VPOS="901" WIDTH="116" HEIGHT="27" WC="0.96" CONTENT="principen,"/><SP WIDTH="11" VPOS="901" HPOS="699"/>
							<String ID="string_276" HPOS="710" VPOS="903" WIDTH="32" HEIGHT="19" WC="0.96" CONTENT="att"/><SP WIDTH="7" VPOS="903" HPOS="742"/>
							<String ID="string_277" HPOS="749" VPOS="901" WIDTH="126" HEIGHT="27" WC="0.96" CONTENT="regeringen"/>
						</TextLine>
						<TextLine ID="line_27" HPOS="50" VPOS="929" WIDTH="826" HEIGHT="27">
							<String ID="string_278" HPOS="50" VPOS="930" WIDTH="129" HEIGHT="20" WC="0.91" CONTENT="bestämmer"/><SP WIDTH="15" VPOS="930" HPOS="179"/>
							<String ID="string_279" HPOS="194" VPOS="929" WIDTH="26" HEIGHT="21" WC="0.93" CONTENT="de"/><SP WIDTH="15" VPOS="929" HPOS="220"/>
							<String ID="string_280" HPOS="235" VPOS="929" WIDTH="74" HEIGHT="26" WC="0.92" CONTENT="vilkor,"/><SP WIDTH="16" VPOS="929" HPOS="309"/>
							<String ID="string_281" HPOS="325" VPOS="936" WIDTH="46" HEIGHT="14" WC="0.96" CONTENT="som"/><SP WIDTH="18" VPOS="936" HPOS="371"/>
							<String ID="string_282" HPOS="389" VPOS="930" WIDTH="159" HEIGHT="21" WC="0.93" CONTENT="vederbörande"/><SP WIDTH="15" VPOS="930" HPOS="548"/>
							<String ID="string_283" HPOS="563" VPOS="929" WIDTH="21" HEIGHT="21" WC="0.92" CONTENT="fä"/><SP WIDTH="15" VPOS="929" HPOS="584"/>
							<String ID="string_284" HPOS="599" VPOS="930" WIDTH="130" HEIGHT="21" WC="0.92" CONTENT="underkasta"/><SP WIDTH="15" VPOS="930" HPOS="729"/>
							<String ID="string_285" HPOS="744" VPOS="930" WIDTH="38" HEIGHT="26" WC="0.93" CONTENT="sig,"/><SP WIDTH="14" VPOS="930" HPOS="782"/>
							<String ID="string_286" HPOS="796" VPOS="929" WIDTH="43" HEIGHT="21" WC="0.93" CONTENT="ifall"/><SP WIDTH="11" VPOS="929" HPOS="839"/>
							<String ID="string_287" HPOS="850" VPOS="930" WIDTH="26" HEIGHT="20" WC="0.97" CONTENT="de"/>
						</TextLine>
						<TextLine ID="line_28" HPOS="49" VPOS="958" WIDTH="826" HEIGHT="27">
							<String ID="string_288" HPOS="49" VPOS="958" WIDTH="50" HEIGHT="27" WC="0.93" CONTENT="vilja"/><SP WIDTH="18" VPOS="958" HPOS="99"/>
							<String ID="string_289" HPOS="117" VPOS="958" WIDTH="64" HEIGHT="22" WC="0.93" CONTENT="hafva"/><SP WIDTH="12" VPOS="958" HPOS="181"/>
							<String ID="string_290" HPOS="193" VPOS="958" WIDTH="97" HEIGHT="27" WC="0.92" CONTENT="järnväg."/><SP WIDTH="30" VPOS="958" HPOS="290"/>
							<String ID="string_291" HPOS="320" VPOS="958" WIDTH="95" HEIGHT="21" WC="0.90" CONTENT="Därmed"/><SP WIDTH="15" VPOS="958" HPOS="415"/>
							<String ID="string_292" HPOS="430" VPOS="958" WIDTH="105" HEIGHT="21" WC="0.92" CONTENT="etableras"/><SP WIDTH="15" VPOS="958" HPOS="535"/>
							<String ID="string_293" HPOS="550" VPOS="958" WIDTH="45" HEIGHT="21" WC="0.92" CONTENT="icke"/><SP WIDTH="16" VPOS="958" HPOS="595"/>
							<String ID="string_294" HPOS="611" VPOS="958" WIDTH="66" HEIGHT="27" WC="0.92" CONTENT="nägot"/><SP WIDTH="14" VPOS="958" HPOS="677"/>
							<String ID="string_295" HPOS="691" VPOS="961" WIDTH="65" HEIGHT="18" WC="0.93" CONTENT="annat"/><SP WIDTH="16" VPOS="961" HPOS="756"/>
							<String ID="string_296" HPOS="772" VPOS="958" WIDTH="103" HEIGHT="27" WC="0.92" CONTENT="godtycke"/>
						</TextLine>
						<TextLine ID="line_29" HPOS="49" VPOS="987" WIDTH="827" HEIGHT="27">
							<String ID="string_297" HPOS="49" VPOS="989" WIDTH="27" HEIGHT="19" WC="0.96" CONTENT="än"/><SP WIDTH="15" VPOS="989" HPOS="76"/>
							<String ID="string_298" HPOS="91" VPOS="989" WIDTH="37" HEIGHT="24" WC="0.96" CONTENT="att,"/><SP WIDTH="16" VPOS="989" HPOS="128"/>
							<String ID="string_299" HPOS="144" VPOS="993" WIDTH="34" HEIGHT="15" WC="0.96" CONTENT="om"/><SP WIDTH="15" VPOS="993" HPOS="178"/>
							<String ID="string_300" HPOS="193" VPOS="987" WIDTH="156" HEIGHT="21" WC="0.93" CONTENT="kommunerna"/><SP WIDTH="14" VPOS="987" HPOS="349"/>
							<String ID="string_301" HPOS="363" VPOS="987" WIDTH="13" HEIGHT="21" WC="0.88" CONTENT="å"/><SP WIDTH="15" VPOS="987" HPOS="376"/>
							<String ID="string_302" HPOS="391" VPOS="987" WIDTH="33" HEIGHT="21" WC="0.96" CONTENT="sin"/><SP WIDTH="16" VPOS="987" HPOS="424"/>
							<String ID="string_303" HPOS="440" VPOS="987" WIDTH="46" HEIGHT="22" WC="0.96" CONTENT="sida"/><SP WIDTH="14" VPOS="987" HPOS="486"/>
							<String ID="string_304" HPOS="500" VPOS="987" WIDTH="59" HEIGHT="21" WC="0.96" CONTENT="finna"/><SP WIDTH="11" VPOS="987" HPOS="559"/>
							<String ID="string_305" HPOS="570" VPOS="987" WIDTH="139" HEIGHT="27" WC="0.93" CONTENT="regeringens"/><SP WIDTH="12" VPOS="987" HPOS="709"/>
							<String ID="string_306" HPOS="721" VPOS="987" WIDTH="155" HEIGHT="27" WC="0.96" CONTENT="uppskattning"/>
						</TextLine>
						<TextLine ID="line_30" HPOS="49" VPOS="1015" WIDTH="825" HEIGHT="28">
							<String ID="string_307" HPOS="49" VPOS="1015" WIDTH="33" HEIGHT="22" WC="0.93" CONTENT="för"/><SP WIDTH="22" VPOS="1015" HPOS="82"/>
							<String ID="string_308" HPOS="104" VPOS="1016" WIDTH="35" HEIGHT="27" WC="0.96" CONTENT="låg"/><SP WIDTH="20" VPOS="1016" HPOS="139"/>
							<String ID="string_309" HPOS="159" VPOS="1015" WIDTH="39" HEIGHT="22" WC="0.96" CONTENT="och"/><SP WIDTH="21" VPOS="1015" HPOS="198"/>
							<String ID="string_310" HPOS="219" VPOS="1016" WIDTH="26" HEIGHT="21" WC="0.96" CONTENT="de"/><SP WIDTH="22" VPOS="1016" HPOS="245"/>
							<String ID="string_311" HPOS="267" VPOS="1015" WIDTH="123" HEIGHT="26" WC="0.96" CONTENT="kostnader,"/><SP WIDTH="24" VPOS="1015" HPOS="390"/>
							<String ID="string_312" HPOS="414" VPOS="1022" WIDTH="46" HEIGHT="15" WC="0.95" CONTENT="som"/><SP WIDTH="30" VPOS="1022" HPOS="460"/>
							<String ID="string_313" HPOS="490" VPOS="1016" WIDTH="157" HEIGHT="21" WC="0.93" CONTENT="kommunerna"/><SP WIDTH="29" VPOS="1016" HPOS="647"/>
							<String ID="string_314" HPOS="676" VPOS="1015" WIDTH="115" HEIGHT="26" WC="0.85" CONTENT="ähvälfvas,"/><SP WIDTH="21" VPOS="1015" HPOS="791"/>
							<String ID="string_315" HPOS="812" VPOS="1015" WIDTH="62" HEIGHT="22" WC="0.93" CONTENT="altför"/>
						</TextLine>
						<TextLine ID="line_31" HPOS="50" VPOS="1044" WIDTH="824" HEIGHT="27">
							<String ID="string_316" HPOS="50" VPOS="1049" WIDTH="64" HEIGHT="21" WC="0.96" CONTENT="stora,"/><SP WIDTH="22" VPOS="1049" HPOS="114"/>
							<String ID="string_317" HPOS="136" VPOS="1045" WIDTH="24" HEIGHT="21" WC="0.93" CONTENT="sä"/><SP WIDTH="21" VPOS="1045" HPOS="160"/>
							<String ID="string_318" HPOS="181" VPOS="1044" WIDTH="22" HEIGHT="21" WC="0.92" CONTENT="fä"/><SP WIDTH="21" VPOS="1044" HPOS="203"/>
							<String ID="string_319" HPOS="224" VPOS="1045" WIDTH="27" HEIGHT="21" WC="0.96" CONTENT="de"/><SP WIDTH="14" VPOS="1045" HPOS="251"/>
							<String ID="string_320" HPOS="265" VPOS="1044" WIDTH="58" HEIGHT="21" WC="0.95" CONTENT="finna"/><SP WIDTH="15" VPOS="1044" HPOS="323"/>
							<String ID="string_321" HPOS="338" VPOS="1045" WIDTH="33" HEIGHT="26" WC="0.96" CONTENT="sig"/><SP WIDTH="15" VPOS="1045" HPOS="371"/>
							<String ID="string_322" HPOS="386" VPOS="1045" WIDTH="7" HEIGHT="20" WC="0.96" CONTENT="i"/><SP WIDTH="15" VPOS="1045" HPOS="393"/>
							<String ID="string_323" HPOS="408" VPOS="1047" WIDTH="32" HEIGHT="19" WC="0.93" CONTENT="att"/><SP WIDTH="12" VPOS="1047" HPOS="440"/>
							<String ID="string_324" HPOS="452" VPOS="1045" WIDTH="118" HEIGHT="26" WC="0.92" CONTENT="järnvägen"/><SP WIDTH="16" VPOS="1045" HPOS="570"/>
							<String ID="string_325" HPOS="586" VPOS="1045" WIDTH="45" HEIGHT="20" WC="0.89" CONTENT="icke"/><SP WIDTH="16" VPOS="1045" HPOS="631"/>
							<String ID="string_326" HPOS="647" VPOS="1045" WIDTH="96" HEIGHT="21" WC="0.96" CONTENT="kommer"/><SP WIDTH="16" VPOS="1045" HPOS="743"/>
							<String ID="string_327" HPOS="759" VPOS="1045" WIDTH="31" HEIGHT="20" WC="0.93" CONTENT="till"/><SP WIDTH="16" VPOS="1045" HPOS="790"/>
							<String ID="string_328" HPOS="806" VPOS="1045" WIDTH="68" HEIGHT="20" WC="0.92" CONTENT="ständ."/>
						</TextLine>
						<TextLine ID="line_32" HPOS="50" VPOS="1073" WIDTH="824" HEIGHT="27">
							<String ID="string_329" HPOS="50" VPOS="1073" WIDTH="136" HEIGHT="21" WC="0.91" CONTENT="Resonnerar"/><SP WIDTH="22" VPOS="1073" HPOS="186"/>
							<String ID="string_330" HPOS="208" VPOS="1079" WIDTH="49" HEIGHT="15" WC="0.93" CONTENT="man"/><SP WIDTH="24" VPOS="1079" HPOS="257"/>
							<String ID="string_331" HPOS="281" VPOS="1073" WIDTH="107" HEIGHT="27" WC="0.92" CONTENT="praktiskt"/><SP WIDTH="14" VPOS="1073" HPOS="388"/>
							<String ID="string_332" HPOS="402" VPOS="1073" WIDTH="8" HEIGHT="21" WC="0.96" CONTENT="i"/><SP WIDTH="15" VPOS="1073" HPOS="410"/>
							<String ID="string_333" HPOS="425" VPOS="1073" WIDTH="70" HEIGHT="22" WC="0.96" CONTENT="denna"/><SP WIDTH="15" VPOS="1073" HPOS="495"/>
							<String ID="string_334" HPOS="510" VPOS="1073" WIDTH="44" HEIGHT="26" WC="0.93" CONTENT="sak,"/><SP WIDTH="16" VPOS="1073" HPOS="554"/>
							<String ID="string_335" HPOS="570" VPOS="1075" WIDTH="45" HEIGHT="19" WC="0.91" CONTENT="tror"/><SP WIDTH="13" VPOS="1075" HPOS="615"/>
							<String ID="string_336" HPOS="628" VPOS="1073" WIDTH="38" HEIGHT="27" WC="0.96" CONTENT="jag"/><SP WIDTH="21" VPOS="1073" HPOS="666"/>
							<String ID="string_337" HPOS="687" VPOS="1075" WIDTH="31" HEIGHT="19" WC="0.96" CONTENT="att"/><SP WIDTH="15" VPOS="1075" HPOS="718"/>
							<String ID="string_338" HPOS="733" VPOS="1073" WIDTH="20" HEIGHT="21" WC="0.96" CONTENT="vi"/><SP WIDTH="16" VPOS="1073" HPOS="753"/>
							<String ID="string_339" HPOS="769" VPOS="1073" WIDTH="48" HEIGHT="21" WC="0.96" CONTENT="med"/><SP WIDTH="16" VPOS="1073" HPOS="817"/>
							<String ID="string_340" HPOS="833" VPOS="1073" WIDTH="41" HEIGHT="21" WC="0.96" CONTENT="den"/>
						</TextLine>
						<TextLine ID="line_33" HPOS="50" VPOS="1101" WIDTH="825" HEIGHT="28">
							<String ID="string_341" HPOS="50" VPOS="1101" WIDTH="22" HEIGHT="22" WC="0.92" CONTENT="af"/><SP WIDTH="20" VPOS="1101" HPOS="72"/>
							<String ID="string_342" HPOS="92" VPOS="1102" WIDTH="209" HEIGHT="27" WC="0.89" CONTENT="järnvägsutskottet"/><SP WIDTH="26" VPOS="1102" HPOS="301"/>
							<String ID="string_343" HPOS="327" VPOS="1101" WIDTH="122" HEIGHT="28" WC="0.92" CONTENT="töreslagna"/><SP WIDTH="25" VPOS="1101" HPOS="449"/>
							<String ID="string_344" HPOS="474" VPOS="1101" WIDTH="106" HEIGHT="22" WC="0.91" CONTENT="klämmen"/><SP WIDTH="25" VPOS="1101" HPOS="580"/>
							<String ID="string_345" HPOS="605" VPOS="1102" WIDTH="86" HEIGHT="21" WC="0.96" CONTENT="komma"/><SP WIDTH="18" VPOS="1102" HPOS="691"/>
							<String ID="string_346" HPOS="709" VPOS="1102" WIDTH="30" HEIGHT="21" WC="0.96" CONTENT="till"/><SP WIDTH="17" VPOS="1102" HPOS="739"/>
							<String ID="string_347" HPOS="756" VPOS="1104" WIDTH="31" HEIGHT="19" WC="0.93" CONTENT="ett"/><SP WIDTH="14" VPOS="1104" HPOS="787"/>
							<String ID="string_348" HPOS="801" VPOS="1102" WIDTH="74" HEIGHT="27" WC="0.93" CONTENT="riktigt"/>
						</TextLine>
						<TextLine ID="line_34" HPOS="50" VPOS="1130" WIDTH="824" HEIGHT="27">
							<String ID="string_349" HPOS="50" VPOS="1131" WIDTH="95" HEIGHT="21" WC="0.93" CONTENT="resultat."/><SP WIDTH="30" VPOS="1131" HPOS="145"/>
							<String ID="string_350" HPOS="175" VPOS="1131" WIDTH="134" HEIGHT="26" WC="0.93" CONTENT="Regeringen"/><SP WIDTH="23" VPOS="1131" HPOS="309"/>
							<String ID="string_351" HPOS="332" VPOS="1130" WIDTH="69" HEIGHT="22" WC="0.95" CONTENT="skulle"/><SP WIDTH="15" VPOS="1130" HPOS="401"/>
							<String ID="string_352" HPOS="416" VPOS="1131" WIDTH="27" HEIGHT="21" WC="0.93" CONTENT="dä"/><SP WIDTH="16" VPOS="1131" HPOS="443"/>
							<String ID="string_353" HPOS="459" VPOS="1131" WIDTH="27" HEIGHT="26" WC="0.92" CONTENT="gä"/><SP WIDTH="14" VPOS="1131" HPOS="486"/>
							<String ID="string_354" HPOS="500" VPOS="1130" WIDTH="87" HEIGHT="27" WC="0.92" CONTENT="tillväga"/><SP WIDTH="16" VPOS="1130" HPOS="587"/>
							<String ID="string_355" HPOS="603" VPOS="1130" WIDTH="89" HEIGHT="27" WC="0.96" CONTENT="ungefär"/><SP WIDTH="16" VPOS="1130" HPOS="692"/>
							<String ID="string_356" HPOS="708" VPOS="1137" WIDTH="46" HEIGHT="15" WC="0.96" CONTENT="som"/><SP WIDTH="17" VPOS="1137" HPOS="754"/>
							<String ID="string_357" HPOS="771" VPOS="1137" WIDTH="48" HEIGHT="14" WC="0.96" CONTENT="man"/><SP WIDTH="17" VPOS="1137" HPOS="819"/>
							<String ID="string_358" HPOS="836" VPOS="1132" WIDTH="38" HEIGHT="25" WC="0.96" CONTENT="gör"/>
						</TextLine>
						<TextLine ID="line_35" HPOS="50" VPOS="1159" WIDTH="825" HEIGHT="27">
							<String ID="string_359" HPOS="50" VPOS="1159" WIDTH="41" HEIGHT="26" WC="0.95" CONTENT="det,"/><SP WIDTH="16" VPOS="1159" HPOS="91"/>
							<String ID="string_360" HPOS="107" VPOS="1159" WIDTH="27" HEIGHT="22" WC="0.96" CONTENT="dä"/><SP WIDTH="15" VPOS="1159" HPOS="134"/>
							<String ID="string_361" HPOS="149" VPOS="1165" WIDTH="48" HEIGHT="15" WC="0.96" CONTENT="man"/><SP WIDTH="16" VPOS="1165" HPOS="197"/>
							<String ID="string_362" HPOS="213" VPOS="1159" WIDTH="80" HEIGHT="27" WC="0.96" CONTENT="bygger"/><SP WIDTH="16" VPOS="1159" HPOS="293"/>
							<String ID="string_363" HPOS="309" VPOS="1159" WIDTH="97" HEIGHT="21" WC="0.93" CONTENT="enskilda"/><SP WIDTH="11" VPOS="1159" HPOS="406"/>
							<String ID="string_364" HPOS="417" VPOS="1159" WIDTH="122" HEIGHT="27" WC="0.91" CONTENT="järnvägar."/><SP WIDTH="26" VPOS="1159" HPOS="539"/>
							<String ID="string_365" HPOS="565" VPOS="1159" WIDTH="75" HEIGHT="22" WC="0.91" CONTENT="Säsom"/><SP WIDTH="11" VPOS="1159" HPOS="640"/>
							<String ID="string_366" HPOS="651" VPOS="1159" WIDTH="69" HEIGHT="27" WC="0.92" CONTENT="sagdt,"/><SP WIDTH="8" VPOS="1159" HPOS="720"/>
							<String ID="string_367" HPOS="728" VPOS="1159" WIDTH="38" HEIGHT="27" WC="0.93" CONTENT="jag"/><SP WIDTH="10" VPOS="1159" HPOS="766"/>
							<String ID="string_368" HPOS="776" VPOS="1161" WIDTH="45" HEIGHT="19" WC="0.93" CONTENT="tror"/><SP WIDTH="8" VPOS="1161" HPOS="821"/>
							<String ID="string_369" HPOS="829" VPOS="1159" WIDTH="46" HEIGHT="21" WC="0.90" CONTENT="icke"/>
						</TextLine>
						<TextLine ID="line_36" HPOS="50" VPOS="1187" WIDTH="824" HEIGHT="28">
							<String ID="string_370" HPOS="50" VPOS="1188" WIDTH="36" HEIGHT="21" WC="0.94" CONTENT="det"/><SP WIDTH="23" VPOS="1188" HPOS="86"/>
							<String ID="string_371" HPOS="109" VPOS="1190" WIDTH="23" HEIGHT="19" WC="0.94" CONTENT="är"/><SP WIDTH="26" VPOS="1190" HPOS="132"/>
							<String ID="string_372" HPOS="158" VPOS="1188" WIDTH="45" HEIGHT="21" WC="0.95" CONTENT="skäl"/><SP WIDTH="20" VPOS="1188" HPOS="203"/>
							<String ID="string_373" HPOS="223" VPOS="1189" WIDTH="32" HEIGHT="20" WC="0.93" CONTENT="att"/><SP WIDTH="16" VPOS="1189" HPOS="255"/>
							<String ID="string_374" HPOS="271" VPOS="1188" WIDTH="61" HEIGHT="27" WC="0.93" CONTENT="skilja"/><SP WIDTH="22" VPOS="1188" HPOS="332"/>
							<String ID="string_375" HPOS="354" VPOS="1187" WIDTH="22" HEIGHT="22" WC="0.96" CONTENT="ät"/><SP WIDTH="23" VPOS="1187" HPOS="376"/>
							<String ID="string_376" HPOS="399" VPOS="1188" WIDTH="63" HEIGHT="21" WC="0.93" CONTENT="dessa"/><SP WIDTH="14" VPOS="1188" HPOS="462"/>
							<String ID="string_377" HPOS="476" VPOS="1188" WIDTH="38" HEIGHT="21" WC="0.92" CONTENT="tvä"/><SP WIDTH="14" VPOS="1188" HPOS="514"/>
							<String ID="string_378" HPOS="528" VPOS="1189" WIDTH="96" HEIGHT="20" WC="0.96" CONTENT="moment"/><SP WIDTH="14" VPOS="1189" HPOS="624"/>
							<String ID="string_379" HPOS="638" VPOS="1188" WIDTH="7" HEIGHT="21" WC="0.93" CONTENT="i"/><SP WIDTH="16" VPOS="1188" HPOS="645"/>
							<String ID="string_380" HPOS="661" VPOS="1187" WIDTH="213" HEIGHT="28" WC="0.92" CONTENT="expropriationsför-"/>
						</TextLine>
						<TextLine ID="line_37" HPOS="50" VPOS="1215" WIDTH="823" HEIGHT="28">
							<String ID="string_381" HPOS="50" VPOS="1216" WIDTH="128" HEIGHT="27" WC="0.96" CONTENT="rättningen,"/><SP WIDTH="22" VPOS="1216" HPOS="178"/>
							<String ID="string_382" HPOS="200" VPOS="1216" WIDTH="39" HEIGHT="22" WC="0.96" CONTENT="och"/><SP WIDTH="20" VPOS="1216" HPOS="239"/>
							<String ID="string_383" HPOS="259" VPOS="1217" WIDTH="36" HEIGHT="21" WC="0.96" CONTENT="det"/><SP WIDTH="15" VPOS="1217" HPOS="295"/>
							<String ID="string_384" HPOS="310" VPOS="1217" WIDTH="41" HEIGHT="21" WC="0.93" CONTENT="kan"/><SP WIDTH="16" VPOS="1217" HPOS="351"/>
							<String ID="string_385" HPOS="367" VPOS="1216" WIDTH="70" HEIGHT="22" WC="0.96" CONTENT="hända"/><SP WIDTH="15" VPOS="1216" HPOS="437"/>
							<String ID="string_386" HPOS="452" VPOS="1218" WIDTH="37" HEIGHT="23" WC="0.96" CONTENT="att,"/><SP WIDTH="16" VPOS="1218" HPOS="489"/>
							<String ID="string_387" HPOS="505" VPOS="1223" WIDTH="35" HEIGHT="14" WC="0.93" CONTENT="om"/><SP WIDTH="16" VPOS="1223" HPOS="540"/>
							<String ID="string_388" HPOS="556" VPOS="1216" WIDTH="65" HEIGHT="21" WC="0.96" CONTENT="också"/><SP WIDTH="14" VPOS="1216" HPOS="621"/>
							<String ID="string_389" HPOS="635" VPOS="1216" WIDTH="75" HEIGHT="21" WC="0.91" CONTENT="hittills"/><SP WIDTH="12" VPOS="1216" HPOS="710"/>
							<String ID="string_390" HPOS="722" VPOS="1215" WIDTH="151" HEIGHT="22" WC="0.69" CONTENT="erfarenheten"/>
						</TextLine>
						<TextLine ID="line_38" HPOS="50" VPOS="1244" WIDTH="824" HEIGHT="28">
							<String ID="string_391" HPOS="50" VPOS="1245" WIDTH="55" HEIGHT="21" WC="0.96" CONTENT="visat"/><SP WIDTH="21" VPOS="1245" HPOS="105"/>
							<String ID="string_392" HPOS="126" VPOS="1247" WIDTH="32" HEIGHT="20" WC="0.93" CONTENT="att"/><SP WIDTH="20" VPOS="1247" HPOS="158"/>
							<String ID="string_393" HPOS="178" VPOS="1245" WIDTH="140" HEIGHT="27" WC="0.92" CONTENT="värderingen"/><SP WIDTH="19" VPOS="1245" HPOS="318"/>
							<String ID="string_394" HPOS="337" VPOS="1244" WIDTH="23" HEIGHT="22" WC="0.93" CONTENT="af"/><SP WIDTH="19" VPOS="1244" HPOS="360"/>
							<String ID="string_395" HPOS="379" VPOS="1245" WIDTH="165" HEIGHT="27" WC="0.92" CONTENT="olägenheterna"/><SP WIDTH="15" VPOS="1245" HPOS="544"/>
							<String ID="string_396" HPOS="559" VPOS="1245" WIDTH="46" HEIGHT="26" WC="0.92" CONTENT="gätt"/><SP WIDTH="14" VPOS="1245" HPOS="605"/>
							<String ID="string_397" HPOS="619" VPOS="1245" WIDTH="32" HEIGHT="21" WC="0.96" CONTENT="till"/><SP WIDTH="15" VPOS="1245" HPOS="651"/>
							<String ID="string_398" HPOS="666" VPOS="1245" WIDTH="83" HEIGHT="27" WC="0.95" CONTENT="mycket"/><SP WIDTH="15" VPOS="1245" HPOS="749"/>
							<String ID="string_399" HPOS="764" VPOS="1247" WIDTH="59" HEIGHT="19" WC="0.93" CONTENT="stora"/><SP WIDTH="15" VPOS="1247" HPOS="823"/>
							<String ID="string_400" HPOS="838" VPOS="1245" WIDTH="36" HEIGHT="21" WC="0.90" CONTENT="be-"/>
						</TextLine>
						<TextLine ID="line_39" HPOS="50" VPOS="1273" WIDTH="823" HEIGHT="28">
							<String ID="string_401" HPOS="50" VPOS="1273" WIDTH="50" HEIGHT="28" WC="0.95" CONTENT="lopp"/><SP WIDTH="23" VPOS="1273" HPOS="100"/>
							<String ID="string_402" HPOS="123" VPOS="1273" WIDTH="39" HEIGHT="22" WC="0.96" CONTENT="och"/><SP WIDTH="15" VPOS="1273" HPOS="162"/>
							<String ID="string_403" HPOS="177" VPOS="1274" WIDTH="54" HEIGHT="21" WC="0.96" CONTENT="varit"/><SP WIDTH="16" VPOS="1274" HPOS="231"/>
							<String ID="string_404" HPOS="247" VPOS="1274" WIDTH="41" HEIGHT="21" WC="0.96" CONTENT="den"/><SP WIDTH="15" VPOS="1274" HPOS="288"/>
							<String ID="string_405" HPOS="303" VPOS="1273" WIDTH="52" HEIGHT="22" WC="0.93" CONTENT="allra"/><SP WIDTH="15" VPOS="1273" HPOS="355"/>
							<String ID="string_406" HPOS="370" VPOS="1273" WIDTH="136" HEIGHT="27" WC="0.92" CONTENT="oskäligaste,"/><SP WIDTH="16" VPOS="1273" HPOS="506"/>
							<String ID="string_407" HPOS="522" VPOS="1280" WIDTH="48" HEIGHT="15" WC="0.96" CONTENT="man"/><SP WIDTH="16" VPOS="1280" HPOS="570"/>
							<String ID="string_408" HPOS="586" VPOS="1273" WIDTH="48" HEIGHT="22" WC="0.96" CONTENT="med"/><SP WIDTH="16" VPOS="1273" HPOS="634"/>
							<String ID="string_409" HPOS="650" VPOS="1280" WIDTH="26" HEIGHT="15" WC="0.93" CONTENT="en"/><SP WIDTH="16" VPOS="1280" HPOS="676"/>
							<String ID="string_410" HPOS="692" VPOS="1273" WIDTH="65" HEIGHT="22" WC="0.92" CONTENT="sädan"/><SP WIDTH="15" VPOS="1273" HPOS="757"/>
							<String ID="string_411" HPOS="772" VPOS="1273" WIDTH="101" HEIGHT="22" WC="0.93" CONTENT="formule-"/>
						</TextLine>
						<TextLine ID="line_40" HPOS="50" VPOS="1301" WIDTH="823" HEIGHT="28">
							<String ID="string_412" HPOS="50" VPOS="1302" WIDTH="54" HEIGHT="27" WC="0.95" CONTENT="ring,"/><SP WIDTH="15" VPOS="1302" HPOS="104"/>
							<String ID="string_413" HPOS="119" VPOS="1309" WIDTH="47" HEIGHT="14" WC="0.96" CONTENT="som"/><SP WIDTH="15" VPOS="1309" HPOS="166"/>
							<String ID="string_414" HPOS="181" VPOS="1302" WIDTH="25" HEIGHT="21" WC="0.93" CONTENT="hr"/><SP WIDTH="15" VPOS="1302" HPOS="206"/>
							<String ID="string_415" HPOS="221" VPOS="1303" WIDTH="106" HEIGHT="20" WC="0.92" CONTENT="Levonius"/><SP WIDTH="16" VPOS="1303" HPOS="327"/>
							<String ID="string_416" HPOS="343" VPOS="1301" WIDTH="115" HEIGHT="28" WC="0.93" CONTENT="föreslagit,"/><SP WIDTH="16" VPOS="1301" HPOS="458"/>
							<String ID="string_417" HPOS="474" VPOS="1302" WIDTH="97" HEIGHT="21" WC="0.96" CONTENT="kommer"/><SP WIDTH="15" VPOS="1302" HPOS="571"/>
							<String ID="string_418" HPOS="586" VPOS="1302" WIDTH="31" HEIGHT="21" WC="0.96" CONTENT="till"/><SP WIDTH="16" VPOS="1302" HPOS="617"/>
							<String ID="string_419" HPOS="633" VPOS="1308" WIDTH="25" HEIGHT="15" WC="0.96" CONTENT="en"/><SP WIDTH="17" VPOS="1308" HPOS="658"/>
							<String ID="string_420" HPOS="675" VPOS="1309" WIDTH="68" HEIGHT="14" WC="0.93" CONTENT="annan"/><SP WIDTH="12" VPOS="1309" HPOS="743"/>
							<String ID="string_421" HPOS="755" VPOS="1302" WIDTH="118" HEIGHT="27" WC="0.92" CONTENT="olägenhet,"/>
						</TextLine>
						<TextLine ID="line_41" HPOS="50" VPOS="1331" WIDTH="824" HEIGHT="27">
							<String ID="string_422" HPOS="50" VPOS="1331" WIDTH="106" HEIGHT="27" WC="0.95" CONTENT="nämligen"/><SP WIDTH="16" VPOS="1331" HPOS="156"/>
							<String ID="string_423" HPOS="172" VPOS="1331" WIDTH="47" HEIGHT="26" WC="0.96" CONTENT="den,"/><SP WIDTH="15" VPOS="1331" HPOS="219"/>
							<String ID="string_424" HPOS="234" VPOS="1333" WIDTH="31" HEIGHT="19" WC="0.93" CONTENT="att"/><SP WIDTH="15" VPOS="1333" HPOS="265"/>
							<String ID="string_425" HPOS="280" VPOS="1331" WIDTH="219" HEIGHT="27" WC="0.92" CONTENT="värderingsmännen"/><SP WIDTH="17" VPOS="1331" HPOS="499"/>
							<String ID="string_426" HPOS="516" VPOS="1333" WIDTH="49" HEIGHT="24" WC="0.92" CONTENT="taga"/><SP WIDTH="14" VPOS="1333" HPOS="565"/>
							<String ID="string_427" HPOS="579" VPOS="1331" WIDTH="80" HEIGHT="21" WC="0.96" CONTENT="skadan"/><SP WIDTH="16" VPOS="1331" HPOS="659"/>
							<String ID="string_428" HPOS="675" VPOS="1331" WIDTH="48" HEIGHT="26" WC="0.96" CONTENT="igen"/><SP WIDTH="11" VPOS="1331" HPOS="723"/>
							<String ID="string_429" HPOS="734" VPOS="1331" WIDTH="39" HEIGHT="21" WC="0.93" CONTENT="och"/><SP WIDTH="12" VPOS="1331" HPOS="773"/>
							<String ID="string_430" HPOS="785" VPOS="1331" WIDTH="89" HEIGHT="21" WC="0.92" CONTENT="värdera"/>
						</TextLine>
						<TextLine ID="line_42" HPOS="47" VPOS="1359" WIDTH="301" HEIGHT="28">
							<String ID="string_431" HPOS="47" VPOS="1359" WIDTH="77" HEIGHT="27" WC="0.92" CONTENT="jorden"/><SP WIDTH="16" VPOS="1359" HPOS="124"/>
							<String ID="string_432" HPOS="140" VPOS="1360" WIDTH="24" HEIGHT="21" WC="0.96" CONTENT="sä"/><SP WIDTH="15" VPOS="1360" HPOS="164"/>
							<String ID="string_433" HPOS="179" VPOS="1359" WIDTH="83" HEIGHT="28" WC="0.96" CONTENT="mycket"/><SP WIDTH="14" VPOS="1359" HPOS="262"/>
							<String ID="string_434" HPOS="276" VPOS="1359" WIDTH="72" HEIGHT="28" WC="0.96" CONTENT="högre."/>
						</TextLine>
					</TextBlock>
				</ComposedBlock>
				<ComposedBlock ID="cblock_3" HPOS="50" VPOS="1416" WIDTH="824" HEIGHT="114">
					<TextBlock ID="block_3" HPOS="50" VPOS="1416" WIDTH="824" HEIGHT="114">
						<TextLine ID="line_43" HPOS="118" VPOS="1416" WIDTH="754" HEIGHT="28">
							<String ID="string_435" HPOS="118" VPOS="1417" WIDTH="34" HEIGHT="21" WC="0.93" CONTENT="Hr"/><SP WIDTH="22" VPOS="1417" HPOS="152"/>
							<String ID="string_436" HPOS="174" VPOS="1417" WIDTH="127" HEIGHT="21" WC="0.91" CONTENT="Genetz:"/><SP WIDTH="30" VPOS="1417" HPOS="301"/>
							<String ID="string_437" HPOS="331" VPOS="1417" WIDTH="47" HEIGHT="21" WC="0.93" CONTENT="Hra"/><SP WIDTH="22" VPOS="1417" HPOS="378"/>
							<String ID="string_438" HPOS="400" VPOS="1416" WIDTH="171" HEIGHT="28" WC="0.92" CONTENT="Schybergsonia"/><SP WIDTH="22" VPOS="1416" HPOS="571"/>
							<String ID="string_439" HPOS="593" VPOS="1418" WIDTH="87" HEIGHT="20" WC="0.96" CONTENT="vastaan"/><SP WIDTH="20" VPOS="1418" HPOS="680"/>
							<String ID="string_440" HPOS="700" VPOS="1417" WIDTH="56" HEIGHT="21" WC="0.96" CONTENT="minä"/><SP WIDTH="15" VPOS="1417" HPOS="756"/>
							<String ID="string_441" HPOS="771" VPOS="1416" WIDTH="101" HEIGHT="22" WC="0.96" CONTENT="tahtoisin"/>
						</TextLine>
						<TextLine ID="line_44" HPOS="50" VPOS="1445" WIDTH="822" HEIGHT="27">
							<String ID="string_442" HPOS="50" VPOS="1446" WIDTH="131" HEIGHT="25" WC="0.90" CONTENT="muistuttaa,"/><SP WIDTH="24" VPOS="1446" HPOS="181"/>
							<String ID="string_443" HPOS="205" VPOS="1448" WIDTH="44" HEIGHT="18" WC="0.96" CONTENT="että"/><SP WIDTH="18" VPOS="1448" HPOS="249"/>
							<String ID="string_444" HPOS="267" VPOS="1447" WIDTH="74" HEIGHT="19" WC="0.96" CONTENT="erotus"/><SP WIDTH="15" VPOS="1447" HPOS="341"/>
							<String ID="string_445" HPOS="356" VPOS="1445" WIDTH="78" HEIGHT="21" WC="0.96" CONTENT="näiden"/><SP WIDTH="16" VPOS="1445" HPOS="434"/>
							<String ID="string_446" HPOS="450" VPOS="1445" WIDTH="103" HEIGHT="27" WC="0.96" CONTENT="haittojen"/><SP WIDTH="16" VPOS="1445" HPOS="553"/>
							<String ID="string_447" HPOS="569" VPOS="1445" WIDTH="70" HEIGHT="21" WC="0.96" CONTENT="välillä"/><SP WIDTH="12" VPOS="1445" HPOS="639"/>
							<String ID="string_448" HPOS="651" VPOS="1445" WIDTH="24" HEIGHT="27" WC="0.96" CONTENT="ja"/><SP WIDTH="15" VPOS="1445" HPOS="675"/>
							<String ID="string_449" HPOS="690" VPOS="1452" WIDTH="60" HEIGHT="14" WC="0.93" CONTENT="maan"/><SP WIDTH="17" VPOS="1452" HPOS="750"/>
							<String ID="string_450" HPOS="767" VPOS="1445" WIDTH="105" HEIGHT="21" WC="0.92" CONTENT="arvioimi-"/>
						</TextLine>
						<TextLine ID="line_45" HPOS="51" VPOS="1462" WIDTH="823" HEIGHT="38">
							<String ID="string_451" HPOS="51" VPOS="1481" WIDTH="37" HEIGHT="15" WC="0.96" CONTENT="sen"/><SP WIDTH="23" VPOS="1481" HPOS="88"/>
							<String ID="string_452" HPOS="111" VPOS="1462" WIDTH="70" HEIGHT="34" WC="0.96" CONTENT="välillä"/><SP WIDTH="15" VPOS="1462" HPOS="181"/>
							<String ID="string_453" HPOS="196" VPOS="1474" WIDTH="143" HEIGHT="21" WC="0.93" CONTENT="tämmöisissä"/><SP WIDTH="16" VPOS="1474" HPOS="339"/>
							<String ID="string_454" HPOS="355" VPOS="1474" WIDTH="234" HEIGHT="26" WC="0.92" CONTENT="pakkoluovutuksissa"/><SP WIDTH="15" VPOS="1474" HPOS="589"/>
							<String ID="string_455" HPOS="604" VPOS="1474" WIDTH="19" HEIGHT="20" WC="0.96" CONTENT="ei"/><SP WIDTH="15" VPOS="1474" HPOS="623"/>
							<String ID="string_456" HPOS="638" VPOS="1474" WIDTH="98" HEIGHT="20" WC="0.96" CONTENT="lainkaan"/><SP WIDTH="16" VPOS="1474" HPOS="736"/>
							<String ID="string_457" HPOS="752" VPOS="1474" WIDTH="33" HEIGHT="21" WC="0.96" CONTENT="ole"/><SP WIDTH="15" VPOS="1474" HPOS="785"/>
							<String ID="string_458" HPOS="800" VPOS="1473" WIDTH="74" HEIGHT="21" WC="0.96" CONTENT="vaikea"/>
						</TextLine>
						<TextLine ID="line_46" HPOS="51" VPOS="1502" WIDTH="823" HEIGHT="28">
							<String ID="string_459" HPOS="51" VPOS="1503" WIDTH="63" HEIGHT="21" WC="0.95" CONTENT="tehdä"/><SP WIDTH="12" VPOS="1503" HPOS="114"/>
							<String ID="string_460" HPOS="126" VPOS="1503" WIDTH="23" HEIGHT="27" WC="0.96" CONTENT="ja"/><SP WIDTH="15" VPOS="1503" HPOS="149"/>
							<String ID="string_461" HPOS="164" VPOS="1504" WIDTH="44" HEIGHT="20" WC="0.96" CONTENT="että"/><SP WIDTH="15" VPOS="1504" HPOS="208"/>
							<String ID="string_462" HPOS="223" VPOS="1508" WIDTH="23" HEIGHT="16" WC="0.97" CONTENT="se"/><SP WIDTH="15" VPOS="1508" HPOS="246"/>
							<String ID="string_463" HPOS="261" VPOS="1503" WIDTH="48" HEIGHT="21" WC="0.93" CONTENT="aina"/><SP WIDTH="14" VPOS="1503" HPOS="309"/>
							<String ID="string_464" HPOS="323" VPOS="1502" WIDTH="336" HEIGHT="27" WC="0.91" CONTENT="pakkoluovutustoimituksessa"/><SP WIDTH="12" VPOS="1502" HPOS="659"/>
							<String ID="string_465" HPOS="671" VPOS="1502" WIDTH="24" HEIGHT="27" WC="0.96" CONTENT="jo"/><SP WIDTH="8" VPOS="1502" HPOS="695"/>
							<String ID="string_466" HPOS="703" VPOS="1508" WIDTH="27" HEIGHT="15" WC="0.96" CONTENT="on"/><SP WIDTH="8" VPOS="1508" HPOS="730"/>
							<String ID="string_467" HPOS="738" VPOS="1502" WIDTH="136" HEIGHT="27" WC="0.96" CONTENT="tapahtunut."/>
						</TextLine>
					</TextBlock>
				</ComposedBlock>
				<ComposedBlock ID="cblock_4" HPOS="783" VPOS="1542" WIDTH="23" HEIGHT="17">
					<TextBlock ID="block_4" HPOS="783" VPOS="1542" WIDTH="23" HEIGHT="17">
						<TextLine ID="line_47" HPOS="783" VPOS="1542" WIDTH="23" HEIGHT="17">
							<String ID="string_468" HPOS="783" VPOS="1542" WIDTH="23" HEIGHT="17" WC="0.96" CONTENT="53"/>
						</TextLine>
					</TextBlock>
				</ComposedBlock>
			</PrintSpace>
		</Page>
	</Layout>
</alto>
