1075 1781
194 90 42 22 712
519 85 157 40 Vattenrätten.
888 127 14 1 ==
932 97 29 31 —21
973 96 47 20 maj.

264 166 116 28 Angående
395 166 12 27 8
422 166 13 22 5
449 167 85 27 yttrade

263 224 25 21 hr
314 224 140 21 Schwindt:
492 224 86 28 Pyydän
606 226 66 20 saada
696 225 143 21 valiokunnan
868 222 153 23 harkittavaksi

192 253 70 27 jättää
277 254 113 20 seuraavat
405 253 218 22 muutosehdotukset
638 253 192 22 suomenkieliseen
846 253 110 27 pykälään.
978 252 42 21 En-

195 282 145 20 simmäisessä
363 282 140 21 momentissa
526 285 103 19 sanotaan
654 283 24 21 »1
692 282 24 28 ja
731 283 12 20 2
759 282 48 27 $8:n
823 281 126 21 säädöksien
965 282 55 20 estä-

195 312 67 19 mättä
283 310 78 21 olkoon
383 312 60 25 myös
466 310 111 26 luvallista,
598 311 72 21 mikäli
689 318 23 14 se
727 312 82 20 saattaa
825 310 102 27 tapahtua
942 311 78 20 tuotta-

195 341 67 19 matta
284 339 79 21 haittaa
382 339 246 27 arvokkaanpuoleiselle
644 339 202 28 vesiputoukselle».
876 339 98 21 Ehdotan
991 340 29 19 tä-

196 370 48 18 män
269 374 65 14 sanan
353 368 270 27 »arvokkaanpuoleiselle»
641 368 167 22 muutettavaksi
825 368 84 21 sanaksi
927 367 93 27 »käyttö-

195 396 131 21 arvoiselle».
358 396 27 22 Se
400 403 27 15 on
444 397 118 21 mielestäni
578 398 162 26 epämääräinen
756 403 52 15 sana
823 398 37 20 tuo
879 396 141 22 »arvokkaan-

196 425 135 27 puoleinen».
350 438 27 2 —
393 425 69 21 Sitten
478 426 104 26 pyytäisin
598 426 65 22 saada
678 426 101 21 ehdottaa
801 426 6 20 3
823 425 134 21 momenttiin
973 431 47 15 seu-

196 460 78 15 raavan
298 454 135 21 muutoksen.
464 454 58 22 Siinä
537 457 103 19 sanotaan
658 455 139 21 »Isommissa
811 454 44 21 lohi
867 454 24 27 ja
906 454 115 26 siikapitoi-

197 483 56 21 sissä
274 483 66 26 joissa
363 483 181 21 rakennettakoon
563 483 80 21 kiinteä
658 485 71 26 pato».
759 483 78 21 Nämät
853 485 61 19 sanat
929 482 91 21 ehdotan

196 512 162 20 muutettaviksi
383 512 140 21 seuraaviksi:
548 512 194 27 »Isonpuoleisissa
761 511 74 27 joissa,
853 511 67 27 joihin
944 511 42 21 lohi
999 510 23 27 ja

196 540 54 21 siika
265 542 111 24 nousevat,
388 540 195 22 rakennettakoon»
598 541 16 27 j.
629 548 19 14 n.
665 548 17 14 e.
712 541 69 21 Nämä
796 542 61 20 sanat
873 542 50 19 ovat
937 539 83 22 ainakin

196 568 72 22 selvää
284 575 89 15 suomen
389 569 70 21 kieltä.
483 569 55 21 Sana
554 570 175 27 »siikapitoinen»
747 576 28 14 on
787 576 58 19 sana,
853 569 59 27 josta
922 575 25 15 en
959 568 62 26 tiedä,

196 597 163 27 käytettäneekö
374 598 41 21 sitä
430 598 93 22 missään
538 598 56 21 koko
611 598 122 22 Suomessa.

266 655 33 21 Hr
314 655 87 21 Wolff:
431 655 10 21 I
465 655 105 22 utskottet
592 656 68 27 ansäg
683 662 48 15 man
754 655 37 21 det
813 655 38 21 här
873 655 68 21 första
956 655 67 24 ordet,

197 685 45 19 mot
264 683 80 22 hvilket
359 684 25 21 hr
400 684 108 21 Schwindt
523 683 107 22 framstält
644 684 147 26 anmärkning,
807 690 47 15 som
871 683 82 28 mycket
968 683 55 27 lyck-

196 712 40 27 ligt
251 711 81 22 funnet.
362 713 43 21 Det
420 715 23 19 är
459 713 64 21 ocksä
538 715 31 19 ett
584 713 45 26 ord,
645 713 28 27 pä
688 713 79 21 hvilket
784 712 105 21 utskottet
904 712 100 21 funderat
1017 712 6 21 i

196 741 114 21 mänadtal.
335 741 206 28 »Käyttöarvoinen»
559 742 39 21 och
614 741 51 22 flere
675 742 67 21 andra
750 741 39 21 ord
797 741 125 27 föreslogos,
931 743 50 19 utan
992 743 31 19 att

197 769 106 22 utskottet
317 770 72 21 kunde
404 770 57 21 finna
477 771 33 26 sig
525 770 157 22 tillfredsstäldt
697 771 49 20 med
761 770 66 27 något
842 769 23 22 af
878 770 54 21 dem.
952 769 70 22 Slutli-

197 805 40 20 gen
252 798 125 22 framstälde
389 799 116 21 utskottets
516 799 154 22 finskatalande
680 799 139 22 medlemmar
831 799 58 21 detta
901 799 39 20 ord
951 799 70 20 säsom

196 827 85 21 koncist
303 827 146 27 ätergifvande
467 828 36 21 det
518 834 48 15 man
582 828 49 21 ville
647 830 82 25 utsäga,
745 827 39 22 och
801 827 58 21 detta
874 827 148 27 accepterades

196 855 22 22 af
231 855 111 22 utskottet.

265 885 63 21 Hvad
349 885 100 21 beträffar
469 885 40 21 den
525 891 75 15 senare
615 885 177 27 anmärkningen,
808 887 45 19 tror
869 885 33 26 sig
918 884 105 21 utskottet

194 912 64 22 hafva
273 913 87 22 handlat
375 913 74 28 riktigt
463 914 7 21 i
488 916 31 19 att
532 915 94 26 upptaga
636 914 66 21 orden
716 914 165 26 »lohipitoinen»
895 913 39 21 och
947 913 74 21 »siika-

194 942 116 26 pitoinen»,
319 944 22 25 ty
352 943 25 20 de
387 943 66 21 orden
465 945 108 18 motsvara
583 943 87 20 alldeles
680 943 26 21 de
717 942 93 22 svenska
824 941 144 22 »laxförande»
982 941 39 22 och

197 970 155 27 »sikförande»,
367 971 71 21 hvilka
454 971 75 21 vunnit
544 971 100 27 burskap.
674 971 32 21 De
722 971 139 21 medlemmar
876 970 23 21 af
912 970 110 26 utskottet,

195 999 71 21 hvilka
288 999 70 22 känna
381 1000 109 27 grundligt
512 999 68 22 finska
602 1000 93 27 spräket,
718 999 63 22 hafva
803 1001 71 20 ansett
889 999 54 21 bäda
959 999 62 21 dessa

194 1030 80 19 termer
290 1028 70 21 säsom
376 1029 83 26 mycket
474 1028 85 27 lyckligt
573 1028 72 27 funna,
656 1029 39 21 och
710 1029 109 21 utskottet
828 1028 38 21 har
877 1029 43 20 rätt
930 1029 31 20 att
972 1034 50 15 vara

195 1056 51 21 stolt
262 1056 59 21 öfver
337 1057 54 21 dem.

263 1114 33 21 Hr
312 1114 157 21 Lundenius:
499 1114 134 22 Beträffande
649 1115 25 20 hr
690 1114 121 22 Schwindts
827 1113 67 22 första
909 1113 111 27 ändrings-

194 1142 82 27 förslag
291 1143 6 20 i
313 1143 38 20 sak
366 1148 51 15 ense
433 1143 48 21 med
497 1143 24 21 hr
537 1143 69 26 Wolff,
622 1143 38 21 ber
672 1143 38 27 jag
725 1143 112 21 dessutom
854 1142 21 21 få
885 1142 90 27 upplysa
986 1148 34 15 om

194 1172 31 19 att
240 1171 67 21 orden
325 1171 115 21 »strömfall
457 1171 22 21 af
492 1172 75 21 värde»
586 1172 105 26 godkänts
707 1171 54 22 efter
777 1173 72 24 moget
859 1171 162 26 öfvervägande.

195 1199 113 22 Utskottet
322 1199 38 22 har
375 1200 93 21 bestämt
483 1200 34 27 sig
531 1200 32 21 för
579 1201 57 20 detta
652 1201 84 26 uttryck
753 1200 71 21 säsom
841 1200 78 26 egnadt
930 1202 31 18 att
973 1199 48 21 bäst

195 1228 112 27 precisera,
323 1228 107 21 hurudant
454 1229 75 21 sädant
547 1229 111 26 strömfall,
678 1229 88 21 hvarom
783 1228 38 21 här
836 1230 23 19 är
874 1228 65 27 fräga,
955 1228 66 21 borde

195 1263 56 14 vara.
282 1257 49 21 Man
354 1257 41 21 kan
417 1257 106 27 nämligen
540 1259 50 26 säga
611 1260 31 19 att
658 1258 65 21 ocksä
738 1259 32 19 ett
784 1257 118 27 obetydligt
917 1256 104 21 strömfall

194 1287 23 18 är
239 1285 141 26 användbart,
396 1285 39 22 och
451 1292 34 15 om
501 1293 28 14 nu
546 1287 84 20 ständet
645 1287 69 20 skulle
730 1285 115 28 godkänna
859 1285 26 21 hr
901 1285 119 21 Schwindts

194 1313 184 28 ändringsförslag
393 1314 111 26 såtillvida,
519 1316 31 19 att
565 1315 36 21 det
615 1315 124 21 föranledde
755 1314 32 21 till
803 1314 122 21 återremiss
941 1313 32 22 för
990 1315 31 20 att

196 1343 66 20 orden
288 1343 258 27 »arvokkaanpuoleiselle
569 1343 194 27 vesiputoukselle»
782 1343 69 20 skulle
866 1344 91 19 ersättas
973 1343 48 20 med

196 1371 199 26 >käyttöarvoiselle
410 1372 201 26 vesiputoukselle»,
627 1373 23 20 sä
665 1372 86 21 komme
767 1371 41 21 den
824 1371 69 21 finska
908 1373 71 19 texten
990 1373 31 18 att

193 1399 42 21 tala
258 1406 34 14 om
316 1400 133 21 användbart
464 1400 108 26 strömfall,
588 1400 75 22 medan
679 1400 7 21 i
702 1400 40 22 den
760 1400 93 21 svenska
867 1401 71 19 texten
955 1400 65 20 orden

196 1427 117 22 »strömfall
335 1428 23 21 af
377 1429 75 21 värde»
470 1428 68 22 skulle
553 1429 115 21 bibehållas
684 1429 67 27 enligt
767 1428 117 21 utskottets
899 1428 121 23 redaktion;

194 1456 39 21 och
256 1456 69 22 skulle
347 1457 90 21 sålunda
455 1457 26 21 de
496 1459 77 19 tvänne
588 1458 165 20 redaktionerna
767 1457 46 21 icke
829 1456 192 22 öfverensstämma

194 1485 48 21 med
258 1485 125 22 hvarandra.
404 1486 42 27 Jag
461 1492 62 15 anser
534 1486 70 21 därför
619 1489 32 19 att
662 1486 25 22 hr
698 1486 121 22 Schwindts
830 1485 67 21 första
909 1485 110 27 ändrings-
