1078 1781
57 123 10 17 1
76 122 53 21 juni.
409 114 126 35 Järnvägar.
829 116 55 22 1049

59 191 22 21 af
102 192 77 27 nådiga
193 192 162 27 propositionen
370 198 35 15 om
422 192 72 21 vidare
506 191 262 29 järnvägsbyggnader
783 191 7 21 i
805 192 78 25 landet,

58 220 39 21 har
113 220 60 27 gifvit
187 220 114 27 anledning
310 220 32 21 till
355 220 66 22 sådan
432 220 184 28 meningsolikhet,
629 222 32 20 att
670 220 132 22 beträffande
814 220 69 22 banan

58 248 47 22 från
129 248 113 28 Seinäjoki
262 249 83 21 station
368 248 35 22 till
429 248 151 22 Kristinestad
602 248 149 28 ridderskapet
766 248 39 22 och
821 248 62 22 adeln

59 279 56 19 samt
135 278 178 26 borgareståndet
333 278 89 21 beslutit
443 277 131 22 tillsättande
590 277 22 21 af
626 277 103 21 förstärkt
746 277 137 27 järnvägsut-

59 306 59 21 skott
139 305 33 22 för
193 306 85 27 frågans
300 306 123 27 afgörande,
445 306 93 22 hvarhos
560 306 37 22 det
612 312 75 16 senare
703 306 86 21 ståndet
804 305 80 27 jämväl

58 334 115 27 uppdragit
195 334 105 22 utskottet
321 336 31 20 att
367 335 7 21 i
389 335 77 21 sådant
488 334 101 22 afseende
611 334 109 22 inkomma
739 334 50 22 med
804 334 80 26 förslag

60 363 31 21 till
115 363 310 27 omröstningspropositioner,
447 364 77 21 medan
546 364 98 21 däremot
665 363 160 27 prästeståndet
842 362 42 22 för-

59 393 49 19 enat
128 392 33 26 sig
182 398 34 15 om
238 394 32 19 att
291 392 112 27 uppdraga
425 392 106 21 utskottet
557 394 32 19 att
604 393 97 26 uppgöra
715 393 49 26 nytt
779 397 105 16 samman-

55 420 205 28 jämkningsförslag
274 420 67 27 enligt
356 420 80 22 sådana
451 421 100 27 grunder,

127 450 32 20 att
181 449 114 21 ständerna
318 449 68 21 skulle
409 449 85 21 besluta
514 449 122 27 byggandet
655 448 22 22 af
691 455 27 15 en
731 448 92 28 järnväg
837 448 47 21 från

61 477 106 27 Seinäjoki
183 478 78 21 station
278 484 76 20 genom
370 478 122 26 Kauhajoki
506 478 31 21 till
552 478 121 26 hafshamn;

128 508 31 20 att
181 506 104 22 bandelen
307 506 47 22 från
375 506 108 27 Seinäjoki
498 507 79 21 station
592 506 32 22 till
639 506 45 21 Aro
699 506 28 28 by
741 506 8 21 i
765 505 119 27 Kauhajoki

59 535 68 21 under
149 535 143 21 instundande
314 534 145 28 finansperiod
482 535 102 27 belägges
606 535 49 21 med
677 535 78 26 arbete,
778 535 7 21 i
805 534 80 21 hvilket

59 562 55 28 syfte
128 563 33 22 för
177 564 77 21 nämda
269 564 30 20 tid
314 564 86 21 anvisas
415 564 113 26 4,000,000
543 564 70 26 mark;
636 566 56 19 samt

128 594 31 20 att
181 592 97 21 anhållan
300 594 62 24 göres
380 598 36 15 om
431 592 65 28 nådig
511 593 135 27 proposition
661 592 31 22 till
707 592 177 21 nästkommande

59 620 104 28 landtdag
177 627 36 15 om
228 620 89 22 ledande
332 620 23 22 af
368 621 70 21 denna
453 621 56 21 bana
520 621 102 27 antingen
632 621 32 21 till
676 620 145 22 Kristinestad
834 620 50 21 eller

58 649 32 21 till
107 649 82 26 Kaskö;

128 678 92 21 hvarhos
242 678 160 27 prästeståndet
425 684 77 21 genom
524 678 199 28 protokollsutdrag
743 678 93 27 inbjudit
855 676 29 22 öf-

59 706 47 28 riga
121 706 62 22 stånd
199 708 31 20 att
244 706 74 22 förena
332 707 34 27 sig
381 713 35 15 om
432 707 59 21 detta
506 707 77 21 beslut.

129 735 161 21 Bondeståndet
312 735 38 21 har
365 736 36 20 vid
417 736 155 26 behandlingen
588 735 24 21 af
624 734 260 28 sammanjämkningsför-

59 764 69 26 slaget
150 764 39 21 och
209 764 128 26 nyssnämda
358 764 129 27 inbjudning
510 764 95 27 godkänt
626 764 37 21 det
677 770 82 20 senare,
774 763 111 22 hvaremot

60 798 82 15 samma
156 792 128 28 inbjudning
298 792 23 22 af
333 792 151 28 ridderskapet
504 792 39 22 och
559 792 63 22 adeln
639 795 56 19 samt
709 792 176 27 borgareståndet

59 820 122 22 förkastats.

129 849 34 21 Då
184 849 102 28 förslaget
308 856 34 15 om
357 849 87 28 frågans
460 849 116 28 afgörande
592 856 77 21 genom
684 849 103 22 förstärkt
802 849 83 22 utskott

60 878 90 21 sålunda
172 878 108 22 omfattats
302 878 23 22 af
342 880 79 20 tvänne
439 885 49 15 men
504 878 116 22 förkastats
635 878 22 21 af
673 880 79 19 tvänne
768 878 63 21 stånd
846 878 39 22 och

60 912 26 15 en
109 907 206 27 sammanjämkning
337 907 67 27 enligt
427 907 25 21 de
472 907 22 21 af
513 907 159 27 prästeståndet
684 906 87 28 angifna
786 907 99 27 grunder,

60 936 51 20 enär
126 935 124 22 densamma
264 936 106 21 allaredan
386 936 29 26 på
429 936 71 26 grund
515 935 22 22 af
550 936 127 26 inbjudning
693 936 130 25 behandlats,
835 935 50 21 lika-

59 963 60 22 ledes
141 963 23 22 af
184 966 78 19 tvänne
284 964 64 22 stånd
370 964 117 22 förkastats
510 964 39 22 och
565 964 90 22 sålunda
672 964 46 21 icke
734 970 63 21 synes
813 964 73 21 vidare

59 992 72 22 kunna
153 992 87 22 komma
262 993 68 21 under
350 993 142 27 omprötning,
508 999 49 15 men
573 993 98 27 samtliga
686 993 72 28 stånd
765 993 55 21 varit
835 998 51 16 ense

58 1027 35 15 om
115 1023 31 19 att
167 1027 26 15 en
216 1021 55 21 bana
290 1021 46 22 från
354 1022 107 26 Seinäjoki
477 1022 79 21 station
572 1028 77 20 genom
665 1022 64 21 södra
744 1022 141 21 Österbotten

58 1049 31 21 till
111 1049 111 22 hafshamn
243 1050 39 22 bör
298 1050 68 22 under
384 1050 146 22 instundande
544 1050 145 27 finansperiod
704 1050 87 21 komma
805 1050 32 21 till
853 1052 31 19 ut-

57 1078 94 26 förande,
175 1081 55 19 samt
252 1079 26 21 då
296 1081 14 19 t.
329 1085 19 15 o.
364 1085 27 15 m.
406 1079 50 21 med
472 1078 101 22 afseende
588 1079 13 21 å
616 1085 26 15 en
658 1081 45 19 stor
719 1079 33 21 del
767 1078 24 22 af
803 1079 81 21 banans

58 1107 123 27 sträckning
203 1108 231 20 sammanstämmande
456 1108 73 21 beslut
551 1107 23 21 af
590 1107 41 21 alla
645 1108 64 21 stånd
723 1107 109 27 föreligga,
848 1107 37 21 har

58 1136 106 20 utskottet
179 1135 70 22 funnit
264 1136 33 27 sig
310 1136 124 27 förpliktadt
445 1138 32 19 att
487 1138 117 25 yttermera
619 1136 86 21 försöka
719 1135 167 28 sammanjämka

58 1164 26 21 de
99 1164 56 21 olika
170 1165 138 27 meningarna
323 1164 32 22 till
370 1164 93 27 lagenlig
478 1164 114 28 pluralitet.

127 1193 33 21 De
176 1193 54 21 båda
244 1192 92 22 täflande
350 1193 91 27 linjerna
456 1193 40 21 har
511 1194 58 20 inom
584 1193 198 27 representationen
798 1192 86 22 tillvun-

58 1221 32 21 nit
105 1221 34 27 sig
154 1221 88 27 ungefär
257 1222 42 21 lika
314 1222 70 21 starkt
398 1222 126 26 understöd,
535 1221 87 22 hvarför
639 1222 104 21 utskottet
753 1222 67 27 vågar
831 1220 53 22 före-

59 1250 32 21 slå
105 1252 32 19 att
152 1250 97 27 samtliga
265 1250 63 22 stånd
343 1250 49 22 ville
408 1250 96 22 besluta:

332 1309 33 19 att
387 1314 27 14 en
433 1307 93 27 järnväg
547 1307 48 22 från
619 1308 106 26 Seinäjoki
743 1308 80 22 station
838 1307 48 22 med

264 1336 136 26 ändpunkter
416 1336 7 21 i
438 1336 146 22 Kristinestad
600 1336 40 22 och
650 1336 73 22 Kaskö
738 1336 54 22 skall
805 1336 80 27 byggas

265 1364 39 22 och
319 1364 69 22 under
403 1364 146 22 instundande
564 1364 144 28 finansperiod
723 1365 102 27 beläggas
838 1364 48 22 med

264 1393 84 25 arbete;

334 1423 32 19 att
383 1421 34 21 för
432 1422 72 21 denna
518 1422 56 21 bana
589 1422 41 21 den
645 1422 24 21 år
685 1422 54 21 1899
755 1421 131 28 uppgångna

266 1450 151 27 sträckningen
433 1450 125 26 godkännes
573 1451 49 21 med
638 1450 101 22 afseende
753 1451 14 21 å
781 1450 104 21 bandelen

267 1478 264 28 Seinäjoki—Kauhajoki,
539 1485 49 15 men
596 1481 32 19 att
635 1479 82 21 banans
725 1479 73 21 vidare
806 1478 80 22 sträck-
