1078 1775
202 109 44 21 992
504 113 209 30 Byggningabalken.
940 118 28 16 30
980 118 49 20 maj.

274 184 156 23 Diskussionen
446 185 131 23 förklarades
593 186 51 22 härä
658 186 98 26 afslutad,
772 185 106 23 hvarefter
894 185 85 23 ständet
991 186 37 21 be-

202 212 45 22 slöt
263 212 112 28 godkänna
389 214 11 28 $
416 214 12 21 9
444 215 49 21 med
508 215 87 21 rättelse
610 215 7 21 i
633 215 40 21 den
688 214 70 22 finska
770 217 71 19 texten
852 214 22 22 af
882 214 62 22 ordet
958 214 70 22 »kala-

203 241 74 27 väylä»
295 242 31 21 till
342 242 160 28 »kulkuväylä».

274 299 11 27 8
302 300 26 21 10
344 300 123 27 godkändes
484 302 51 20 utan
551 300 147 28 anmärkning.

274 356 41 22 Vid
330 356 151 28 föredragning
495 357 23 22 af
531 357 11 28 &
559 358 24 21 11
601 358 108 22 lämnades
725 358 61 21 ordet
801 358 22 21 åt

274 413 25 21 hr
321 413 150 27 Schwindt,
493 421 46 15 som
559 415 91 27 yttrade:
680 415 100 21 Toisessa
802 415 140 21 momentissa
957 415 71 27 käyte-

203 443 51 19 tään
271 448 65 16 sanaa
356 443 107 21 vseisova«
481 444 119 21 mielestäni
615 444 67 21 vähän
699 444 185 26 sopimattomasti.
914 443 41 21 Kai
971 446 58 18 tässä

203 470 142 22 tarkoitetaan
366 471 177 22 liikkumattomia
557 472 122 28 pyydyksiä,
695 472 67 22 koska
777 472 71 22 niiden
864 471 165 22 vastakohdaksi

204 505 99 21 pannaan
325 500 108 22 liikkuvat.
463 500 119 22 Mielestäni
604 501 48 21 olisi
671 501 37 21 siis
727 501 108 27 sopivinta
850 507 74 15 sanoa:
945 500 83 22 »Valta-

204 527 63 27 väylä
278 528 24 26 ja
316 534 51 16 muu
383 528 109 28 kalaväylä
507 536 27 14 on
549 530 48 21 aina
607 530 109 27 pidettävä
727 536 95 20 vapaana
832 529 196 21 kalastuslaitteista

201 556 24 26 ja
237 556 91 22 kaikista
340 558 78 21 muista
431 558 199 22 liikkumattomista
639 558 210 27 kalanpyydyksistä;
861 558 104 21 älköönkä
975 558 54 21 siinä

204 584 176 23 liikkuvallakaan
396 586 137 28 pyydyksellä
548 587 63 22 toisin
627 586 153 23 kalastettako»
795 587 15 27 j.
826 593 20 15 n.
861 593 17 15 e.

275 614 156 23 Kolmannessa
441 616 140 21 momentissa
591 622 27 15 on
629 617 60 26 myös
700 622 52 15 sana
764 615 139 22 »seisovilla».
928 615 101 22 Ruotsin-

203 641 95 23 kielessä
312 649 27 15 on
355 643 80 22 sanalla
452 644 113 21 »stäende»
582 645 70 26 paljoa
666 644 99 28 laajempi
775 644 101 27 käytäntö
887 644 50 21 kuin
950 644 80 21 sanalla

207 671 107 22 »seisova»
337 673 187 21 suomenkielessä.
553 673 107 26 Ehdotan,
675 675 45 20 että
734 673 136 21 annettaisiin
886 673 143 21 valiokunnan

204 699 159 24 harkittavaksi,
379 701 46 21 eikö
441 703 58 20 tässä
514 701 187 22 kolmannessakin
716 702 140 21 momentissa
871 701 83 22 voitaisi
970 701 58 27 käyt-

203 729 37 20 tää
258 729 52 26 joko
329 730 73 27 sanoja
424 730 205 21 »liikkumattomilla
643 730 206 28 kalanpyydyksillä»
868 730 29 21 tai
914 729 115 28 »pysyvillä

204 756 216 29 kalanpyydyksillä»,
436 758 62 28 jotka
516 759 85 22 olisivat
616 761 111 19 enemmän
744 759 160 22 suomenkielen
919 759 109 21 mukaisia.

276 815 32 22 Hr
330 822 47 15 von
401 815 113 22 Pfaler:
543 817 42 26 Jag
604 816 66 27 vägar
684 816 46 22 icke
746 818 52 25 göra
812 816 66 27 nägot
892 815 94 28 yrkande
1001 815 28 28 pä

202 843 100 28 ändring,
322 846 52 19 utan
390 845 69 21 skulle
473 845 77 21 endast
561 845 84 21 anhålla
660 851 34 15 om
710 851 26 15 en
753 845 131 27 upplysning
898 844 131 22 beträffande

205 872 11 20 1
242 878 64 15 mom.
328 873 23 21 af
370 873 69 21 denna
457 873 104 27 paragraf.
592 873 129 27 Kungsädra
736 873 53 21 skall
801 873 26 27 ju
843 873 119 27 egentligen
979 879 50 15 vara

204 900 39 21 där
259 901 86 27 djupast
360 903 29 24 är,
405 908 48 14 men
469 902 37 21 här
522 902 54 21 står:
594 902 135 27 »kungsädra
744 908 50 15 vare
804 901 69 22 hållen
884 901 71 21 såsom
967 900 61 22 fiske-

203 928 41 26 led,
268 930 24 20 sä
314 930 40 21 ock
376 930 49 21 dess
449 930 79 22 dubbla
550 930 67 22 bredd
635 931 7 20 i
657 932 82 20 vattnet
754 930 93 25 utanför,
862 930 56 21 ända
932 930 32 21 till
979 930 49 21 dess

204 957 76 27 djupet
302 958 116 28 vidtager».
447 959 42 27 Jag
510 959 41 21 kan
572 959 46 21 icke
640 959 73 27 riktigt
730 958 54 22 fatta
805 958 56 22 hvad
876 958 113 27 meningen
1005 960 23 19 är

204 986 49 21 med
270 987 57 21 detta
343 987 44 21 »till
402 988 49 21 dess
468 988 74 26 djupet
556 988 116 26 vidtager»,
688 988 56 21 hälst
759 987 38 21 här
811 987 52 26 icke,
879 987 70 21 säsom
966 987 5 21 i
989 993 39 15 nu-

202 1014 100 27 gällande
324 1016 153 27 fiskeristadga,
500 1018 23 19 är
545 1016 95 27 angifvet
662 1018 31 20 ett
715 1016 54 21 visst
791 1016 54 21 mätt
861 1016 33 21 för
909 1016 56 21 hvad
980 1016 48 20 med

202 1043 122 27 landgrund
340 1044 53 22 skall
408 1044 85 22 förstäs.

273 1101 33 21 Hr
331 1101 189 22 Lundenius:
549 1101 96 22 Härmed
667 1101 79 27 äsyftas
772 1100 121 28 uppenbart
918 1100 111 22 enahanda

201 1129 61 27 djup,
284 1136 46 15 som
346 1130 7 21 i
369 1130 59 27 fråga
443 1136 35 16 om
494 1130 126 27 eganderätt
635 1130 31 21 till
682 1130 121 27 landgrund
819 1129 63 24 afses,
898 1129 39 21 och
950 1129 80 21 hvilket

202 1158 86 27 uttryck
311 1158 86 22 ståndet
420 1159 93 27 godkänt
535 1159 8 21 i
562 1158 102 27 förslaget
683 1158 33 22 till
730 1158 36 28 lag
782 1164 34 15 om
833 1157 63 22 skifte
910 1157 23 22 af
946 1160 82 19 vatten-

201 1187 95 21 omräde.
326 1187 43 22 Det
391 1189 23 20 är
437 1188 76 27 tydligt
535 1189 31 20 att
585 1194 27 15 en
627 1188 13 21 ä
654 1187 51 22 eller
721 1189 32 20 ett
768 1187 104 21 rinnande
887 1189 79 23 vatten,
982 1192 46 15 som

202 1215 63 27 flyter
287 1218 25 19 ut
333 1216 32 21 till
380 1216 32 27 sjö
431 1216 51 21 eller
497 1217 7 20 i
518 1216 77 26 hafvet,
611 1216 68 21 måste
694 1215 63 22 hafva
772 1215 82 22 mindre
870 1215 51 27 djup
937 1217 26 19 än
980 1215 48 21 där-

202 1243 87 22 utanför
311 1244 148 27 förekommer,
481 1245 40 21 och
540 1245 39 21 där
594 1245 36 21 det
645 1245 83 26 stadiga
744 1244 50 27 djup
811 1244 101 27 vidtager,
928 1249 46 16 som
990 1243 38 21 fin-

201 1278 39 15 nes
256 1273 8 20 i
277 1273 69 21 denna
362 1273 33 22 del
410 1273 23 22 af
446 1273 53 28 sjön,
515 1273 38 22 där
568 1275 23 20 är
606 1273 137 27 kungsädran
759 1273 49 21 slut.

273 1330 69 21 Sedan
365 1330 151 22 diskussionen
538 1330 53 21 härä
612 1330 112 21 förklarats
745 1329 98 26 afslutad,
859 1329 69 22 beslöt
944 1329 85 21 ständet

201 1358 116 27 godkänna
332 1360 12 26 $
362 1360 32 24 11,
410 1365 48 16 men
474 1359 117 22 emellertid
607 1359 131 21 öfverlämna
753 1359 23 20 ät
791 1358 105 21 utskottet
911 1360 31 19 att
957 1360 50 24 taga
1022 1357 6 21 i

201 1386 158 28 öfvervägande
382 1387 105 22 huruvida
508 1388 47 21 icke
577 1388 32 21 uti
635 1389 3 20 1
654 1393 64 16 mom.
734 1387 62 22 ordet
813 1386 136 22 »seisovista»
968 1386 38 21 och
1022 1386 7 21 i

237 1421 65 16 mom.
326 1416 131 22 »seisovilla»
482 1417 66 21 borde
570 1417 86 26 utbytas
674 1418 46 19 mot
734 1421 57 22 resp.
803 1415 223 21 »liikkumattomista»

199 1443 55 22 eller
271 1445 132 27 »pysyvistä»
421 1445 40 22 och
478 1444 215 22 »liikkumattomilla»
712 1444 52 21 eller
782 1443 136 28 »pysyvillä».
