1075 1753
193 110 43 35 850
529 112 126 35 Järnvägar.
933 120 27 17 28
972 119 48 20 maj.

263 188 32 21 Hr
310 188 124 22 Pentzin:
468 188 41 22 Till
535 189 71 27 grund
629 189 33 21 för
684 188 163 28 ifrågavarande
869 188 109 27 afdelning
998 186 25 22 af

190 216 224 28 järnvägsutskottets
439 218 135 21 betänkande
599 217 142 22 förekommer
767 217 63 22 bland
853 219 66 19 annat
941 219 80 19 tvänne

192 244 123 28 föreslagna
332 245 62 28 linjer
414 246 32 22 till
464 246 108 26 Karstula,
591 246 41 22 den
653 253 41 15 ena
715 246 48 22 från
786 246 168 27 Gamlakarleby,
977 244 42 22 den

193 274 68 21 andra
277 273 46 22 från
341 274 126 22 Jakobstad.
496 274 76 22 Ehuru
587 281 29 15 nu
633 275 26 21 de
674 274 139 22 ekonomiska
828 274 192 26 undersökningar,

193 308 48 16 som
264 303 115 21 värkstälts
401 303 23 22 af
436 303 206 27 järnvägskomitén,
661 303 63 22 hafva
740 304 56 20 visat
811 305 31 19 att
858 302 98 22 sträckan
971 302 48 22 från

193 330 87 22 Bennäs
303 331 31 21 till
355 332 103 21 Karstula
480 332 139 27 genomlöper
641 332 117 21 folkrikare
772 332 40 21 och
827 332 7 20 i
849 331 41 22 alla
904 331 115 21 afseenden

192 365 61 16 mera
267 359 143 22 framstående
425 360 82 21 trakter
521 362 27 19 än
564 361 111 20 trakterna
697 360 78 21 mellan
799 359 162 27 Gamlakarleby
979 359 41 22 och

193 388 109 26 Karstula,
323 388 38 21 har
382 389 46 21 icke
448 389 61 21 desto
531 389 84 21 mindre
633 389 212 27 järnvägsutskottet
866 387 97 28 förslagit
987 389 34 20 att

193 417 99 21 sträckan
314 417 424 28 Gamlakarleby—Karstula—Suolahti
764 417 69 22 skulle
859 416 162 22 instrumentalt

193 445 140 22 undersökas.
354 446 74 27 Enligt
443 446 44 21 min
503 446 56 21 åsikt
573 446 55 21 hade
643 447 36 21 det
694 447 56 20 varit
760 446 35 21 det
809 447 90 20 rättaste
909 447 31 19 att
950 445 71 27 bägge

193 473 65 22 dessa
274 473 253 28 järnvägssträckningar
546 475 111 27 samtidigt
674 475 55 21 hade
748 474 70 22 blifvit
833 474 131 21 undersökta
979 473 40 22 och

193 502 124 22 sedermera
339 503 41 21 den
402 503 69 22 blifvit
491 503 133 28 föredragen,
645 510 46 15 som
711 503 110 27 värkligen
842 503 54 21 hade
918 502 54 21 varit
987 504 32 19 att

191 530 120 28 föredraga.
337 531 28 22 Så
380 531 38 22 har
432 539 30 14 nu
476 532 45 21 icke
533 531 128 28 föreslagits,
675 534 52 19 utan
739 532 39 21 har
793 533 92 20 tvärtom
896 531 41 22 den
948 531 72 21 bättre

193 559 99 22 sträckan
314 560 70 21 blifvit
405 560 116 22 förkastad.
551 561 74 22 Under
649 561 77 21 sådant
744 560 133 21 förhållande
891 560 42 21 kan
945 559 38 27 jag
998 559 19 27 ej

192 590 67 19 annat
281 590 26 19 än
328 589 85 21 anhålla
432 591 32 20 att
486 589 179 27 borgareståndet
685 590 67 21 måtte
774 589 85 21 besluta
873 590 32 20 att
919 588 99 21 sträckan

193 617 296 27 Gamlakarleby—Karstula
503 618 46 21 icke
563 618 67 21 måtte
647 618 28 27 på
690 620 82 19 statens
796 617 118 22 bekostnad
938 617 81 21 instru-

192 645 91 22 mentalt
303 646 139 22 undersökas.
472 647 50 21 Men
544 647 104 26 därjämte
669 647 38 21 har
726 647 38 26 jag
779 653 26 14 en
821 653 70 14 annan
913 645 106 22 anhållan.

191 674 43 27 Jag
254 674 68 22 skulle
343 675 108 27 nämligen
473 675 85 22 anhålla
575 677 37 24 att,
630 675 44 22 ifall
690 675 76 22 staden
780 674 125 26 Jakobstad,
921 674 98 21 enskilda

191 708 106 21 personer
315 703 51 21 eller
381 703 64 27 bolag
460 703 45 22 före
520 704 145 21 instundande
679 703 103 27 landtdag
796 703 79 21 erhålla
890 702 127 22 koncession

192 730 33 22 för
240 731 114 27 byggande
369 731 23 22 af
405 738 26 15 en
444 732 92 27 järnväg
551 732 48 21 från
615 732 86 21 Bennäs
717 732 32 22 till
764 738 26 15 en
805 732 75 26 början
895 731 31 21 till
937 731 80 27 Lappa-

190 759 57 27 järvi
266 760 49 21 med
335 760 107 22 eventuell
464 760 141 28 fortsättning
627 761 32 21 till
681 760 103 23 Suolahti,
799 766 26 15 en
841 760 129 22 subvention
986 759 34 22 för

193 788 71 21 denna
279 788 83 22 sträcka
372 789 250 27 Bennäs—Lappajärvi,
638 796 46 15 som
701 790 62 20 torde
780 789 86 21 komma
883 790 32 20 att
924 788 96 22 medföra

192 822 27 16 en
241 817 93 21 kostnad
356 817 24 21 af
400 818 90 26 ungefär
513 818 14 21 3
549 818 98 27 miljoner
670 818 67 26 mark,
758 818 67 21 måtte
848 817 93 27 beviljas,
965 823 54 21 upp-

193 845 82 27 gående
290 846 32 21 till
337 846 157 28 sammanlagdt
513 847 10 21 1
541 846 73 28 miljon
631 847 66 21 mark.

263 914 33 21 Hr
310 914 149 27 Pelkonen,
488 916 20 21 J.
523 915 32 26 A.,
563 915 146 21 understödde
724 916 37 20 det
776 914 22 22 af
811 914 25 22 hr
852 914 93 22 Killinen
956 914 64 22 fram-

193 942 70 22 stälda
281 942 109 28 förslaget.

261 1012 33 20 Hr
319 1011 83 22 Sikio:
432 1012 54 22 Mitä
500 1012 38 21 hra
558 1012 113 21 Pentzinin
693 1012 151 21 ehdottamaan
864 1014 154 19 ratasuuntaan

192 1040 376 27 Bennäs—Karstula—Lappajärvi—
599 1040 96 21 Suolahti
722 1040 63 26 tulee,
814 1040 45 21 niin
891 1040 129 24 valiokunta,

191 1068 163 27 pääasiallisesti
370 1071 117 24 perustuen
504 1069 73 25 siihen,
585 1069 52 21 mitä
652 1069 179 21 rautatiekomtea
841 1075 27 15 on
879 1069 139 25 esiintuonut,

190 1097 73 21 katsoi
279 1103 99 15 suunnan
398 1097 119 22 Kokkola—
528 1097 99 22 Karstula
657 1097 98 22 Suolahti
770 1097 181 22 edullisemmaksi
966 1097 51 20 kuin

191 1125 130 22 Bennäsistä
335 1125 89 22 alkavan
439 1126 113 21 rautatien.
577 1127 28 20 Ja
616 1126 36 27 jos
662 1126 76 21 katsoo
750 1126 104 25 karttaan,
865 1126 44 21 niin
919 1126 36 21 voi
965 1125 53 21 huo-

190 1156 64 24 mata,
272 1155 44 20 että
333 1154 130 21 Bennäsistä
480 1154 75 22 alkava
572 1156 46 20 rata
629 1155 58 21 tulisi
704 1154 128 21 kulkemaan
848 1154 72 27 pitkän
931 1154 87 21 matkan

190 1182 92 21 melkein
304 1182 51 27 yhtä
378 1185 94 19 suuntaa
491 1189 37 15 sen
544 1183 66 21 radan
625 1183 85 26 kanssa,
723 1183 53 26 joka
790 1183 130 21 Bennäsistä
942 1188 75 15 menee

192 1211 133 27 Seinäjoelle,
353 1211 45 21 niin
419 1213 44 19 että
492 1212 77 20 näiden
597 1211 83 27 ratojen
708 1211 184 27 liikevyöhykkeet
914 1211 105 21 tavallaan

189 1239 97 21 tulisivat
301 1239 105 21 toistensa
418 1240 74 26 päälle.
513 1240 74 21 Koska
600 1240 37 21 siis
648 1240 133 21 Kokkolasta
796 1239 75 22 alkava
881 1241 46 19 rata
937 1245 83 21 parem-

189 1268 44 20 min
257 1267 108 22 halkaisee
386 1268 167 27 kysymyksessä
573 1268 75 22 olevan
670 1268 137 22 maakunnan
821 1268 23 26 ja
861 1270 84 19 tuottaa
972 1267 47 22 sille

189 1296 98 27 isompaa
308 1296 84 28 hyötyä,
411 1297 44 21 niin
477 1296 122 22 valiokunta
613 1297 70 21 katsoi
698 1297 102 21 olevansa
815 1296 128 22 velvollinen
959 1298 59 19 anta-

189 1330 64 16 maan
269 1324 47 22 sille
329 1325 91 27 etusijan
432 1325 23 27 ja
468 1325 82 21 ehdotti
562 1332 37 14 sen
612 1325 145 21 koneellisesti
768 1325 155 21 tutkittavaksi.
945 1324 75 22 Koska

189 1354 58 20 tämä
263 1355 79 19 suunta
357 1356 38 24 nyt
410 1360 28 15 on
454 1354 111 21 ehdotettu
580 1354 146 21 koneellisesti
741 1354 150 21 tutkittavaksi
903 1354 24 26 ja
941 1354 38 20 siis
991 1359 28 15 on

190 1381 143 26 otaksuttava,
342 1384 45 19 että
402 1382 65 21 valtio
478 1382 110 21 aikoinaan
600 1382 57 21 tulee
667 1382 153 21 rakentamaan
831 1388 44 20 sen,
885 1382 44 21 niin
941 1382 78 21 katson

189 1409 76 22 olevan
285 1410 97 21 vaikeata
400 1412 38 25 nyt
453 1411 124 21 viimeisellä
600 1411 93 20 hetkällä
714 1412 80 19 mennä
815 1411 142 26 päättämään,
975 1411 46 20 että

188 1438 132 21 Bennäsin—
328 1433 134 37 Lappajärven
488 1439 79 21 radalle
579 1439 173 27 myönnettäisiin
764 1439 81 22 valtion
857 1440 118 24 avustusta,
983 1438 36 27 jos

189 1473 24 14 se
235 1467 131 27 yksityisenä
388 1469 76 20 ratana
486 1467 150 22 rakennetaan.
659 1467 99 22 Luulisin
781 1467 37 22 siis
832 1467 188 26 suotavammaksi,

189 1497 44 19 että
248 1495 40 22 hra
303 1495 114 22 Pentzinin
433 1496 92 21 ehdotus
538 1496 126 27 jätettäisiin
680 1496 118 21 huomioon
814 1497 119 20 ottamatta.
