1078 1759
63 112 14 16 5
86 111 53 20 juni.
377 105 204 32 Folkhögskolorna.
835 106 55 20 1109

133 180 33 22 3:o
189 180 23 22 af
230 180 25 22 hr
277 181 24 21 P.
317 180 112 22 Kakkinen
442 180 81 28 jämväl
537 181 7 21 i
559 181 159 22 bondeståndet
732 180 90 28 ingifvet
837 180 53 28 peti-

65 208 139 28 tionsförslag
218 209 7 21 i
241 209 110 22 enahanda
365 208 62 28 syfte.

315 266 31 22 På
361 266 174 22 statsutskottets
549 268 90 26 vägnar:

395 323 28 22 L.
439 323 116 22 Mechelin.

696 380 23 18 G.
731 380 92 19 Granfelt.

135 438 49 22 Med
199 438 115 27 anledning
327 437 24 22 af
363 437 136 23 förestäende
514 434 112 26 skrifvelse
641 437 104 28 begärdes
761 438 63 22 ordet
838 437 23 22 af

134 494 26 22 hr
183 494 78 27 Lille,
283 501 47 15 som
353 494 93 28 yttrade:
469 495 44 21 Det
534 501 52 16 vore
604 496 43 20 rätt
662 494 118 22 intressant
794 496 32 20 att
841 494 52 21 höra

66 523 174 22 statsutskottets
259 524 45 21 skäl
319 523 33 22 för
367 525 32 20 att
414 523 107 22 utskottet
535 524 46 21 icke
596 523 54 28 tagit
664 530 44 20 upp
724 523 117 27 petitionen
857 529 35 15 om

67 552 117 22 understöd
206 552 33 22 för
261 552 196 28 folkhögskolorna.
486 553 42 27 Jag
543 554 46 20 tror
605 552 36 22 det
656 552 69 22 skulle
740 552 55 22 varit
810 551 23 22 af
846 553 46 20 stor

65 581 120 27 principiell
200 581 108 27 betydelse
323 583 32 19 att
369 581 98 21 anhällan
483 588 35 14 om
534 581 118 21 understöd
660 580 35 22 för
702 580 190 28 folkhögskolorna

64 610 104 27 landtdag
190 609 55 22 efter
269 610 101 27 landtdag
391 612 119 25 upprepats
533 610 43 22 tills
592 610 100 27 slutligen
708 610 71 22 denna
793 609 98 22 anhållan

64 638 105 28 beviljats.

135 696 34 20 Dä
190 695 65 28 ingen
278 695 72 22 vidare
371 695 96 22 önskade
479 696 68 26 ordet,
562 696 58 22 lades
637 695 126 23 skrifvelsen
779 695 32 22 till
826 695 65 21 hand-

64 724 104 27 lingarna.

135 822 57 20 Frän
215 821 208 22 ekonomiutskottet
437 821 56 22 hade
507 822 119 22 ankommit
641 823 78 20 tvänne
734 821 124 22 skrifvelser
873 820 23 22 af

64 850 94 27 följande
174 850 103 22 innehäll:

150 907 115 21 FINLANDS
278 904 121 24 STÄNDERS

113 948 323 34 EKONOMIUTSKOTT.

217 998 29 31 —
221 1007 108 12 00

509 1030 40 22 Till
565 1029 106 28 vällofliga
685 1029 184 27 borgareständet.

178 1054 188 21 HELSINGFORS,

180 1101 34 17 den
227 1101 12 17 5
246 1100 47 23 juni
305 1100 56 18 1900.

227 1146 36 19 N:o
277 1146 38 18 199.

136 1186 213 22 Ekonomiutskottet
370 1186 33 22 fär
423 1186 88 22 härmed
527 1186 110 22 vördsamt
652 1185 97 22 meddela
764 1186 32 20 att
811 1184 82 22 utskot-

66 1217 42 19 tets
124 1216 135 21 betänkande
274 1222 34 15 n:o
323 1216 29 21 20
366 1216 7 20 i
388 1215 118 27 anledning
521 1214 23 22 af
557 1216 32 20 ett
603 1214 7 22 i
625 1214 148 27 ridderskapet
782 1213 40 22 och
832 1212 62 22 adeln

66 1244 118 22 inlämnadt
206 1244 183 27 petitionsförslag
410 1250 36 15 om
469 1243 133 22 anställande
617 1242 22 22 af
652 1249 27 15 en
694 1242 78 22 allmän
788 1241 106 23 maskin-

66 1272 133 23 konsulent
221 1272 70 22 blifvit
305 1272 23 22 af
341 1272 99 28 samtliga
456 1272 64 22 ständ
536 1272 115 27 godkändt,
666 1271 40 22 och
720 1271 39 21 har
775 1270 67 28 sagda
857 1276 35 21 pe-

67 1301 154 27 titionsförslag
236 1301 55 28 förty
305 1301 94 22 förfallit.

340 1358 32 21 Pä
387 1357 118 23 utskottets
521 1359 90 25 vägnar:

385 1414 82 22 Wälter
484 1414 93 28 Hoving.

680 1470 57 19 Tekla
749 1470 75 18 Hultin.
