1073 1739
47 112 28 17 22
89 111 47 20 maj.
411 105 126 33 Järnvägar.
838 106 43 20 779

49 180 83 26 mycket
153 180 130 26 naturligare
302 180 214 27 anknytningspunkt
530 180 34 21 för
579 186 27 15 en
622 180 60 26 bana,
698 186 46 15 som
760 180 54 22 dock
829 180 45 22 förr

50 208 52 22 eller
117 214 75 15 senare
208 208 39 21 bör
263 208 77 28 dragas
356 208 89 22 söderut
459 209 32 21 till
506 208 224 28 Björneborgsbanan.

120 237 32 21 Hr
167 237 103 21 Roschier
285 237 38 21 har
338 237 77 21 uttalat
430 237 34 27 sig
475 238 111 26 angående
599 240 103 24 exporten
712 237 47 21 från
772 237 106 21 Kristine-

51 266 49 21 stad
121 265 39 21 och
175 268 67 24 yttrat
257 267 31 19 att
298 268 191 24 trävaruexporten
501 272 52 15 vore
564 266 22 21 af
597 265 82 28 ganska
689 266 61 26 ringa
763 266 115 26 betydelse.

50 294 42 26 Jag
110 293 119 27 medgifver
248 296 31 19 att
298 294 40 21 den
356 294 46 22 icke
420 296 23 19 är
459 294 24 22 så
498 294 87 22 alldeles
602 297 51 22 stor,
669 300 48 15 men
734 294 66 27 enligt
815 300 26 15 en
857 294 23 21 af

51 322 213 27 handelsföreningen
279 323 7 21 i
301 323 144 21 Kristinestad
461 323 113 21 utarbetad
589 323 199 27 sammanställning
805 322 22 22 af
836 324 44 20 sta-

52 351 53 21 dens
120 353 76 25 export
211 351 38 21 och
264 351 80 27 import
360 352 54 20 1899
437 352 152 26 exporterades
605 351 93 22 därifrån
714 352 74 20 inalles
801 351 79 26 44,000

51 379 135 21 kubikmeter
204 380 50 21 eller
268 380 99 27 omkring
377 380 62 25 9,600
449 380 98 22 standert
557 380 79 27 sågade
648 382 96 19 trävaror
755 380 38 21 och
803 382 76 19 nästan

52 408 48 21 hela
120 408 70 21 denna
207 410 75 25 export
299 408 116 28 försiggick
437 408 48 22 från
505 408 76 28 själfva
599 409 81 24 staden,
695 408 51 26 icke,
763 409 70 21 såsom
854 408 26 21 hr

52 436 103 22 Roschier
170 437 56 21 velat
241 437 83 27 antyda,
334 437 47 21 från
397 437 139 27 närliggande
555 437 233 22 landtmannahamnar.
800 450 28 2 —
838 438 43 26 Jag

53 465 39 21 ber
107 468 40 47 att,
156 465 22 21 få
195 466 27 26 på
241 466 35 21 det
296 468 107 19 varmaste
420 466 87 22 förorda
525 466 130 27 antagandet
670 466 22 21 af
706 466 116 21 utskottets
842 466 37 21 be-

53 496 113 19 tänkande.

123 552 32 20 Hr
177 551 145 27 Samberg:
354 552 69 21 Sedan
445 558 30 15 nu
496 552 26 21 de
543 552 64 21 ärade
628 554 202 25 representanterna
848 551 34 21 för

54 580 73 21 Kaskö
150 580 39 21 och
211 580 144 22 Kristinestad
376 580 105 22 hvardera
495 583 67 25 yttrat
577 581 33 26 sig
626 581 38 21 och
680 580 104 22 hvardera
799 580 84 21 försökt

56 609 79 21 »breda
154 609 39 27 på»
215 608 55 22 hvad
289 609 26 21 de
333 609 88 23 kunnat,
437 609 69 21 skulle
522 610 65 20 också
599 609 39 27 jag
652 609 68 27 bedja,
732 609 71 21 såsom
814 610 68 20 öster-

55 637 105 27 bottning,
176 639 32 19 att
223 637 21 21 få
260 639 50 25 säga
325 638 69 26 några
408 638 45 21 ord.
468 638 42 27 Jag
527 638 39 21 har
582 638 72 21 såsom
669 637 51 22 född
735 638 39 20 och
783 637 99 21 fostrad
871 633 15 37 i

54 666 64 21 dessa
138 666 86 26 trakter,
239 666 87 21 hvarest
345 667 48 21 mitt
414 666 188 22 värksamhetsfält
617 672 89 16 numera
721 666 65 21 också
800 668 23 19 är
838 666 44 21 för-

54 695 65 27 lagdt,
135 695 81 26 ganska
235 701 57 21 noga
310 695 53 27 tagit
380 696 51 21 reda
446 696 28 27 på
489 696 71 21 denna
574 695 108 22 landsdels
698 695 66 21 behof
777 695 39 21 och
832 695 50 21 dess

54 723 136 27 befolknings
213 723 135 28 önskningar.
377 725 42 26 Jag
440 724 38 21 har
498 724 84 21 försökt
601 725 36 20 det
656 724 104 27 opartiskt
781 725 51 20 utan
851 725 31 19 att

54 752 119 21 åsidosätta
194 754 70 19 större
282 753 108 20 allmänna
409 753 107 21 intressen
535 753 51 21 eller
605 753 61 21 träda
681 753 26 20 de
723 753 46 20 små
783 752 33 21 för
831 754 53 19 nära

55 781 22 20 in
92 781 28 26 på
135 780 65 21 lifvet.
224 781 42 26 Jag
281 784 45 18 tror
341 783 32 19 att
388 781 57 21 såväl
458 781 41 22 den
511 781 118 27 belysning,
642 787 46 15 som
700 781 26 21 de
736 781 64 21 ärade
811 787 71 20 repre-

56 812 139 18 sentanterna
213 809 33 22 för
265 810 63 21 dessa
348 810 71 21 städer
440 810 61 27 gitvit
522 811 70 20 denna
610 810 66 27 fråga,
693 816 45 15 som
758 809 64 22 också
841 809 41 21 den

56 837 106 22 utskottet
178 837 60 28 gifvit
253 838 47 26 den,
315 839 107 26 nämligen
438 841 32 18 att
484 845 52 15 vara
551 845 26 14 en
589 838 61 27 fråga
661 838 47 21 utaf
716 845 25 14 en
750 837 133 28 jämförelse-

56 866 32 21 vis
111 866 112 21 inskränkt
244 867 57 21 lokal
321 870 69 23 natur,
408 867 39 21 och
470 867 93 22 därefter
586 867 51 27 vilja
652 867 95 25 bedöma,
763 867 62 20 hvart
841 867 40 20 den

56 895 39 20 bör
111 895 76 26 dragas
203 895 7 21 i
225 895 35 22 det
276 902 39 15 ena
331 896 51 21 eller
397 896 67 21 andra
479 896 66 25 fallet,
560 896 46 21 icke
622 898 23 19 är
660 895 48 22 fullt
722 895 70 27 riktig,
808 898 22 24 ty
841 895 41 21 den

56 925 24 19 är
95 924 89 26 ensidig.
212 924 42 27 Jag
268 927 46 25 tror
332 926 32 19 att
381 924 40 21 den
441 925 208 26 sydösterbottniska
664 924 118 27 järnvägen
802 923 38 22 har
856 929 26 15 en

56 953 70 20 större
142 953 88 20 mission
246 953 6 20 i
268 953 140 21 Österbotten
424 955 32 19 att
470 953 51 27 fylla
536 955 26 19 än
579 953 55 21 blott
649 953 26 21 de
690 953 70 21 lokala
771 952 112 21 behofven.

57 981 48 20 Den
124 981 38 21 har
180 981 64 21 också
263 984 58 19 stora
339 981 107 22 allmänna
464 981 130 22 trafikbehof
607 984 31 19 att
654 981 158 22 tillfredsställa.
841 981 43 26 Jag

58 1009 38 21 har
119 1010 31 21 uti
171 1010 70 21 denna
266 1010 38 21 sak
323 1010 61 21 äfven
411 1011 108 20 meddelat
536 1011 45 26 mig
599 1011 48 20 med
663 1016 109 21 personer,
787 1016 47 15 som
850 1016 33 14 ar-

58 1038 49 21 beta
129 1034 64 37 såväl
206 1039 57 27 inom
291 1038 101 27 sjöfarten
413 1045 47 15 som
484 1039 92 21 handeln
598 1039 40 21 och
660 1039 26 20 de
701 1038 133 21 industriella
848 1045 35 20 yr-

56 1066 56 21 kena
134 1067 31 21 uti
188 1067 146 26 Österbotten,
353 1067 39 22 och
407 1067 38 27 jag
465 1067 38 22 har
523 1068 76 21 altmer
617 1067 89 21 kommit
725 1067 31 21 till
772 1067 40 21 den
828 1066 56 21 fasta

57 1094 163 28 öfvertygelsen,
235 1098 37 23 att,
288 1102 34 15 om
339 1096 41 21 den
399 1096 209 27 sydösterbottniska
626 1096 69 21 banan
711 1096 109 26 samtidigt
836 1101 47 15 som

56 1123 42 22 den
119 1124 125 27 tillgodoser
259 1125 26 20 de
300 1125 70 20 lokala
388 1124 106 21 behofven
510 1125 62 21 äfven
588 1125 125 26 tillgodoser
729 1125 27 20 de
772 1126 58 19 stora
846 1123 37 22 all-

57 1154 83 22 männa,
157 1153 40 20 den
213 1153 27 21 då
258 1153 54 21 först
334 1153 39 21 har
388 1153 48 21 fullt
451 1153 86 28 uppfylt
552 1154 38 20 sitt
604 1153 105 21 ändamål.
739 1153 42 21 För
796 1154 32 19 att
843 1152 41 21 den

56 1181 208 26 sydösterbottniska
283 1182 68 21 banan
372 1182 53 21 skall
447 1182 74 21 kunna
537 1183 51 26 göra
604 1182 63 25 detta,
682 1182 75 27 måste
766 1181 40 22 den
822 1180 63 22 hafva

55 1215 27 15 en
98 1210 42 26 god
154 1209 130 22 förbindelse
299 1211 48 20 med
362 1210 77 21 hafvet.
468 1211 43 26 Jag
525 1211 73 26 påstår
614 1213 31 18 att
660 1211 6 20 i
681 1210 47 21 hela
744 1210 140 21 Österbotten

55 1238 46 21 icke
123 1238 68 21 finnes
214 1245 26 14 en
263 1239 70 26 hamn,
355 1245 46 15 som
420 1239 6 20 i
442 1239 59 21 detta
521 1239 101 21 afseende
640 1241 23 19 är
682 1238 202 25 tillfredsställande,

56 1267 163 27 Gamlakarleby
239 1268 137 27 undantaget,
397 1274 48 14 men
467 1268 70 28 denna
556 1268 118 21 sistnämda
697 1268 67 26 ligger
784 1267 55 21 dock
860 1266 25 22 så

55 1295 52 27 högt
122 1296 7 21 i
144 1302 57 20 norr,
216 1298 32 19 att
269 1296 107 22 mellersta
395 1296 39 22 och
453 1292 189 31 syd-Österbotten
662 1296 46 21 icke
725 1296 73 21 kunna
818 1296 66 26 draga

55 1324 62 21 däraf
136 1324 40 22 den
195 1324 73 26 fördel,
288 1331 46 15 som
356 1325 26 21 de
400 1331 79 15 annars
500 1325 78 21 kunde.
608 1325 43 21 Det
666 1327 23 19 är
701 1325 24 27 ju
741 1324 33 21 för
790 1324 40 21 alla
846 1324 38 20 här

55 1352 84 26 bekant,
148 1353 112 21 hurudana
276 1353 250 27 sjöfartsförhållandena
541 1354 96 26 däruppe
652 1355 43 24 äro,
707 1353 56 21 huru
776 1352 108 22 Kvarken,

55 1381 89 27 uppfyld
163 1388 46 14 som
226 1382 40 21 den
282 1384 24 19 är
321 1382 49 21 med
386 1382 240 27 undervattensklippor
642 1382 39 21 och
697 1382 75 27 grund,
789 1381 95 27 ständigt

55 1412 91 19 utsätter
162 1410 97 27 fartygen
275 1410 33 22 för
324 1410 103 26 haverier,
442 1410 104 22 hurusom
563 1411 27 21 de
605 1410 89 27 krokiga
704 1410 39 21 och
755 1410 77 26 trånga
842 1409 42 21 far-

54 1438 87 22 lederna
159 1440 37 20 äro
220 1439 62 21 svåra
300 1441 31 19 att
350 1439 99 21 trafikera
465 1439 40 21 och
520 1439 148 21 åstadkomma
683 1439 40 21 alla
738 1438 86 27 möjliga
840 1438 44 20 olä-

54 1467 102 26 genheter
170 1467 33 21 för
219 1467 111 27 sjöfarten.
350 1468 45 20 När
407 1468 39 26 jag
462 1468 83 20 således
561 1468 109 21 fasthåller
680 1470 31 18 att
723 1467 41 21 den
776 1466 108 27 sydöster-

54 1495 109 21 bottniska
175 1496 119 26 järnvägen
310 1496 33 21 för
358 1499 32 18 att
406 1502 51 15 vara
473 1496 74 27 riktigt
562 1496 79 27 dragen
653 1496 37 21 bör
701 1496 73 20 kunna
784 1494 101 22 tillfreds-
