1075 1775
156 126 41 20 510
435 134 103 16 Dödande
551 133 24 17 af
584 133 115 17 urkunder.
908 132 14 17 8
934 133 48 20 maj.

226 200 69 22 Sedan
322 201 150 21 diskussionen
495 201 52 21 härå
569 200 114 22 förklarats
705 200 98 26 afslutad,
818 200 123 22 framstälde
956 200 26 22 hr

155 228 123 22 talmannen
293 228 92 28 följande
400 230 291 27 omröstningsproposition:

225 286 39 27 De,
280 287 74 20 hvilka
375 287 117 27 godkänna
512 288 113 21 utskottets
639 287 83 28 förslag
739 287 35 21 till
790 287 78 27 lydelse
883 286 36 28 för
933 287 12 20 1
959 286 21 27 $,

158 317 58 19 rösta
226 315 40 32 ja;
282 315 31 27 de,
326 316 35 20 det
375 316 45 21 icke
434 319 60 24 göra,
510 318 60 19 rösta
585 316 48 27 nej;

226 343 79 22 vinner
322 344 42 27 nej,
381 345 42 20 har
442 345 177 27 borgareståndet
634 344 88 21 beslutil
737 345 33 20 att
784 344 37 27 för
832 344 149 27 paragrafens

155 379 77 14 senare
249 375 94 18 moment
357 375 83 26 antaga
455 374 42 21 den
513 373 79 28 lydelse
607 373 28 21 hr
654 373 106 27 Wegelius
775 372 120 28 föreslagit.

225 430 165 27 Propositionen
413 431 128 21 besvarades
565 431 48 21 med
633 430 157 27 öfvervägande
809 429 41 28 nej,
870 429 38 22 och
926 429 55 21 hade

156 458 85 21 ståndet
262 459 81 21 således
363 459 87 22 beslutit
465 461 31 20 att
512 466 25 15 ur
552 459 139 28 paragrafens
707 465 76 15 senare
798 461 95 18 moment
908 460 72 19 satsen

158 493 59 15 »som
233 487 69 21 blifvit
314 487 46 22 från
376 488 74 27 talong
464 488 87 21 afskild>
571 488 68 21 skulle
655 488 57 27 utgå.

225 544 24 28 $$
264 545 13 20 2
293 545 38 20 och
346 545 14 20 3
376 545 123 27 godkändes
515 547 50 20 utan
581 545 130 22 diskussion.

225 602 136 22 Beträffande
376 603 11 27 $
402 603 14 21 4
430 603 84 27 yttrade

224 660 25 21 hr
265 660 148 26 Wegelius:
444 661 37 21 Uti
504 660 66 22 slutet
591 660 23 22 af
633 661 5 20 1
656 667 64 15 mom.
742 660 86 26 stadgas
847 662 31 19 att
893 660 35 21 vid
943 666 37 14 an-

156 688 92 28 sökning
263 695 35 15 om
313 689 98 21 dödande
426 689 23 21 af
463 690 73 26 talong
557 689 40 21 den
613 688 151 26 hufvudskrift,
775 688 31 22 till
816 688 85 22 hvilken
912 688 67 21 talon-

156 723 40 21 gen
219 717 46 26 hör,
287 717 61 21 äfven
370 718 38 21 bör
427 718 85 21 företes.
543 718 74 21 Såsom
634 718 58 21 detta
707 718 118 26 stadgande
840 719 23 19 är
878 716 102 25 affattadt,

155 746 71 21 kunde
242 746 37 21 det
294 746 99 27 möjligen
409 746 69 22 tolkas
495 746 94 26 sålunda,
605 748 32 19 att
651 752 26 15 en
690 752 84 21 person,
787 752 45 15 som
843 746 38 21 har
892 746 89 20 förlorat

155 774 54 21 både
224 774 146 22 hufvudskrift
385 775 38 21 och
439 775 79 27 talong,
533 775 46 21 icke
593 775 42 21 kan
650 775 21 21 få
686 775 100 27 talongen
802 774 74 23 dödad,
892 774 88 21 emedan

154 803 42 21 han
219 803 47 22 icke
286 803 41 22 kan
349 806 97 25 prestera
468 803 177 22 hufvudskriften.
675 804 42 27 Jag
737 802 116 28 medgifver
874 803 54 21 visst
949 805 32 18 att

155 832 58 21 detta
229 834 23 19 är
268 838 26 15 en
309 839 59 14 mera
384 835 75 24 sträng
474 832 200 27 bokstafstolkning,
690 839 48 14 men
750 833 26 20 då
787 832 73 27 hvarje
871 831 110 27 möjlighet

155 860 23 21 af
197 866 27 15 en
246 861 67 20 sådan
328 861 98 27 tolkning
441 861 41 21 kan
499 861 104 21 undvikas
619 867 77 21 genom
712 867 26 15 en
754 861 50 20 liten
821 860 159 26 omstilisering,

156 889 67 20 skulle
239 889 39 27 jag
293 889 67 21 tillåta
374 890 45 27 mig
433 889 79 22 föreslå
527 890 122 21 återremiss
665 890 7 21 i
687 890 36 21 det
739 889 59 27 syfte,
813 891 33 19 att
860 889 36 21 det
912 888 68 21 skulle

153 917 82 27 framgå
257 920 31 19 att
303 918 34 21 vid
355 919 96 20 ansökan
468 925 34 14 om
518 919 97 20 dödande
630 918 23 21 af
666 918 74 26 talong
760 917 145 22 hufvudskrift
921 917 59 25 skall,

154 946 72 21 därest
241 946 71 21 denna
326 947 46 20 icke
384 947 81 26 jämväl
481 947 45 26 gått
540 947 99 26 förlorad,
655 946 85 21 företes.

223 1003 34 21 Hr
273 1003 121 21 Kumlin:
425 1004 34 21 Då
474 1004 36 21 det
524 1004 61 21 torde
601 1004 52 21 böra
668 1009 64 16 anses
748 1003 72 21 såsom
831 1009 26 14 en
869 1002 110 27 själffallen

154 1031 37 21 sak
214 1034 37 21 att,
267 1032 8 21 i
289 1032 102 21 händelse
412 1039 26 14 en
462 1039 78 20 person
563 1032 88 21 förlorat
672 1032 45 21 icke
737 1032 55 21 blott
807 1031 171 21 hufvudskriften

155 1062 50 19 utan
228 1060 62 21 äfven
310 1061 41 20 den
367 1061 71 20 därtill
453 1061 96 21 hörande
563 1061 107 26 talongen,
686 1061 41 20 han
743 1060 45 21 icke
804 1059 62 22 söker
883 1059 97 22 dödande

153 1088 76 21 enbart
244 1089 23 20 af
284 1089 106 27 talongen,
407 1091 52 19 utan
478 1089 58 22 såväl
551 1089 22 21 af
587 1089 171 21 hufvudskriften
776 1095 46 15 som
838 1087 22 22 af
873 1088 106 26 talongen,

153 1117 25 49 a
199 1117 70 21 skulle
289 1117 38 27 jag
348 1117 33 22 för
401 1118 44 21 min
464 1118 34 21 del
518 1124 51 15 anse
584 1119 31 20 att
631 1117 11 28 $
657 1118 14 20 4
685 1118 7 20 i
707 1118 71 21 denna
793 1117 34 21 del
842 1117 71 20 kunde
929 1117 51 26 god-

168 1152 73 15 ännas.

223 1203 157 21 Diskussionen
396 1204 132 21 förklarades
548 1204 51 21 härä
613 1204 98 25 afslutad,
727 1202 107 22 hvarefter
850 1202 25 21 hr
891 1202 89 21 talman-

153 1238 42 14 nen
219 1232 31 20 till
270 1232 96 21 ständets
388 1232 133 22 besvarande
536 1232 123 22 framstälde
675 1232 93 26 följande
782 1231 197 27 omröstningspro-

153 1260 104 27 position:

222 1316 40 27 De,
281 1317 74 21 hvilka
374 1318 119 27 godkänna
508 1318 111 21 utskottets
633 1318 85 27 förslag
734 1317 35 21 till
785 1317 79 28 lydelse
878 1316 37 27 för
929 1316 16 27 $
959 1316 20 26 4,

153 1347 59 19 rösta
221 1345 41 33 ja;
279 1346 31 25 de,
326 1346 34 21 det
375 1346 45 21 icke
434 1349 60 25 göra,
510 1348 59 19 rösta
585 1347 46 27 nej;

222 1374 81 21 vinner
317 1375 48 26 nej;
382 1375 43 21 har
441 1375 176 27 borgareständet
632 1375 88 21 beslutit
735 1374 160 21 återremittera
908 1379 71 22 para-

152 1402 80 27 grafen
247 1403 10 20 i
272 1403 34 20 det
321 1403 64 28 syfte,
400 1410 48 14 som
464 1404 28 27 af
503 1404 27 21 hr
549 1403 105 28 Wegelius
669 1403 131 28 föreslagits.

222 1461 97 20 Emedan
335 1461 163 26 propositionen
514 1461 128 21 besvarades
658 1461 49 21 med
722 1459 173 28 öfvervägande
888 1465 27 21 ja,
926 1459 55 20 hade

154 1489 178 26 borgareständet
346 1489 83 27 antagit
444 1489 125 28 paragrafen
585 1489 66 27 enligt
666 1489 116 22 utskottets
798 1485 85 30 förslag.
