1075 1770
178 107 50 38 854
515 108 127 37 Järnvägar.
919 119 27 17 23
959 119 48 20 maj.

181 186 13 21 å
208 185 71 22 denna
293 187 84 21 sträcka
392 187 41 22 den
450 194 40 21 nya
506 187 69 22 banan
591 189 83 20 ansetts
690 187 76 22 endast
781 187 46 22 från
839 187 99 22 Parkano
949 188 59 21 kom-

181 220 51 15 mun
249 214 72 22 kunna
336 216 94 26 päräkna
447 217 26 20 10
488 217 135 26 vagnslaster
637 216 83 27 färdiga
731 218 98 20 trävaror
837 216 74 27 hvarje
921 216 86 22 söekne-

181 243 42 27 dag
245 243 46 21 året
313 250 41 19 om,
377 244 40 22 och
432 245 31 21 uti
479 245 155 27 vattendragen
649 245 60 21 inom
724 245 87 22 Virdois
827 245 102 21 kommun
945 245 62 21 flötas

181 271 82 27 årligen
281 272 212 26 400,000—500,000
509 273 60 22 stock
585 275 56 20 samt
653 273 99 28 omkring
768 273 91 26 100,000
873 273 134 22 kubikmeter

180 300 111 22 brännved
299 301 39 21 och
345 301 78 26 40,000
430 301 135 22 kubikmeter
574 302 212 27 pappersmasseved,
795 301 62 22 däraf
865 302 29 21 50
903 303 27 25 %/)
939 302 68 21 skulle

180 330 160 26 transporteras
366 330 13 21 å
402 330 98 27 järnväg,
525 331 114 21 hvarutom
665 330 46 22 från
728 337 81 15 samma
825 331 55 26 glest
895 331 111 21 befolkade

180 357 86 22 sträcka
289 357 33 22 för
348 361 111 25 transport
482 359 13 21 å
522 359 41 22 den
589 359 108 22 tilltänkta
715 359 69 22 banan
802 359 41 22 den
858 359 66 27 årliga
939 361 68 20 smör-

179 385 105 22 utförseln
299 389 83 19 ansetts
398 389 84 26 utgöra:
499 387 48 22 från
563 388 122 27 Honkajoki
701 388 77 26 50,000
792 387 50 27 kilo,
853 387 46 22 från
908 388 98 21 Parkano

180 414 79 26 60,000
281 415 42 21 kilo
339 415 40 22 och
393 415 46 22 från
457 417 86 21 Virdois
560 417 91 25 100,000
665 416 49 22 kilo.
745 417 41 20 För
802 419 32 18 att
849 416 66 21 tillika
930 417 76 26 ådaga-

179 443 61 27 lägga
257 443 8 21 i
280 444 54 21 huru
350 444 157 22 beaktansvärd
523 445 52 27 grad
590 444 89 22 trafiken
696 444 202 28 öfverhufvudtaget
913 444 31 22 till
954 444 52 27 följd

179 470 23 22 af
222 478 43 20 nya
284 472 116 28 järnvägar
422 473 109 21 utvecklar
547 474 34 26 sig
595 474 73 21 kunna
691 476 58 18 ännu
764 473 163 27 antydningsvis
942 472 63 22 fram-

178 500 68 21 hållas
272 500 26 22 de
313 501 7 21 i
334 502 120 26 petitionen
468 502 29 26 på
512 502 54 21 sidd.
581 502 28 21 49
624 502 40 22 och
679 502 28 21 50
722 502 87 27 angifna
824 502 159 21 förhållandena
998 502 8 20 i

179 528 146 28 Björneborgs
349 530 47 21 stad
411 530 46 22 före
472 530 40 22 och
527 530 54 22 efter
596 530 230 28 Björneborgsbanans
841 530 104 22 tillkomst
961 530 44 22 vid-

178 556 129 51 kommande
333 558 140 28 tulluppbörd
499 561 56 20 samt
579 560 80 26 import
677 559 40 22 och
732 561 77 25 export
825 565 76 21 genom
917 558 88 22 stadens

193 592 56 16 amn.

247 615 50 21 Med
321 615 101 22 afseende
448 616 53 22 härå
525 616 32 22 får
575 616 38 28 jag
627 616 111 22 vördsamt
759 616 84 22 anhålla
858 618 31 20 att
904 616 100 27 borgare-

179 642 86 22 ståndet
288 644 48 21 ville
359 645 131 21 understöda
504 651 27 15 en
546 645 117 27 petitionen
679 646 81 25 därom,
776 647 32 19 att
823 651 26 15 en
865 644 85 22 teknisk
965 644 40 22 och

178 671 127 23 ekonomisk
327 673 161 27 undersökning
507 673 23 22 af
543 680 26 15 en
582 674 154 27 järnvägslinje
751 674 47 20 från
814 673 132 27 Haapamäki
962 675 42 19 sta-

178 700 44 21 tion
238 701 14 21 å
266 701 115 27 Jyväskylä
396 702 68 21 banan
480 703 7 21 i
502 702 121 27 föreslagen
639 702 96 27 riktning
750 702 31 22 till
797 702 146 27 Björneborgs
956 702 48 21 stad

177 728 68 22 måtte
267 730 126 22 värkställas
417 733 55 19 samt
491 733 32 19 att
537 731 65 27 nådig
616 731 135 27 proposition
768 737 35 15 om
819 731 70 21 denna
901 730 102 27 järnvägs

177 757 115 27 byggande
307 758 69 22 blefve
391 759 31 21 till
438 760 250 21 nästsammanträdande
704 760 88 21 ständer
806 758 85 27 aflåten,
906 759 57 25 eller,
971 758 33 22 för

177 786 42 21 den
239 786 102 22 händelse
356 788 85 21 ståndet
456 788 70 21 denna
541 788 56 27 gång
612 790 58 19 ännu
685 788 46 22 icke
746 788 50 21 ville
811 794 52 15 enas
879 794 34 15 om
929 794 26 14 en
971 788 33 20 så-

177 814 41 22 dan
239 816 96 26 petition,
350 818 32 19 att
397 816 85 22 ståndet
497 817 136 25 åtminstone,
649 816 131 22 omfattande
795 816 42 22 den
852 816 68 22 första
934 822 69 15 reser-

176 843 107 27 vationen,
299 844 70 22 såvidt
384 845 66 27 angår
466 845 40 21 den
523 845 33 21 del
571 845 24 21 af
608 846 66 26 sagda
681 845 162 27 järnvägslinje,
851 851 47 15 som
909 844 95 22 sträcker

176 872 34 26 sig
233 872 48 21 från
306 872 135 28 Björneborg
466 874 31 20 till
523 874 151 27 Kankaanpää,
697 874 70 21 skulle
790 873 85 22 besluta
889 875 32 19 att
935 873 68 21 under

175 900 146 22 instundande
346 901 145 27 finansperiod
513 902 151 21 instrumental
683 901 163 28 undersökning
861 902 66 21 måtte
942 901 61 22 värk-

177 929 73 21 ställas
269 929 34 21 för
318 935 26 15 en
357 929 93 28 järnväg
464 930 47 21 från
527 931 135 26 Björneborg
676 931 32 20 till
724 930 147 27 Kankaanpää
885 930 39 21 och
939 930 65 27 nådig

175 957 136 27 proposition
338 959 110 26 angående
474 959 81 21 banans
581 959 112 27 byggande
713 958 93 22 därefter
821 961 85 19 snarast
921 958 83 27 möjligt

176 986 116 21 ständerna
313 986 127 28 föreläggas.
470 987 131 28 Därigenom
616 994 52 15 vore
684 987 31 22 till
730 993 28 15 en
773 987 76 27 början
864 987 57 21 hälst
935 987 69 21 första

175 1016 71 25 steget
262 1016 58 26 taget
334 1015 32 21 till
386 1011 58 37 banan
453 1016 79 27 ifråga
549 1016 39 21 och
603 1016 67 21 tillika
685 1023 26 14 en
727 1016 45 21 viss
788 1016 51 21 liten
856 1017 146 26 uppmuntran

175 1043 82 22 beredd
271 1043 33 22 för
319 1045 78 20 väntan
414 1045 27 26 på
456 1045 51 21 dess
522 1044 99 22 framtida
636 1044 146 27 fortsättning.

244 1100 34 21 Hr
291 1100 152 27 Jusélius,
458 1101 90 22 Arthur:
570 1102 42 21 För
627 1102 44 21 min
687 1101 35 22 del
737 1101 69 22 skulle
819 1101 38 27 jag
873 1101 130 21 understöda

174 1127 68 22 första
257 1129 167 22 reservationen.
453 1130 31 21 På
500 1130 100 27 grunder,
615 1136 47 15 som
678 1130 27 21 de
720 1129 86 22 sakrika
816 1130 143 27 petitionerna
967 1135 36 16 om

175 1157 310 28 Björneborg--Kankaanpää
514 1159 39 21 och
584 1158 299 27 Björneborg—Haapamäki
907 1159 96 20 banorna

174 1185 113 27 innehålla,
309 1186 39 21 och
371 1187 27 20 då
416 1187 70 21 denna
500 1187 97 21 landsdel
612 1189 23 19 är
651 1193 26 15 en
693 1187 23 21 af
729 1187 27 21 de
771 1189 56 19 mest
842 1186 91 22 folkrika
947 1188 56 20 samt

174 1213 52 22 flere
240 1214 135 22 industriella
389 1215 144 27 inrättningar
547 1215 86 22 komma
648 1218 32 19 att
694 1215 51 27 ingå
760 1215 7 21 i
782 1221 94 21 rayonen
891 1215 28 27 på
933 1215 70 22 denna

173 1242 64 21 korta
248 1243 195 27 järnvägssträcka,
468 1244 41 21 kan
535 1250 48 15 man
608 1251 52 14 vara
684 1244 45 21 viss
754 1244 59 27 uppå
829 1244 70 21 denna
914 1243 89 22 bandels

172 1271 139 25 räntabilitet,
326 1271 85 22 hvilken
425 1272 25 27 ju
466 1274 23 19 är
504 1279 26 14 en
546 1273 67 26 viktig
629 1273 46 21 sida
690 1272 23 21 af
722 1272 72 21 saken.
824 1272 179 27 Kankaanpää
975 1267 31 37 är

172 1299 38 21 det
233 1301 40 24 ort,
295 1300 31 21 dit
345 1300 70 22 banan
430 1301 61 22 alltid
505 1301 97 22 kommer
617 1304 32 18 att
664 1301 65 26 ledas,
745 1307 35 15 om
796 1301 42 21 den
853 1301 7 20 i
875 1307 26 15 en
917 1300 86 21 framtid

171 1327 100 22 kommer
293 1330 32 19 att
345 1328 112 28 fortsättas
474 1329 31 21 till
520 1329 134 27 Haapamäki
669 1329 51 21 eller
735 1328 112 22 förbindas
863 1329 48 21 med
927 1330 34 20 ort
976 1329 27 27 på

172 1351 158 37 Kristinestad
341 1351 135 37 -Östermyra
491 1358 76 21 banan.
597 1358 43 21 Det
656 1358 63 21 beror
734 1356 138 28 naturligtvis
888 1357 66 21 sedan
970 1357 33 27 pä,

171 1390 37 16 om
229 1385 116 21 ständerna
359 1386 7 20 i
381 1385 114 23 framtiden
511 1386 85 21 komma
611 1388 32 20 att
657 1386 114 26 föredraga
786 1392 27 14 en
829 1386 107 21 kustbana
951 1385 52 22 eller

172 1418 27 16 en
214 1413 148 22 inlandsbana.
392 1414 31 22 På
438 1415 64 21 dessa
517 1415 94 27 grunder
627 1415 38 21 ber
679 1414 36 28 iag
730 1416 32 20 att
776 1413 22 22 få
814 1414 131 22 understöda
961 1414 40 22 den

172 1440 69 23 första
255 1442 168 22 reservationen.
