1078 1759
60 118 13 16 5
82 116 52 21 juni.
379 106 191 34 Frimärksfrågan.
831 103 55 22 1115

129 184 165 28 Propositionen
322 183 129 21 besvarades
473 182 49 21 med
545 180 155 27 öfvervägande
720 180 29 27 ja,
770 180 39 21 och
831 178 54 22 hade

61 213 177 27 borgareståndet
261 212 83 22 således
370 211 87 22 beslutit
481 210 114 28 godkänna
617 208 172 22 statsutskottets
812 208 72 21 betän-

61 242 68 22 kande
144 241 144 23 oförändradt.

129 311 44 21 Det
195 310 203 27 protokollsutdrag,
421 308 138 27 hvarigenom
583 306 161 22 statsutskottet
766 305 39 21 och
828 305 57 21 med-

62 340 90 22 stånden
169 338 69 22 skulle
253 339 136 21 underrättas
405 344 34 14 om
455 336 189 28 borgareståndets
660 334 134 22 förestående
810 334 75 25 beslut,

62 368 110 28 upplästes
188 367 132 22 omedelbart
335 366 31 22 till
378 366 108 28 justering
501 365 40 21 och
556 364 129 28 godkändes.

132 535 55 21 Från
219 533 162 22 statsutskottet
407 532 54 21 hade
483 531 88 22 anländt
591 532 78 20 tvänne
690 530 114 27 sålydande
825 528 61 22 skrif-

64 564 79 21 velser:

127 647 131 25 FINLANDS
275 642 140 28 STÄNDERS
702 655 6 6 .
865 648 9 6 =

63 700 412 28 STATSUTSKOTT.

236 758 71 6 e
490 755 40 21 Till
546 754 105 28 vällofliga
666 754 183 28 borgareständet.

197 798 145 22 HELSINGFORS,

181 846 35 17 den
228 846 12 17 5
248 844 48 24 juni
308 844 55 18 1900.

228 897 34 18 N:o
276 898 38 17 183.

134 978 166 22 Statsutskottet
314 978 38 21 har
368 980 50 19 äran
434 978 98 22 meddela
546 980 31 19 att
593 978 105 22 utskottet
713 978 34 21 vid
763 978 70 21 denna
848 978 41 26 dag

64 1007 105 27 företaget
191 1007 34 21 val
246 1006 22 22 af
289 1006 122 22 förstärkt
429 1007 136 27 bestyrelse
580 1007 42 22 för
637 1007 184 21 ständerhusets
838 1006 51 26 gaf-

65 1036 118 27 velgrupp
206 1037 72 24 utsett,
294 1035 31 21 till
348 1036 138 21 medlemmar
504 1035 115 22 artisterna
633 1036 56 20 Emil
705 1035 128 21 Wickström
850 1034 39 22 och

65 1064 81 22 Walter
169 1064 121 27 Runeberg,
312 1063 183 23 öfverdirektören
515 1064 90 22 friherre
621 1064 110 22 Sebastian
748 1064 141 26 Gripenberg,

65 1093 108 21 direktorn
189 1092 32 22 för
236 1092 124 28 geologiska
374 1093 168 21 kommissionen
557 1093 49 22 J.J.
618 1092 130 24 Sederholm,
765 1092 124 27 professorn

64 1122 99 21 Wilhelm
186 1122 93 26 Ramsay
302 1123 56 19 samt
373 1122 104 21 docenten
494 1122 89 21 friherre
600 1122 86 26 August
701 1121 23 21 af
738 1121 106 25 Schultön,
860 1120 29 21 äf-

64 1156 88 44 Vensom
168 1150 31 21 till
215 1150 137 27 suppleanter
368 1150 163 27 professorerna
546 1150 86 22 Edvard
648 1150 60 27 Hjelt
722 1150 39 21 och
776 1150 19 22 J.
810 1150 19 21 J.
841 1149 48 21 Tik-

80 1185 61 15 anen.

317 1242 31 22 På
364 1242 173 22 statsutskottets
553 1244 89 25 vägnar:

400 1304 26 22 L.
443 1304 116 22 Mechelin.

702 1367 22 18 G.
738 1366 84 18 Granfelt,
