1075 1698
36 122 24 16 21
71 122 47 20 maj.
383 114 155 32 Vattenrätten.
589 108 13 13 >
823 114 41 23 705

37 190 164 26 nöllisimmältä,
223 191 44 20 että
290 190 112 21 kielelliset
419 190 159 26 muistutukset,
594 190 43 21 kun
654 190 52 21 niitä
721 190 98 25 tehdään,
835 190 28 20 lä-

37 219 98 21 hetetään
158 219 64 21 ilman
246 220 74 20 muuta
336 218 144 22 valiokunnan
496 219 149 21 tutkittaviksi.
676 218 122 22 Sentähden
814 225 50 20 pyy-

38 248 40 20 dän
94 247 63 27 yhtyä
171 247 39 21 hra
225 247 104 21 Bernerin
345 247 153 27 ehdotukseen,
518 250 48 24 että,
582 248 52 20 mitä
648 247 112 21 kielellisiä
775 247 89 21 muistu-

37 276 71 21 tuksia
124 276 96 26 tehdään,
243 282 27 14 ne
282 276 92 21 tehdään
389 276 71 21 kaikki
475 276 84 28 yhdellä
573 276 74 21 kertaa
659 276 23 28 ja
698 278 61 25 sääty
774 276 91 21 lähettää

38 311 26 15 ne
80 305 63 21 sitten
160 304 150 22 valiokuntaan
327 304 127 22 tarkemmin
470 304 178 23 arvosteltaviksi.

107 362 33 21 Hr
164 362 132 21 Erenius:
322 362 64 21 Hvad
412 362 101 22 beträffar
538 362 26 22 de
587 362 109 27 spräkliga
718 362 147 26 ändringarna,

40 391 36 21 ber
89 390 38 28 jag
144 392 31 20 att
189 390 21 21 fä
225 390 67 22 uttala
307 392 31 20 ett
354 390 168 28 önskningsmäl,
537 391 107 27 nämligen
660 392 32 20 att
708 391 31 26 de,
756 397 46 15 som
815 392 51 25 göra

39 419 165 27 anmärkningar
226 420 135 26 därutinnan,
385 420 64 20 ocksä
468 420 49 21 med
540 420 120 21 detsamma
678 420 66 20 mätte
760 419 107 21 bestämdt

39 448 73 21 affatta
134 448 114 24 desamma,
271 448 90 21 emedan
383 448 106 22 utskottet
511 448 45 22 haft
578 449 40 21 bra
636 448 77 27 många
735 448 132 26 svårigheter

40 477 39 21 och
102 477 77 27 många
196 476 80 28 förslag
294 483 35 15 om
345 477 75 27 hvarje
435 477 151 27 obetydlighet,
601 477 85 22 hvarför
700 477 38 27 jag
753 479 45 19 tror
814 476 26 21 de
855 476 12 21 å

41 506 115 21 utskottets
172 506 46 20 sida
233 507 37 19 äro
286 507 77 20 nästan
379 506 104 21 uttömda.
511 506 41 27 Jag
568 506 68 21 skulle
652 506 77 26 därför,
740 512 47 15 som
799 505 67 27 sagdt,

40 534 82 22 anhålla
145 541 34 14 om
203 536 32 19 att
256 534 26 21 de
297 534 73 26 talare,
386 541 46 15 som
449 535 68 21 önska
531 534 149 28 förändringar
696 535 6 21 i
718 534 105 27 språkligt
838 533 29 21 af-

40 564 84 25 seende,
141 563 65 21 också
220 563 66 21 måtte
302 562 57 28 gifva
373 564 112 21 bestämda
499 564 81 26 förslag
594 564 7 20 i
616 564 77 21 sådant
709 563 106 21 afseende.

110 621 47 21 Den
176 620 106 22 allmänna
297 620 153 22 diskussionen
466 621 116 21 afslutades
598 621 93 26 härmed,
707 620 107 22 hvarefter
829 619 39 21 och

41 650 65 20 sedan
124 649 104 21 särskilda
243 649 138 22 medlemmar
397 649 23 21 af
435 650 86 21 ståndet
536 650 28 27 på
574 650 25 21 hr
610 650 134 21 talmannens
755 648 60 28 fråga
825 648 42 21 för-

40 678 69 21 klarat
132 678 33 26 sig
187 678 45 21 icke
252 678 68 21 önska
333 678 106 22 behandla
453 678 138 28 lagförslaget
606 678 119 28 kapitelvis,
740 678 25 21 hr
781 678 88 21 talman-

41 713 42 14 nen
100 706 101 27 föredrog
216 707 119 21 detsamma
350 706 103 28 paragraf
465 707 35 21 för
515 706 105 28 paragraf.

411 764 12 22 I
439 764 62 28 Kap.

106 821 40 21 Om
162 823 102 19 vattnens
279 822 117 27 nyttjande
411 822 10 20 i
435 822 124 21 allmänhet
574 822 39 20 och
628 828 36 15 om
679 821 134 21 vattenvärk.

111 879 24 28 88
152 879 54 21 1—3
222 879 123 27 godkändes
362 881 51 19 utan
430 880 130 21 diskussion.

111 936 117 27 Angående
244 937 11 27 $
270 937 14 20 4
298 937 85 26 yttrade

111 994 25 21 hr
152 1000 50 15 von
224 993 100 22 Pfaler:
340 993 139 23 Beträffande
494 995 69 20 denna
578 994 101 27 paragraf
692 994 69 21 skulle
774 994 38 27 jag
823 993 49 27 vilja

44 1023 112 21 hemställa
174 1029 35 14 om
232 1029 26 14 en
274 1023 52 20 liten
342 1022 155 23 modifikation.
528 1023 50 22 Som
594 1023 79 21 bekant
688 1025 23 19 är
727 1023 36 21 det
778 1023 33 21 för
826 1024 45 19 vat-

43 1051 166 27 tenvärksegare
234 1051 67 27 enligt
321 1051 99 27 gällande
435 1051 128 28 förordning
578 1051 22 22 af
615 1052 54 21 1889
684 1052 84 27 möjligt
783 1053 32 20 att
829 1051 42 20 för-

43 1079 75 22 värfva
139 1080 101 27 rättighet
262 1082 32 19 att
314 1079 33 22 för
363 1081 88 20 kortare
471 1081 31 21 tid
517 1080 59 22 öfver
592 1081 122 26 kungsådra
729 1081 79 20 inrätta
823 1086 48 21 pro-

43 1109 91 21 visionel
157 1109 54 25 dam,
234 1109 85 21 hvilken
343 1109 65 21 bland
431 1112 67 19 annat
519 1109 53 22 skall
595 1116 51 15 vara
668 1110 24 21 så
711 1108 114 25 beskaffad,
841 1110 32 19 att

44 1139 83 20 vattnet
149 1137 45 22 icke
210 1137 124 27 därigenom
348 1138 145 27 uppdämmes
509 1138 83 21 utöfver
608 1138 40 21 den
664 1138 36 21 vid
715 1137 157 28 anläggningen

44 1165 23 22 af
80 1166 74 21 värket
168 1165 110 28 medgifna
293 1168 93 25 gränsen
403 1167 52 21 eller
469 1167 40 21 den
526 1173 76 21 genom
618 1167 71 27 utslag
704 1166 109 27 medgifna
823 1165 50 22 eller

44 1194 24 22 af
80 1195 58 21 ålder
153 1194 72 27 lofliga
240 1195 159 27 vattenhöjden.
430 1195 136 22 Beträffande
586 1196 70 21 denna
671 1195 203 28 uppdämningsrätt

45 1223 105 22 uttalades
173 1223 23 21 af
212 1223 40 22 den
268 1223 86 25 komité,
371 1230 47 15 som
435 1224 100 22 tillsattes
550 1224 33 21 för
599 1225 140 26 uppgörande
754 1223 23 22 af
789 1223 84 26 förelig-

46 1253 68 26 gande
129 1251 121 28 lagförslag,
260 1252 149 27 önskligheten
425 1252 25 22 af
463 1253 50 21 dess
529 1253 146 22 bibehållande
687 1253 40 22 och
738 1253 31 21 till
778 1252 39 21 och
825 1252 49 21 med

46 1281 154 26 utsträckning.
230 1281 32 20 Då
278 1281 95 21 komitén
389 1281 124 28 uppgjorde
529 1282 37 21 sitt
580 1281 85 28 förslag,
680 1282 55 21 hade
750 1281 46 22 icke
812 1281 63 21 dessa

45 1309 198 27 öfversvämningar
258 1311 36 25 egt
309 1316 56 20 rum,
380 1309 73 22 hvilka
469 1311 68 20 under
553 1317 75 14 senare
643 1311 23 20 år
682 1311 59 26 gjort
756 1310 66 21 skada
837 1309 38 21 här

46 1338 39 21 och
108 1338 44 25 där,
176 1338 38 21 och
230 1338 94 21 komitén
344 1338 55 21 utlät
415 1339 35 26 sig
466 1338 72 22 därför
553 1339 28 27 på
595 1339 93 27 följande
703 1341 53 19 sätt:
773 1338 103 27 »Sjöarna

47 1368 77 25 utgöra
145 1367 83 21 landets
251 1366 120 22 förnämsta
389 1367 144 22 värmekällor
556 1368 39 21 och
618 1368 64 21 redan
698 1375 27 14 ur
741 1368 70 21 denna
827 1373 48 20 syn-

46 1395 69 27 punkt
130 1397 23 19 är
168 1395 158 22 bibehållandet
341 1395 24 21 af
379 1396 64 21 deras
459 1397 50 20 nivå
523 1396 23 21 af
561 1397 50 25 vikt,
627 1396 101 21 särskildt
739 1396 34 21 för
779 1395 97 28 jordkul-

47 1426 69 19 turen.
145 1424 102 21 Närmast
264 1424 53 21 bero
339 1424 251 22 kommunikationernas
610 1425 40 21 och
665 1425 120 21 industrins
800 1425 76 20 intres-

47 1459 38 14 sen
108 1452 23 21 af
150 1452 138 27 möjligheten
308 1454 32 19 att
363 1453 136 21 förekomma
514 1455 30 20 ett
559 1454 155 26 kontinuerligt
729 1453 125 27 nedgående
870 1452 7 21 i

47 1481 165 21 vattenståndet.
242 1481 10 21 I
275 1481 118 27 anledning
411 1481 65 22 häraf
489 1482 38 21 har
541 1482 95 21 komitén
651 1484 71 19 ansett
737 1481 95 27 önskligt
846 1482 32 19 att

48 1509 104 27 styrelsen
176 1509 68 21 skulle
264 1515 77 21 genom
357 1510 36 27 lag
409 1510 120 27 medgifvas
544 1513 43 19 rätt
602 1513 31 19 att
648 1511 32 20 för
695 1509 147 22 bibehållande
857 1509 24 21 af

810 1549 23 18 45
