1075 1775
48 114 27 17 23
86 114 48 20 maj.
410 106 125 34 Järnvägar.
835 106 42 21 835

49 182 44 22 kun
115 188 38 15 sen
176 183 67 27 sijaan
265 182 144 28 käytännössä
431 182 75 22 minun
526 182 143 21 ehdotukseni
683 188 28 15 on
727 181 95 27 helposti
837 181 39 21 toi-

50 213 159 25 meenpantava.
240 211 58 21 Siinä
319 212 110 20 asetetaan
451 212 105 26 määrätyt
578 210 159 22 kustannukset
760 210 82 21 valtion
854 210 23 26 ja

50 240 65 20 toiset
137 239 124 27 yksityisten
284 240 148 21 vastattaviksi
453 246 37 15 sen
513 240 97 26 mukaan,
625 240 52 20 kuin
692 238 184 28 pakkoluovutus-

51 268 127 21 lautakunta
191 274 27 15 ne
233 268 127 22 arvostelee.

120 297 46 21 Hra
182 297 80 21 Genetz
279 303 26 15 on
321 297 173 24 huomauttanut,
510 298 43 20 että
565 297 36 27 jos
611 296 82 22 kunnat
704 296 172 22 velvoitettaisiin

53 326 134 20 maksamaan
207 326 130 21 korvaukset
352 326 177 21 hankaluuksista
541 326 23 26 ja
580 325 78 22 valtion
675 324 147 22 vastattaviksi
836 324 40 26 jäi-

52 354 55 21 sivät
129 354 131 21 korvaukset
277 356 83 19 maasta
372 354 23 27 ja
410 354 171 27 rakennuksista,
593 354 44 21 niin
653 354 59 21 tulisi
728 359 90 16 seuraus
834 352 42 22 ole-

53 389 61 15 maan
136 388 28 20 se,
179 384 44 20 että
237 382 112 28 yksityiset
364 383 137 21 koettaisivat
516 382 75 22 kiskoa
605 383 96 21 itselleen
717 381 161 22 kohtuuttomia

52 411 128 21 korvauksia
203 411 95 21 valtiolta
319 413 82 19 maasta
420 412 24 26 ja
466 411 170 22 rakennuksista.
666 412 47 20 Tuo
729 410 148 22 otaksuminen

53 440 19 21 ei
95 440 118 21 mielestäni
235 440 115 27 myöskään
366 440 34 21 ole
415 440 126 22 oikeutettu.
572 440 51 22 Sillä
636 440 127 27 ylimalkaan
780 452 26 3 —
822 439 57 21 minä

53 471 88 19 vastaan
157 470 58 20 tässä
229 469 96 27 myöskin
341 468 39 22 hra
396 468 172 28 Schybergsonin
584 468 72 22 osaksi
671 475 87 15 samaan
772 470 106 19 suuntaan

54 499 115 19 menevään
190 498 129 20 väitteeseen
346 510 27 2 —
399 504 27 14 on
450 498 72 26 paljoa
543 498 127 27 helpompaa
692 497 116 21 arvostella
831 496 48 21 kor-

54 529 81 20 vausta,
163 526 57 21 mikä
247 532 27 15 on
303 526 133 22 maksettava
461 528 82 20 maasta
564 526 24 27 ja
613 526 171 21 rakennuksista.
824 525 57 21 Siinä

54 555 35 21 voi
112 555 64 21 saada
195 554 136 22 arvostelulle
354 555 73 21 selvän
450 555 151 27 perustuksen,
619 555 60 27 joten
695 555 127 21 kiskomista
837 554 43 21 voi-

55 584 53 21 daan
131 585 64 20 estää.
231 584 28 21 Ja
279 583 100 26 henkilöt,
399 584 62 27 jotka
482 584 115 21 tällaisissa
619 584 99 21 toimissa
739 585 51 20 ovat
812 582 68 26 olleet,

55 614 50 19 ovat
127 613 113 26 erityisesti
258 613 87 20 minulle
364 613 183 26 huomauttaneet,
563 614 43 19 että
622 612 75 21 vaikka
712 613 81 26 tietysti
808 612 72 21 viime-

55 641 171 27 mainittujenkin
241 641 131 21 korvausten
388 641 91 22 suhteen
492 641 98 27 jossakin
606 641 81 21 määrin
703 641 133 21 keinottelua
846 640 35 21 voi

55 669 103 28 ilmestyä,
177 670 44 21 niin
236 676 28 15 on
279 669 110 22 kuitenkin
406 670 109 27 helpompi
530 671 59 20 estää
603 669 127 22 kiskomista
745 669 72 22 näihin
832 669 48 21 kor-

56 699 97 20 vauksiin
176 699 90 25 nähden,
288 698 50 21 kuin
362 699 81 20 milloin
460 705 28 14 on
503 698 100 27 kysymys
619 698 177 21 hankaluuksista
808 697 72 28 johtu-

56 727 56 21 vista
133 727 156 21 korvauksista.
321 727 27 22 Ja
369 729 57 19 tämä
447 733 28 15 on
499 727 95 21 minusta
614 727 125 21 muutenkin
763 727 45 21 niin
824 727 58 20 asian

56 755 124 27 luonnossa,
196 757 45 20 että
256 762 23 15 se
293 755 65 22 ilman
373 755 113 28 lähempää
501 755 131 28 selitystäkin
649 762 28 15 on
693 755 97 22 ilmeistä.

127 813 33 21 Hr
176 813 192 21 Lundenius:
398 813 11 21 I
425 813 66 21 likhet
506 813 48 22 med
570 813 25 21 hr
611 813 148 27 Schybergson
770 813 68 21 finner
847 813 37 26 jag

58 842 37 21 det
117 841 86 27 förslag,
223 848 45 15 som
285 841 60 27 ingär
361 842 7 21 i
384 842 118 21 utskottets
518 841 67 22 första
600 842 62 26 kläm,
678 848 51 15 vara
743 842 87 21 rättvist
845 841 39 21 och

58 869 90 21 framför
170 870 30 21 alt
217 870 107 26 praktiskt
339 873 56 18 samt
410 870 56 27 förty
482 871 53 20 böra
549 873 96 23 antagas.
674 871 42 26 Jag
730 871 50 20 ville
795 870 17 26 ej
830 877 53 19 upp-

59 901 50 24 taga
131 898 95 22 ständets
241 898 29 22 tid
288 899 48 21 med
351 901 33 19 att
398 901 99 19 närmare
512 899 50 27 ingä
577 899 7 21 i
599 899 127 21 bemötande
740 898 24 22 af
777 899 25 21 hr
817 898 66 21 Levo-

60 926 54 22 nius?
138 927 108 21 uttalande
269 927 31 21 uti
320 926 82 28 frågan.
439 928 33 20 Hr
496 927 149 27 Schybergson
663 928 38 21 har
718 928 24 26 ju
758 928 73 25 redan,
846 926 39 22 och

60 956 45 21 dels
121 956 64 21 också
200 956 25 20 hr
241 956 88 25 Genetz,
345 956 61 26 gifvit
422 956 55 27 goda
493 956 45 21 skäl
554 956 77 21 därför.
661 956 68 21 Bland
738 956 25 21 hr
772 954 113 23 Levonius'

60 984 165 27 anmärkningar
247 984 67 22 finner
327 984 38 27 jag
380 985 77 21 endast
472 985 41 21 den
529 984 63 22 hafva
607 985 51 26 skäl,
677 991 46 15 som
743 985 94 27 grundar
853 984 33 26 sig

61 1013 72 27 därpä,
155 1015 32 19 att
208 1019 76 21 genom
303 1019 26 15 en
346 1013 66 21 sädan
428 1012 118 28 affattning,
562 1020 46 14 som
624 1014 106 20 klämmen
746 1020 29 14 nu
791 1013 44 26 har,
851 1013 36 21 det

62 1042 108 26 värkligen
194 1041 106 26 framstär,
323 1048 47 15 som
390 1048 35 15 om
441 1042 117 21 ständerna
573 1042 68 21 skulle
657 1042 95 21 erkänna
768 1042 71 21 säsom
856 1043 30 19 ett

62 1070 183 22 missförhällande
267 1072 32 20 att
320 1070 142 27 jordegarena
478 1071 101 21 stundom
595 1071 7 21 i
617 1071 214 27 expropriationsväg
846 1070 40 21 till-

62 1099 58 21 delas
143 1098 136 22 öfverhöfvan
304 1101 45 19 stor
372 1100 121 26 ersättning
515 1099 32 21 för
569 1106 57 20 egor,
649 1106 46 14 som
712 1100 26 20 de
753 1099 31 21 till
800 1098 51 28 följd
866 1098 23 22 af

62 1128 185 26 expropriationen
264 1128 60 21 skola
339 1127 88 22 afträda.
457 1128 95 21 Därmed
567 1128 69 21 skulle
650 1128 140 27 uttryckligen
804 1129 83 25 utsagts

63 1158 31 19 att
115 1162 25 15 en
164 1156 119 27 värdering,
305 1162 46 16 som
375 1156 102 22 förrättas
492 1156 24 22 af
529 1157 271 27 expropriationsnämden,
815 1156 72 21 kunde

63 1185 67 27 enligt
152 1185 97 27 gällande
271 1185 207 28 expropriationslag
493 1185 126 22 förutsättas
634 1192 51 15 vara
700 1185 92 27 oskälig;
808 1184 38 22 och
862 1184 26 22 dä

64 1214 115 21 ständerna
201 1214 60 21 torde
277 1214 52 21 böra
343 1213 80 22 afhälla
442 1214 34 27 sig
494 1213 47 22 frän
557 1216 30 19 ett
602 1215 76 20 sädant
693 1214 115 25 uttalande,
824 1213 64 27 vägar

61 1243 38 26 jag
120 1242 79 21 föreslä
220 1244 32 19 att
266 1249 49 14 man
330 1242 96 22 försökte
441 1243 111 21 eliminera
567 1243 70 21 denna
651 1243 145 27 oegentlighet
812 1248 76 21 genom

64 1273 32 19 att
110 1271 54 21 efter
179 1271 62 21 ordet
257 1271 102 27 »skäligt»
377 1271 88 27 tillägga
480 1271 62 22 ordet
552 1271 136 22 »fastställa».
720 1271 94 22 Sålunda
822 1271 68 21 skulle

64 1299 74 27 hvarje
153 1299 46 22 skäl
213 1299 32 22 för
262 1300 41 21 den
318 1299 23 22 af
354 1299 26 22 hr
395 1300 109 21 Levonius
520 1305 45 16 mot
576 1301 69 20 denna
657 1300 147 27 oegentlighet
816 1299 75 27 gjorda

64 1328 121 21 tillvitelsen
201 1328 86 21 komma
301 1330 32 19 att
348 1327 105 22 bortfalla.

134 1385 33 22 Hr
183 1385 196 27 Schybergson:
408 1385 43 27 Jag
466 1387 121 25 accepterar
603 1385 24 22 hr
643 1385 131 22 Lundenius'
788 1385 101 22 formule-

66 1414 53 27 ring,
130 1420 47 15 som
193 1414 70 21 bättre
283 1415 26 20 än
325 1414 117 21 utskottets
459 1414 109 27 uttrycker
584 1414 40 21 den
640 1414 69 26 tanke,
726 1421 46 14 som
788 1413 56 22 afses
860 1414 31 21 uti

66 1443 112 20 klämmen.
208 1442 44 21 Hrr
276 1443 80 20 Genetz
380 1443 40 20 och
443 1442 108 22 Levonius
571 1443 63 21 hafva
649 1443 87 27 upplyst
751 1443 44 26 mig
810 1449 35 14 om
860 1445 32 18 att

66 1471 185 26 expropriationen
275 1471 32 20 för
327 1471 169 26 olägenheterna
511 1471 39 21 och
565 1472 187 26 expropriationen
768 1471 23 21 af
804 1471 87 21 marken

67 1499 73 27 skiljas
163 1499 22 21 ät
207 1499 35 22 vid
264 1499 163 26 förrättningen.
458 1499 43 22 Det
524 1502 23 19 är
562 1506 26 15 en
604 1500 43 26 sak,
663 1506 47 15 som
722 1500 39 27 jag
776 1499 22 22 af
812 1499 81 27 ganska
