1078 1764
91 107 16 17 2
115 107 53 21 juni.
411 100 201 36 Skjutshållningen.
865 101 55 21 1079

93 176 53 28 ning
168 176 22 22 af
209 178 33 19 tre
256 177 8 20 i
278 177 156 21 bondeståndet
456 176 126 23 framstälda
603 176 184 28 petitionsförslag
811 175 110 28 angående

92 204 226 29 skjutshållningen
334 205 40 22 och
389 205 216 28 gästgifverlerna.

302 273 27 18 På
341 273 37 24 lag-
391 273 35 19 och
438 273 187 18 ekonomiutskottets
638 274 76 23 vägnar:

423 331 52 22 Em.
492 331 100 22 Berneri.

680 393 24 19 K.
716 393 18 19 J.
748 393 104 24 Ståhlberg.

175 566 116 21 FINLANDS
306 563 120 24 STÄNDERS

98 613 63 34 LAG-
184 613 51 34 OCH
259 613 249 34 EKONOMIUTSKOTT.

296 664 73 21 ve
533 675 42 22 Till
589 674 107 29 vällofliga
710 673 182 29 borgareståndet.

208 714 184 19 HELSINGFORS

197 755 35 18 den
253 756 13 17 2
282 755 46 22 juni
348 757 56 16 1900.

259 801 36 18 N:o
308 801 38 18 151.

163 875 96 22 Härmed
283 875 32 22 får
341 875 44 28 lag-
401 875 39 22 och
463 875 207 22 ekonomiutskottet
691 876 111 21 vördsamt
823 875 97 22 meddela

93 905 33 20 att
147 903 117 22 utskottets
285 904 135 21 betänkande
434 910 36 15 n:o
489 905 26 20 13
533 905 7 20 i
555 904 115 27 anledning
684 904 23 22 af
720 906 31 20 ett
766 905 58 20 inom
840 904 80 21 ridder-

93 932 77 27 skapet
192 932 40 22 och
253 933 62 21 adeln
337 933 119 22 inlämnadt
478 933 213 27 petitionsmemorial
706 933 111 27 angående
833 932 87 28 upphäf-

93 961 70 21 vande
184 960 23 22 af
226 961 78 27 nådiga
325 961 146 28 kungörelsen
492 962 41 21 den
553 962 28 21 14
593 961 41 27 juli
655 962 55 21 1892
726 968 35 15 om
776 961 78 22 förbud
869 961 51 22 tills-

94 989 74 22 vidare
189 992 46 19 mot
258 990 137 27 tillvärkning
417 989 23 22 af
453 990 126 27 margarin
593 991 8 20 i
616 990 90 22 Finland
727 990 70 21 blifvit
813 989 109 28 godkändt

92 1017 25 22 af
129 1018 159 27 prästeståndet
301 1019 40 21 och
353 1019 164 26 bondeståndet,
528 1025 49 15 men
587 1019 147 27 ridderskapet
745 1019 40 21 och
800 1019 62 21 adeln
877 1018 44 26 har,

94 1047 48 21 med
157 1046 138 23 förkastande
309 1047 24 22 af
345 1047 152 26 betänkandet,
509 1032 100 47 omfattat
618 1048 154 27 petitionärens
781 1035 140 34 resolutions-

91 1074 83 29 förslag
188 1075 40 22 och
243 1076 178 27 borgareståndet
434 1076 40 21 har
485 1065 94 38 godkänt
594 1076 41 21 den
650 1076 31 21 till
691 1075 146 22 betänkandet
845 1075 77 28 fogade

92 1104 166 27 reservationen,
274 1104 83 22 hvadan
373 1104 75 28 frågan
464 1105 91 22 sålunda
568 1104 92 22 förfallit.

265 1173 32 22 På
311 1173 42 28 lag-
371 1173 39 22 och
425 1173 220 22 ekonomiutskottets
659 1175 90 26 vägnar:

427 1236 51 22 Em.
493 1236 99 22 Berneri.

681 1299 23 18 K.
716 1299 18 19 J.
748 1299 105 23 Ståhlberg.
