1073 1742
59 111 24 17 14
95 111 47 20 maj.
232 112 142 16 Försvunnen
385 116 91 16 persons
488 111 137 17 förklarande
637 112 33 16 för
683 111 46 17 död.
846 104 40 22 591

128 180 33 21 Hr
172 180 200 27 Wiljakainen:
395 179 160 22 Sovittaessaan
566 186 62 15 omaa
638 179 167 27 mielipidettään
816 180 71 20 tämän

60 208 89 27 pykälän
170 208 80 22 alkuun
274 214 27 15 on
324 208 124 21 valiokunta
470 210 111 20 asettunut
601 208 44 21 niin
661 208 161 27 omaperäiselle
836 208 51 21 kan-

60 236 60 26 nalle,
136 238 45 20 että
196 243 23 15 se
235 243 27 15 on
278 236 111 28 käyttänyt
404 242 70 16 ennen
497 236 132 28 esiintyvälle
648 236 119 22 käsitteelle
779 242 61 15 omaa
855 242 33 15 sa-

60 271 86 15 naansa.
177 265 96 21 Muualla
288 272 27 14 on
331 265 56 21 koko
402 265 72 21 matka
489 265 95 27 käytetty
600 272 73 14 sanaa:
697 264 190 25 »hakemukseen»,

60 296 69 19 mutta
144 295 58 20 tässä
217 300 28 15 on
263 294 169 21 »hakemiseen».
454 294 175 21 Ruotsalaisessa
643 294 102 21 tekstissä
761 300 27 14 on
798 295 89 20 muuten

62 322 153 27 »ansökning»,
238 325 70 19 mutta
330 324 58 20 tässä
409 322 109 22 kohdassa
540 329 28 15 on
591 329 52 15 sana
663 322 129 22 »ansökan».
821 322 66 21 Miten

60 351 138 27 tarpeellinen
216 350 166 22 ruotsalaisessa
402 351 102 22 tekstissä
519 351 105 21 lieneekin
639 353 38 19 tuo
693 353 95 22 muutos,
803 356 84 16 suoma-

60 379 89 21 laisessa
171 386 23 14 se
217 386 28 14 on
261 380 127 26 sopimaton,
404 380 47 21 sillä
466 386 24 15 se
504 386 58 20 sana,
575 380 52 26 joka
642 380 67 21 siihen
725 386 28 15 on
773 381 72 25 pantu,
868 379 20 21 ei

61 408 101 21 merkitse
178 408 46 26 sitä,
240 408 52 21 mitä
306 408 48 21 sillä
368 410 59 20 tässä
445 408 148 22 tarkoitetaan.
609 420 27 3 —
645 408 47 22 Tuo
707 408 39 22 hra
760 407 128 27 Nordlingin

62 436 131 22 huomautus
209 437 19 21 ei
244 436 32 22 ole
291 437 84 21 vastoin
391 437 69 21 kielen
476 437 171 27 käytäntötapaa.

130 494 70 22 Sedan
225 494 151 21 diskussionen
400 494 115 22 förklarats
539 494 101 26 afslutad,
664 494 125 22 framstälde
809 494 25 20 hr
849 493 38 21 tal-

61 528 91 16 mannen
168 522 32 22 till
216 522 96 22 ständets
327 522 132 23 besvarande
469 522 94 28 följande
573 522 315 28 omröstningspropositioner:

130 579 38 27 De,
190 579 75 21 hvilka
284 580 118 27 godkänna
417 580 114 21 utskottets
546 580 84 28 förslag
646 580 35 21 till
697 580 80 32 lydelse
791 579 37 28 för
842 579 15 27 $
874 580 14 20 6

60 608 10 21 i
84 608 36 21 det
140 608 29 28 af
180 608 28 21 hr
222 608 110 33 Nordling
354 608 120 22 anmärkta
496 609 107 27 afseende,
621 610 60 20 rösta
691 616 41 20 ja;
748 609 31 26 de,
795 608 35 21 det
844 607 44 22 icke

60 639 60 25 göra,
135 638 60 20 rösta
209 637 50 27 nej;

132 665 79 21 vinner
230 666 44 27 nej,
294 665 43 22 har
352 666 177 32 borgareståndet
545 666 89 21 beslutit
648 666 160 21 återremittera
820 671 69 22 para-

59 695 81 27 grafen
154 694 37 28 för
206 694 160 28 omredigering
381 694 10 21 i
405 694 35 22 det
454 694 58 28 syfte
527 695 28 21 hr
569 694 110 28 Nordling
694 694 122 28 föreslagit.

130 751 166 27 Propositionen
312 752 129 21 besvarades
456 752 50 21 med
521 751 158 28 öfvervägande
691 752 29 27 ja.

130 809 40 21 2:0.
200 808 39 33 De,
260 808 74 22 hvilka
348 809 118 27 godkänna
482 809 113 21 utskotteis
609 809 84 27 förslag
709 809 35 21 till
759 808 79 29 lydelse
853 808 38 28 för

61 838 14 26 $
92 838 20 26 6,
127 838 61 31 rösta
197 837 40 28 ja;
253 837 31 27 de,
298 837 36 21 det
347 838 46 20 icke
406 840 60 25 göra,
483 839 60 20 rösta
558 838 48 26 nej;

130 865 80 22 vinner
224 866 42 27 nej,
278 854 50 33 ”har
350 866 38 21 bor
387 866 141 27 'gareståndet
543 866 88 21 beslutit
645 865 160 22 återremittera
817 871 71 22 para-

60 894 82 28 grafen
156 894 10 21 i
180 894 36 21 det
230 894 57 28 syfte
302 894 27 21 hr
348 894 150 28 Wiljakainen
512 895 122 28 föreslagit.

130 947 71 26 Äfven
224 952 70 21 denna
316 952 136 27 proposition
474 952 131 21 besvarades
625 952 48 21 med
691 951 157 28 öfvervägande
860 951 30 27 ja,

62 980 39 21 och
116 980 55 22 hade
190 980 179 27 borgareständet
388 980 84 22 säledes
487 981 90 21 beslutit
592 980 113 27 godkänna
720 980 11 28 $
747 981 13 20 6
775 980 67 27 enligt
856 981 34 20 ut-

62 1009 92 21 skottets
169 1009 87 27 förslag.

131 1065 23 29 88
170 1066 19 26 7,
205 1066 19 26 8,
240 1066 13 21 9
268 1065 39 22 och
325 1066 27 21 10
367 1066 125 27 godkändes
508 1068 52 20 utan
577 1066 129 22 diskussion.

130 1123 11 21 I
156 1122 62 29 fråga
232 1129 36 16 om
283 1123 11 28 $
311 1124 26 21 11
353 1123 72 22 anhöll

130 1180 25 21 hr
177 1181 131 26 Wegelius
330 1187 36 15 om
382 1181 62 21 ordet
460 1181 39 22 och
514 1181 93 27 yttrade:
636 1181 42 27 Jag
692 1181 33 21 fär
740 1181 28 27 pä
783 1180 70 27 grund
868 1179 24 22 af

60 1208 56 22 hvad
128 1209 39 27 jag
181 1209 91 27 tidigare
286 1209 71 22 anfört
371 1209 79 22 töreslä
464 1211 31 20 att
510 1209 69 22 första
593 1210 114 27 meningen
723 1209 23 22 af
756 1209 68 22 andra
834 1211 54 24 styc-

60 1237 38 21 ket
112 1237 86 22 komme
218 1240 32 19 att
268 1238 56 27 lyda:
356 1238 166 22 »Förekommer
539 1238 17 27 ej
574 1238 46 22 skäl
635 1239 32 20 till
683 1240 65 19 annat
763 1237 127 27 antagande,

61 1265 55 28 gälle
132 1266 71 21 säsom
225 1267 66 21 sädan
312 1267 102 26 tidpunkt
433 1267 42 21 den
490 1267 47 27 dag,
553 1267 27 21 dä
595 1267 94 22 ansökan
705 1273 36 15 om
756 1265 132 23 dödsförkla-

60 1295 50 26 ring
124 1295 68 27 enligt
206 1295 14 21 2
235 1295 39 22 och
290 1295 13 21 3
319 1295 25 28 $$
359 1295 89 28 tidigast
463 1295 84 22 kunnat
562 1295 58 22 ske».

130 1352 157 21 Diskussionen
308 1351 132 23 förklarades
456 1353 52 21 härä
523 1352 99 26 afslutad,
637 1352 107 22 hvarefter
759 1352 25 21 hr
799 1351 90 22 talman-

60 1386 42 15 nen
118 1380 32 21 till
172 1381 97 21 ständets
290 1381 133 21 besvarande
444 1381 126 22 framstälde
584 1381 93 28 följande
692 1381 197 26 omröstningspro-

60 1409 104 26 position:

130 1465 39 26 De,
184 1466 75 21 hvilka
272 1466 118 28 godkänna
405 1466 115 21 utskottets
534 1467 84 27 förslag
634 1467 35 20 till
685 1467 78 27 lydelse
778 1467 36 27 för
828 1465 16 28 $
859 1465 31 26 11,

59 1495 60 20 rösta
132 1494 38 27 ja;
187 1495 32 26 de,
235 1495 35 21 det
284 1495 46 21 icke
343 1497 61 25 göra,
420 1497 61 19 rösta
496 1496 48 27 nej;
