1073 1756
53 96 25 17 14
89 96 48 21 maj.
382 96 103 32 Finlands
498 96 63 17 bank.
838 89 42 22 595

123 165 156 22 Diskussionen
303 164 132 22 förklarades
457 164 99 26 afslutad,
580 164 107 22 hvarefter
703 164 177 27 borgareståndet

54 193 27 27 på
103 193 25 22 hr
150 193 134 22 talmannens
306 193 158 27 framställning
486 193 112 27 godkände
620 193 11 28 $
647 193 13 21 3
676 193 66 27 enligt
764 193 116 22 utskottets

53 221 87 28 förslag.

124 279 149 21 Betänkandet
288 281 77 25 antogs
378 279 81 26 jämväl
474 279 7 20 i
496 278 69 28 öfriga
580 279 65 21 delar.

123 434 120 27 Föredrogs
265 433 174 22 bankutskottets
458 434 36 21 vid
510 435 86 20 senaste
611 434 87 27 plenum
714 434 116 27 bordlagda
845 435 36 21 be-

55 462 106 21 tänkande
176 469 34 14 n:o
225 463 15 20 4
255 463 110 26 angående
383 462 117 22 Finlands
520 463 77 22 banks
613 462 178 29 odisponerade
807 463 73 22 vinst-

54 491 89 22 medel.

124 549 32 20 Hr
172 549 133 26 Wegelius
321 548 71 21 anhöll
407 548 75 21 härvid
497 554 35 15 om
549 549 62 20 ordet
626 548 40 21 och
680 549 93 26 yttrade:
803 549 43 20 Det
858 550 23 19 är

54 577 104 27 antagligt
173 579 31 19 att
219 577 162 21 statsutskottet
395 577 46 21 icke
456 577 97 21 kommer
568 579 32 19 att
615 577 78 21 föreslå
708 579 31 19 att
755 576 22 22 af
785 577 96 21 bankens

54 606 57 21 vinst
134 608 30 19 ett
187 607 69 20 större
277 606 78 27 belopp
371 605 69 22 skulle
455 606 126 26 disponeras
597 608 26 19 än
640 606 36 21 det
691 606 7 21 i
715 606 14 21 2
745 612 64 15 mom.
827 612 53 21 upp-

54 633 74 28 gifves,
155 641 48 14 men
229 635 27 20 då
280 641 26 14 en
329 635 142 27 proposition,
487 635 19 20 d.
522 641 19 14 v.
557 641 16 14 s.
593 634 162 27 propositionen
771 634 111 27 angående

53 663 264 27 landtdagskostnaderna,
326 663 45 21 icke
380 665 57 19 ännu
448 662 69 22 blifvit
525 663 7 20 i
541 663 163 21 statsutskottet
715 663 118 21 behandlad
841 663 40 21 och

54 692 37 21 det
112 692 34 21 för
169 691 66 28 öfrigt
249 692 41 21 kan
305 698 64 15 anses
385 691 86 22 formelt
485 692 75 26 riktigt
575 694 31 19 att
621 692 46 21 icke
682 692 65 21 redan
763 698 29 15 nu
808 691 72 22 defini-

54 720 41 21 tivt
116 720 105 22 fastställa
244 721 63 21 dessa
329 720 84 27 belopp,
436 720 79 22 tillåter
532 720 39 27 jag
585 720 44 27 mig
644 720 79 22 föreslå
737 722 32 20 att
785 720 96 22 ståndets

54 749 72 21 beslut
140 749 7 21 i
161 749 116 27 anledning
301 748 22 22 af
345 749 176 21 bankutskottets
546 749 145 27 föreliggande
713 748 80 28 förslag
807 748 75 26 skulle,

55 778 70 21 såvidt
140 778 25 21 de
179 778 54 26 gälla
247 778 106 26 beloppen
368 778 7 20 i
390 777 68 22 första
473 778 40 21 och
528 778 67 21 andra
605 779 129 24 momenten,
742 777 66 22 blifva
819 783 62 15 even-

55 806 70 26 tuella,
148 806 107 21 beroende
277 806 28 27 på
323 806 97 22 ståndets
435 806 73 22 beslut
522 806 7 21 i
544 806 116 27 anledning
675 806 22 22 af
711 806 170 22 statsutskottets

55 834 226 28 anslagsbetänkande.

124 892 33 21 Hr
173 887 107 26 Öhman:
309 892 42 27 Jag
366 892 95 21 anhåller
476 894 32 19 att
522 892 22 21 få
559 892 132 21 understöda
706 892 36 21 det
757 891 22 22 af
792 892 25 21 hr
832 892 49 20 We-

56 920 68 27 gelius
139 920 126 22 framstälda
280 920 109 28 förslaget.

126 977 68 22 Sedan
210 978 151 21 diskussionen
376 978 53 21 härå
443 977 114 22 förklarats
573 977 99 27 afslutad,
685 977 44 22 blef
740 978 143 21 betänkandet

56 1005 22 22 af
91 1006 178 27 borgareståndet
284 1006 119 27 godkändt;
420 1006 54 22 dock
487 1006 69 22 skulle
567 1006 97 22 ståndets
674 1006 69 22 beslut
751 1006 132 22 beträffande

56 1035 27 21 de
98 1035 32 21 uti
145 1034 116 22 utskottets
280 1037 78 19 tvänne
373 1034 70 22 första
457 1034 214 28 resolutionsförslag
685 1037 110 25 upptagna
809 1034 73 27 belop-

56 1069 42 21 pen
119 1069 63 15 anses
204 1064 71 21 såsom
291 1064 125 25 eventuella,
432 1064 109 20 beroende
553 1063 23 21 af
589 1064 26 21 de
630 1064 77 26 beslut,
723 1064 60 21 hvari
798 1063 85 21 ståndet

56 1092 85 20 komme
156 1094 32 19 att
203 1094 76 19 stanna
294 1092 36 21 vid
351 1092 157 27 behandlingen
524 1092 23 21 af
561 1092 172 22 statsutskottets
749 1092 134 21 betänkande

56 1120 6 21 i
78 1120 115 27 anledning
208 1120 21 21 af
243 1121 78 27 nådiga
336 1121 163 27 propositionen
517 1121 112 27 angående
648 1121 26 21 de
689 1121 35 21 vid
739 1120 144 22 innevarande

56 1149 103 27 landtdag
181 1149 78 21 äskade
281 1149 75 27 anslag
377 1149 40 21 och
438 1151 120 25 utvägarna
580 1150 31 20 till
627 1150 64 21 dessa
705 1150 86 26 anslags
807 1149 75 21 bestri-

57 1178 75 21 dande.

126 1315 33 21 Hr
174 1315 122 21 talmannen
312 1315 124 22 meddelade
451 1317 33 20 att
498 1315 235 22 talmanskonferensen
749 1315 88 22 beslutit
852 1317 32 18 att

57 1345 62 20 nästa
134 1343 63 28 plena
213 1344 68 21 skulle
296 1344 67 21 hållas
379 1351 35 14 om
431 1345 83 26 onsdag
529 1344 39 21 och
584 1343 75 28 fredag
673 1345 7 20 i
695 1344 70 21 denna
780 1343 64 22 vecka
856 1343 28 21 kl.

58 1373 11 20 7
86 1378 18 15 €.
119 1379 33 19 m.,
176 1373 109 21 eventuelt
300 1372 61 22 äfven
385 1379 35 15 om
435 1373 90 26 torsdag
540 1373 27 20 kl.
583 1373 12 20 7
613 1379 17 14 e.
645 1379 34 20 m.,
694 1373 109 21 beroende
818 1372 66 27 därpå

58 1407 34 15 om
108 1389 83 33 arbetet
205 1401 7 21 i
228 1401 26 22 de
269 1401 69 22 skilda
353 1401 91 22 ständen
460 1401 78 22 sädant
552 1385 127 47 påkallade.
