1073 1714
190 119 42 21 822
475 122 242 30 Hypoteksföreningar.
932 126 28 17 22
972 125 48 21 maj.

259 194 217 22 ekonomiutskottets
498 194 135 23 betänkande
655 201 34 15 n:o
706 196 25 20 11
748 195 7 21 i
769 195 117 27 anledning
905 194 23 22 af
941 197 79 20 tvänne

190 223 7 21 i
212 223 157 22 bondeståndet
384 224 75 21 väckta
474 224 186 27 petitionsförslag
675 230 34 15 om
725 224 92 27 ändring
831 223 24 22 af
867 224 14 20 4
898 224 12 27 &
926 224 6 21 i
943 224 77 26 nådiga

189 251 145 27 kungörelsen
353 252 23 21 af
388 252 40 22 den
445 252 28 22 25
487 253 42 27 maj
547 252 56 22 1859
618 253 111 27 angående
744 252 96 22 vilkoren
856 252 40 22 och
911 252 107 22 allmänna

190 280 123 27 grunderna
327 280 33 22 för
375 280 269 29 hypoteksföreningar
659 281 9 22 i
683 281 117 27 Finland;

259 344 82 15 samma
355 338 94 22 utskotts
465 338 136 22 betänkande
613 344 34 15 n:o
659 338 27 21 12
696 338 7 21 i
713 338 116 26 anledning
844 338 23 21 af
880 340 32 19 ett
924 338 6 21 i
939 338 79 22 bonde-

190 366 87 22 ståndet
298 367 62 21 väckt
381 366 185 28 petitionsförslag
581 374 36 14 om
632 366 139 28 förlängning
785 366 23 22 af
821 367 107 21 lånetiden
944 366 32 22 för
992 367 27 21 de

190 402 77 20 genom
291 395 176 22 cirkulärbrefvet
488 396 23 21 af
524 396 40 21 den
581 396 28 21 26
622 396 48 27 juni
687 396 55 21 1885
758 395 105 27 beviljade
878 395 141 21 läneförskott

190 423 33 22 för
239 424 99 22 bildande
353 424 23 21 af
389 424 158 22 kommunala
558 424 201 28 odlingsfonder;
771 424 110 22 äfvensom

259 488 81 15 samma
362 482 95 21 utskotts
480 482 136 21 betänkande
631 488 34 15 n:o
682 482 27 21 13
724 482 7 21 i
747 482 116 27 anledning
878 481 23 22 af
914 483 30 20 ett
959 482 58 21 inom

189 511 157 21 bondeståndet
361 511 116 21 inlämnadt
487 510 190 28 petitionsförslag,
688 510 111 29 åsyftande
810 511 67 27 högre
888 511 130 26 statsanslag

189 539 32 21 till
236 539 153 22 hästafvelns
404 539 181 29 befrämjande.

259 683 32 22 Hr
312 683 120 22 talmannen
456 683 125 22 meddelade
603 685 32 20 att
657 683 173 28 morgondagens
850 683 88 28 plenum
958 683 6 21 i
977 683 39 22 an-

189 712 79 21 seende
290 712 31 21 till
343 712 41 21 den
407 713 78 26 mängd
505 712 23 21 af
541 712 99 26 ärenden,
657 719 45 14 som
719 712 31 21 till
766 712 119 21 detsamma
900 712 116 27 bordlagts,

188 740 87 21 komme
289 743 32 19 att
336 743 49 25 taga
400 741 32 21 sin
447 741 75 27 början
538 741 27 21 kl.
581 741 13 21 6
609 747 18 15 e.
642 747 27 15 m.

257 884 90 21 Plenum
363 883 116 22 afslutades
495 884 27 21 kl.
538 885 43 25 2,40
596 885 27 26 på
638 886 80 19 natten.

799 941 21 17 In
832 941 62 18 fidem:

744 976 27 20 A.
787 975 22 21 V.
825 975 117 28 Lindberg.
