1078 1781
47 118 28 16 28
87 117 47 21 maj.
398 117 126 21 Järnvägar.
831 111 42 21 845

117 185 32 22 Hr
173 186 201 28 Schybergson:
397 186 32 21 Af
440 186 42 22 alla
496 187 27 21 de
539 188 33 20 tre
586 187 73 25 banor,
676 193 46 14 som
738 193 29 14 nu
782 185 90 23 föreslås

48 215 33 21 för
103 215 64 24 detta,
188 215 71 22 såsom
276 215 24 21 hr
316 215 101 27 Lagerlöf
429 215 73 27 riktigt
517 215 104 26 framhöll,
636 215 46 21 icke
697 215 24 22 så
735 215 87 22 alldeles
837 215 35 22 be-

50 243 104 28 gränsade
169 244 93 25 område,
278 246 23 19 är
316 244 37 21 det
368 244 69 21 banan
453 243 217 28 Lappi—Uleåträsk,
686 250 46 15 som
749 244 66 27 enligt
830 244 43 21 min

49 272 63 21 tanke
133 272 38 21 har
194 273 26 20 de
240 273 62 21 bästa
324 273 73 21 skälen
420 272 32 21 för
475 273 39 26 sig.
544 273 48 20 Den
614 273 65 21 redan
697 272 98 21 beslutna
810 274 63 19 stats-

49 301 68 21 banan
133 301 193 27 Iisalmi—Kajana
340 301 38 22 har
394 301 26 21 de
436 303 84 24 sämsta,
534 301 40 22 och
585 301 204 27 Uleåborg—Vaala
803 301 70 21 banan

49 329 68 22 skulle
136 329 38 28 jag
196 330 49 27 vilja
267 331 57 20 sätta
344 330 7 21 i
374 330 67 21 andra
463 332 98 19 rummet.
590 330 50 21 Men
659 330 36 21 det
709 331 24 20 är
747 330 49 21 med
811 330 63 21 dessa

49 358 56 21 olika
126 357 124 28 banföretag
265 359 7 20 i
287 359 45 21 viss
348 359 48 20 mån
413 359 27 26 på
456 365 81 15 samma
552 360 44 20 sätt
611 365 46 15 som
674 359 48 20 med
737 359 27 20 de
779 357 23 22 af
815 365 36 14 oss
867 358 7 21 i

49 387 38 26 går
106 387 131 21 behandlade
252 387 107 27 förslagen
377 393 35 15 om
425 387 92 27 järnväg
532 387 31 21 till
580 387 72 21 Kaskö
668 387 39 21 och
724 387 150 21 Kristinestad.

49 415 42 22 Det
106 416 37 26 går
158 415 46 22 icke
219 418 31 19 att
266 416 110 21 eliminera
391 416 124 27 någondera
530 415 22 22 af
565 416 59 26 dem;
639 416 20 21 vi
670 416 69 21 måste
749 415 125 28 respektera

49 444 47 21 dem
112 444 60 26 båda,
188 444 39 21 och
242 445 21 20 vi
277 445 53 20 böra
345 445 73 20 kunna
434 446 50 25 göra
500 445 36 21 det
551 445 25 21 så
591 445 84 27 mycket
689 444 71 27 hällre,
776 451 46 14 som
839 445 35 20 det

32 472 2 2 *
46 473 25 27 ju
86 473 45 21 icke
147 473 66 27 gäller
228 475 31 19 att
274 475 70 19 staten
360 473 69 22 skulle
444 473 106 27 betungas
566 473 48 22 med
630 473 47 21 hela
687 473 119 22 kostnaden
823 475 50 19 utan

49 502 76 21 endast
143 502 48 21 med
207 502 129 21 subvention
352 502 39 21 och
406 502 49 21 med
470 504 32 19 ett
516 502 41 26 län,
574 508 52 20 som,
642 502 36 21 vill
691 502 38 27 jag
743 504 40 24 tro,
799 501 53 22 skall
867 501 7 21 i

49 530 68 21 sinom
133 531 31 20 tid
179 530 24 21 af
215 531 55 21 bäda
284 531 64 21 dessa
362 531 68 20 banor
438 531 126 26 ätergäldas,
574 533 22 25 ty
604 531 24 21 sä
636 533 42 19 stor
687 526 21 36 är
720 531 116 27 tillgängen
847 530 28 27 pä

49 559 54 27 skog
117 559 7 21 i
139 559 59 22 detta
213 559 93 26 omräde,
321 562 32 19 att
367 559 69 27 bägge
452 559 96 22 banorna
562 559 22 22 fä
598 559 48 22 fullt
661 565 44 22 upp
720 561 31 20 att
767 561 57 25 göra,
835 559 39 21 och

49 588 55 21 hvad
127 594 46 15 som
196 589 23 20 är
241 588 36 21 det
298 588 68 26 bästa,
388 588 42 21 den
452 588 142 26 konkurrens,
616 594 46 15 som
681 588 123 27 därigenom
821 594 53 21 upp-

49 617 90 26 komme,
159 616 54 22 skall
234 619 51 19 utan
306 616 74 22 tvifvel
402 617 148 21 åstadkomma
570 619 32 19 att
623 616 100 22 särskildt
737 617 88 25 kronan,
841 617 33 21 sä-

49 651 46 16 som
119 645 24 22 hr
166 645 100 27 Lagerlöf
286 645 37 22 det
337 645 104 26 framhöll,
456 645 97 22 kommer
569 645 32 22 till
616 646 32 21 sin
664 645 52 22 fulla
731 647 42 20 rätt
789 645 38 22 och
843 645 31 21 fär

49 673 94 28 fullgoda
158 674 51 27 pris.
239 674 33 21 Hr
287 674 105 27 Hallberg
406 674 39 21 har
460 674 68 27 enligt
542 674 43 21 min
602 674 63 21 tanke
680 674 45 21 haft
735 676 47 24 rätt,
793 674 27 21 dä
833 674 40 21 han

49 703 46 21 icke
117 703 56 21 velat
196 703 108 21 eliminera
319 703 217 26 Uleäborgs—Vaala
552 703 76 26 banan,
644 709 45 15 som
706 703 24 21 sä
744 703 63 26 länge
822 703 52 21 stått

49 732 28 27 pä
104 731 159 28 dagordningen
286 731 40 22 och
348 738 47 15 som
419 731 64 22 ocksä
505 731 72 22 därför
599 731 102 27 förtjänar
723 733 151 26 uppmuntran,

50 766 47 15 men
116 760 38 27 jag
175 762 45 19 tror
234 760 46 22 icke
295 760 41 21 han
352 760 38 21 har
405 762 43 19 rätt
462 760 7 21 i
484 762 32 19 att
530 759 87 22 försöka
632 761 66 26 dräpa
713 760 35 21 det
764 760 109 27 värkligen

49 788 91 28 kraftiga
160 789 96 26 initiativ,
278 795 46 15 som
347 795 29 15 nu
399 789 65 26 tagits
479 789 7 21 i
501 789 60 27 fråga
581 795 35 15 om
631 789 69 21 banan
715 789 159 27 Lappi—Uleä-

49 817 65 22 träsk.
144 817 43 22 Det
209 817 69 28 tyktes
301 818 125 27 visserligen
450 817 65 22 redan
539 817 65 28 djärft
625 823 48 21 nog,
689 819 38 20 när
749 817 125 26 Brahestad,

49 846 70 21 denna
133 846 109 26 kommun,
258 853 34 14 om
308 846 85 22 hvilken
409 853 26 14 en
451 845 23 22 af
487 846 51 22 vära
553 848 103 19 statsmän
673 848 48 25 sagt
736 848 31 19 att
778 846 40 21 den
829 846 45 21 icke

49 875 38 21 har
109 875 66 26 nägra
197 875 66 21 andra
285 875 135 21 industriella
442 875 142 27 inrättningar
607 877 27 19 än
649 875 26 21 de
691 881 66 17 saxar,
772 875 102 21 hvarmed

49 910 49 15 man
121 903 82 28 klipper
225 903 119 28 kuponger,
366 903 84 28 företog
468 903 123 28 byggandet
612 903 23 22 af
647 903 64 27 linjen
728 903 146 22 Brahestad—

49 932 73 27 Lappi,
145 939 49 14 men
210 933 36 20 det
260 933 58 21 visar
334 933 33 26 sig
381 935 33 18 att
429 933 40 20 den
485 932 134 21 industriella
634 932 121 27 inrättning,
771 939 35 14 om
822 932 52 21 hvil-

49 961 41 21 ken
103 961 38 26 jag
155 961 58 26 talat,
229 961 54 21 dock
298 963 23 19 är
336 967 26 15 en
378 961 22 21 af
415 961 25 21 de
455 961 127 27 kraftigaste
598 961 38 21 och
652 961 66 26 bästa,
734 961 39 21 och
785 961 39 26 jag
838 961 36 21 vill

49 991 35 20 tro
106 992 37 23 att,
159 991 38 20 när
220 990 35 21 det
278 989 66 28 gäller
366 992 32 19 att
420 989 102 22 realisera
536 996 30 15 nu
582 989 159 27 ifrägavarande
758 989 60 26 bana,
834 989 40 21 den

49 1018 65 21 också
135 1018 54 21 skall
211 1019 46 21 visa
278 1019 33 21 sin
327 1018 52 21 fulla
393 1018 245 27 produktionsförmäga.
667 1018 31 27 Ty
713 1018 39 21 sist
767 1018 40 21 och
822 1018 52 21 slut-

49 1047 63 27 ligen,
127 1049 39 19 när
182 1053 26 15 en
224 1047 47 21 stad
286 1047 40 22 och
341 1049 39 19 när
395 1049 32 19 ett
441 1047 58 21 antal
514 1047 128 21 kommuner
656 1047 70 21 ikläda
740 1047 33 27 sig
788 1046 86 27 förplik-

49 1075 65 22 telser
136 1075 33 22 för
191 1077 31 20 att
243 1075 21 22 fä
286 1078 32 19 ett
340 1075 126 28 banföretag
487 1075 32 22 till
542 1075 69 27 ständ,
632 1077 23 19 är
678 1075 47 26 den,
745 1082 46 15 som
807 1075 67 27 gifver

49 1104 27 21 de
96 1104 79 27 nödiga
194 1105 82 20 medlen
299 1104 76 27 härtill,
396 1105 1 20 i
413 1105 79 20 dubbel
513 1105 87 26 mening
615 1106 31 19 att
660 1104 120 27 lyckönska,
795 1107 23 24 ty
833 1103 41 22 han

49 1133 82 27 hjälper
153 1133 38 24 till,
214 1133 27 22 dä
263 1135 31 20 ett
317 1133 52 27 godt
390 1133 84 26 företag
488 1133 97 21 kommer
602 1133 31 21 till
648 1133 63 21 ständ
727 1133 38 21 och
781 1132 32 22 fär
828 1133 46 21 sina

49 1168 81 21 pengar
145 1162 48 27 igen
210 1162 47 21 med
274 1164 67 19 ränta.
372 1161 45 22 Och
433 1162 37 21 det
484 1163 24 20 är
520 1161 81 27 jämväl
616 1161 47 21 frän
678 1161 121 28 respektive
815 1161 59 21 kom-

50 1196 87 15 muners
158 1191 47 21 sida
228 1191 135 27 synnerligen
380 1190 197 22 rekommendabelt
592 1192 32 19 att
638 1190 26 21 de
679 1190 7 21 i
701 1190 58 21 detta
773 1189 101 22 afseende

49 1219 130 27 ädagalägga
193 1219 93 21 raskhet.
314 1219 43 27 Jag
371 1219 97 21 kommer
484 1219 58 21 såväl
557 1219 55 27 ihåg,
623 1219 26 21 dä
661 1219 38 27 jag
713 1218 32 21 för
761 1221 31 19 ett
801 1225 40 21 par
851 1219 23 20 är

50 1248 65 21 sedan
138 1247 173 23 underhandlade
333 1254 34 15 om
392 1250 31 19 ett
444 1247 36 22 län
495 1247 33 22 för
544 1249 32 20 att
590 1249 56 20 sätta
661 1254 25 14 en
702 1247 23 21 af
738 1247 51 22 vära
803 1247 71 21 lands-

50 1276 118 22 ortsstäder
184 1277 6 21 i
205 1276 81 22 tillfälle
301 1279 32 19 att
348 1276 76 22 teckna
438 1276 68 22 aktier
521 1277 7 20 i
543 1282 26 15 en
582 1276 97 27 järnväg.
708 1276 42 21 Det
762 1278 65 20 stötte
836 1276 38 21 här

50 1305 84 21 hemma
148 1306 28 26 pä
191 1305 81 21 hinder.
302 1306 50 20 Man
368 1305 49 21 ville
432 1305 46 21 icke
493 1304 97 22 inveckla
599 1304 129 22 kommunen
730 1300 12 36 i
756 1305 27 21 de
794 1305 80 26 svärig-

50 1334 65 26 heter,
131 1340 46 15 som
193 1334 61 21 däraf
267 1334 69 21 skulle
351 1333 128 22 föranledas.
508 1334 42 26 Jag
565 1333 71 21 kunde
651 1333 45 21 icke
711 1333 64 21 tänka
790 1336 32 18 att
839 1334 35 20 det

50 1362 69 22 skulle
142 1369 50 15 vara
214 1363 83 27 möjligt
316 1365 32 19 att
369 1362 130 22 kontrahera
513 1362 35 21 län
563 1362 33 21 för
612 1362 119 21 ändamälet
745 1362 129 21 utomlands.

49 1391 50 21 Men
120 1392 27 20 dä
164 1391 39 27 jag
216 1392 8 20 i
238 1391 138 27 förbigäende
392 1391 69 21 talade
477 1397 35 15 om
528 1390 65 22 saken
610 1390 47 22 med
673 1397 26 15 en
715 1390 78 22 svensk
809 1390 64 22 bank-

50 1426 55 16 man,
120 1420 40 21 fick
179 1420 38 27 jag
238 1420 36 21 det
294 1420 90 21 besked:
401 1420 69 26 »Jasä,
486 1420 22 20 ni
524 1421 36 19 äro
576 1420 7 20 i
598 1419 89 21 Finland
702 1419 27 27 pä
744 1419 41 21 den
802 1419 72 21 ständ-

50 1448 69 27 punkt
141 1455 45 14 som
210 1449 20 21 vi
250 1448 33 21 för
304 1449 28 21 25
348 1448 23 21 är
392 1448 72 21 sedan.
495 1448 41 21 Om
559 1454 26 14 en
604 1448 101 20 kommun
721 1448 26 20 dä
762 1448 49 21 ville
826 1448 48 20 läna

50 1476 33 22 för
105 1479 31 19 att
158 1477 69 27 bygga
245 1479 31 19 ett
291 1477 101 21 stadshus
409 1476 50 22 eller
474 1477 71 27 nägon
561 1483 69 14 annan
648 1476 135 27 inproduktiv
799 1476 74 21 inrätt-

50 1506 57 26 ning,
129 1506 24 20 sä
173 1505 113 27 förhjälpte
307 1512 48 14 man
379 1505 130 21 kommunen
533 1505 49 21 med
604 1505 40 25 län,
666 1511 47 14 men
733 1506 31 20 att
779 1504 95 22 inveckla
