1078 1773
183 108 55 36 1030
503 111 212 36 Arbetarestatistik.
935 121 10 16 1
954 120 53 21 juni.

182 187 57 27 gäng
261 187 41 22 den
324 188 167 28 undersökning,
507 195 46 15 som
569 189 49 22 med
633 189 115 27 anledning
762 188 24 22 af
798 189 210 27 industristyrelsens

181 215 81 28 förslag
282 217 24 20 är
320 216 75 23 afsedd
409 219 32 19 att
455 217 87 22 komma
557 217 31 22 till
603 217 69 27 ständ,
689 217 67 28 gifver
771 217 36 22 vid
822 217 84 22 handen
918 219 32 20 att
964 217 44 22 fak-

181 243 56 22 tiska
259 245 197 22 missförhällanden
480 246 97 24 existera,
593 246 69 21 skulle
677 248 77 20 stanna
769 246 35 21 vid
819 248 32 19 att
866 246 76 21 endast
956 246 52 22 kon-

181 275 81 19 statera
284 273 59 22 detta
364 274 39 21 och
418 275 83 21 säledes
517 275 75 21 endast
608 275 72 21 härför
693 274 64 22 hafva
772 275 51 21 stält
838 275 7 20 i
860 275 92 27 ordning
966 275 42 21 den

181 304 95 25 apparat,
299 309 45 14 som
367 303 199 27 industristyrelsen
581 303 7 21 i
604 303 85 22 samräd
711 303 49 22 med
784 303 119 22 statistiska
917 304 91 21 central-

181 330 67 27 byrån
263 337 29 15 nu
307 330 116 29 föreslagit.
452 332 45 27 Mig
511 331 107 22 förefaller
634 332 36 21 det
684 332 45 21 helt
739 331 104 28 naturligt
853 332 39 21 och
903 331 105 28 själffallet

181 361 32 19 att
234 359 110 27 styrelsen,
367 360 72 21 därest
461 360 200 22 missförhällanden
684 361 57 21 visas
764 367 51 15 vara
835 360 117 22 förhanden
968 361 40 21 och

181 387 64 22 dessa
267 388 45 21 icke
334 388 72 22 kunna
422 391 51 19 utan
497 389 123 28 ständerlag
639 389 113 27 aflägsnas,
767 389 46 21 icke
829 389 53 21 skall
897 389 111 22 underlåta

180 417 32 20 att
228 417 85 26 vidtaga
327 417 75 27 ätgärd
417 424 35 15 om
467 419 32 20 att
515 418 116 21 ständerna
645 417 119 28 förelägges
780 417 115 28 lagförslag
910 418 6 21 i
932 418 76 21 sädant

180 444 60 28 syfte.
270 445 42 27 Jag
333 446 102 21 vidhåller
458 446 71 21 därför
551 449 33 18 att
605 446 110 22 skilnaden
737 448 23 19 är
776 447 24 20 sä
815 447 52 26 godt
882 453 46 14 som
943 447 64 26 ingen

180 473 78 22 mellan
274 474 36 21 det
324 474 85 27 förslag,
425 481 47 15 som
487 475 23 21 af
523 475 198 28 industristyrelsen
737 475 115 22 inlämnats
867 475 32 21 till
913 477 94 24 senaten,

181 502 39 21 och
235 502 129 27 petitionens
379 503 63 22 kläm.

249 560 33 21 Hr
305 560 139 22 Neovius:
466 561 43 27 Jag
524 561 38 21 ber
577 561 65 21 ocksä
656 560 22 22 fä
693 561 132 21 understöda
840 561 116 21 utskottets
971 560 36 21 be-

180 588 107 21 tänkande
309 589 39 21 och
370 589 109 22 klämmar.
509 589 173 22 Reservanterna
704 591 52 26 säga
771 591 31 20 att
817 589 27 22 de
858 589 86 28 förslag,
960 595 46 16 som

181 617 54 21 1897
252 617 35 22 ärs
303 618 87 21 ständer
404 617 105 26 omfattat,
517 618 69 21 skulle
596 618 7 21 i
614 618 122 21 hufvudsak
751 617 193 22 öfverensstämma
958 618 48 21 med

179 645 56 22 hvad
251 653 30 14 nu
296 647 24 20 är
334 646 60 27 fräga
409 653 42 15 om.
480 647 11 21 I
507 647 36 21 det
557 646 110 22 afseendet
682 647 114 27 föreligger
811 647 55 21 dock
880 653 26 15 en
922 649 84 19 väsent-

179 674 31 27 lig
224 674 90 22 skilnad.
331 675 53 21 1897
400 675 35 21 års
452 675 87 22 ständer
554 675 92 28 begärde
662 676 77 21 endast
761 677 32 20 att
808 675 105 22 statistisk
928 675 78 22 under-

180 703 92 27 sökning
292 703 68 22 skulle
374 703 144 26 föranstaltas,
534 704 39 21 och
589 704 59 21 detta
662 704 38 21 har
716 703 61 28 gifvit
792 704 115 27 anledning
922 704 31 21 till
975 706 31 19 att

179 731 155 22 förberedande
352 732 74 27 åtgärd
442 733 7 20 i
465 733 58 21 detta
537 732 101 22 afseende
653 733 39 21 har
707 733 107 27 vidtagits,
830 733 68 21 ehuru
913 732 93 22 förbere-

179 760 100 22 delserna
298 760 57 28 fingo
379 763 69 19 större
463 761 42 21 fart
519 761 55 22 först
589 761 53 21 efter
657 761 108 28 ingången
780 761 23 21 af
816 761 70 21 denna
900 761 106 27 landtdag.

179 789 32 21 På
225 789 50 27 21/,
291 790 23 20 är
330 789 38 22 har
382 790 47 21 icke
444 790 83 27 mycket
541 790 102 27 tillgjorts
662 790 4 21 i
681 790 73 22 saken.
775 790 50 21 Man
841 790 68 21 måste
925 790 82 21 således

179 818 72 21 erinra
274 818 33 26 sig
328 820 32 20 att
382 818 55 22 1897
457 819 36 21 års
509 819 86 21 ständer
611 819 76 21 endast
702 819 93 27 begärde
810 818 106 22 statistisk
930 819 77 21 under-

179 846 93 28 sökning
293 846 39 22 och
355 847 67 27 därpå
443 847 48 27 gick
506 847 65 21 också
586 848 35 20 det
636 848 99 27 uppdrag
750 849 30 24 ut,
796 854 46 14 som
858 848 26 20 de
899 847 36 21 två
949 848 58 25 värk,

178 874 72 22 hvilka
265 877 89 20 nämnas
365 876 8 21 i
384 876 150 25 betänkandet,
549 876 58 27 fingo
622 876 23 21 af
658 878 95 20 senaten.
783 876 33 21 De
831 875 121 22 hafva
893 870 10 37 i
907 875 44 22 sitt
964 875 42 22 för-

179 903 46 28 slag
247 904 47 27 gått
315 904 73 27 längre
410 906 27 19 än
461 905 62 21 deras
542 905 99 27 uppdrag
660 905 116 21 inneburit.
805 905 48 21 Den
869 905 137 26 möjligheten

177 931 115 28 föreligger
308 933 72 21 därför
395 935 32 19 att
441 933 128 28 regeringen
584 933 107 22 förkastar
706 933 26 22 de
745 933 58 22 delar
821 933 23 21 af
852 933 58 22 detta
920 933 86 27 förslag,

178 967 46 15 som
240 961 47 22 icke
302 961 190 22 öfverensstämma
508 962 48 21 med
573 962 53 21 1897
638 962 35 21 års
684 962 99 21 ständers
794 962 80 26 beslut;
885 962 41 21 den
938 962 68 21 skulle

177 989 63 22 hafva
262 989 49 22 fullt
333 990 46 21 skäl
402 990 76 26 därtill,
501 991 28 20 då
547 991 25 26 ju
595 991 116 21 ständerna
728 991 46 21 icke
795 991 75 26 begärt
886 991 23 20 så
924 991 83 26 mycket

177 1019 52 20 utan
245 1019 77 20 endast
337 1019 105 21 statistisk
457 1019 121 27 utredning.
608 1019 123 22 Utskottets
744 1025 30 15 nu
784 1018 146 28 föreliggande
939 1019 66 21 kläm-

177 1053 46 14 mar
244 1047 40 21 och
304 1047 178 27 petitionärernas
497 1047 80 28 förslag
593 1048 95 21 däremot
703 1048 79 27 begära
797 1048 75 21 endast
888 1048 71 21 såsom
974 1047 32 21 in-

177 1075 88 27 ledning
288 1075 98 26 statistik,
401 1082 49 15 men
466 1076 123 21 därutöfver
604 1078 32 19 att
658 1077 36 21 det
709 1076 95 21 erhållna
818 1076 120 21 materialet
952 1076 54 21 skall

177 1103 114 22 bearbetas
314 1104 40 21 och
376 1105 65 21 därur
465 1105 77 27 dragas
557 1105 160 21 konsekvenser
732 1106 57 20 samt
803 1105 110 20 eventuelt
928 1105 78 26 nödiga

176 1131 164 28 reformförslag
360 1132 134 23 framställas.
525 1133 41 22 Om
588 1134 35 21 det
638 1140 30 15 nu
683 1134 28 26 på
726 1133 70 27 grund
811 1133 24 21 af
849 1133 53 21 1897
918 1133 35 21 års
968 1133 36 21 be-

177 1160 44 22 slut
236 1163 88 19 stannar
339 1161 35 22 vid
390 1161 99 26 statistik,
505 1162 69 21 skulle
589 1161 65 28 syftet
676 1162 49 21 med
745 1162 41 21 den
802 1161 23 22 af
846 1161 105 22 utskottet
975 1168 29 15 nu

175 1189 115 22 förordade
312 1190 118 27 petitionen
451 1190 76 21 endast
541 1191 32 20 till
589 1197 26 14 en
630 1191 83 22 mindre
728 1190 34 22 del
778 1190 65 21 blifva
862 1190 142 27 tillgodosedt.

175 1218 44 49 le
239 1220 73 19 resten
327 1218 32 21 får
371 1218 39 27 jag
424 1219 7 20 i
446 1219 122 21 hufvudsak
582 1219 74 21 förena
670 1219 45 27 mig
729 1225 36 15 om
780 1219 26 21 hr
821 1219 131 26 Holmbergs
967 1225 37 14 an-

185 1247 86 21 örande.

245 1304 34 21 Hr
295 1304 146 27 Holmberg,
457 1305 65 20 Emil:
549 1304 113 22 Skilnaden
678 1304 91 21 emellan
786 1304 53 21 1897
857 1304 35 21 års
907 1304 97 21 ständer-

175 1332 73 21 beslut
263 1332 40 21 och
318 1333 36 20 det
368 1332 86 27 förslag,
470 1339 46 15 som
532 1339 30 15 nu
577 1333 119 26 föreligger,
712 1333 72 21 består
799 1333 143 27 synnerligast
953 1333 51 25 däri,

175 1362 33 19 att
230 1361 37 21 det
288 1360 58 22 förra
361 1361 65 27 begär
441 1361 106 22 statistisk
561 1361 121 27 utredning,
690 1362 78 21 medan
784 1361 36 22 det
835 1367 75 15 senare
926 1361 78 21 önskar

175 1390 33 20 att
223 1389 37 21 det
274 1389 96 26 resultat,
386 1396 46 15 som
448 1390 92 21 erhålles
555 1389 24 22 af
591 1390 69 21 denna
676 1389 119 22 statistiska
810 1390 121 27 utredning,
940 1389 64 22 också

175 1417 55 22 skall
252 1417 142 22 underkastas
409 1424 26 15 en
450 1418 69 21 första
534 1419 146 27 bearbetning.
710 1418 76 22 Såsom
802 1419 105 27 naturligt
922 1420 29 24 är,
967 1418 37 28 går

174 1446 212 28 industristyrelsens
407 1453 51 21 nyss
480 1447 121 27 uppgjorda
615 1447 81 26 förslag
710 1447 18 27 ej
745 1447 74 27 längre
835 1449 26 19 än
878 1447 126 21 ständernas

174 1475 91 27 petition
282 1475 61 21 1897.
