1081 1770
189 107 55 22 1156

550 116 104 21 Register.

267 182 37 19 N:o
327 184 11 17 5
350 183 6 17 i
368 182 99 25 anledning
479 183 221 23 afettiborgareständet
707 184 56 18 väckt
772 183 157 24 petitionsförslag
938 189 31 13 om
978 184 36 17 rätt

278 655 10 8 ”

347 212 30 18 för
389 212 67 18 kvinna
469 214 34 20 att,
515 214 46 16 utan
573 212 65 18 hinder
650 212 20 18 af
682 213 33 17 sitt
726 212 43 22 kön,
782 212 65 18 utöfva
859 212 156 24 apotekareyrket.

348 241 15 17 I.
381 241 34 17 217
433 241 31 22 Bl;
477 241 92 18 250—251
582 241 32 21 A.;
627 247 20 12 se
659 242 23 18 U.
695 241 37 18 skr.
745 242 10 17 I
767 241 43 21 257;
825 247 19 12 se
857 240 63 19 vidare
931 241 48 23 Exp.
992 241 23 17 U.

348 269 37 18 skr.
398 270 15 18 I.
427 270 43 22 378;
484 270 97 18 381—384.

326 298 11 18 6
349 298 6 18 i
367 298 100 24 anledning
479 298 19 18 af
510 300 27 16 ett
549 299 50 17 inom
611 298 135 19 bondeståndet
754 298 56 18 väckt
819 298 158 23 petitionsförslag
985 304 30 12 om

347 326 106 19 inrättande
470 327 20 18 af
508 327 218 23 sjöräddningsstationer
743 327 6 18 i
767 326 73 18 landets
857 327 94 23 ostligaste
963 326 51 18 kust-

347 356 84 18 socknar.
444 356 15 18 I.
473 356 34 18 258
520 356 31 22 BI;
564 356 34 18 275
610 356 33 22 A.;
657 362 19 12 se
688 356 24 18 U.
725 356 37 18 skr.
775 356 16 18 I.
803 356 40 18 315.

325 385 10 17 7
347 384 6 18 i
369 384 100 24 anledning
486 384 20 18 af
523 386 28 16 ett
566 385 5 17 i
589 384 137 19 bondeståndet
744 384 55 18 väckt
817 384 156 24 petitionsförslag
984 390 31 12 om

347 412 94 19 ordnande
459 419 67 17 genom
544 414 30 22 lag
591 414 20 17 af
629 413 125 23 vintersjöfart
772 414 6 16 i
796 412 64 22 farled,
879 412 50 19 öfver
940 412 74 18 hvilken

347 442 94 23 vinterväg
458 443 21 16 är
497 442 73 23 anlagd.
589 442 15 17 I.
622 442 34 18 293
674 442 31 21 Bl;
718 442 93 18 307—308
823 442 32 21 A.;
867 442 24 17 U.
904 442 37 17 skr.
953 441 15 18 I.
981 441 33 18 324

347 470 30 22 BI;
391 471 90 18 350—351
492 471 41 17 Ber.
546 471 25 17 II.
585 471 91 17 741—742
688 471 31 21 A.;
733 471 22 17 R.
765 476 16 12 o.
794 470 23 17 A.
830 469 43 23 inbj.
886 470 25 17 II.
923 469 91 19 899—903

347 499 29 21 A.;
389 505 20 12 se
420 499 23 18 U.
457 499 38 18 skr.
508 499 25 18 IL.
546 499 39 18 985.

324 527 11 18 8
347 527 5 18 i
368 527 99 24 anledning
482 528 20 17 af
517 530 26 16 ett
559 529 6 16 i
582 528 152 23 borgareständet
749 528 56 18 väckt
817 527 155 24 petitionsförslag
984 533 29 12 om

345 556 80 22 höjande
444 557 19 17 af
476 556 131 24 statsbidraget
617 557 28 18 till
656 557 154 18 folkskollärenas
823 556 34 19 och
879 556 135 18 lärarinnornas

347 585 24 23 pä
383 585 64 18 landet
459 585 88 24 aflöning.
560 585 15 18 I.
588 585 33 18 323
634 586 31 21 Bl;
678 585 92 19 351—369
783 587 59 16 event.
855 585 52 21 A;se
918 585 23 18 U.
949 584 36 18 skr.
1000 584 13 17 I.

346 613 99 21 390—392;
459 620 20 11 se
490 613 63 19 vidare
565 614 18 18 S.
596 615 24 17 U.
633 615 36 17 skr.
683 615 15 17 I.
711 614 100 21 391—392;
826 614 14 17 I.
853 613 32 18 421
899 614 22 17 A.

323 642 11 18 9
346 643 6 16 i
367 642 100 24 anledning
481 643 20 17 af
516 642 90 19 särskilda
622 643 5 18 i
642 644 75 23 präste-,
730 643 86 23 borgare-
828 642 35 19 och
875 641 138 20 bondeständen

346 671 67 18 väckta
431 671 156 24 petitionsförslag
602 677 31 13 om
651 671 57 19 ökadt
726 670 141 19 statsundertöd
883 671 20 18 ät
914 671 99 23 sällskapet

345 700 146 23 »Nykterhetens
509 701 86 17 vänner».
614 701 15 17 I.
641 701 34 18 456
694 701 33 21 Bl;
747 700 93 17 472—473
858 700 31 21 A.;
903 705 19 12 se
939 699 24 18 U.
976 699 37 18 skr.

347 728 14 18 I.
374 729 39 18 503.

312 757 22 18 10
345 757 6 17 i
363 757 100 24 anledning
475 757 19 18 af
506 759 27 16 ett
544 758 6 17 i
562 757 137 24 prästeständet
707 758 57 18 väckt
773 757 156 24 petitionsförslag
936 762 30 13 om
976 757 37 17 rätt

344 785 29 18 för
385 785 42 22 den,
440 792 41 12 som
487 787 107 22 genomgätt
601 787 61 22 privat
672 785 219 24 fortbildningslärovärk
900 785 42 18 med
951 785 61 18 dimis-

345 814 88 18 sionsrätt
446 815 28 17 till
486 815 131 22 universitetet,
629 817 29 16 att
670 815 58 18 varda
740 814 75 19 anstäld
827 820 40 12 som
879 814 92 18 lärarinna
982 813 30 19 vid

344 843 57 23 högre
412 843 98 18 folkskola.
523 843 16 18 I.
551 844 34 17 379
597 844 32 21 Bl;
641 844 92 18 384—388
745 844 32 21 A.;
791 849 19 12 se
822 843 24 18 U.
859 843 36 18 skr.
908 843 15 18 I.
935 843 40 17 424.

311 872 20 16 11
344 871 6 17 i
362 871 101 23 anledning
475 872 19 17 af
505 874 28 16 ett
545 872 5 17 i
561 872 137 23 prästeständet
710 872 56 18 väckt
778 871 157 24 petitionsförslag
946 877 31 12 om
986 871 26 17 in-

345 900 114 24 skränkning
475 900 19 18 af
511 900 160 24 söndagstrafiken
683 901 24 23 pä
719 900 176 23 statsjärnvägarna.
907 900 16 17 I.
935 900 33 18 504
981 900 31 20 BI;

344 928 26 18 II.
383 929 92 18 558—573
487 930 32 20 A.;
532 935 19 11 se
562 929 24 18 U.
599 930 37 17 skr.
649 929 26 18 II.
687 930 39 17 654.

310 957 39 17 12
343 953 11 32 i
366 957 100 23 anledning
482 958 19 17 af
519 959 26 16 ett
563 958 6 17 i
587 958 137 23 prästeståndet
742 957 57 19 väckt
815 957 155 23 petitionsförslag
982 962 30 13 om

343 985 58 19 Okadt
410 986 150 19 statsunderstöd
566 986 30 18 för
603 987 71 23 privata
682 986 223 23 fortbildningslärovärk.
918 986 15 17 I.
943 986 33 18 379
983 986 28 20 BI;

343 1014 34 18 388
389 1015 32 21 A.;
434 1020 19 12 se
465 1015 24 18 U.
501 1015 37 17 skr.
551 1015 16 17 I.
579 1015 96 18 424—425.

310 1043 21 17 13
343 1043 6 17 i
367 1043 101 23 anledning
482 1044 19 17 af
514 1044 68 18 tvänne
593 1044 6 17 i
611 1045 68 22 präste-
692 1044 35 18 och
736 1042 140 20 bondeständen
888 1043 67 18 väckta
967 1043 44 23 peti-

344 1072 119 24 tionsförslag
474 1078 31 12 om
516 1072 123 18 nedsättande
651 1073 19 17 af
679 1072 178 23 terminsafgifterna
865 1072 6 17 i
880 1073 70 16 statens
959 1072 52 17 frun-

343 1100 146 19 timmersskolor
507 1101 28 18 till
553 1107 71 12 samma
641 1101 66 23 belopp
719 1107 41 12 som
775 1101 7 17 i
794 1100 89 23 lyceerna.
905 1100 14 18 I.
932 1100 33 18 455
978 1100 32 21 BI;

343 1130 92 17 431—432
447 1130 32 21 A.;
492 1136 19 12 se
523 1130 24 18 U.
559 1130 36 18 skr.
609 1130 15 18 I.
636 1130 39 18 449.

309 1158 21 17 14
342 1158 6 17 i
360 1158 99 24 anledning
471 1158 19 18 af
502 1160 68 16 tvänne
581 1159 5 17 i
599 1158 84 24 borgare-
696 1158 35 18 och
741 1157 140 19 bondeständen
891 1158 66 17 väckta
966 1158 44 23 peti-

344 1187 119 23 tionsförslag
480 1193 31 12 om
528 1187 97 18 införande
637 1187 20 17 af
668 1186 212 24 älderdomsförsäkring
892 1186 19 18 af
923 1186 87 18 arbetare.

342 1215 26 17 II.
381 1215 34 18 655
427 1216 32 21 Bl;
472 1216 91 17 745—750
575 1216 32 21 A.;
620 1222 19 11 se
651 1216 23 17 U.
687 1216 36 17 skr.
737 1215 26 18 II.
776 1215 40 18 866.

309 1243 21 18 15
341 1243 6 18 i
363 1243 100 24 anledning
479 1243 20 18 af
516 1244 93 24 ätskilliga
621 1245 5 17 i
638 1245 75 22 präste-,
726 1244 87 23 borgare-
825 1243 36 18 och
872 1242 139 19 bondeständen

342 1272 67 18 väckta
421 1273 156 23 petitionsförslag
589 1273 94 23 angående
693 1273 149 23 organisationen
851 1272 35 17 och
895 1271 116 19 underhållet

341 1301 20 17 af
379 1301 92 18 särskilda
483 1301 184 18 elementarlärovärk
679 1301 35 18 och
725 1301 183 18 fruntimmerskolor
919 1303 49 15 samt
980 1307 31 12 om

341 1334 38 18 nya
397 1329 96 18 lärovärks
511 1330 110 18 inrättande.
642 1330 25 18 II.
687 1330 33 18 750
739 1330 32 20 Bl;
785 1328 92 19 877—892
894 1329 30 21 A.;
938 1328 33 22 Sjf.
984 1328 26 18 II

341 1357 34 18 986
387 1357 32 22 BI;
431 1358 93 18 994—996
536 1358 29 22 A.;
577 1364 20 12 se
608 1358 24 18 U.
645 1358 36 18 skr.
694 1358 25 18 II.
734 1358 121 18 1070—1071.

308 1386 40 18 16
341 1382 11 32 i
364 1386 100 24 anledning
482 1386 19 18 af
519 1388 26 16 ett
560 1387 6 17 i
582 1386 135 19 bondeständet
733 1386 59 18 väckt
809 1386 155 23 petitionsförslag
980 1392 30 12 om

341 1414 75 24 delning
428 1415 20 17 af
459 1415 107 18 Rovaniemi
578 1415 245 24 provincialläkaredistrikt.
837 1415 25 17 II.
878 1410 31 33 906
920 1415 26 21 BI;
953 1415 57 17 918—

340 1443 35 18 928
387 1444 32 21 A.;
432 1450 19 12 se
464 1444 23 18 U.
501 1444 36 18 skr.
550 1444 26 18 II.
589 1444 38 18 972.

179 1483 68 3 —
260 1471 41 19 dess
314 1472 95 18 skrifvelse
421 1472 43 18 med
476 1473 86 17 anmälan
574 1475 28 16 att
614 1473 91 18 utskottet
713 1472 104 19 behandlat
826 1472 36 18 alla
871 1472 27 18 till
908 1472 102 18 detsamma

259 1500 114 22 hänskjutna
384 1500 86 19 ärenden.
483 1501 25 18 II.
522 1502 49 18 1071.
