1078 1784
206 118 55 20 1088
554 124 126 21 Järnvägar.
956 124 13 17 5
978 124 52 20 juni.

205 192 67 26 mark,
295 192 87 22 oaktadt
401 192 65 28 ingen
486 192 62 22 trafik
563 192 114 22 förefanns.
707 193 64 21 Hvad
791 192 46 22 åter
852 192 133 22 vidkommer
1000 194 32 20 att

206 220 146 28 Björneborgs
368 221 68 21 banan
453 221 90 21 erhåller
557 221 114 27 tillökning
690 222 8 21 i
717 222 50 21 dess
788 221 79 27 rörliga
882 222 95 21 materiel
992 221 40 21 och

205 249 124 27 därigenom
352 249 75 22 blifver
448 250 81 27 dyrare,
551 250 25 21 så
597 252 33 19 att
650 250 48 26 den,
718 250 71 22 såsom
805 250 25 21 hr
845 250 103 27 Hallberg
963 252 68 25 säger,

206 278 47 21 icke
268 278 95 21 afkastar
377 285 82 15 samma
474 280 107 20 räntesats
597 285 47 15 som
659 278 64 24 förut,
739 279 24 21 så
778 280 23 20 är
816 279 70 21 denna
901 278 129 27 omständig-

205 306 37 22 het
257 306 111 22 förutsedd
382 307 6 21 i
404 307 41 21 den
461 306 23 22 af
496 308 45 26 mig
554 306 114 23 förordade
683 307 62 26 kläm,
758 307 38 21 där
807 308 36 20 det
855 307 69 21 heter:
941 307 39 22 »då
990 307 40 21 den

206 335 81 21 lämnat
308 335 7 21 i
339 335 124 27 afkastning
487 336 40 25 3,54
538 336 27 26 ?/,
591 336 29 27 på
644 336 36 22 det
704 335 105 22 bokförda
834 336 122 27 kapitalet».
990 336 42 26 Jag

205 370 65 14 anser
292 363 130 23 fortfarande
441 364 37 22 det
493 371 51 15 vara
558 364 99 28 riktigast
672 367 32 19 att
718 365 117 21 ständerna
849 364 49 22 ville
914 365 118 21 bestämma

206 394 135 20 räntesatsen
363 392 33 22 för
415 395 32 19 att
467 393 93 21 undvika
574 393 100 22 framtida
688 393 131 27 tråkigheter
835 393 58 22 såväl
908 392 32 22 för
956 393 75 21 staden

206 427 48 15 som
271 421 64 21 också
349 421 34 21 för
398 422 136 21 statsvärket.

276 478 33 21 Hr
323 484 43 15 von
381 478 110 21 Pfaler:
520 479 45 26 Mig
580 485 64 21 synes
660 480 32 20 att
706 479 26 21 de
748 478 95 22 uttalade
857 478 128 27 farhågorna
999 477 34 22 för

208 506 41 21 den
267 507 148 21 skrämmande
430 507 95 21 utsikten
539 507 23 21 af
575 513 27 15 en
617 507 113 27 rättegång
745 507 90 21 emellan
851 507 129 22 statsvärket
992 507 38 21 och

207 535 146 27 Björneborgs
369 536 48 21 stad
432 537 37 20 äro
485 536 98 27 onödiga.
608 536 79 21 Staden
703 538 23 19 är
742 543 29 14 nu
786 535 88 22 faktiskt
889 535 80 22 befriad
984 535 46 22 från

206 563 140 28 erläggandet
360 564 23 21 af
396 565 59 20 detta
470 565 75 26 bidrag
560 565 31 20 till
607 565 39 21 och
662 565 48 20 med
726 565 23 21 år
766 565 61 21 1903.
854 559 32 26 År
902 565 55 20 1904
972 564 60 21 skola

207 593 116 20 ständerna
338 593 164 26 sammanträda,
517 593 39 21 och
571 593 97 21 befinnas
684 593 27 22 då
721 593 229 27 Björneborgsbanans
960 592 71 22 trafik-

206 621 119 21 inkomster
340 621 63 22 hafva
417 622 47 21 nått
479 622 40 21 den
535 622 58 27 grad,
609 628 47 15 som
672 621 22 22 af
708 622 115 21 ständerna
837 621 113 22 förutsatts
960 622 72 21 såsom

207 649 69 22 vilkor
298 649 33 22 för
353 652 31 19 att
406 650 97 27 bidraget
526 651 53 20 skall
601 651 103 26 upphöra,
727 652 24 19 är
773 651 36 20 det
821 651 25 26 ju
861 650 83 27 mycket
959 652 73 19 natur-

207 678 40 27 ligt
268 681 31 18 att
315 679 34 21 vid
365 679 69 21 denna
449 679 103 27 landtdag
565 679 159 27 framställning
738 679 8 21 i
761 679 65 21 saken
843 681 68 25 göres,
922 679 38 21 och
970 679 63 21 torde

206 707 47 21 icke
276 707 70 27 någon
369 707 93 22 behöfva
484 707 72 22 befara
578 710 32 19 att
633 710 69 19 staten
726 707 137 22 därförinnan
882 707 53 22 skall
950 707 61 22 träda
1025 707 8 21 i

207 736 67 27 något
289 736 56 27 slags
360 736 156 27 krigstillstånd
530 737 7 20 i
552 736 131 21 förhållande
699 737 30 21 till
746 737 75 20 staden
837 736 39 21 och
886 737 60 26 börja
956 736 77 21 utsöka

206 764 105 27 bidraget.

277 822 33 21 Hr
333 822 228 27 Schybergson:
592 822 43 21 Det
658 824 22 19 är
702 829 26 14 en
745 822 137 27 besynnerlig
896 821 137 28 uppfattning

207 857 50 14 man
281 857 62 20 synes
366 851 27 21 ha
415 857 35 15 om
470 851 81 27 juridik
571 851 40 21 och
626 851 119 27 rättegång,
760 851 27 21 då
802 857 49 14 man
866 851 103 21 likställer
984 851 48 21 dem

207 879 50 21 med
279 879 155 27 krigstillständ
457 886 28 15 m.
500 886 27 15 m.
557 879 46 22 Här
618 879 119 28 föreligger,
753 879 72 22 såsom
841 879 25 21 hr
881 879 104 27 Hallberg
999 885 32 15 re-

207 908 42 20 dan
265 908 88 27 yttrade,
369 911 31 19 ett
415 909 70 26 privat
499 908 57 22 aftal.
585 909 42 26 Jag
646 908 109 22 förmodar
777 910 31 19 att
823 908 145 27 Björneborgs
984 908 48 21 stad

207 936 40 21 och
269 937 126 27 regeringen
418 937 60 21 skola
499 937 87 21 komma
607 936 99 22 öfverens
723 937 7 21 i
746 936 72 26 saken,
834 943 48 15 men
898 943 34 15 om
948 937 24 21 sä
986 936 47 22 icke

208 964 69 22 skulle
299 965 42 26 ske,
364 966 68 21 mäste
455 972 26 15 en
504 966 113 26 rättegäng
639 966 111 25 etableras,
774 971 48 15 men
845 966 114 20 ständerna
980 965 53 21 böra

208 993 46 21 icke
269 994 7 20 i
291 1000 26 14 en
333 994 66 21 sädan
415 994 38 22 sak
468 994 117 26 inblandas,
600 996 23 25 ty
638 994 61 21 hvem
716 996 63 24 säger
793 996 32 19 att
840 994 52 21 talet
906 994 40 24 3,54
959 996 23 19 är
996 994 36 21 det

207 1022 84 27 riktiga.
321 1022 86 22 Kanske
429 1023 36 21 det
479 1025 24 19 är
518 1022 33 22 för
565 1022 58 28 högt.
653 1022 94 22 Hvarför
763 1022 60 22 skola
838 1022 115 22 ständerna
967 1022 65 22 fixera

206 1050 37 22 det
266 1050 39 22 och
327 1051 123 27 därigenom
463 1051 98 28 förbjuda
575 1052 132 26 regeringen,
722 1052 7 20 i
745 1051 36 21 fall
796 1051 69 21 denna
880 1051 99 27 möjligen
995 1057 36 15 an-

208 1085 35 15 ser
266 1080 48 26 39/,
337 1086 50 15 vara
409 1080 127 27 tillräckligt,
551 1082 32 19 att
598 1079 136 22 efterskänka
751 1080 157 21 subventionen
924 1080 65 20 redan
1005 1080 28 20 dä

207 1108 60 20 detta
282 1108 29 21 tal
326 1108 116 27 uppnätts?
471 1109 42 26 Jag
528 1111 45 18 tror
588 1108 110 27 värkligen
713 1111 32 19 att
760 1108 65 21 saken
841 1108 41 21 kan
890 1108 78 21 ordnas
980 1110 51 19 utan

207 1136 68 27 nägot
295 1136 126 28 tillgörande
442 1136 47 22 frän
511 1137 126 21 ständernas
659 1137 51 25 sida,
730 1137 27 21 dä
773 1137 131 26 regeringen,
920 1137 71 21 säsom
1006 1136 26 21 hr

207 1165 106 27 Hallberg
327 1166 66 20 redan
409 1166 103 25 anmärkt,
528 1168 14 18 t.
558 1172 19 14 o.
592 1172 27 14 m.
634 1165 32 21 för
682 1165 51 21 tlere
749 1166 24 20 är
788 1164 132 22 efterskänkt
935 1171 98 15 summan

207 1195 52 19 utan
283 1194 126 21 ständernas
429 1194 100 21 hörande.
559 1194 41 21 Vid
621 1194 75 21 sädant
710 1194 132 21 förhällande
857 1194 35 21 mä
906 1194 126 27 regeringen

206 1221 63 22 äfven
291 1228 50 15 vara
357 1222 137 22 oförhindrad
509 1224 32 20 att
555 1222 42 22 läta
613 1222 136 28 betalningen
765 1222 102 28 upphöra,
883 1222 24 22 sä
922 1225 60 19 snart
996 1222 37 22 det

207 1250 185 28 kontraktsenliga
406 1253 118 19 momentet
539 1250 71 22 därför
622 1250 99 22 inträffat.

277 1308 32 21 Hr
323 1308 145 26 Juselius,
483 1308 92 22 Arthur:
591 1308 11 21 I
615 1308 115 27 anledning
745 1307 24 22 af
781 1308 26 20 hr
823 1308 159 27 Schybergsons
996 1314 37 14 au-

206 1335 91 22 förande
311 1336 37 21 ber
360 1337 39 26 jag
413 1336 20 22 fä
449 1337 70 21 erinra
534 1339 31 19 att
579 1336 162 27 ifrägavarande
756 1336 78 26 25,000
848 1336 61 21 mark
923 1337 7 20 i
946 1342 36 15 sex
997 1336 36 21 ärs

207 1364 31 21 tid
260 1364 46 21 icke
329 1365 68 21 blifvit
420 1365 22 21 af
464 1365 129 22 statsvärket
617 1365 151 25 efterskänkta,
792 1367 51 19 utan
858 1364 38 21 har
912 1365 76 21 endast
1002 1367 32 19 ett

207 1393 96 26 uppskof
316 1393 7 22 i
339 1394 86 21 stadens
441 1393 243 28 betalningsskyldighet
699 1394 33 21 för
747 1393 78 22 nämda
841 1393 30 22 tid
886 1393 104 27 beviljats.

277 1451 32 21 Hr
332 1451 140 21 Berneri:
502 1451 59 21 Minä
582 1451 48 22 olen
652 1451 139 27 täydellisesti
806 1450 51 27 yhtä
871 1450 72 21 mieltä
957 1450 76 27 hrojen

208 1478 171 28 Schybergsonin
397 1480 24 27 ja
440 1480 126 27 Hallbergin
588 1480 78 21 kanssa
688 1480 55 25 siitä,
759 1481 44 19 että
817 1481 57 19 tämä
889 1479 45 21 asia
949 1485 27 15 on
992 1479 41 22 sel-

207 1507 71 22 lainen
293 1508 246 28 yksityisoikeudellinen
554 1509 51 26 asia,
617 1508 67 27 johon
696 1508 96 27 säätyjen
801 1507 20 22 ei
828 1507 34 22 ole
869 1507 111 22 ollenkaan
990 1510 43 19 tar-
