1073 1745
46 103 26 16 18
83 102 47 20 maj.
316 103 93 20 Torpare
423 101 13 18 &
447 102 172 17 kronohemman.
835 95 40 22 661

48 177 29 15 nu
93 170 70 21 vända
181 171 33 21 sin
230 170 102 21 bitterhet
347 172 46 20 mot
408 171 87 26 kyrkan,
511 177 56 20 men,
582 170 39 21 fria
636 170 47 21 frän
699 170 94 27 tvänget,
809 170 69 21 skulle

48 199 82 22 skänka
151 199 70 21 henne
243 199 37 21 det
301 199 138 22 erkännande
457 199 39 22 och
518 199 41 22 den
582 199 89 27 aktning
690 199 70 21 henne
775 199 49 21 med
839 198 38 21 full

48 229 43 20 rätt
106 227 135 22 tillkommer.

117 256 43 21 Det
175 258 24 19 är
221 257 28 26 pä
271 256 64 21 dessa
357 256 94 27 grunder
473 256 40 21 och
529 256 69 21 under
613 256 132 21 hänvisande
761 256 31 21 till
807 256 69 27 lagut-

50 285 92 21 skottets
154 285 137 21 betänkande
306 285 7 20 i
329 287 71 18 ämnet
415 285 180 26 borgareständet
605 285 87 21 härmed
703 285 38 20 har
752 287 51 18 äran
814 284 63 21 vörd-

49 316 56 19 samt
126 313 89 27 inbjuda
231 313 138 22 medständen
386 316 31 18 att
433 313 85 22 ansluta
533 313 35 27 sig
583 313 31 22 till
629 313 153 27 lagutskottets
797 313 80 26 förslag

48 342 32 21 till
102 341 127 28 förordning
251 342 110 27 angäende
384 342 118 27 ötvergäng
524 342 33 21 till
577 341 174 28 kyrkosamfund,
770 348 46 15 som
831 341 47 21 icke

49 369 69 22 finnes
133 371 7 20 i
156 370 73 21 landet
244 371 115 26 behörigen
375 371 109 25 inrättadt,
499 371 83 21 hvilket
596 370 80 27 förslag
691 370 22 21 af
726 370 152 27 borgarestän-

50 399 36 20 det
107 399 106 26 godkänts
236 399 39 21 och
292 405 76 21 genom
384 399 65 21 hvars
465 399 126 27 antagande,
607 399 66 27 enligt
688 399 189 27 borgareständets

50 426 143 27 uppfattning,
214 429 32 19 ett
268 427 81 27 viktigt,
371 427 22 21 af
411 427 160 21 förhällandena
589 428 107 26 päkalladt
711 431 48 23 steg
774 429 45 19 mot
833 426 44 21 för-

49 455 148 27 värkligandet
205 455 22 22 af
232 455 205 27 religionsfrihetens
447 456 116 27 grundsats
571 456 7 21 i
586 456 47 21 vårt
640 456 51 21 land
699 455 69 22 blefve
775 457 103 25 uttaget».

119 623 150 21 Antecknades
293 624 31 20 att
346 622 47 21 frän
416 623 141 21 medständen
580 622 87 21 anländt
686 622 105 21 särskilda
805 623 73 26 proto-

49 651 140 27 kollsutdrag.

119 783 33 20 Hr
168 783 123 21 talmannen
308 782 125 21 meddelade
449 785 31 19 att
495 783 64 26 plena
571 783 68 21 under
649 785 62 19 nästa
721 783 65 21 vecka
793 783 86 20 komme

50 813 31 19 att
105 811 67 21 hållas
196 817 34 15 om
246 811 93 27 måndag
354 811 27 21 kl.
398 812 27 20 12
440 811 27 27 pä
483 812 69 27 dagen
569 813 54 20 samt
639 818 34 14 om
689 811 70 27 tisdag
775 811 38 21 och
829 817 50 14 ons-

50 840 42 27 dag
107 839 27 22 kl.
151 841 11 20 7
179 846 18 15 e.
212 847 27 14 m.

121 977 122 27 Föredrogs
265 977 44 27 lag-
325 977 39 21 och
388 977 219 21 ekonomiutskottets
627 977 36 21 vid
685 977 86 27 plenum
795 977 40 21 den
853 977 24 20 11

51 1006 81 20 dennes
157 1006 115 26 bordlagda
296 1006 134 21 betänkande
453 1012 34 15 n:o
509 1006 14 20 5
542 1006 7 20 i
568 1006 114 26 anledning
703 1005 20 21 at
744 1006 27 20 H.
788 1006 25 20 K.
829 1005 50 21 M:ts

51 1034 78 27 nädiga
150 1034 135 27 proposition
306 1041 34 15 n:o
360 1034 26 21 18
405 1034 111 27 angäende
531 1034 119 27 tryggande
665 1034 22 21 af
701 1035 111 27 torpares
827 1034 52 21 rätt

50 1062 14 22 å
79 1062 202 28 kronohemman,
298 1069 46 15 som
360 1063 145 27 skatteköpes.

119 1119 150 22 Betänkandet
285 1120 123 26 godkändes
425 1122 51 18 utan
492 1120 131 21 diskussion.

118 1286 122 26 Föredrogs
253 1286 224 26 järnvägsutskottets
489 1286 36 21 vid
535 1286 86 27 plenum
633 1286 41 21 den
686 1286 25 20 14
723 1286 80 20 dennes
815 1285 64 21 bord-

49 1313 63 28 lagda
127 1314 135 21 betänkande
277 1320 34 15 n:o
329 1315 9 20 1
356 1314 7 21 i
378 1314 117 27 anledning
509 1313 23 22 af
547 1314 28 21 H.
590 1314 26 21 K.
631 1314 50 21 M:ts
693 1314 78 27 nädiga
781 1313 98 27 proposi-

51 1342 45 21 tion
112 1349 34 14 n:o
162 1343 29 20 30
206 1343 111 26 angäende
332 1342 85 22 vidare
429 1342 264 28 järnvägsbyggnader
707 1343 9 21 i
731 1342 92 22 landet.

119 1399 33 21 Hr
174 1399 76 21 Lille
271 1399 71 21 anhöll
357 1405 34 15 om
408 1399 62 22 ordet
485 1399 40 22 och
541 1399 92 27 yttrade:
663 1399 49 22 Med
728 1399 115 26 anledning
858 1397 23 22 af

49 1429 31 27 att
92 1427 223 28 järnvägsutskottets
332 1428 134 21 betänkande
479 1434 34 15 n:o
529 1429 14 20 2
561 1427 54 22 först
629 1428 7 21 i
647 1428 41 26 dag
699 1427 92 22 utdelats
800 1427 39 21 och
847 1428 32 19 att

50 1456 36 21 det
100 1455 61 22 faller
183 1456 34 27 sig
231 1457 60 20 svärt
306 1458 31 19 att
354 1458 52 25 göra
421 1456 68 27 nägra
503 1456 184 27 ändringsförslag
702 1458 45 19 mot
762 1455 117 22 betänkan-

50 1485 36 20 det
108 1491 34 14 n:o
160 1485 10 20 1
188 1487 51 19 utan
262 1487 32 19 att
316 1484 137 22 därförinnan
472 1485 63 21 hafva
551 1485 54 27 tagit
619 1485 119 21 kännedom
754 1491 34 14 om
805 1485 74 20 betän-
