1123 1756
347 102 86 19 Yleinen
445 102 230 23 väkijuoma-kieltolaki.
888 104 41 21 955

102 174 70 22 dustri
194 175 41 21 och
257 175 70 20 andra
349 175 105 26 näringar
472 174 114 27 blomstra,
603 176 56 19 samt
675 176 33 19 att
721 175 38 20 det
774 174 71 22 finska
861 174 70 22 folket

102 205 25 20 är
150 205 31 19 ett
205 203 97 25 redbart,
325 203 167 22 karaktärsfast
508 203 41 22 och
564 203 150 28 viljekraftigt
729 203 54 21 folk.
814 203 116 22 Erkänner

101 238 50 15 man
174 237 35 16 oss
233 238 42 21 ega
298 232 63 21 dessa
383 233 58 26 goda
463 231 147 28 egenskaper,
633 231 93 22 hvarför
741 231 28 22 dä
784 231 95 29 pätruga
895 239 35 14 oss

102 260 161 27 tvångslagar?
292 260 83 22 Finska
398 260 71 22 folket
493 262 25 19 är
540 260 94 22 framför
654 261 31 21 alt
704 260 173 29 frihetsvänligt,
894 261 37 22 det

102 290 75 21 älskar
199 289 116 28 ingenting
336 289 69 28 högre
427 291 28 20 än
478 291 35 20 ett
535 289 124 27 frisinnadt,
683 289 120 28 lagbundet
819 290 111 21 samhälls-

101 318 70 26 skick,
188 318 67 21 hvars
273 318 183 27 grundprinciper
471 317 56 28 utgä
542 317 50 22 frän
607 318 208 22 folkmedvetandet.
846 319 84 27 Tväng,

102 346 110 28 utgäende
235 346 51 22 frän
307 347 86 22 hvilket
407 347 45 21 häll
467 353 49 15 som
530 347 65 27 hälst,
611 353 91 16 snarare
719 347 169 22 demoraliserar
903 349 28 20 än

102 376 132 27 uppbygger
250 381 41 16 oss.
313 376 45 21 För
373 382 56 21 egen
445 376 36 21 del
497 377 47 20 tror
556 376 47 27 jag,
620 377 34 20 att
668 375 23 23 vi
707 375 19 28 ej
743 375 107 28 nägonsin
860 376 71 22 blifva

102 406 68 20 annat
193 406 27 20 än
240 404 126 22 människor
388 405 49 21 med
460 404 32 22 fel
515 405 40 21 och
577 404 88 28 brister,
689 405 42 21 och
753 404 72 22 säsom
848 405 83 22 sädana

102 434 87 21 komma
212 433 22 22 vi
258 434 33 20 att
313 433 106 22 förblifva
434 439 26 16 en
477 434 48 21 stor
539 433 121 28 blandning
675 433 26 22 af
713 433 75 22 bättre
804 434 41 21 och
860 436 71 19 sämre

102 462 115 22 individer.
248 461 48 22 Den
319 468 41 15 ena
379 462 74 27 njuter
469 463 50 20 med
534 461 101 23 förständ
650 461 23 23 af
688 462 91 28 vanliga
794 461 136 28 födoämnen,

102 492 43 21 den
160 491 69 21 andra
244 491 72 27 njuter
331 491 26 21 af
370 491 48 21 dem
434 491 112 27 omättligt
561 491 42 22 och
613 491 41 28 gär
664 491 129 27 därigenom
803 492 75 24 under,
890 492 41 21 den

102 526 42 15 ena
160 519 67 22 offrar
242 519 35 28 sig
291 519 28 27 pä
334 520 117 21 kärlekens
468 520 76 27 altare,
561 521 42 20 den
619 521 69 20 andra
699 520 70 21 nekar
779 520 35 27 sig
825 520 36 27 alt,
872 520 59 22 hvad

102 550 93 21 naturen
210 548 84 27 bjuder,
311 549 40 21 och
366 549 112 21 hvardera
493 548 44 22 lida
553 549 26 21 de
595 548 70 22 däraf.
689 548 76 22 Häraf
777 549 59 21 finna
851 549 29 26 vi,
892 550 38 25 att,

103 584 35 15 om
160 583 49 16 man
232 577 39 22 vill
291 578 69 21 ordna
383 577 43 22 alla
448 577 213 27 missförhällanden,
685 577 78 28 ätager
786 583 49 16 man
850 577 34 28 sig
900 579 32 20 ett

104 605 126 23 outförbart
245 606 81 21 arbete.

171 635 206 27 Nykterhetssäken
400 637 25 19 är
447 635 46 28 god
515 635 41 22 och
578 635 41 21 bör
640 634 128 28 befrämjas,
787 641 49 15 men
854 635 78 22 endast

105 669 78 22 genom
207 664 76 27 medel,
305 670 47 15 som
374 663 113 28 uppbäras
507 663 25 22 af
545 663 82 22 folkets
642 663 82 28 flertal;
741 663 122 22 tillsvidare
879 664 52 27 god-

103 693 84 20 kännes
207 692 50 21 icke
273 691 24 22 af
309 692 158 28 befolkningen
483 699 26 15 en
524 693 38 27 lag
578 699 34 15 om
627 693 88 22 absolut
730 692 80 22 förbud
825 694 46 20 mot
885 699 46 15 rus-

104 721 41 22 och
159 721 155 28 maltdrycker.

172 749 85 22 Finska
279 749 70 22 folket
371 750 40 22 bör
435 749 117 29 framgent,
575 749 72 22 säsom
662 749 86 28 hittills,
765 749 50 22 fritt
829 750 103 22 utveckla

104 779 36 27 sig
161 780 53 20 utan
237 780 34 20 att
293 778 66 28 ätaga
378 779 35 28 sig
434 785 55 15 vare
504 779 34 27 sig
554 779 61 21 äldre
631 779 53 21 eller
699 785 70 21 yngre
785 778 147 28 förmyndare,

104 808 87 21 hvilkas
207 807 102 22 sträfvan
324 810 25 19 är
364 809 34 20 att
412 808 52 21 leda
478 807 156 28 befolkningen
644 808 33 21 uti
687 808 100 28 ensidiga
798 808 59 27 spär,
869 808 66 21 däraf

105 836 109 28 följderna
236 836 73 22 blefve
332 836 222 28 egenrättfärdighet,
577 836 154 28 skenhelighet
754 837 40 21 och
814 843 27 15 en
861 842 71 16 massa

105 865 80 22 lasters
200 865 57 21 bruk
272 865 7 21 i
294 871 69 22 smyg.

173 894 46 27 Jag
241 894 41 21 har
304 894 90 22 härmed
409 894 8 21 i
432 894 90 22 korthet
537 894 107 27 framlagt
659 894 44 21 min
718 894 137 27 ständpunkt
869 894 7 21 i
890 893 42 22 frä-

104 928 50 22 gan,
178 923 41 21 och
241 925 57 19 trots
321 923 32 21 alt
375 924 61 27 yttre
451 923 39 21 hot
504 923 99 21 kommer
615 923 41 27 jag
671 922 86 22 säledes
773 925 34 19 att
821 924 62 20 rösta
898 922 35 22 för

104 952 121 21 utskottets
240 952 59 21 kläm
315 952 123 21 oberoende
455 951 28 26 af,
499 958 34 15 om
548 958 51 15 man
612 951 117 22 framdeles
741 951 111 22 anförtror
863 952 69 21 landt-

106 980 237 28 dagsmannauppdrag
358 980 23 22 ät
396 980 46 28 mig
457 980 53 22 eller
525 980 27 28 ej.

173 1049 115 21 Edusmies
313 1049 132 28 Lindegren:
472 1049 265 27 Talonpoikaissäädyssä
761 1055 29 16 on
815 1049 119 21 uskallettu

105 1078 74 26 käydä
195 1078 85 22 käsiksi
295 1078 82 22 tuohon
390 1078 253 27 jättiläisviinapuuhun,
655 1078 70 27 jonka
738 1078 75 26 juuret
823 1078 111 22 ulottuvat

106 1106 51 21 aina
175 1106 63 22 Noan
257 1106 102 22 aikoihin.
386 1107 29 21 Se
431 1106 66 22 onkin
509 1107 24 27 jo
549 1107 46 21 niin
610 1107 114 21 korkealle
740 1107 102 21 latvansa
857 1107 77 21 kohot-

105 1136 70 26 tanut,
198 1136 47 20 että
261 1142 23 15 se
299 1136 146 21 Kalevalassa
466 1136 107 21 kerrotun
587 1137 96 20 tammen
698 1136 76 21 tavoin
787 1135 23 28 jo
826 1136 72 20 uhkaa
914 1135 20 21 ei

106 1164 130 21 ainoastaan
251 1164 100 26 Suomen,
367 1171 60 15 vaan
441 1164 59 22 koko
516 1164 131 27 maanpiirin
658 1164 111 22 kansoilta
780 1166 62 20 estää
852 1164 82 27 päivän

106 1192 151 28 paistamasta,
269 1193 59 21 kuun
337 1193 180 27 kumottamasta,
528 1193 71 21 linnut
607 1193 102 21 metsissä
717 1193 131 21 laulamasta
853 1194 16 26 j.
878 1200 20 14 n.
908 1199 25 20 e.,

106 1220 32 22 tai
160 1221 85 21 sanalla
268 1228 81 15 sanoen
371 1228 24 15 se
419 1222 74 21 uhkaa
508 1223 63 20 estää
586 1222 82 21 kaiken
683 1228 45 19 sen,
744 1222 60 21 mikä
820 1228 27 15 on
862 1221 72 22 ihmis-

106 1250 86 21 elämän
211 1250 81 22 ehtona
307 1251 71 21 hänen
393 1250 147 28 jumalallisen
554 1251 185 21 kutsumuksensa
755 1250 180 27 tarkoitusperän

106 1278 200 22 saavuttamiseksi.
344 1279 81 27 Mutta,
450 1279 163 22 valitettavasti
638 1279 67 27 kyllä,
731 1279 204 27 Bakkusjumalalla

106 1307 76 27 näkyy
206 1308 78 21 olevan
307 1308 58 21 vielä
387 1308 76 21 valtaa
484 1308 24 27 ja
530 1308 88 21 voimaa
640 1308 181 22 viinatarhaansa
836 1308 98 27 suojella,

106 1336 56 26 sillä,
178 1336 100 22 niinkuin
293 1338 118 20 tunnettua
423 1337 24 27 ja
463 1336 80 28 tiettyä
558 1343 35 20 on,
609 1336 20 22 ei
644 1338 61 20 tämä
714 1337 87 27 yleinen
812 1336 122 22 kieltolaki-

107 1370 89 16 anomus
212 1365 110 21 ainakaan
337 1366 55 20 tällä
407 1366 79 20 kertaa
501 1365 35 21 vie
551 1365 60 22 niille
626 1365 77 27 perille
719 1365 52 22 kuin
786 1365 112 22 toivottiin
910 1365 24 27 ja

106 1393 83 21 tahdon
209 1394 38 21 siis
263 1400 58 15 vaan
335 1394 84 27 yhtenä
434 1400 39 15 sen
488 1394 174 27 aikaansaajana
676 1394 95 22 ilmaista
787 1394 147 27 mielipiteeni,

107 1422 44 21 kun
164 1422 211 28 johdonmukaisuus
390 1422 82 22 vaatisi
487 1423 97 22 edelleen
595 1423 173 22 kannattamaan
779 1423 156 22 anomuksessa

106 1451 79 27 tehtyä
199 1453 85 25 pontta.
314 1451 51 22 Kun
381 1451 91 22 selvästi
484 1452 24 27 jo
524 1451 120 28 tiedetään,
661 1451 54 22 ettei
730 1452 33 22 ole
779 1451 82 22 mitään
876 1451 59 22 mah-

106 1479 130 22 dollisuutta
258 1480 101 27 anottuja
373 1480 96 21 tuloksia
485 1480 53 21 tällä
554 1481 79 21 kertaa
649 1482 124 25 saavuttaa,
790 1480 45 22 niin
850 1481 86 26 tyydyn
