1114 1750
129 92 169 18 Keinotekoisten
309 92 194 18 lannoitusaineiden
513 92 21 23 ja
546 92 167 18 siementavarain
725 92 104 18 tarkastus.
869 94 41 20 537

80 165 109 26 kommits,
212 164 167 22 tilihandahälla
398 165 106 26 köparen,
521 166 76 20 senast
612 164 28 21 dä
655 170 70 16 varan
741 164 117 27 levereras,
874 164 37 22 be-

80 193 34 21 vis
132 194 142 26 upptagande
290 199 81 15 varans
386 199 112 21 ursprung
513 193 41 21 och
569 193 74 27 öfriga
657 192 121 28 uppgifter,
795 193 116 22 utvisande

81 222 49 21 dess
150 222 140 21 verksamma
305 221 174 22 beståndsdelar.
511 221 84 22 Genom
611 223 71 20 denna
697 221 139 28 bestämning
851 221 61 22 afser

80 257 51 15 man
147 251 92 22 sälunda
254 251 34 20 att
303 249 142 29 förekomma,
462 252 34 19 att
511 250 156 27 underhaltiga
682 257 67 15 varor
759 250 110 28 utbjudas,
882 251 29 21 el-

81 279 32 22 ler
132 279 139 26 åtminstone,
288 281 33 19 att
336 280 99 26 köparen
449 279 51 21 icke
515 279 95 22 erhåller
625 281 72 20 sämre
713 285 55 15 vara
783 281 26 20 än
825 280 86 21 beviset

80 308 93 22 utvisar.
196 307 79 22 Låtom
291 314 35 15 oss
344 315 23 14 se
383 307 59 22 efter
458 314 35 15 om
508 309 64 20 dessa
588 307 101 22 ändamål
699 307 116 28 verkligen
825 309 84 22 vinnas.

81 337 28 21 Vi
123 338 94 21 nämnde
232 336 58 22 först
303 336 168 22 förhindrandet
482 336 25 21 af
515 337 156 27 underhaltiga
681 343 78 16 varors
770 337 140 27 utbjudande.

81 366 69 21 Detta
173 367 45 20 kan
240 366 67 27 lagen
322 365 88 22 absolut
425 365 50 22 icke
491 365 120 28 förhindra,
627 368 26 25 ty
668 367 42 20 den
725 365 121 22 innehåller
861 366 50 22 icke

81 395 72 28 någon
176 394 139 27 bestämning
336 395 83 21 härom.
450 394 50 21 Den
515 395 93 27 stadgar
627 395 85 26 endast,
729 396 33 19 att
777 395 61 21 bevis
854 395 57 21 skall

81 423 90 28 företes,
196 423 134 27 angifvande
345 429 82 16 varans
442 423 159 22 beskaffenhet.
633 423 40 22 Om
689 423 86 22 således
790 423 72 28 någon
877 426 34 19 ut-

81 452 78 27 bjuder
181 451 156 23 thomasfosfat
352 453 49 20 med
417 451 105 28 angifven
538 453 12 20 5
566 453 28 26 9/,
610 452 47 21 halt
672 451 25 22 af
711 451 130 28 fosforsyra,
857 453 54 20 eller

81 481 124 22 klöfverfrö
221 480 50 22 med
286 487 26 15 en
328 481 121 27 grobarhet
465 480 25 21 af
503 481 27 20 45
547 481 28 26 %/,
591 481 40 21 och
642 481 78 21 renhet
731 481 25 21 af
765 483 14 19 t.
793 487 32 15 ex.
838 482 27 20 60
876 483 33 25 9/9,

81 510 24 21 sä
129 512 24 19 är
176 511 43 20 han
237 510 135 27 fullkomligt
389 509 128 28 berättigad
538 511 33 20 att
587 509 56 28 sälja
659 511 64 20 dessa
739 516 71 21 varor,
827 511 34 20 att
876 509 35 22 för

81 539 49 21 dem
145 541 54 25 taga
214 538 25 22 sä
255 539 52 27 dyrt
321 539 45 26 pris
382 539 44 21 han
440 538 103 28 möjligen
559 539 44 20 kan
619 538 22 22 fä
657 539 41 21 och
714 540 34 20 att
763 539 84 26 pracka
863 539 47 21 dem

81 567 28 27 pä
125 567 112 28 okunniga
252 568 89 27 köpare,
357 567 76 22 hvilka
448 567 58 22 blott
521 573 23 16 se
558 567 29 27 pä
597 567 182 29 prisbilligheten.
803 567 51 22 Man
866 568 44 23 kan

79 597 25 27 ju
120 599 59 25 säga,
197 598 34 20 att
246 598 61 20 detta
323 597 57 21 dock
391 599 26 19 är
429 596 57 27 ,fair
495 596 74 28 play",
581 596 28 22 dä
620 603 81 15 varans
711 596 101 28 verkliga
823 596 88 22 beskaf-

81 625 76 22 fenhet
179 628 26 18 är
222 625 8 21 i
248 626 86 21 beviset
355 625 107 28 angifvet.
493 626 51 20 Men
560 625 24 21 sä
600 626 90 20 alldeles
706 628 50 19 rent
771 626 47 26 spel
833 628 25 19 är
874 626 37 21 det

81 655 57 20 dock
160 654 56 25 icke,
232 656 24 25 ty
275 654 67 27 ingen
355 654 154 27 jordbrukare,
526 660 47 15 som
588 654 83 21 förstår
687 655 34 20 att
736 655 66 26 lägga
817 654 93 22 hufvud-

81 683 75 21 vikten
175 683 29 27 pä
226 683 179 21 beskaffenheten
421 682 26 22 af
461 683 26 21 de
502 689 67 15 varor
584 683 44 21 han
643 683 76 27 köper,
735 684 78 26 lägger
827 683 36 27 sig
877 683 35 21 till

81 711 84 22 sädana
188 711 73 28 däliga
283 718 74 21 varor,
381 711 76 22 hvilka
480 711 77 22 därför
578 711 71 22 mäste
671 712 60 21 luras
753 711 28 28 pä
803 711 108 22 oförstän-

81 740 48 28 digt
143 740 53 21 folk.

150 769 67 22 Hvad
240 769 48 21 äter
311 770 42 21 den
376 769 69 22 saken
465 769 76 27 angär,
558 770 34 20 att
609 769 65 27 lagen
690 769 71 22 skulle
776 769 135 22 förekomma

82 799 37 20 det
141 799 84 26 köpare
248 797 95 22 erhäller
365 800 73 19 sämre
454 804 55 15 vara
525 799 27 20 än
567 798 60 21 hvad
642 797 87 22 beviset
743 798 127 27 innehäller,
887 797 24 22 sä

82 829 25 19 är
123 826 67 22 äfven
205 827 62 21 detta
283 827 72 27 skydd
370 826 176 27 problematiskt.
569 827 34 26 Ty
619 827 38 21 det
667 827 91 27 stadgas
769 827 142 27 ingenstädes

82 861 35 16 om
138 855 77 22 hvilka
238 855 152 28 myndigheter
409 861 46 16 som
470 855 63 22 skola
549 855 90 22 utfärda
655 856 64 21 dessa
735 855 25 22 af
773 856 139 26 köpmännen

82 884 116 21 företedda
220 884 96 22 bevisen.
345 885 51 21 Han
420 886 25 19 är
468 885 78 20 endast
564 884 90 27 skyldig
669 886 34 19 att
717 884 69 22 hafva
800 885 63 21 bevis
878 884 34 21 till

81 913 70 21 hands
172 913 41 22 och
228 915 34 19 att
277 915 120 26 garantera
412 919 82 16 varans
511 912 228 23 öfverensstämmelse
755 914 48 21 med
818 913 91 22 beviset.

84 942 33 21 Nu
138 942 132 27 importerar
292 948 27 15 en
341 943 96 26 köpman
455 941 156 28 gödselämnen
627 943 53 20 eller
696 941 101 23 frövaror
813 942 50 21 frän
878 944 33 19 ut-

81 971 81 21 landet.
186 971 50 21 Han
251 970 142 22 införskaffar
409 971 34 27 sig
457 970 62 22 bevis
535 970 99 22 därifrän
651 971 64 21 öfver
729 977 81 15 varans
823 970 88 22 beskaf-

82 999 75 22 fenhet
180 1000 41 21 och
243 1000 66 27 säljer
328 1001 69 20 sedan
415 1006 69 15 varan
500 999 29 27 pä
544 1000 72 26 grund
632 999 25 22 af
671 1001 71 20 denna
758 1000 152 27 analysattest.

82 1027 47 22 Och
151 1028 68 27 nägot
241 1029 106 21 samband
369 1028 80 22 mellan
472 1028 176 27 analysattesten
663 1029 42 21 oeh
720 1035 68 15 varan
804 1028 108 22 behöfver

81 1057 120 27 ingalunda
221 1057 76 22 finnas.
328 1057 103 22 Attesten
446 1057 45 22 kan
506 1057 75 22 utvisa
595 1057 65 22 bästa
675 1057 95 22 kvalitet
785 1058 41 21 och
841 1063 70 16 varan

81 1085 69 22 likväl
166 1092 55 15 vara
236 1087 76 20 utusel
339 1086 101 21 Orsaken
456 1085 76 21 härtill
546 1086 73 26 ligger
637 1086 36 21 för
688 1089 72 23 öppen
775 1087 49 26 dag.
848 1087 63 20 Hvar

83 1114 40 21 och
137 1120 33 22 en,
186 1120 46 15 som
251 1114 50 28 följt
315 1115 49 21 med
380 1114 131 22 fröhandeln
526 1114 40 22 hos
582 1120 43 22 oss,
641 1117 43 25 vet,
701 1116 34 20 att
750 1116 32 20 ett
798 1115 45 21 otal
858 1115 53 21 han-

82 1143 140 21 delsresande
237 1143 86 28 årligen
338 1143 163 22 öfversvämma
515 1143 82 25 landet,
613 1144 44 21 han
668 1146 37 19 vet
717 1143 72 28 också,
802 1145 34 20 att
846 1144 65 20 dessa

81 1171 195 28 hufvudsakligast
290 1173 71 21 räkna
375 1172 48 21 sina
432 1173 86 20 kunder
528 1172 66 21 bland
605 1173 174 27 landthandlare,
791 1173 41 21 och
841 1174 70 25 ytter-

81 1207 62 15 mera
164 1203 39 19 vet
221 1201 49 27 han,
291 1203 33 20 att
343 1202 64 21 dessa
422 1200 92 22 sälunda
529 1201 156 27 kringspridda
701 1201 103 22 frövaror
819 1203 38 20 äro
873 1207 38 15 un-

82 1230 39 21 der
144 1229 30 22 all
195 1229 76 22 kritik.
302 1230 46 27 Jag
370 1230 45 21 kan
437 1229 49 22 icke
503 1231 88 26 antaga,
608 1232 34 19 att
656 1230 73 27 någon
745 1230 57 22 skall
817 1236 55 16 vara
887 1229 24 22 sä

81 1257 58 28 naiv,
157 1259 33 20 att
205 1259 44 21 han
259 1261 48 19 tror
318 1260 33 20 att
363 1259 37 21 det
410 1265 29 15 nu
450 1258 153 28 föreliggande
613 1259 148 28 lagförslaget
771 1259 57 22 skall
839 1259 72 21 ästad-

82 1287 87 22 komma
185 1287 74 27 någon
274 1287 94 28 ändring
380 1287 57 22 häri.
464 1287 45 21 Det
524 1288 57 21 enda
595 1294 48 15 som
657 1287 162 22 ästadkommes
835 1289 25 20 är
875 1288 36 21 be-

82 1315 63 27 viset,
166 1315 86 22 hvilket
269 1316 201 21 handelsresanden
485 1318 120 25 presterar,
621 1316 85 22 hvilket
721 1316 25 22 af
759 1317 152 21 landthandla-

81 1351 38 15 ren
143 1346 129 25 accepteras
294 1345 29 26 pä
342 1345 42 27 god
404 1347 35 19 tro
455 1345 41 20 och
511 1344 86 22 hvilket
613 1346 37 21 det
666 1345 71 28 aldrig
752 1345 65 22 faller
832 1345 78 22 honom

81 1373 23 22 in
127 1375 34 19 att
183 1373 46 21 låta
251 1373 142 22 kontrollera.
431 1372 47 22 Och
500 1373 94 22 hvarför
616 1374 70 21 skulle
709 1374 202 21 landthandlanden

82 1401 91 22 äsamka
195 1402 34 27 sig
251 1402 82 22 besvär
355 1403 41 20 och
418 1402 121 21 kostnader
557 1403 50 21 med
622 1405 34 19 att
670 1403 47 21 läta
731 1403 136 21 kontrollera
884 1403 26 20 de

81 1430 148 27 importerade
239 1426 9 36 '
252 1437 100 16 varorna.
383 1431 50 21 Den
448 1431 120 21 utländska
582 1431 78 22 firman
675 1432 40 21 har
730 1432 54 21 stält
799 1431 62 22 bevis
877 1431 34 22 till

81 1459 55 22 hans
152 1459 141 28 förfogande;
311 1459 195 22 landthandlarens
521 1460 86 21 kunder
622 1460 23 21 fä
660 1461 56 20 hvar
731 1461 41 20 och
787 1467 27 14 en
829 1462 34 19 ett
877 1459 34 22 sä-

82 1488 53 21 dant
156 1487 62 22 bevis
241 1488 40 21 och
305 1489 89 20 därmed
413 1490 38 19 äro
471 1488 26 20 de
517 1488 73 28 nöjda,
605 1489 50 21 icke
671 1494 27 16 en
713 1489 26 21 af
752 1491 63 19 tusen
831 1489 80 21 tänker
