1120 1770
187 96 211 25 Metsänviljelykseen
410 96 92 24 sopivien
515 96 79 19 maiden
606 97 113 17 ostaminen
731 96 94 19 valtiolle.
879 98 41 20 729

91 169 92 28 skogen,
205 169 70 22 hafva
298 168 50 28 gätt
366 168 189 28 hufvudsakligen
577 170 25 20 ut
616 168 29 28 pä
659 170 34 20 att
708 168 121 22 inskränka
843 169 77 28 skogs-

91 204 94 21 egarens
200 199 47 20 rätt
262 199 34 20 att
311 197 89 28 förfoga
415 197 65 22 öfver
494 197 35 22 sin
540 197 62 28 skog.
633 197 69 22 Detta
712 198 41 21 har
766 197 8 22 i
784 197 77 28 regeln
870 197 51 22 icke

91 227 61 21 skett
173 227 49 22 med
241 227 55 26 godt
317 227 100 27 resultat,
433 227 92 21 emedan
547 232 50 15 man
611 226 50 22 icke
677 227 84 21 kunnat
775 226 29 28 gä
819 226 24 22 sä
858 226 63 28 längt

91 261 47 17 som
160 257 33 21 att
215 255 104 27 förbjuda
340 261 82 22 egaren
445 256 34 20 att
500 255 104 28 begagna
626 256 41 21 den
682 255 35 22 till
731 255 114 22 husbehof.
875 255 45 22 Det

91 285 69 21 andra
175 285 82 22 medlet
272 284 40 21 har
324 284 61 22 varit
400 285 44 26 det,
460 290 46 15 som
521 285 121 20 utskottets
658 283 84 28 förslag
758 283 91 28 äsyftar,
860 286 60 20 näm-

91 313 60 28 ligen
174 316 34 19 att
230 314 74 21 staten
324 313 94 27 inköper
441 313 158 27 skogsmarker
622 313 40 22 och
680 313 77 22 ställer
772 314 64 20 dessa
851 314 70 21 under

92 341 130 29 forstnärlig
245 341 62 22 vård.
343 342 45 21 Det
410 342 47 27 har,
481 341 72 22 såsom
576 341 99 28 framgår
697 341 25 22 af
742 342 120 21 utskottets
884 342 37 21 be-

92 371 113 22 tänkande
225 383 29 3 —
270 371 41 21 och
326 370 66 22 äfven
408 377 80 15 annars
503 372 26 20 är
542 371 71 22 kändt
628 383 26 3 —
670 371 61 21 skett
744 371 49 21 med
807 371 114 27 synnerlig.

93 399 118 28 framgäng
233 399 7 22 i
265 399 98 28 Sverige,
387 400 40 21 der
449 405 50 16 man
522 400 32 21 alt
569 399 139 22 fortfarande
723 399 120 28 nedlägger
857 400 64 27 bety-

92 429 71 21 dande
185 428 86 27 kapital
293 428 7 22 i
320 429 120 27 statsskog,
456 430 24 25 ty
496 434 51 16 man
561 429 42 20 har
617 428 69 21 insett
701 429 34 20 att
750 430 72 19 staten
837 431 25 19 är
878 429 43 20 den

93 458 62 26 enda,
181 464 46 15 som
252 458 45 20 kan
321 457 40 22 och
386 457 40 22 vill
449 457 77 21 arbeta
549 456 35 22 för
606 457 130 21 kommande
759 457 160 27 generationer.

92 486 75 23 Skulle
185 486 49 22 icke
250 486 166 22 vederbörande
430 485 154 28 myndigheter
602 485 74 28 ifräga
691 492 35 15 om
741 486 179 27 statsskogarnes

92 514 57 23 värd
170 517 55 25 göra
247 515 34 21 sin
303 514 133 28 skyldighet,
459 514 25 22 sä
507 516 26 20 är
548 515 62 21 detta
626 521 26 15 en
667 514 42 22 sak
724 514 25 22 af
762 514 83 22 mindre
860 514 59 27 vikt;

93 546 26 25 ty
141 544 26 22 de
190 544 75 22 kunna
285 544 26 27 ju
332 544 41 21 och
395 544 55 21 böra
464 543 90 28 tvingas
570 543 80 21 därtill.
681 543 35 21 En
731 542 68 22 sådan
821 542 100 28 tillfällig

93 579 106 21 ogynsam
223 572 162 28 omständighet
407 572 113 28 förringar
541 572 50 22 icke
612 572 136 27 riktigheten
768 572 24 21 af
805 572 114 27 principen

93 608 36 15 om
141 601 146 28 statsskogar.
312 601 28 22 Vi
356 603 38 19 äro
410 601 36 22 för
460 602 140 21 närvarande
615 600 32 22 uti
658 602 43 20 den
710 600 97 28 lyckliga
817 601 103 27 belägen-

93 630 45 28 het,
161 632 33 20 att
216 630 23 22 vi
263 632 57 20 ännu
341 630 69 22 hafva
428 631 86 27 ganska
528 630 90 27 mycket
633 630 56 27 skog
705 630 41 21 och
760 631 34 20 att
808 630 23 22 vi
845 629 76 28 ifräga

94 666 34 15 om
151 660 49 21 dess
223 659 186 27 tillvaratagande
432 660 74 21 kunna
524 660 70 26 draga
610 660 64 26 nytta
689 658 26 22 af
727 659 27 21 de
769 658 35 28 fel,
821 665 46 15 som
881 659 38 21 be-

94 688 60 28 gätts
176 688 9 21 i
200 688 27 22 de
242 687 73 28 öfriga
330 688 106 22 länderna
450 688 8 21 i
473 688 97 26 Europa.
601 688 45 27 Jag
662 693 65 16 anser
743 688 37 21 det
793 694 55 15 vara
869 687 50 21 icke

94 718 79 20 endast
194 717 70 27 klokt,
287 718 51 20 utan
360 723 27 15 en
409 716 58 28 plikt
489 718 33 20 att
537 717 102 27 begagna
654 716 35 27 sig
705 716 25 22 af
742 717 93 21 nämnda
850 718 70 26 utväg

94 746 41 21 här
157 746 56 26 ånyo
236 745 25 22 sä
282 745 46 22 fort
349 752 47 15 som
418 746 85 27 möjligt
526 746 42 21 och
590 746 34 20 att
642 746 74 20 staten
730 744 8 22 i
753 745 110 21 mellersta
878 746 42 20 och

95 775 65 21 södra
176 775 90 21 delarna
281 774 26 22 af
318 774 76 22 landet
408 775 116 26 uppköper
540 774 25 22 sä
579 774 90 27 mycket
679 774 131 27 skogsmark
820 780 46 15 som
877 774 42 21 den

95 804 50 20 kan.
177 803 92 21 Ständet
291 803 40 21 bör
353 803 70 27 enligt
444 803 45 21 min
504 803 68 21 tanke
588 809 55 16 vara
658 803 49 21 med
722 803 82 27 härom,
820 809 35 15 om
869 802 50 22 icke

96 831 25 23 af
142 833 69 21 andra
230 832 55 27 skäl,
304 831 25 23 sä
344 831 34 23 för
393 833 35 20 att
443 832 142 27 förekomma,
601 833 34 20 att
650 832 42 21 den
706 831 126 28 personliga
846 833 75 19 rätten

95 862 35 20 att
143 860 50 22 fritt
208 860 89 28 förfoga
313 860 62 22 öfver
390 860 34 22 sin
440 862 106 26 egendom
560 860 50 22 icke
625 860 71 22 skulle
711 860 94 22 behöfva
820 860 100 22 inskrän-

95 889 48 28 kas,
159 896 46 15 som
221 890 42 21 den
278 889 66 28 eljest
358 889 170 28 otvifvelaktigt
541 889 77 22 mäste.
649 889 44 21 Det
709 891 25 19 är
749 889 28 27 pä
790 889 64 21 dessa
864 888 55 27 skäl,

95 925 48 15 som
163 919 48 27 jag,
233 919 51 20 med
306 919 41 20 den
369 917 131 28 förändring
522 917 26 22 af
568 918 115 27 klämmen,
706 924 46 15 som
774 918 146 27 landtdagsm.

95 947 94 22 Avellan
204 947 122 27 föreslagit,
342 947 129 27 godkänner
485 947 156 21 betänkandet.

165 1003 115 22 Edusmies
302 1003 101 24 Avellan:
426 1004 83 21 Tämän
524 1003 78 28 pitkän
617 1003 143 22 keskustelun
775 1003 102 22 kuluessa
892 1009 28 16 on

96 1039 65 15 muun
184 1033 78 21 ohessa
284 1033 90 21 viitattu
394 1033 77 26 siihen,
490 1034 48 20 että
552 1032 54 22 mitä
622 1034 113 20 enemmän
749 1034 79 20 metsät
842 1033 80 21 saavat

97 1067 74 22 arvoa,
187 1061 44 22 sitä
245 1063 113 20 enemmän
372 1061 67 22 niistä
454 1063 108 20 ruvetaan
576 1061 113 27 pitämään
704 1061 76 22 huolta
792 1061 24 28 ja
829 1061 44 22 sitä
883 1067 39 21 pa-

96 1090 91 21 remmin
202 1090 55 22 niitä
271 1090 131 22 hoitamaan.
434 1091 68 20 Tämä
517 1090 83 21 kuuluu
615 1090 61 27 kyllä
691 1090 112 27 kauniilta,
813 1090 24 27 ja
847 1091 74 26 myön-

96 1121 39 20 tää
149 1120 86 27 täytyy,
252 1121 47 20 että
313 1119 56 22 siinä
384 1119 37 22 voi
436 1119 43 22 olla
492 1119 145 28 jonkinlaista
650 1119 114 26 perääkin.
792 1119 73 21 Mutta
875 1118 47 21 kai-

97 1148 61 21 kissa
172 1147 142 28 tapauksissa
329 1154 26 15 on
371 1148 75 27 paljon
462 1147 163 22 semmoisiakin
639 1147 108 28 seikkoja,
761 1147 64 28 jotka
835 1153 87 16 suoras-

96 1178 54 20 taan
172 1177 142 21 vaikuttavat
335 1177 179 26 huolellisempaa
534 1177 25 26 ja
574 1176 174 29 järjellisempää
762 1175 161 23 metsänhoitoa

96 1206 99 21 vastaan.
226 1205 88 22 Metsän
343 1205 109 28 omistaja,
479 1205 99 22 niinkuin
604 1205 100 22 muutkin
729 1205 93 27 ihmiset,
845 1205 78 20 tahtoo

97 1234 54 22 mitä
171 1233 114 28 pikimmin
306 1235 68 21 saada
396 1235 69 27 tuloja
486 1234 105 21 käsiinsä.
622 1234 50 21 Hän
690 1234 66 21 ilman
778 1234 42 21 sitä
835 1234 93 23 saattaa,

97 1263 101 22 useinkin
213 1263 43 22 olla
271 1263 152 22 semmoisessa
438 1263 175 22 taloudellisessa
628 1263 84 27 tilassa,
729 1263 53 21 ettei
791 1263 72 21 hänen
871 1263 52 20 auta

97 1292 144 27 katsominen,
252 1292 104 21 meneekö
367 1293 73 20 hänen
450 1293 111 20 metsänsä
572 1291 73 28 pilalle
656 1291 38 22 vai
701 1291 56 22 eikö.
787 1291 50 22 Niin
846 1291 77 27 tapah-

97 1322 46 26 tuu,
158 1322 48 20 että
219 1320 115 22 useimmat
348 1320 111 27 niistäkin,
473 1320 65 28 jotka
553 1321 62 26 kyllä
629 1321 135 26 myöntävät,
782 1321 47 20 että
839 1321 84 20 metsää

98 1348 48 23 olisi
169 1350 138 21 säästettävä
326 1350 26 27 ja
372 1349 134 27 hoidettava,
525 1349 56 27 yhtä
596 1349 77 21 kaikki
688 1348 61 22 eivät
763 1348 42 22 sitä
821 1351 42 19 tee.
893 1348 31 22 Ja

98 1378 150 21 seurauksena
270 1379 60 20 tästä
346 1384 34 21 on,
396 1379 48 20 että
458 1379 82 20 metsät
554 1378 113 21 häviävät.
697 1377 44 22 Sen
756 1377 69 22 tietää
840 1378 84 20 omasta

97 1408 86 20 maasta
196 1406 25 28 ja
235 1412 39 16 sen
288 1406 70 22 tietää
372 1406 119 22 muistakin
501 1406 87 22 maista.
618 1406 41 22 Jos
670 1406 59 22 esim.
741 1406 118 27 ajatellaan
869 1406 60 21 Nor--

95 1435 46 28 jaa,
156 1436 55 26 puut
226 1434 63 22 siellä
303 1435 44 27 yhä
362 1437 54 20 ovat
430 1436 97 26 käyneet
542 1434 157 28 pienemmiksi,
713 1434 24 28 ja
753 1441 59 15 sama
827 1441 28 15 on
870 1434 54 22 laita

98 1464 79 27 meillä,
200 1464 99 22 niinkuin
322 1464 81 21 edusm.
427 1464 99 22 Fellman
545 1464 114 26 tarpeeksi
675 1470 27 15 on
718 1465 117 20 osottanut.
866 1463 59 22 Eikä

98 1494 62 20 tässä
182 1492 67 28 kyllä.
279 1492 89 22 Meidän
390 1492 21 22 ei
430 1492 93 22 tarvitse
538 1492 95 27 pitkällä
647 1492 86 22 liikkua
748 1492 176 26 nähdäksemme,
