1114 1753
138 97 167 18 Keinotekoisten
317 97 194 18 lannoitusaineiden
521 97 21 24 ja
554 97 166 19 siementavarain
732 98 104 17 tarkastus.
875 99 41 20 539

157 170 11 21 I
187 171 13 19 2
221 176 62 14 mom.
303 169 25 21 af
342 169 12 29 &
371 171 10 19 1
398 170 139 27 undantagas
553 169 50 22 från
619 170 30 21 all
664 170 89 27 garanti
768 171 84 20 smärre
867 176 50 20 par-

89 198 43 22 tier
155 204 34 16 om
205 199 27 20 25
248 198 109 27 kilogram
372 198 178 28 gödslingsämne
566 199 41 21 och
622 198 135 22 fodermedel
772 200 57 20 samt
846 200 25 19 10
887 198 31 27 kg

89 226 160 23 utsädesfoder.
280 226 40 22 Om
341 233 26 15 en
386 227 80 27 säljare
482 226 67 23 också
565 228 49 20 med
629 226 105 28 temligen
749 228 47 21 stor
811 227 107 28 trygghet

89 256 70 21 skulle
174 256 75 21 kunna
263 256 76 21 ikläda
354 256 35 27 sig
404 256 218 28 garantiskyldighet
640 256 35 21 för
686 257 26 19 10
723 256 32 28 kg
765 256 151 26 utsädesvara,

89 286 25 20 är
129 286 38 20 det
182 285 99 21 däremot
297 284 86 22 absolut
398 284 100 28 omöjligt
513 286 33 20 att
556 286 121 26 garantera
688 284 178 23 beskaffenheten
877 286 39 20 hos

88 314 27 20 25
131 314 31 27 kg
177 313 134 22 fodermedel
326 313 54 21 eller
395 314 183 27 gödslingsämne.
609 314 45 20 Det
669 316 26 19 är
710 313 86 22 således
812 314 26 21 af
850 314 66 27 prak-

89 342 59 21 tiska
163 342 56 27 skäl,
235 348 46 15 som
297 343 64 20 dessa
376 342 46 21 små
437 342 85 27 partier
537 342 150 27 undantagits.

157 371 52 21 Men
224 371 68 20 redan
313 371 41 20 den
370 371 196 28 omständigheten,
583 372 34 20 att
633 371 62 21 detta
710 371 113 26 undantag
838 371 78 28 gjorts,

89 399 60 22 visar
172 401 34 20 att
223 399 66 27 lagen
304 399 19 28 ej
340 401 26 20 är
380 399 110 28 praktisk,
506 401 25 26 ty
544 399 47 28 just
607 400 27 21 de
649 399 47 22 små
711 399 113 27 köparena
840 402 25 19 är
880 401 38 20 det

88 434 47 15 som
158 427 194 28 hufvudsakligast
374 427 97 23 behöfva
495 429 37 20 det
554 429 73 26 skydd
642 429 65 26 lagen
723 428 61 21 afser
799 430 34 19 att
848 428 68 27 gifva,

89 457 41 21 och
145 456 26 22 sä
186 457 145 21 tillerkänner
346 463 82 15 samma
443 457 37 27 lag
496 458 49 21 dem
560 457 19 28 ej
597 458 62 21 detta
674 457 78 27 skydd.

157 485 84 22 Finska
257 486 264 27 Handelsdelegationens
537 486 177 21 Centralutskott
729 486 41 21 har
781 492 77 21 genom
869 485 48 22 sina

89 514 136 27 uttalanden,
249 514 106 22 särskildt
370 515 57 21 hvad
444 515 95 21 handeln
554 515 50 21 med
619 515 97 21 beredda
732 514 134 22 fodermedel
880 515 36 21 be-

90 542 83 28 träffar,
189 543 35 22 till
239 543 52 22 fullo
307 543 93 27 bevisat,
416 544 59 21 hvad
494 543 67 22 äfven
576 544 65 27 eljest
657 545 25 20 är
697 544 76 26 kändt,
790 545 34 20 att
838 544 39 20 det
892 545 25 19 är

89 571 100 28 omöjligt
211 574 34 19 att
267 574 120 25 garantera
401 573 76 21 halten
492 573 7 21 i
515 579 27 15 en
558 573 35 21 del
608 572 142 27 fodermedel,
765 571 151 23 hufvudsakli-

89 603 51 25 gast
155 601 109 26 hvetekli;
280 603 24 25 ty
320 601 28 21 då
363 601 77 27 analys
456 601 12 22 å
485 603 33 20 ett
532 603 72 20 större
620 601 60 27 parti
694 601 99 22 hvetekli
808 601 108 22 verkstäl-

88 629 39 28 les,
143 629 24 22 så
183 631 65 26 tagas
263 629 120 28 ingalunda
398 630 92 27 profver
504 629 51 22 från
566 630 44 22 alla
621 631 87 26 säckar,
720 631 40 20 och
772 631 74 20 dessas
857 629 59 22 inne-

88 658 45 21 håll
155 658 100 22 varierar
277 659 87 27 ganska
385 659 111 27 betydligt
518 659 34 21 till
571 659 34 22 sin
620 659 204 27 sammansättning.
855 659 61 21 Skall

88 693 30 15 nu
141 687 61 21 detta
224 687 59 27 parti
305 687 68 27 säljas
389 687 7 21 i
412 687 74 27 minut,
506 688 84 21 händer
606 689 38 20 det
659 689 33 19 att
708 687 113 27 åtskilliga
836 688 81 20 säckar

88 716 49 21 icke
157 717 112 20 motsvara
284 716 182 28 medelanalysen,
484 718 53 20 utan
552 716 130 27 understiga
697 717 77 20 denna.
804 716 112 22 Handlan-

88 745 43 21 den
146 746 95 20 utsättes
256 744 128 28 härigenom
400 744 34 22 för
450 746 34 20 ett
498 751 88 21 ansvar,
603 744 35 22 för
653 745 86 21 hvilket
754 745 38 21 det
802 746 25 20 är
837 745 79 21 honom

89 773 99 27 omöjligt
203 775 34 19 att
252 774 86 26 skydda
354 774 40 27 sig.
417 774 66 21 Hvad
499 774 143 21 solroskakor
658 774 40 21 och
714 774 70 21 andra
798 774 72 20 kakor
880 774 36 21 be-

88 802 78 21 träffar
189 804 25 19 är
237 803 64 21 deras
323 802 95 22 kvalitet
436 802 110 28 betydligt
559 802 107 28 jämnare,
683 804 33 20 att
731 802 73 28 någon
819 802 97 28 egentlig

89 830 48 22 fara
153 830 34 22 vis
203 832 14 20 å
232 831 33 21 vis
282 832 48 20 dem
346 832 18 27 ej
382 832 63 21 torde
461 831 116 28 föreligga.
601 832 52 20 Med
669 838 27 14 en
712 832 34 20 del
762 831 154 27 gödselämnen

89 862 26 19 är
136 859 149 22 förhållandet
307 860 130 22 åtminstone
460 860 70 22 delvis
553 860 95 27 ungefär
670 861 120 21 detsamma
806 866 46 16 som
867 860 49 21 med

88 888 105 27 hvetekli,
216 888 107 22 särskildt
338 889 70 27 gäller
423 890 38 20 det
476 896 34 15 om
525 888 72 22 kainit
612 889 42 21 och
670 889 153 27 chilisalpeter,
839 888 77 22 hvilka

85 917 26 27 ju
127 918 78 20 endast
220 919 38 19 äro
273 918 94 21 inmalde
383 918 95 22 råsalter
494 918 40 21 och
549 918 77 21 hvilka
641 918 77 21 därför
733 918 87 21 variera
838 918 34 21 till
882 917 34 21 sin

88 946 203 28 sammansättning.

158 974 83 22 Genom
263 975 59 21 hvad
338 975 40 27 jag
393 975 41 21 här
450 974 74 22 anfört
539 976 63 20 torde
618 974 67 22 hafva
702 975 122 27 klargjorts
840 975 26 21 de
882 980 34 16 or-

89 1004 72 26 saker,
185 1010 46 15 som
249 1003 115 23 föranleda
379 1004 44 27 mig
439 1006 35 19 att
488 1004 49 21 icke
553 1004 119 27 godkänna
688 1004 154 28 lagförslaget.
872 1004 45 20 Det

88 1032 99 21 kommer
203 1032 167 27 otvifvelaktigt
386 1034 34 19 att
434 1032 100 22 medföra
550 1034 72 20 större
638 1033 70 20 skada
724 1035 28 19 än
767 1038 66 22 gagn.

157 1061 46 27 Jag
225 1067 65 15 anser
306 1061 62 27 dock,
388 1063 34 19 att
438 1067 27 15 en
480 1061 38 28 lag
534 1061 8 21 i
557 1062 63 20 detta
635 1061 59 27 syfte
711 1067 53 16 vore
780 1061 26 21 af
819 1061 98 21 särdeles

88 1091 47 20 stor
149 1090 120 27 betydelse,
287 1090 40 21 och
343 1090 81 21 önskar
439 1089 36 22 för
489 1090 45 21 min
549 1090 41 27 del,
608 1091 33 20 att
656 1089 88 22 ståndet
760 1089 70 22 skulle
846 1089 70 22 uttala

88 1118 35 27 sig
138 1119 90 26 därhän,
245 1120 33 20 att
293 1125 27 15 en
335 1125 30 20 ny
380 1118 138 27 proposition
533 1119 34 21 till
582 1121 65 19 nästa
660 1119 108 27 landtdag
778 1119 70 21 skulle
859 1118 57 21 före-

88 1147 79 27 läggas
187 1148 126 26 ständerna,
328 1147 33 22 uti
375 1147 91 22 hvilken
482 1147 138 27 proposition
635 1147 75 22 såvidt
725 1147 85 28 möjligt
826 1147 90 26 stipula-

88 1175 101 22 tionerna
205 1176 88 27 gjordes
309 1176 117 27 praktiska
442 1177 41 21 och
498 1176 137 27 tillämpliga.

157 1232 114 22 Edusmies
287 1233 100 23 Avellan:
404 1233 77 21 Minun
496 1236 81 24 täytyy
588 1235 125 25 tunnustaa,
725 1234 60 20 etten
796 1233 34 21 ole
841 1232 76 22 voinut

89 1262 40 21 hra
151 1261 106 22 Reuterin
281 1262 115 27 selityksiä
418 1264 96 19 seurata.
545 1262 41 22 Jos
602 1263 41 21 hra
658 1261 106 23 Reuteriä
779 1262 49 21 olen
844 1261 73 22 oikein

89 1290 131 27 käsittänyt,
236 1291 44 21 hän
295 1297 27 15 on
339 1292 117 20 koettanut
471 1291 117 26 todistella,
606 1292 46 20 että
668 1290 77 22 kaikki
760 1297 27 15 ne
800 1290 116 27 määräyk-

89 1321 39 24 set,
145 1319 57 27 joita
221 1319 61 22 esillä
305 1319 63 22 oleva
390 1320 157 21 asetusehdotus
591 1319 85 26 sisältää,
693 1321 52 20 ovat
760 1318 56 22 tuiki
831 1319 85 21 kelvot-

88 1348 73 27 tomia,
182 1348 25 27 ja
227 1350 46 19 että
291 1348 127 27 sentähden,
432 1349 37 27 jos
484 1348 154 22 lainsäädäntö
654 1348 138 26 semmoinen,
809 1347 53 22 kuin
876 1349 41 25 nyt

88 1382 27 16 on
137 1376 180 27 kysymyksessä,
333 1377 115 21 saataisiin
464 1377 87 26 aikaan,
568 1377 52 21 siitä
635 1377 21 21 ei
671 1377 49 21 olisi
735 1376 82 22 mitään
832 1377 85 26 hyötyä

88 1405 123 21 ollenkaan.
240 1405 49 22 Hra
311 1405 83 21 Reuter
417 1411 27 16 on
467 1405 116 22 kuitenkin
598 1405 84 27 lopulta
698 1405 65 22 tullut
778 1405 71 21 siihen
864 1406 52 25 pää-

88 1434 99 26 tökseen,
211 1435 46 20 että
281 1434 83 21 asiasta
388 1434 48 22 olisi
460 1435 138 26 pyydettävä
613 1436 63 19 uutta
692 1440 52 15 arm.
761 1433 93 27 esitystä
870 1433 46 26 ensi

89 1462 166 27 valtiopäiville.
279 1462 61 21 Minä
356 1469 27 14 en
399 1463 142 21 todellakaan
556 1465 117 25 ymmärrä,
690 1463 82 21 kuinka
783 1463 41 20 hra
834 1462 84 21 Reuter

88 1491 67 21 niistä
176 1491 140 26 perusteista,
338 1491 56 27 joita
417 1491 44 21 hän
484 1491 172 22 lausunnossaan
680 1497 27 15 on
730 1491 140 26 esiintuonut,
890 1497 27 14 on
