1123 1750
204 94 41 20 794
398 94 196 24 Talonpoikaissääty
607 95 10 17 3
630 97 46 21 p:nä
687 95 81 18 toukok.
783 95 49 17 1900.

203 165 78 27 simpiä
296 166 79 28 puolia,
391 166 45 22 niin
451 167 72 21 onhan
539 167 66 22 aivan
620 167 146 28 luonnollista,
783 169 52 25 että,
850 168 44 21 kun
910 169 120 20 useammat

203 194 32 22 eri
250 195 100 21 henkilöt
367 197 52 20 ovat
437 196 71 21 asiata
524 196 183 24 käsittelemässä,
724 196 56 22 siinä
796 198 61 26 myös
872 198 88 20 saattaa
975 196 54 22 tulla

203 223 98 22 erilaisia
325 224 196 28 katsantokantoja
545 225 113 27 näkyviin.
696 225 79 22 Samaa
798 227 86 20 osottaa
906 228 61 24 myös
991 228 39 24 nyt

202 254 62 19 tässä
284 254 106 26 säädyssä
405 253 133 27 tapahtunut
552 254 192 27 yleiskeskustelu.
774 254 67 27 Minä,
857 254 98 22 niinkuin
970 260 59 16 muu-

202 283 71 19 tamat
296 282 98 21 edelliset
416 283 92 27 puhujat
528 282 24 28 jo
576 285 52 19 ovat
647 283 186 27 huomauttaneet,
848 283 107 22 katsoisin
973 283 56 26 sopi-

204 310 126 27 vammaksi,
347 312 46 20 että
415 311 157 27 ryhdyttäisiin
595 312 61 21 asiaa
679 312 68 22 kohta
769 312 134 27 pykälittäin
918 311 111 22 käsittele-

202 340 65 20 mään
280 339 25 27 ja
320 340 117 26 pantaisiin
453 340 143 22 keskustelun
611 340 102 28 pohjaksi
728 341 149 21 valiokunnan
889 340 140 22 mietinnössä

203 367 65 22 oleva
290 369 171 21 asetusehdotus.
493 369 105 21 Siinähän
620 369 101 22 saattaisi
744 370 32 21 eri
800 370 104 27 pykälien
926 369 102 23 kohdalla

202 396 70 22 kukin
292 398 67 20 tuoda
374 397 159 27 mielipiteensä
548 398 68 22 esille.
639 398 89 22 Edusm.
743 398 95 22 Avellan
853 398 85 22 viittasi
952 398 76 26 siihen,

203 427 47 20 että
265 426 105 27 kysymys
382 426 185 23 siviilirekisterin
574 427 186 28 järjestämisestä
770 427 173 22 lainsäädännön
951 428 78 21 kautta

200 454 24 27 jo
248 461 27 15 on
298 455 54 21 siksi
375 456 87 21 kauvan
485 456 54 21 ollut
558 456 94 27 vireillä,
668 456 53 22 ettei
736 463 39 15 sen
790 457 91 21 suhteen
896 456 75 27 pitäisi
987 456 41 21 olla

202 483 83 22 mitään
308 484 32 21 eri
361 484 137 27 mielipiteitä
521 485 117 27 olemassa;
662 485 87 22 sitähän
769 487 53 20 ovat
844 485 148 27 valtiosäädyt
1006 485 22 27 jo

202 512 127 22 käsitelleet
342 513 24 28 ja
381 520 24 15 se
420 520 27 15 on
462 516 61 25 myös
534 514 107 27 yleisessä
651 514 255 22 kirkolliskokouksessa
917 515 53 21 ollut
980 514 49 21 har-

202 541 122 27 kittavana,
347 542 45 21 niin
415 544 46 20 että
485 543 122 21 mielestäni
630 543 49 22 olisi
700 543 22 28 jo
746 543 52 21 aika
818 543 86 28 jotakin
927 543 101 22 valmista

202 569 85 23 asiassa
302 570 94 23 toimeen
410 572 74 21 saada.
503 572 103 21 Ehdotan
620 578 39 16 sen
670 572 85 27 vuoksi,
767 574 47 20 että
824 573 126 27 ryhdytään
960 572 68 27 pykä-

201 598 74 23 littäin
294 601 191 21 asetusehdotusta
499 601 173 21 tarkastamaan.
698 601 35 22 En
748 601 135 22 kuitenkaan
898 602 66 20 tahdo
980 607 48 15 vas-

201 629 75 21 tustaa
292 629 80 21 edusm.
388 630 97 21 Halosen
500 630 118 22 ehdotusta
633 630 119 22 mietinnön
762 630 103 27 pöydälle
876 630 152 27 panemisesta,

201 656 113 22 nimittäin
329 658 55 22 siinä
399 659 152 27 tapauksessa,
568 660 46 20 että
630 660 84 26 säädyn
728 659 88 27 jäsenet
832 659 60 22 eivät
906 659 64 21 katso
986 658 42 22 ole-

202 691 69 16 vansa
288 686 56 22 vielä
359 687 85 21 valmiit
459 688 83 21 asiasta
557 689 148 25 päättämään.

272 744 114 22 Edusmies
409 744 122 30 Wuolijoki:
562 746 51 21 Kun
636 752 27 14 en
684 745 119 22 minäkään
821 745 33 21 ole
870 745 58 22 vielä
943 744 84 28 ehtinyt

202 772 44 21 niin
259 772 75 22 asiaan
344 774 114 27 perehtyä,
470 776 47 20 että
527 774 71 22 voisin
609 774 149 22 rauhallisella
770 774 177 22 omallatunnolla
958 774 70 21 asiata

201 803 80 20 ruveta
303 802 193 27 seikkaperäisesti
519 803 175 27 käsittelemään,
711 803 45 21 niin
778 804 90 26 pyydän
890 803 68 21 saada
976 802 52 22 kan-

201 832 79 19 nattaa
295 831 81 21 edusm.
392 832 96 21 Halosen
504 832 123 22 ehdotusta.

272 888 113 22 Edusmies
409 888 90 23 Reuter:
529 889 47 27 Jag
599 895 65 15 anser
686 889 44 27 mig
746 889 90 27 skyldig
850 890 34 20 att
899 888 70 22 uttala
984 888 44 28 mig

201 916 49 21 med
276 916 116 28 anledning
415 917 26 22 af
461 918 70 28 några
553 918 8 21 i
584 918 88 21 ståndet
694 918 60 21 fälda
769 918 125 27 yttranden.
925 917 35 21 En
975 918 53 21 ärad

201 944 71 22 talare
288 946 41 20 har
345 945 124 29 framhällit,
486 948 33 20 att
534 946 110 22 utskottet
654 946 8 22 i
672 946 40 22 sitt
721 946 141 22 betänkande
873 946 47 22 ofta
931 947 97 21 användt

201 974 119 26 uttrycken
336 975 102 26 tolerans,
454 975 179 27 religionsfrihet,
650 975 171 26 samvetsfrihet,
834 981 49 15 men
898 975 49 21 icke
963 974 65 22 fram-

200 1002 64 22 hållit
287 1004 33 20 att
342 1004 86 21 skilnad
447 1004 118 22 förefinnes
580 1004 92 22 emellan
688 1004 97 22 tolerans
801 1004 40 22 och
856 1003 171 27 indifferentism,

201 1031 173 27 religionsfrihet
397 1033 40 21 och
459 1033 182 27 religionslöshet.
672 1032 78 22 Denna
765 1032 27 22 af
804 1033 86 21 talaren
913 1033 115 21 anmärkta

201 1060 165 28 omständighet
388 1068 52 21 eger
463 1062 32 21 sin
518 1062 114 27 riktighet,
648 1068 49 15 men
719 1062 111 21 utskottet
849 1062 41 20 har
912 1061 116 27 tydligtvis

200 1088 49 22 icke
266 1089 77 21 behöft
357 1090 114 22 framhålla
487 1090 114 22 skilnaden
617 1090 92 22 emellan
725 1091 65 21 dessa
806 1090 59 22 olika
880 1090 104 27 begrepp,
1000 1090 28 21 då

200 1118 27 20 de
243 1118 37 21 väl
298 1118 69 22 måste
382 1125 55 15 vara
452 1120 90 20 allmänt
557 1120 74 21 kända
646 1119 66 21 bland
728 1120 27 20 de
770 1125 112 21 personer,
893 1118 75 22 hvilka
985 1119 43 21 del-

200 1148 54 26 taga
270 1146 7 22 i
292 1147 245 28 lagstiftningsarbetet.
559 1148 95 22 Talaren
669 1148 53 21 sade
736 1150 128 25 yttermera,
876 1149 34 20 att
920 1147 108 22 utskottet

200 1177 79 25 tyckes
295 1182 56 15 vara
367 1176 25 22 af
405 1177 40 21 den
461 1177 92 27 åsikten,
566 1179 34 20 att
615 1177 7 21 i
638 1177 119 21 allmänhet
768 1177 78 21 endast
856 1176 104 27 religiösa
970 1177 58 26 prin-

200 1204 62 27 ciper
278 1206 80 26 utgöra
373 1205 48 22 skäl
436 1205 35 22 för
486 1206 132 21 utträdande
634 1212 26 15 ur
675 1206 87 27 kyrkan
774 1207 57 20 samt
841 1207 33 20 att
885 1206 37 21 det
933 1205 19 27 ej
964 1211 64 22 synes

200 1233 70 22 hafva
293 1233 99 28 betänkt,
410 1236 32 20 att
465 1234 65 22 äfven
550 1234 106 27 politiska
676 1235 40 21 och
732 1234 142 22 ekonomiska
889 1234 49 21 skäl
954 1234 74 21 äfven-

199 1268 47 15 som
271 1262 105 22 lättsinne
398 1263 73 22 kunna
493 1269 55 16 vara
564 1263 94 22 orsaken
674 1263 33 21 till
722 1264 34 21 att
771 1269 50 15 man
836 1263 79 27 skiljer
930 1262 34 28 sig
979 1262 50 21 från

199 1291 96 27 kyrkan.
326 1291 83 22 Härtill
431 1292 39 21 vill
490 1292 40 28 jag
553 1293 79 20 endast
647 1292 107 28 genmäla,
771 1293 33 20 att
820 1292 110 21 utskottet
945 1291 19 28 ej
981 1291 49 22 haft

200 1320 68 22 orsak
284 1322 34 19 att
333 1320 116 28 uppehålla
465 1321 34 27 sig
514 1321 37 21 vid
568 1322 64 20 dessa
646 1321 136 21 sistnämnda
791 1321 49 21 skäl
852 1320 35 22 för
897 1321 131 21 utträdande

198 1355 27 15 ur
248 1349 95 27 kyrkan,
360 1351 25 25 ty
407 1350 36 21 det
467 1352 24 19 är
511 1350 25 27 ju
559 1350 19 28 ej
602 1349 36 22 för
660 1351 34 20 att
708 1349 152 22 tillfredställa
875 1350 27 20 de
917 1355 111 21 personer,

199 1378 77 22 hvilka
300 1378 103 28 möjligen
420 1379 56 27 hysa
491 1378 84 22 önskan
591 1380 33 20 att
639 1378 29 27 på
683 1379 71 27 grund
770 1378 25 22 af
808 1379 48 21 dem
871 1378 96 26 utträda,
984 1384 45 15 som

198 1412 28 16 en
241 1406 143 28 lagstiftning
399 1407 7 21 i
422 1407 78 27 frågan
515 1407 61 21 varit
591 1407 132 27 nödvändig,
739 1408 54 20 utan
809 1406 36 22 för
854 1408 34 20 att
898 1406 130 28 möjliggöra

198 1436 90 21 utträde
311 1435 35 21 för
370 1436 54 27 dem,
440 1436 76 22 hvilka
539 1435 26 22 af
585 1436 34 21 sin
635 1436 105 27 religiösa
755 1435 151 28 öfvertygelse
922 1435 58 21 finna
994 1435 35 27 sig

198 1463 132 23 föranledda
353 1464 80 22 därtill.
464 1465 45 27 Jag
524 1464 125 28 medgifver
664 1464 128 27 emellertid,
809 1466 33 20 att
857 1465 42 21 den
914 1464 67 22 ärade
996 1467 32 18 ta-

197 1494 64 21 laren
283 1494 79 26 tyvärr
384 1494 41 20 har
447 1495 45 20 rätt
509 1493 8 22 i
533 1493 39 21 sitt
588 1494 131 27 antagande,
736 1495 34 19 att
786 1494 27 20 de
830 1492 25 22 af
868 1493 79 21 honom
963 1492 65 22 fram-
