1120 1756
199 96 41 20 692
410 95 195 24 Talonpoikaissääty
619 96 21 17 10
652 98 45 21 p:nä
709 95 77 18 huhtik.
800 95 48 17 1900.

202 167 128 29 tidsperiod,
350 168 86 22 säledes
451 169 54 26 köpt
520 174 27 16 en
562 174 61 21 vara,
639 174 46 16 som
701 167 224 29 tidningsutgifvaren
939 166 88 22 förbun-

202 197 32 21 dit
257 196 35 28 sig
314 198 32 20 att
368 198 106 21 leverera.
505 197 84 21 Genom
611 198 32 20 ett
665 197 131 27 maktspräk
809 196 161 22 urständsättes
986 196 41 22 tid-

202 226 193 27 ningsutgifvaren
416 228 34 19 att
472 226 94 27 fullgöra
584 226 34 22 sin
633 225 139 29 förbindelse,
790 226 40 22 och
845 227 182 26 prenumeranten

202 254 57 22 lider
274 260 27 16 en
316 255 127 21 ekonomisk
459 254 84 22 förlust.

269 283 45 27 Jag
336 284 84 26 hoppas
439 283 87 22 ståndet
544 283 108 28 tillgifver
667 283 50 27 mig,
734 285 33 20 att
780 283 39 28 jag
835 283 57 27 tagit
907 283 50 21 dess
972 282 32 22 tid
1020 283 7 21 i

203 312 103 27 anspräk,
328 319 49 15 men
395 312 40 28 jag
454 313 40 21 har
508 312 117 28 värkligen
640 312 49 22 icke
704 313 84 21 kunnat
803 312 45 22 läta
863 312 30 21 bli
909 313 33 20 att
957 312 70 20 uttala

200 340 52 28 mig,
277 341 73 21 därtill
374 341 86 22 drifven
479 341 63 22 säväl
560 341 26 21 af
598 342 33 20 ett
646 343 51 25 eget
711 341 47 22 inre
773 341 73 27 behof,
861 347 47 15 som
923 339 67 23 äfven
1005 340 25 21 af

201 370 44 22 alla
269 370 26 21 de
319 370 87 22 direkta
428 370 160 27 uppmaningar
608 370 40 28 jag
667 371 49 21 med
732 370 101 22 afseende
849 370 13 21 ä
877 370 70 21 denna
962 368 64 28 fråga

203 398 44 22 fätt
262 400 112 26 emottaga
389 398 25 22 af
426 399 58 21 mina
498 399 94 22 valmän.

271 427 61 22 Hans
354 428 106 28 Majestät
481 428 41 21 har
544 428 129 26 upprepade
691 428 83 28 gänger
790 427 108 22 förklarat
913 428 34 20 att
962 426 64 22 äfven

203 457 38 21 det
263 456 71 22 finska
356 456 82 22 folkets
461 457 36 21 väl
520 456 72 28 ligger
614 457 86 21 Honom
719 463 34 15 om
770 456 90 28 hjärtat,
876 456 79 22 liksom
968 456 57 27 Han,

201 484 67 22 äfven
283 484 57 23 efter
355 486 142 21 utfärdandet
512 485 26 21 af
550 485 98 22 februari
664 485 131 27 manifestet,
809 485 149 27 uttryckligen
968 487 57 25 sagt,

202 516 34 20 att
259 514 72 27 nägon
350 514 130 28 förändring
494 515 49 21 med
559 513 103 23 afseende
679 514 25 22 af
717 515 42 21 den
774 514 73 22 lokala
862 513 164 29 förvaltningen

199 542 8 22 i
228 542 95 22 Finland
345 543 49 21 icke
417 544 84 21 komme
517 544 33 20 att
565 543 109 27 vidtagas.
705 544 44 21 Det
764 543 199 27 förvaltningssätt,
979 549 46 15 som

203 572 121 21 emellertid
344 572 101 28 inslagits
461 572 24 22 af
498 572 128 22 nuvarande
641 572 235 28 generalguvernören,
892 572 133 21 vidhanden-

202 600 75 28 gifver
292 600 28 28 pä
335 600 51 22 fullt
401 601 87 22 evident
507 602 46 20 sätt
568 602 34 20 att
616 601 43 21 han
674 601 49 21 icke
738 600 113 28 uppfattat
865 602 41 20 den
922 600 104 28 ställning

199 630 45 20 han
259 629 87 28 intager
362 630 41 22 och
418 631 26 21 de
461 630 23 21 af
497 630 121 21 Monarken
634 629 89 28 nädigst
737 630 62 27 gifna
815 630 177 27 anvisningarna.

270 658 34 22 En
320 658 105 28 brytning
440 659 47 21 med
507 659 38 21 det
560 665 29 15 nu
603 658 69 28 följda
687 660 106 26 systemet
808 660 25 20 är
843 658 85 22 säledes
939 658 86 22 absolut

201 687 133 27 nödvändig.
365 687 47 22 Och
434 688 83 27 hoppas
533 688 47 27 jag,
597 689 34 19 att
645 687 88 22 ständet
748 688 8 21 i
771 688 43 21 alla
829 688 61 21 delar
905 688 51 22 ville
972 688 52 27 god-

200 716 75 21 känna
289 716 121 22 utskottets
425 716 63 28 kläm,
504 716 63 22 såväl
579 717 48 21 med
638 716 103 22 afseende
753 716 11 22 ä
775 716 125 22 uttalandet
911 716 113 28 angående

201 745 38 21 det
262 744 118 29 oafvisliga
402 745 104 22 behofvet
522 744 23 22 af
560 752 26 14 en
602 746 69 20 under
686 746 130 21 ständernas
831 746 135 22 medvärkan
982 745 41 22 till-

200 774 101 21 kommen
316 773 187 28 tryckfrihetslag,
520 780 46 16 som
580 774 50 21 med
645 774 103 22 afseende
759 774 13 22 å
784 775 36 21 det
834 774 188 27 anspråkslösare,

199 808 50 15 men
266 801 35 23 för
319 803 140 27 ögonblicket
474 803 121 27 viktigaste
612 803 186 27 önskningsmålet
813 810 34 14 om
863 804 33 20 att
911 802 111 28 utgifvare

200 830 26 22 af
239 831 113 26 periodisk
370 831 101 22 tidskrift
484 832 49 21 icke
549 831 68 22 måtte
632 832 75 21 kunna
724 832 103 22 beröfvas
843 832 34 21 sin
891 831 131 28 utgifnings-

199 861 47 19 rätt
261 862 53 19 utan
329 860 133 28 föregående
476 860 136 28 ransakning
628 861 40 21 och
683 861 49 21 dom
747 860 23 22 af
785 861 51 27 laga
851 861 98 27 domstol,
966 862 56 20 samt

197 894 34 15 om
255 888 141 28 aflägsnande
419 889 25 21 af
464 889 72 27 öfriga
558 889 37 21 vid
618 889 176 22 öfvervakandet
809 889 24 22 af
846 889 54 22 våra
915 889 107 27 prässför-

196 916 118 23 hållanden
328 918 131 21 vidlådande
474 917 210 23 missförhållanden.

268 974 114 22 Edusmies
398 975 137 23 Nordström:
552 970 73 27 Äfven
638 976 39 27 jag
693 976 39 21 ber
747 977 33 20 att
796 975 22 22 få
833 976 87 21 ansluta
934 975 44 28 mig
988 976 34 22 till

199 1004 26 20 de
249 1002 133 29 föregående
406 1005 65 21 ärade
494 1004 110 22 talarenas
627 1004 128 22 uttalanden
770 1005 41 21 och
826 1006 144 20 understöder
988 1006 33 20 ut-

195 1032 98 22 skottets
308 1032 65 22 kläm.

266 1089 115 22 Edusmies
397 1090 81 22 Slotte:
494 1090 46 27 Jag
554 1091 145 20 understöder
714 1091 120 21 utskottets
849 1091 59 20 kläm
923 1090 24 22 så
960 1091 60 27 myk-

197 1117 39 21 ket
258 1124 60 15 mera
340 1125 47 15 som
406 1119 40 27 jag
468 1119 27 26 på
518 1120 38 20 det
573 1120 126 26 strängaste
713 1119 74 22 blifvit
802 1119 108 22 tillhållen
925 1119 25 22 af
962 1120 58 21 mina

197 1146 88 22 valmän
301 1149 33 19 att
348 1147 75 28 hjälpa
438 1148 57 21 hvad
511 1147 7 22 i
534 1149 61 20 detta
611 1147 102 22 afseende
729 1148 86 27 hjälpas
830 1148 49 21 kan.

266 1209 92 24 Päätös:

267 1261 89 22 Asiasta
379 1262 69 21 olleen
467 1263 143 21 keskustelun
622 1263 105 27 johdosta
741 1263 116 21 katsottiin
872 1263 84 26 säädyn
972 1263 46 21 tah-

197 1291 69 20 tovan
281 1290 162 27 yksimielisesti
459 1292 115 27 hyväksyä
589 1291 62 22 esillä
667 1292 69 21 olleen
751 1291 118 22 mietinnön
879 1294 59 24 ynnä
949 1291 69 22 siihen

194 1318 96 21 laaditut
304 1319 153 26 ponsilauseet.

263 1433 113 22 Esitettiin
392 1435 83 26 säädyn
490 1435 127 21 edellisessä
632 1435 193 27 täysi-istunnossa
840 1435 96 21 kuluvan
946 1434 71 22 huhti-

192 1461 63 32 kuun
269 1463 12 18 6
297 1462 97 26 päivänä
409 1463 101 26 pöydälle
526 1465 68 25 pantu
609 1464 220 22 talousvaliokunnan
845 1463 98 22 mietintö
958 1469 34 15 n:o
1005 1465 11 18 6

192 1491 138 21 ritaristossa
344 1491 24 27 ja
383 1492 103 21 aatelissa
501 1493 83 26 tehdyn
598 1493 227 21 anomusehdotuksen
841 1492 109 27 johdosta,
963 1492 55 27 joka
