1103 1761
83 128 30 17 24
126 129 55 20 april
382 127 236 20 Järnvägsbyggnader.
871 118 42 21 235

86 197 66 21 rande
174 195 104 26 framhöll,
301 198 32 19 att
355 195 36 21 det
415 195 68 27 gällde
505 197 31 20 att
551 198 49 24 taga
615 195 50 21 bort
679 201 26 15 en
722 194 102 27 fjärdedel
840 193 22 22 af
876 194 36 21 be-

87 225 89 26 ståndet,
199 225 7 21 i
228 224 84 21 hvilken
329 223 102 22 händelse
446 224 122 21 återväxten
584 223 70 22 skulle
669 223 51 22 ökas
737 223 48 21 med
795 218 28 37 50
839 224 24 24 /,
880 222 31 21 till

85 253 52 27 följd
160 253 23 22 af
204 253 64 21 ökadt
284 255 105 24 utrymme
404 252 39 22 och
458 253 48 26 ljus.
536 252 118 21 Enahanda
668 254 23 19 är
707 251 141 22 förhållandet
864 251 47 21 med

86 282 177 26 kronoskogarna
278 281 7 21 i
300 287 82 15 samma
397 281 87 21 trakter.

155 310 42 26 Jag
219 310 38 20 har
279 310 6 20 i
308 310 37 20 det
359 308 128 28 föregående
502 309 46 21 icke
563 309 56 21 velat
634 308 114 28 uppehålla
762 308 44 27 mig
821 308 35 21 vid
871 307 41 21 frå-

86 345 43 21 gan
152 345 34 14 om
210 338 26 22 de
257 338 68 26 öfriga
351 338 138 26 synpunkter,
505 344 46 16 som
568 338 72 21 kunna
656 337 42 22 tala
712 336 34 22 för
761 337 69 21 denna
846 337 65 21 banas

87 367 118 27 byggande,
228 366 101 22 särskildt
352 366 26 21 de
401 366 119 25 nationella,
544 373 46 15 som
604 366 38 27 jag
657 372 43 21 nog
716 365 131 27 uppskattar,
864 371 47 15 men

86 402 55 19 som,
163 396 38 26 jag
222 397 24 19 är
269 394 124 28 öfvertygad
415 395 80 26 därom,
518 395 66 21 andra
606 396 69 20 bättre
691 396 26 20 än
731 394 37 27 jag
784 394 70 21 kunde
871 394 42 25 det,

87 424 61 22 skola
169 424 104 27 klargöra.
303 424 42 27 Jag
366 424 38 20 har
427 426 43 19 sett
492 424 73 27 frågan
589 424 76 21 endast
687 423 48 21 med
751 423 161 21 bankmannens

88 456 59 19 torra
162 453 60 21 blick.
252 453 41 26 Jag
308 455 23 18 är
347 452 124 27 öfvertygad
487 459 41 19 om,
543 455 32 19 att
590 453 58 21 detta
663 455 23 18 är
702 458 26 15 en
744 452 61 25 bana,
818 458 45 15 som
876 451 35 21 hö-

83 483 36 26 jer
142 481 142 28 skogsvärdet
307 481 39 21 och
371 481 51 22 ökar
438 481 82 22 landets
536 481 135 28 exportsiffra
686 481 48 21 med
750 480 110 21 afsevärda
877 480 34 21 be-

88 511 57 26 lopp.
174 511 43 20 För
240 511 43 26 mig
305 512 23 19 är
351 510 36 21 det
412 510 106 27 likgiltigt,
533 517 35 14 om
584 511 70 20 banan
669 510 116 21 benämnes
801 509 112 21 stambana

87 539 52 22 eller
163 539 108 27 grenbana
293 539 51 20 eller
366 539 129 21 kulturbana
518 539 51 21 eller
584 539 175 21 ödemarksbana.
789 537 123 22 Hufvudsa-

88 568 39 21 ken
152 569 23 20 är
197 570 31 19 att
251 567 40 21 den
313 567 32 21 får
361 567 67 21 trafik.
459 568 42 21 Det
516 568 38 21 har
569 567 33 22 för
618 567 44 27 mig
676 567 55 21 varit
746 567 36 21 det
797 566 116 26 afgörande

88 596 95 23 motivet,
199 596 26 21 då
238 595 38 27 jag
291 596 6 20 i
313 595 106 22 utskottet
434 596 61 27 gifvit
511 597 42 20 min
570 598 46 19 röst
630 595 33 22 för
679 596 69 21 denna
763 595 57 27 linje.

157 653 33 21 Hr
205 653 174 21 Manninen:
397 653 159 21 Silmäillessäni
568 653 133 21 esilläolevaa
712 651 201 23 rautatievaliokun-

87 688 42 15 nan
145 682 147 21 valmistamaa
307 682 83 21 karttaa
411 688 26 15 en
453 682 34 21 ole
503 682 64 22 tullut
582 682 95 21 muuhun
694 682 51 20 kuin
756 681 76 27 yhteen
841 680 71 27 johto-

87 710 135 28 päätökseen,
243 710 59 27 juuri
325 710 68 22 siihen
417 711 111 26 nimittäin,
545 712 44 20 että
604 710 130 22 ensimäinen
752 709 96 25 rautatie,
861 708 52 27 joka

88 741 38 25 nyt
141 739 47 21 olisi
204 738 157 26 rakennettava,
377 746 28 14 on
428 739 93 21 Kemin—
531 734 129 36 Rovaniemen
687 738 96 22 rautatie.
813 738 39 21 Jos
864 739 49 19 näet

88 768 116 21 katsellaan
230 767 56 27 oloja
301 768 140 26 pohjoisessa,
458 768 128 22 huomataan
602 768 49 24 heti,
667 769 43 19 että
726 767 59 21 siellä
800 766 79 21 todella
894 766 19 20 ei

87 796 64 21 voida
172 796 104 27 kuljettaa
299 796 162 22 maantuotteita
484 797 80 21 muulla
587 796 72 22 tavoin
682 796 51 21 kuin
749 794 164 28 hevoskyydillä.

88 824 123 28 Karjalassa
236 825 125 21 sitävastoin
377 831 27 15 on
422 826 133 20 vesiteitäkin
571 825 183 27 käytettävänään,
766 824 54 27 joita
836 824 18 20 ei
871 823 42 21 Ro-

88 853 174 21 vaniemeläisillä
286 854 39 20 ole.
355 854 26 21 Ja
397 860 27 14 on
440 854 143 25 huomattava,
600 856 43 19 että
658 854 19 20 ei
692 855 58 19 tässä
765 853 33 21 ole
814 852 99 27 kysymys

87 882 62 27 yksin
173 882 151 25 Rovaniemen,
346 888 53 15 vaan
423 882 56 21 koko
502 883 68 26 laajan
586 882 130 27 Lapinmaan
732 880 180 27 elantotarpeiden

88 910 184 27 kuljettamisesta.
302 911 76 26 Yhdyn
401 911 37 21 siis
462 911 138 27 täydellisesti
623 911 163 20 kannattamaan
803 909 38 21 hra
856 909 57 21 Jäm-

88 939 62 21 s6nin
166 939 121 21 lausuntoa.

157 967 53 21 Mitä
224 967 39 22 hra
278 967 60 27 Hjelt
353 967 70 22 lausui
439 968 49 21 siitä
503 968 166 27 kysymyksestä,
680 967 64 27 josko
756 966 100 28 säädyillä
866 966 48 21 olisi

88 996 76 21 oikeus
179 996 98 21 käsiteliä
292 997 67 21 muita
374 997 51 21 kuin
442 997 144 21 armollisessa
597 997 129 27 esityksessä
737 996 118 21 mainituita
866 1001 48 15 rau-

88 1025 80 25 tateitä,
184 1025 44 21 niin
245 1025 47 21 olen
309 1026 54 20 siinä
379 1026 81 20 asiassa
472 1026 94 20 suuresti
576 1032 91 14 eroavaa
679 1025 143 27 mielipidettä,
838 1024 75 21 vaikka

88 1055 87 19 eräässä
191 1054 91 20 toisessa
297 1054 169 27 kysymyksessä,
480 1054 60 27 jossa
556 1054 60 22 aivan
630 1054 88 21 samalla
733 1054 55 20 lailla
801 1052 112 25 poiketaan

89 1082 295 27 valtiopäiväjärjestyksestä,
407 1082 48 22 olen
479 1083 69 21 hänen
563 1083 106 21 kanssaan
685 1082 69 27 täysin
769 1082 51 27 yhtä
836 1081 77 21 mieltä.

87 1110 41 22 Jos
144 1112 63 19 nämä
222 1110 85 22 olisivat
321 1111 106 21 tavalliset
443 1112 131 21 väliaikaiset
590 1112 144 26 valtiopäivät,
750 1111 44 21 niin
810 1110 69 21 silloin
895 1110 20 20 ei

89 1139 71 21 meillä
179 1139 157 21 luonnollisesti
351 1140 48 21 olisi
415 1140 227 27 rautatiekysymyksiä
657 1140 157 21 käsiteltävänä.
846 1138 69 21 Mutta

90 1168 75 20 vaikka
187 1170 64 19 nämä
272 1168 87 21 ovatkin
381 1168 106 21 tavallaan
513 1169 142 26 ylimääräiset
670 1168 142 27 valtiopäivät,
828 1167 43 21 niin
888 1173 27 14 ne

88 1198 52 19 ovat
154 1196 110 21 kuitenkin
285 1197 89 20 samalla
385 1197 75 26 jatkoa
476 1197 63 21 viime
556 1203 86 15 vuonna
656 1197 79 21 koossa
750 1196 82 21 olleelle
848 1197 67 25 sääty-

89 1224 145 22 kokoukselle.
265 1225 27 21 Se
312 1225 97 21 nähdään
426 1225 92 26 siitäkin,
533 1227 44 20 että
592 1225 63 22 näillä
670 1225 150 27 valtiopäivillä
835 1230 27 15 on
878 1223 37 22 kä-

89 1253 128 21 siteltävänä
237 1253 43 21 niin
306 1253 71 28 paljon
395 1254 107 27 esityksiä,
518 1255 50 20 ettei
584 1254 93 21 sellaista
692 1253 128 22 tavallisissa
835 1253 80 21 oloissa

89 1282 55 21 voisi
169 1281 52 22 tulla
236 1282 161 27 kysymykseen.
427 1283 51 20 Kun
494 1289 28 15 on
538 1283 54 21 ollut
606 1283 99 27 kysymys
720 1281 194 28 paloviinaverojen

86 1310 141 27 jakamisesta
243 1311 60 24 siten,
319 1313 44 19 että
378 1311 64 21 niistä
457 1312 153 21 määrättäisiin
626 1317 38 15 osa
676 1312 89 26 työväen
778 1310 137 21 vanhuuden-

89 1338 131 22 vakuutusta
245 1339 24 26 ja
293 1339 280 22 invaliditeettivakuutusta
600 1342 72 19 varten
699 1339 90 24 900,000
815 1338 101 21 markkaa

89 1367 123 25 vuosittain,
235 1368 44 20 niin
302 1369 57 20 tästä
380 1368 80 27 tietysti
484 1369 19 20 ei
519 1369 59 21 voitu
594 1369 63 21 tehdä
672 1370 113 19 anomusta
800 1367 63 21 näillä
878 1367 37 27 yli-

90 1395 127 22 määräisillä
240 1396 157 27 valtiopäivillä,
419 1399 70 19 mutta
511 1397 39 21 hra
572 1397 60 26 Hjelt
654 1397 95 20 kannatti
766 1396 80 21 samoin
864 1395 51 22 kuin

89 1424 94 21 minäkin
200 1426 47 24 sitä,
262 1426 44 19 että
321 1425 69 21 näistä
406 1425 95 22 varoista
516 1425 110 22 kuitenkin
643 1425 170 27 myönnettäisiin
825 1424 91 23 900,000

90 1453 101 20 markkaa
206 1453 177 26 puheenalaiseen
399 1453 168 21 tarkoitukseen.
602 1453 120 27 Menettely,
736 1453 34 27 jos
787 1453 41 21 sitä
843 1453 72 20 tulkit-

89 1481 71 21 taisiin
177 1481 88 21 samalla
280 1481 77 22 tavalla
373 1482 50 21 kuin
439 1482 41 21 hra
495 1482 59 27 Hjelt
570 1482 63 21 vaatii
644 1482 214 27 rautatiekysymystä
875 1480 41 22 tul-

89 1509 125 26 kitsemaan,
237 1509 48 22 olisi
307 1511 81 26 tietysti
410 1511 162 21 lainvastainen.
602 1511 64 21 Miksi
681 1511 18 20 ei
714 1510 39 21 hra
768 1510 60 27 Hjelt
843 1509 73 22 tulkit-
