1100 1761
176 131 41 21 170
479 137 219 21 Stämpelbevillning.

904 137 28 16 30
944 141 56 12 mars

174 204 102 23 afseende
298 205 12 22 å
331 206 48 21 sina
401 212 54 21 egna
477 206 179 27 angelägenheter
676 206 46 21 icke
736 205 91 28 fritagen
843 205 46 22 från
905 205 95 27 stämpel,

174 233 72 22 såvidt
262 234 35 21 det
311 234 66 27 gäller
393 235 61 21 deras
470 235 145 26 intecknings-
631 234 40 22 och
685 234 189 28 lagfartsärenden.

243 291 34 21 Hr
300 291 163 27 Lojander:
489 292 46 21 Hra
559 286 132 26 Åleniuksen
714 291 172 21 huomautuksen
899 291 101 26 johdosta

174 319 85 27 pyydän
283 326 70 20 sanoa,
370 322 43 19 että
428 320 94 21 minäkin
537 320 77 21 katson
631 320 114 27 selityksen
761 320 69 21 hänen
846 319 154 21 mainitsemas-

174 354 52 14 saan
251 348 111 22 suhteessa
385 348 75 22 olevan
484 351 87 25 tarpeen
595 349 111 25 vaatiman,
722 348 49 22 sillä
785 348 103 22 kokemus
903 348 96 24 osoittaa,

174 378 45 19 että
242 377 178 27 säästöpankeille
443 379 137 25 myönnettyä
603 380 154 24 verovapautta
775 384 27 14 on
819 377 72 21 väärin
907 376 93 28 käytetty

171 404 61 28 juuri
249 405 46 21 sillä
310 406 71 20 tavoin
398 406 50 21 kuin
465 406 41 21 hän
522 406 76 21 lausui.
628 406 27 21 Ei
666 406 36 21 siis
714 406 99 25 haittaisi,
821 406 36 26 jos
868 407 57 19 tämä
936 404 64 22 kohta

174 433 182 22 selvennettäisiin
375 434 50 27 niin,
440 437 43 19 että
499 436 74 20 sääntö
589 434 80 22 koskee
683 435 124 21 ainoastaan
823 433 177 28 säästöpankkeja

171 462 24 27 ja
211 463 52 20 ettei
279 463 40 21 sitä
333 463 39 21 siis
387 464 54 21 voisi
457 464 76 21 tulkita
549 464 61 25 siten,
625 465 45 20 että
681 463 151 28 säästöpankin
843 463 73 21 kautta
927 463 71 21 oikeu-

173 493 49 19 teen
235 491 79 28 jätetyt
329 492 126 27 velkakirjat
470 495 50 18 ovat
534 492 150 21 verotuksesta
699 494 83 25 vapaat.

243 549 34 20 Hr
299 549 156 22 Boisman:
478 549 43 22 Det
542 549 23 22 af
578 549 25 22 hr
619 550 66 21 Latva
700 549 76 22 väckta
790 549 103 27 förslaget
907 555 34 15 om
958 548 41 21 till-

174 577 50 27 lägg
247 577 32 21 tili
301 577 162 27 bestämningen
489 585 35 14 om
540 578 57 21 skatt
612 577 33 22 för
660 580 129 19 testamente
804 577 30 21 till
849 578 89 20 allmänt
953 579 45 25 nyt-

173 606 41 26 tigt
236 605 97 22 ändamål
353 608 24 19 är
400 606 61 22 väckt
476 606 39 22 och
530 607 109 26 godkändt
655 606 63 22 också
733 607 7 21 i
756 609 31 19 ett
801 608 65 19 annat
881 606 62 21 stånd
959 605 39 21 och

173 640 64 21 synes
261 634 92 27 förtjäna
368 635 123 21 beaktande.
521 635 74 27 Enligt
611 635 96 27 gällande
723 634 222 28 stämpelförfattning,
961 634 37 21 lik-

173 669 46 15 som
243 663 65 21 ocksä
330 664 67 26 enligt
418 664 58 21 detta
498 664 86 27 förslag,
607 664 53 21 skall
683 666 128 19 testamente
834 663 30 21 till
888 663 110 21 undervis-

173 692 174 26 ningsanstalter,
370 692 160 27 vetenskapliga
545 692 98 22 ändamål
659 692 51 22 eller
724 692 93 22 fromma
832 691 101 22 stiftelser
949 698 50 14 vara

172 719 47 22 fritt
233 719 47 22 från
297 720 63 22 skatt.
387 720 80 22 Sådant
481 723 128 19 testamente
624 721 96 21 karteras
736 721 107 27 nämligen
859 720 76 22 endast
951 720 47 21 med

173 748 28 22 25
223 749 72 27 penni.
324 749 35 21 Nu
382 750 89 21 föreslår
489 750 25 20 hr
529 750 72 25 Latva,
617 752 31 19 att
663 749 60 21 äfven
740 751 143 20 testamenten
899 749 31 21 till
945 748 53 22 folk-

173 777 178 27 bildningssyften
376 778 38 21 och
437 778 146 27 konstnärliga
605 778 97 22 ändamål
725 778 68 22 borde
815 778 83 26 åtnjuta
918 784 80 14 samma

173 805 100 22 befrielse
295 806 46 21 från
364 807 63 21 skatt.
457 807 43 21 Det
522 807 61 21 torde
606 813 51 15 vara
672 807 45 21 skäl
732 809 33 19 att
781 806 56 27 gifva
851 806 102 27 förslaget
968 808 30 19 ett

173 840 59 16 mera
255 834 87 22 allmänt
365 835 56 27 syfte
437 842 76 20 genom
529 837 32 19 att
575 836 95 26 tillägga:
688 835 124 21 »äfvensom
828 835 30 21 till
874 835 72 27 hvarje
961 841 36 15 an-

173 863 55 25 stalt,
245 863 91 21 stiftelse
351 864 52 21 eller
418 864 99 27 förening
531 864 48 21 med
599 864 158 27 allmännyttigt
777 863 72 27 syfte.»
881 864 118 20 Momentet

173 891 70 21 skulle
259 891 26 22 då
300 891 85 22 komma
401 895 31 18 att
448 892 56 27 lyda:
521 893 148 20 »Testamente
685 892 30 21 till
732 892 61 21 make
809 892 51 21 eller
875 891 62 21 maka
947 891 50 21 eller

173 919 157 28 bröstarfvinge
345 920 111 22 äfvensom
475 921 31 21 till
521 921 252 27 undervisningsanstalt,
784 919 213 28 folkbildningssyfte,

173 949 158 27 vetenskapligt
346 949 51 21 eller
413 949 142 27 konstnärligt
570 949 97 22 ändamål
683 949 51 22 eller
750 949 51 21 mild
817 949 94 25 stiftelse,
927 948 70 21 äfven-

173 983 46 15 som
235 978 7 20 i
258 978 115 21 allmänhet
388 978 31 21 till
434 978 73 27 hvarje
521 978 84 26 anstalt,
621 978 89 22 stiftelse
726 978 51 21 eller
793 978 97 26 förening
903 978 46 20 med
961 977 37 21 all-

173 1007 130 25 männyttigt
325 1006 60 27 syfte,
409 1009 56 19 samt
490 1007 110 21 dessutom
616 1007 41 21 alla
672 1006 68 28 öfriga
755 1008 149 22 testamenten,
921 1012 76 20 genom

173 1034 72 21 hvilka
261 1035 110 26 egendom,
388 1041 45 15 som
450 1036 6 20 i
471 1035 90 21 kontant
576 1035 51 21 eller
638 1036 64 20 värde
713 1036 17 26 ej
744 1035 84 27 uppgår
839 1034 30 22 till
882 1034 41 22 100
933 1034 65 25 mark,

173 1062 137 28 bortgifves.»
341 1064 43 26 Jag
397 1064 77 21 tillåter
489 1064 45 27 mig
548 1064 83 26 föreslå,
647 1066 31 19 att
693 1064 58 21 detta
767 1066 96 18 moment
878 1063 120 21 remitteras

174 1091 31 21 till
221 1092 107 21 utskottet
343 1092 6 21 i
365 1092 100 22 afseende
481 1092 10 21 å
507 1092 159 28 omredigering
680 1092 7 21 i
702 1092 76 28 antydt
793 1093 60 26 sytte.

243 1148 34 22 Hr
292 1149 89 21 Roos:
404 1150 33 20 Då
453 1150 47 20 mitt
515 1150 109 20 uttalande
639 1150 6 20 i
661 1149 122 22 hufvudsak
798 1149 201 21 öfverensstämmer

173 1177 50 20 med
246 1177 25 20 hr
294 1177 120 24 Boismans,
437 1177 36 22 vill
492 1178 38 27 jag
554 1177 46 22 icke
615 1180 94 25 upptaga
725 1178 64 25 tiden,
806 1180 50 18 utan
873 1177 36 20 vill
925 1177 75 20 endast

174 1205 133 21 understöda
322 1206 25 21 hr
364 1206 107 21 Boisman.

243 1262 34 21 Hr
293 1262 190 21 Söderholm:
509 1263 10 20 I
541 1262 60 27 fråga
624 1269 33 15 om
681 1263 110 26 kartering
813 1262 23 21 af
857 1262 100 21 kontrakt
979 1261 23 21 af

174 1289 155 28 nyttjanderätt
343 1291 33 21 till
390 1291 43 21 fast
448 1292 103 26 egendom
568 1291 59 21 heter
643 1292 35 20 det
692 1291 13 21 å
720 1291 48 22 sida
779 1292 34 20 71:
833 1291 57 21 »Har
901 1290 32 21 för
944 1293 55 24 nytt-

171 1318 137 27 janderätten
332 1319 44 21 viss
399 1320 141 27 köpeskilling
562 1320 50 21 eller
630 1320 60 27 afgift
706 1319 69 22 blifvit
791 1319 65 21 utfäst
873 1322 31 18 att
920 1319 80 21 betalas

173 1348 27 25 på
217 1353 26 15 en
260 1348 57 26 gång
331 1348 52 21 eller
399 1349 6 20 i
421 1348 66 21 skilda
504 1351 78 24 poster,
598 1349 76 26 drager
689 1348 130 23 kontraktet,
831 1348 94 21 förutom
936 1349 64 19 stäm-

174 1375 99 27 pelafgift
287 1376 33 21 för
335 1376 105 27 afgälden,
456 1377 37 21 där
509 1377 64 21 sådan
590 1377 68 21 blifvit
675 1377 71 25 utfäst,
761 1377 124 26 ytterligare
901 1375 99 28 stämpel-

173 1403 67 27 afgift,
266 1404 107 21 beräknad
396 1405 53 21 efter
474 1406 8 20 1
506 1405 60 22 mark
580 1405 33 21 för
628 1405 52 21 fulla
696 1405 41 22 100
753 1405 60 21 mark
829 1405 22 21 af
865 1405 36 21 det
916 1405 84 26 belopp,

173 1439 46 14 som
236 1433 91 21 erhålles
343 1433 28 21 dä
386 1434 40 21 den
443 1433 93 27 oguldna
551 1434 60 21 delen
627 1433 24 22 af
663 1433 170 28 köpeskillingen
849 1433 51 21 eller
913 1432 92 27 afgiften'

173 1460 94 22 fördelas
290 1462 27 26 på
340 1462 36 20 det
399 1462 57 20 antal
477 1462 29 25 år,
528 1462 33 21 för
581 1462 80 21 hvilket
675 1462 73 21 aftalet
765 1464 56 18 ännu
838 1462 72 26 gäller,
926 1461 75 21 dock
989 1456 15 37 i

173 1488 64 27 ingen
262 1489 101 22 händelse
386 1490 32 21 för
441 1490 82 21 mindre
545 1492 26 19 än
595 1497 26 14 en
645 1490 139 27 tjugundedel
809 1490 22 21 af
844 1489 77 22 nämda
937 1490 64 26 köpe-

174 1517 105 28 skilling.»
311 1519 43 20 Det
377 1525 63 21 synes
464 1519 43 26 mig
531 1519 46 21 icke
592 1519 95 27 lämpligt
703 1522 32 18 att
751 1519 42 21 tala
809 1525 34 14 om
860 1518 142 27 köpeskilling
