1100 1761
186 131 44 22 212
490 130 218 35 Brännvinsskatten.
928 139 20 16 11
961 139 54 20 april

187 207 56 21 laita.
275 207 105 22 Sellainen
404 207 92 28 selvitys,
516 207 47 27 jota
584 207 41 22 hän
651 207 120 22 nähtävästi
787 207 71 25 toivoi,
874 207 56 22 koko
945 209 69 20 maata

186 235 113 26 käsittävä,
321 235 48 22 olisi
393 236 135 27 epäilemättä
549 236 53 21 ollut
618 236 55 27 hyvä
688 236 114 25 olemassa;
818 236 124 21 valiokunta
956 235 58 22 antoi

187 266 38 25 nyt
249 265 49 20 vain
315 271 36 14 sen
369 264 134 27 selvityksen,
516 265 53 26 joka
584 265 48 21 sillä
646 265 28 21 oli
690 265 99 21 tilaisuus
805 265 151 27 käytettävissä
972 264 42 21 ole-

187 298 64 16 vassa
272 293 97 27 lyhyessä
391 293 71 27 ajassa
484 293 70 21 saada.
585 293 45 21 Sitä
650 293 19 21 ei
684 293 37 21 siis
737 293 105 21 suinkaan
858 293 34 21 ole
907 293 108 27 pidettävä

187 321 86 21 minään
289 321 153 26 ehdotuksena,
462 328 53 15 vaan
531 328 24 15 se
570 328 27 15 on
614 322 125 21 ainoastaan
755 321 87 27 selvitys
858 322 55 20 siinä
928 321 86 24 määrin,

187 349 51 21 kuin
263 356 23 15 se
309 350 67 26 asiaa!
387 350 97 22 selvittää
499 350 40 22 voi.
570 350 92 22 Samalla
677 350 106 27 pyytäisin
798 350 93 25 mainita,
907 352 49 24 että,
971 350 43 21 kun

187 378 58 21 minä
260 378 124 22 edellisessä
399 379 166 21 lausunnossani
580 379 44 21 tein
640 379 127 21 ehdotuksia
783 378 148 22 muutokseksi
946 378 67 27 pariin

187 406 211 22 valtiovaliokunnan
421 408 116 21 mietinnön
560 407 100 26 kohtaan,
683 407 155 21 tarkoitukseni
862 407 27 22 oli
915 407 99 21 ehdottaa

187 436 119 21 mietinnön
322 436 91 22 takaisin
429 436 143 22 lähettämistä
588 436 157 21 valiokuntaan.

258 493 33 21 Hr
307 489 121 26 Öhman:
444 494 42 27 Jag
501 494 39 21 bör
554 493 77 22 främst
646 493 116 26 framhälla,
778 493 103 22 hurusom
898 493 35 22 det
948 493 66 26 enligt

188 522 43 21 min
255 521 137 28 uppfattning
413 529 51 14 vore
479 523 63 26 högst
558 522 110 27 olämpligt
683 524 31 19 att
728 522 119 27 bordlägga
862 523 58 20 detta
936 521 78 22 ärende

187 551 32 20 till
231 551 50 20 dess
296 551 173 21 statsutskottets
486 551 335 27 budgetregleringsbetänkande
836 551 117 21 inkommit.
976 550 37 21 Ett

187 579 78 21 sädant
282 579 121 21 förfarande
418 580 85 20 komme
518 579 44 21 helt
577 580 55 20 visst
646 582 32 18 att
692 580 7 20 i
714 579 43 27 hög
773 579 52 26 grad
840 579 97 21 försvära
952 581 60 18 ären-

187 608 68 20 denas
270 607 116 28 afgörande
402 608 68 21 under
486 608 141 26 landtdagens
643 608 53 21 sista
707 608 72 26 dagar.
809 608 31 20 Pä
852 608 70 26 grund
932 606 23 22 af
963 607 49 21 eko-

187 636 69 21 nomi-
281 636 38 22 och
335 636 179 22 statsutskottens
529 636 140 22 förevarande
684 636 149 22 betänkanden
851 636 67 22 mäste
934 636 79 26 viktiga

186 665 133 27 principiella
333 664 73 28 frägor
420 665 91 27 afgöras,
526 665 64 21 innan
608 665 161 21 statsutskottet
784 665 40 21 kan
836 665 72 21 skrida
918 664 31 22 till
960 670 52 21 upp-

187 694 96 26 görande
305 693 22 21 af
341 694 36 21 det
392 694 86 27 slutliga
492 694 219 21 finansbetänkandet.
742 694 77 26 Nägon
836 700 46 14 som
898 693 55 21 hälst
968 693 44 21 risk

186 722 116 21 förefinnes
317 722 46 22 icke
379 723 80 25 därom,
474 725 32 19 att
520 722 74 28 frägan
610 729 35 14 om
661 722 75 27 anslag
750 722 33 21 för
798 722 160 27 folkhögskolor
973 722 39 21 och

188 750 280 28 nykterhetsundervisning
490 754 56 18 samt
569 751 230 27 ungdomsföreningar
815 750 45 22 icke
876 750 68 22 skulle
959 750 53 21 före-

187 779 75 27 läggas
285 780 115 21 ständerna
416 786 76 20 genom
507 779 81 27 förslag
603 779 23 22 af
638 780 168 21 statsutskottet.
836 779 69 27 Fråga
919 779 38 21 har
973 779 38 21 hos

187 808 107 21 utskottet
309 808 101 22 förevarit
424 811 32 19 att
470 808 117 22 framställa
605 808 81 27 förslag
700 814 34 15 om
751 808 79 21 sädana
846 808 75 26 anslag
936 808 30 20 uti
982 810 30 18 ett

187 836 76 27 tillägg
277 836 32 22 till
325 836 115 22 utskottets
456 837 134 21 betänkande
604 837 111 26 angäende
733 836 76 27 anslag
824 836 32 21 för
871 836 140 22 folkskolevä-

187 865 82 26 sendet,
285 872 47 14 men
347 865 34 21 för
396 866 40 20 den
453 866 105 25 händelse,
574 868 31 18 att
621 866 105 20 utskottet
741 865 45 21 icke
797 864 67 21 finner
875 865 96 26 lämpligt
981 867 31 18 att

186 893 118 22 framställa
325 893 82 28 förslag
429 900 34 15 om
487 894 76 21 sädant
581 894 74 26 tillägg
670 893 31 22 till
716 893 221 27 folkskolebudgeten,
952 893 59 21 kom-

187 928 45 15 mer
250 922 105 21 utskottet
370 922 105 27 själffallet
490 924 31 19 att
536 923 6 20 i
558 922 106 21 allmänna
677 921 231 28 anslagsbetänkandet
918 924 94 25 upptaga

186 951 60 20 detta
262 951 78 20 ärende
355 951 31 20 till
402 951 134 27 behandling.

257 980 62 20 Hvad
334 980 46 20 äter
396 980 131 21 vidkommer
543 980 25 20 de
584 980 170 26 anmärkningar,
770 986 46 14 som
832 978 124 22 framställts
967 981 45 19 mot

186 1008 173 21 statsutskottets
384 1008 81 27 förslag
486 1010 32 19 att
540 1008 91 26 400,000
654 1008 60 21 mark
736 1008 22 21 ät
773 1008 155 20 kommunerna
944 1007 67 21 skulle

186 1036 54 27 utgä
263 1036 66 27 enligt
344 1043 82 15 samma
442 1037 93 27 grunder
551 1043 46 15 som
613 1036 111 24 härintills,
741 1037 38 20 ber
792 1036 37 27 jag
844 1038 31 19 att
890 1036 122 27 ytterligare

186 1064 21 22 fä
222 1064 56 22 fästa
293 1066 216 26 uppmärksamheten
526 1066 71 26 därpä,
612 1068 32 18 att
660 1066 25 20 de
700 1065 23 21 af
737 1065 206 21 ekonomiutskottet
958 1071 53 21 upp-

186 1094 78 26 gjorda
285 1094 117 21 tabellerna
416 1094 46 21 icke
478 1094 178 27 vidhandengifva
671 1094 35 21 det
721 1094 78 25 riktiga
814 1093 139 21 förhällandet
972 1093 39 21 och

186 1124 32 19 att
234 1128 48 15 man
299 1122 48 21 med
362 1122 62 22 deras
440 1122 56 27 hjälp
512 1122 45 22 icke
572 1122 41 21 kan
630 1122 149 26 öfverskäda,i
795 1122 54 21 huru
865 1122 42 26 hög
920 1122 51 26 grad
982 1124 30 19 ett

186 1150 74 21 beslut
281 1151 7 21 i
311 1151 36 21 det
362 1151 54 26 syfte
432 1154 31 18 att
478 1151 62 21 ställa
554 1151 81 21 antalet
650 1150 22 22 af
686 1151 40 21 den
743 1150 173 21 mantalsskrifna
931 1150 80 21 befolk-

186 1179 80 26 ningen
289 1179 31 21 till
344 1179 70 26 grund
436 1179 32 21 för
484 1179 95 22 medlens
596 1179 123 27 utgifvande
734 1179 86 20 komme
835 1180 31 19 att
882 1178 87 21 invärka
984 1178 28 27 pä

185 1207 168 22 kommunernas
378 1208 85 26 budget.
494 1208 10 21 I
527 1207 40 22 alla
589 1207 36 22 fall
646 1214 62 21 synes
724 1207 42 25 det,
782 1209 32 19 att
830 1210 50 17 utan
896 1213 26 14 en
935 1206 75 27 jämfö-

185 1235 90 22 relsevis
299 1239 44 18 stor
366 1237 103 20 invärkan
485 1236 84 21 komme
585 1243 26 14 en
627 1236 65 21 sädan
708 1235 125 27 förändring
848 1235 46 21 icke
909 1238 31 18 att
956 1241 55 19 vara,

185 1264 40 21 och
249 1265 73 20 därvid
343 1265 39 20 bör
397 1265 131 25 observeras,
544 1267 31 18 att
591 1265 149 26 minskningen
756 1265 7 20 i
778 1264 120 21 inkomsten
915 1263 96 22 kommer

185 1295 32 18 att
240 1293 62 21 träffa
324 1293 26 21 de
373 1293 132 26 kommuner,
528 1293 71 21 hvilka
614 1293 84 21 svärast
713 1293 106 26 betungas
836 1292 22 21 af
868 1292 143 27 jordskatten.

185 1321 67 21 Detta
267 1322 104 21 innebure
386 1322 90 21 sälunda
491 1328 25 15 en
532 1322 112 27 uppenbar
659 1321 111 27 obillighet
785 1323 45 19 mot
842 1321 26 21 de
878 1321 133 23 kommuner,

185 1355 47 16 som
250 1352 36 19 äro
302 1352 74 25 tyngst
391 1351 130 20 beskattade.
551 1351 117 20 Dessutom
684 1349 107 22 förefaller
807 1350 41 25 det,
861 1355 47 15 som
919 1355 35 16 om
965 1349 45 22 skäl

184 1378 47 21 icke
254 1378 124 21 förefunnes
400 1381 32 19 att
447 1385 29 15 nu
490 1378 34 22 för
539 1379 41 21 den
595 1379 62 21 korta
672 1379 36 26 tid,
724 1378 81 27 hvarpä
821 1378 107 27 budgeten
943 1378 68 27 regle-

185 1413 42 18 ras,
251 1409 51 24 göra
324 1413 26 15 en
373 1407 125 27 förändring
512 1408 7 20 i
534 1409 30 20 ett
579 1407 135 26 förhällande,
728 1413 47 15 som
791 1407 101 20 existerat
908 1407 102 20 alltsedan

185 1435 265 28 husbehofsbränningens
465 1435 135 26 afskaffande,
616 1436 27 21 dä
658 1435 62 27 högst
733 1435 108 21 sannolikt
852 1437 29 23 är,
892 1437 31 19 att
934 1435 76 21 bränn-

184 1463 210 27 vinslagstiftningen
406 1465 58 20 inom
475 1465 40 20 den
527 1466 108 19 närmaste
645 1464 114 21 framtiden
768 1463 96 21 kommer
872 1466 32 18 att
911 1464 7 20 i
926 1465 85 19 väsent-

184 1491 30 27 lig
226 1492 50 21 män
291 1492 118 26 förändras,
425 1492 38 22 och
479 1492 108 22 sannolikt
602 1492 45 22 icke
658 1498 63 21 synes
733 1498 56 20 vara,
800 1494 32 19 att
842 1492 48 21 hela
900 1492 69 21 denna
980 1492 31 20 in-

184 1519 74 22 komst
266 1521 32 21 för
306 1521 156 21 kommunerna
470 1521 96 21 kommer
573 1523 32 19 att
613 1521 96 27 upphöra
718 1521 52 21 eller
779 1521 39 21 ock
826 1521 46 20 att
867 1515 10 37 i
881 1527 69 14 annan
956 1519 55 22 form
