1109 1761
70 110 26 18 27
108 109 56 21 april
365 109 237 21 Järnvägsbyggnader.
856 101 42 22 383

140 178 20 26 5)
176 177 39 27 De,
238 177 74 22 hvilka
329 178 35 21 till
379 178 215 28 kontraproposition
611 180 57 19 emot
682 177 114 22 utskottets
810 177 60 21 kläm
884 176 14 21 å

71 208 49 21 sida
145 207 31 21 33
198 206 55 27 vilja
268 209 82 26 antaga
366 207 28 20 hr
408 200 100 28 Ålenius
524 207 90 27 förslag,
630 207 61 20 rösta
704 207 36 26 ja;
757 207 31 26 de,
804 206 34 21 det
853 205 45 21 icke

69 239 61 25 göra,
146 237 60 20 rösta
222 235 48 27 nej;

140 293 80 21 vinner
235 292 41 27 nej,
291 292 42 22 har
347 292 87 21 ståndet
449 292 9 21 i
472 292 82 21 sådant
569 292 101 26 afseende
685 291 122 28 föredragit
821 291 27 21 hr
860 291 38 21 Al-

72 321 85 21 kunens
172 320 89 28 förslag.

140 378 43 22 Vid
198 377 92 22 anställd
309 378 99 26 votering
423 378 130 22 besvarades
569 378 70 21 denna
655 378 136 27 proposition
808 378 48 21 med
871 377 27 21 39

69 407 23 27 ja
107 406 40 22 och
163 406 28 21 30
206 406 40 27 nej.

140 464 20 25 6)
177 463 39 27 De,
235 463 75 22 hvilka
326 463 35 21 till
376 463 219 28 kontraproposition
610 465 57 20 emot
682 463 113 22 utskottets
810 463 59 21 kläm
884 462 15 22 å

71 492 50 22 sida
145 493 31 20 33
199 492 54 27 vilja
268 494 84 26 antaga
366 492 28 21 hr
409 481 101 43 Ålenius”
525 492 89 28 förslag,
630 494 60 19 rösta
703 492 37 27 ja:
756 492 32 27 de,
804 492 35 21 det
853 491 45 22 icke

72 521 60 28 vilja,
148 523 60 19 rösta
222 521 47 27 nej;

141 579 80 21 vinner
235 578 41 28 nej,
293 578 42 21 har
349 578 87 20 ståndet
451 578 10 20 i
475 578 81 21 sådant
570 578 102 27 afseende
685 578 123 27 föredragit
819 577 81 28 försla-

70 609 36 26 get
120 607 10 21 i
144 607 42 21 den
201 606 63 28 sjätte
280 606 36 22 till
331 606 146 22 betänkandet
492 606 78 28 fogade
584 606 169 22 reservationen.

142 664 77 22 Denna
240 664 135 28 proposition
398 664 130 22 besvarades
551 664 35 22 vid
603 664 117 22 värkställd
735 664 101 27 votering
851 663 49 22 med

72 693 28 21 49
113 693 23 27 ja
152 693 39 21 och
207 693 27 21 19
249 693 41 27 nej.
320 693 33 21 En
369 693 85 21 osluten
471 693 106 21 röstsedel
592 692 156 22 medräknades
763 693 53 21 icke.

142 751 22 26 7)
179 750 39 27 De,
234 750 75 21 hvilka
322 750 74 21 såsom
412 750 218 28 kontraproposition
645 751 57 20 emot
716 750 114 21 utskottets
840 750 60 20 kläm

73 779 14 21 å
109 779 50 21 sida
182 780 31 20 33
233 779 55 27 vilja
310 780 84 26 antaga
414 778 28 22 hr
465 772 102 28 Ålenius”
584 779 90 27 förslag,
688 780 61 20 rösta
759 779 44 27 ja;
818 778 32 27 de,
866 778 35 21 det

73 808 45 21 icke
132 810 60 26 göra,
208 809 59 19 rösta
282 807 50 27 nej;

143 864 80 21 vinner
237 864 42 27 nej,
294 864 42 21 har
350 864 88 21 ståndet
453 864 10 21 i
477 864 82 21 sådant
573 864 101 28 afseende
688 864 122 27 föredragit
824 864 28 20 hr
862 863 38 21 El-

74 893 64 28 vings
153 893 91 28 förslag.

144 951 166 27 Propositionen
326 951 130 22 besvarades
471 951 49 22 med
535 950 157 27 öfvervägande
705 950 29 27 ja.

144 1008 21 27 8)
188 1008 38 27 De,
249 1008 75 21 hvilka
343 1008 119 28 godkänna
477 1008 113 21 utskottets
605 1008 59 21 kläm
676 1007 32 28 på
722 1007 50 22 sida
789 1007 37 27 33,
842 1008 60 20 rösta

74 1037 35 27 ja;
125 1037 31 25 de,
172 1037 36 21 det
222 1037 44 21 icke
281 1039 61 26 göra,
358 1038 60 20 rösta
432 1037 51 28 nej;

144 1094 80 21 vinner
239 1094 41 28 nej,
296 1094 42 21 har
352 1094 88 21 ståndet
454 1094 89 27 förenat
556 1094 34 27 sig
606 1100 36 15 om
657 1093 27 22 hr
698 1081 101 43 Ålenius
811 1093 90 27 förslag.

143 1151 166 27 Propositionen
332 1151 129 22 besvarades
477 1151 34 22 vid
528 1151 117 21 värkställd
660 1151 99 26 votering
773 1150 50 21 med
838 1149 28 22 26
878 1149 24 27 ja

75 1179 40 22 och
129 1179 29 21 43
173 1180 41 26 nej,
238 1180 39 21 och
292 1179 54 22 hade
362 1179 86 22 ståndet
463 1180 83 21 således
562 1179 88 21 beslutit
665 1182 31 18 att
711 1179 7 21 i
734 1178 71 22 stället
819 1178 33 21 för
868 1179 33 20 ut-

75 1208 92 22 skottets
183 1208 211 27 resolutionsförslag
409 1208 13 21 å
438 1208 47 21 sida
500 1208 28 21 33
542 1210 79 24 antaga
635 1207 94 27 följande
744 1207 116 21 klämmar:

146 1238 43 20 »att
204 1243 26 15 en
246 1236 155 28 normalspårig
413 1236 93 28 järnväg
520 1236 48 22 från
580 1236 107 27 Seinäjoki
698 1236 79 22 station
790 1236 48 21 med
850 1235 51 21 änd-

75 1265 93 27 punkter
191 1266 7 20 i
222 1265 144 22 Kristinestad
388 1265 40 21 och
444 1265 74 22 Kaskö
535 1264 53 22 skall
604 1265 82 27 byggas
702 1264 39 22 och
757 1264 70 22 under
842 1264 60 21 inne-

76 1294 94 21 varande
184 1293 145 28 finansperiod
344 1294 102 26 beläggas
462 1294 50 21 med
527 1294 83 26 arbete;
626 1295 56 20 samt

122 1325 54 47 W
198 1322 172 22 totalkostnaden
393 1322 33 22 för
449 1322 71 22 denna
535 1322 55 22 bana
605 1322 106 21 beräknas
728 1321 32 22 till
776 1320 126 27 11,500,000

74 1357 80 15 mark.»

145 1408 118 26 Angående
277 1407 107 21 klämmen
400 1407 13 21 å
428 1408 48 21 sida
491 1407 27 22 35
534 1408 7 20 i
555 1407 145 21 betänkandet
714 1407 84 27 yttrade

144 1464 26 21 hr
192 1464 160 21 Schvindt:
375 1464 51 21 Kun
442 1464 40 21 hra
497 1464 23 21 af
533 1464 119 21 Hällström
667 1470 27 15 on
712 1464 84 21 erittäin
811 1463 91 21 vakuut-

75 1493 78 21 tavasti
177 1493 124 26 osoittanut,
324 1494 44 19 että
388 1492 163 27 puheenaoleva
573 1494 47 19 rata
645 1499 28 14 on
689 1493 118 26 tarpeeton,
822 1491 45 22 niin
883 1490 19 22 ei
