1100 1761
195 121 41 21 160
499 129 218 20 Stämpelbevillning.
924 129 28 17 30
965 133 57 13 mars

193 196 58 21 tinut
267 199 102 24 vapautta
384 197 98 27 puolesta
498 197 219 22 leimasuostunnasta
732 197 119 27 ylt'ympäri
868 197 94 22 Suomen
978 198 43 21 nie-

194 231 54 20 men,
273 225 82 27 vieläpä
374 225 109 27 julistettu
506 226 100 27 vapaaksi
622 226 127 21 kerrassaan
765 226 162 21 suorittamasta
943 227 77 20 mitään

194 253 194 22 leimasuostuntaa
398 254 91 22 kaikista
499 255 113 21 senaattiin
626 255 133 26 jätettävistä
774 254 162 22 hakemuksista
947 255 24 26 ja
987 261 33 14 va-

193 281 110 22 lituksista
317 283 51 20 kuin
385 285 59 25 myös
460 283 95 21 senaatin
572 283 124 21 tuomioista
708 283 23 27 ja
742 283 138 27 päätöksistä.
910 283 43 27 Nyt
964 283 57 26 tehty

194 310 93 22 ehdotus
309 317 27 15 on
360 312 98 26 täydessä
471 312 262 26 johdonmukaisuudessa
749 313 70 19 tämän
836 311 84 26 kanssa,
936 312 86 21 sisältää

193 339 124 21 ainoastaan
335 340 138 21 suoranaisen
487 340 124 27 kehityksen
633 340 207 27 menettelytavassa.
870 340 86 27 Pyydän
968 340 54 21 vielä

193 367 75 25 viitata
289 368 125 22 omituiseen
431 372 127 22 sattumaan,
570 368 52 27 joka
638 369 104 21 tavallaan
759 375 27 14 on
803 368 119 27 paikallaan
938 369 82 21 mainit-

193 398 79 19 tavana
297 398 58 20 tässä
377 397 156 21 tilaisuudessa.
564 397 51 21 Olot
637 398 81 26 Norjan
743 397 89 27 Lapissa
854 400 50 18 ovat
920 403 100 15 varmaan

193 430 102 17 monessa
317 426 113 21 suhteessa
452 426 44 21 niin
512 426 63 27 hyvin
592 426 151 21 taloudellisiin
760 426 79 21 oloihin
855 426 51 21 kuin
923 432 97 15 asumus-

193 453 113 22 suhteisiin
329 454 84 21 nähden
437 455 133 21 suunnilleen
596 455 138 21 samanlaiset
759 455 50 21 kuin
826 455 84 21 meidän
926 455 93 26 Lapissa.

193 482 79 21 Viikon
288 483 71 26 päivät
375 489 37 15 sen
426 483 90 27 jälkeen,
527 483 43 22 kun
587 483 123 22 valiokunta
724 483 126 27 puolestaan
867 483 28 22 oli
911 485 109 25 päättänyt

193 513 71 19 tämän
289 511 132 22 ehdotuksen
445 512 68 25 tehdä,
531 513 107 20 sisälsivät
653 512 161 21 sanomalehdet
830 518 37 15 sen
884 512 77 25 tiedon,
978 514 42 19 että

192 539 83 27 Norjan
298 540 86 21 hallitus
407 541 27 21 oli
457 541 59 21 siellä
538 541 160 21 kokoontuville
720 541 152 26 valtiopäiville
887 541 133 23 ehdottanut,

192 570 45 19 että
260 575 24 14 se
306 572 254 24 suostuntaverovapaus,
579 569 47 27 jota
652 570 130 26 Lapinmaan
798 569 104 21 asukkaat
917 569 103 27 Norjassa

192 599 51 18 ovat
260 600 85 18 saaneet
360 598 64 20 tähän
440 598 40 21 asti
496 598 86 25 nauttia,
599 600 37 24 nyt
652 598 186 21 lakkautettaisiin.
870 598 93 20 Suomen
977 598 42 20 val-

192 625 116 27 tiopäivien
331 626 258 22 suostuntavaliokunnan
613 626 83 22 tekemä
716 626 92 21 ehdotus
824 633 27 14 on
868 627 37 20 siis
922 626 98 27 täydessä

192 653 198 23 konformiteetissa
405 658 114 18 vastaavan
536 655 177 27 menettelytavan
730 655 51 21 kera
797 654 147 28 Norjassakin.

263 740 32 21 Hr
319 740 188 22 Söderholm:
532 741 32 21 Pä
588 747 47 21 pag.
651 741 27 21 62
694 741 6 21 i
716 741 36 21 det
768 740 92 22 svenska
876 740 143 22 betänkandet

192 768 124 26 uppräknas
339 769 64 21 bland
426 770 54 25 dem,
503 776 45 15 som
572 772 38 19 äro
628 769 93 21 befriade
737 769 46 21 frän
800 769 218 27 stämpelskyldighet,

192 796 66 22 också
276 798 153 21 »>Främmande
445 801 53 19 stats
515 798 92 22 domstol
623 798 39 22 och
678 798 128 27 myndighet,
822 798 7 21 i
845 798 42 21 mål
903 798 39 21 och
958 800 60 19 ären-

192 825 47 26 den,
263 826 71 21 hvilka
356 826 132 27 handläggas
510 827 48 21 med
581 827 135 27 tillämpning
741 826 23 22 af
777 827 40 21 den
835 827 5 20 i
857 827 63 26 Haag
935 827 40 20 den
993 827 25 21 14

192 854 117 21 november
333 855 55 21 1896
410 855 105 21 afslutade
540 856 158 20 konventionen
714 856 111 26 angäende
840 856 59 20 vissa
915 855 30 21 till
961 856 57 20 civil-

191 888 116 20 processen
323 883 95 21 hörande
433 885 75 20 ämnen
525 883 23 22 af
560 883 158 22 internationell
734 887 63 17 natur
813 883 51 21 eller
880 883 27 26 pä
916 883 69 27 grund
998 883 22 21 af

191 911 173 21 internationella
384 911 86 28 fördrag
485 913 91 20 rörande
591 912 233 27 rättegängsväsendet,
841 912 71 21 hvilka
927 912 90 21 framde-

191 939 31 21 les
246 939 109 22 afslutas.»
387 940 11 21 I
416 940 142 22 betänkandet
574 941 114 20 motiveras
704 941 59 20 detta
779 941 47 20 med
843 941 128 26 hänvisning
987 941 30 20 till

191 967 27 21 de
242 967 167 29 förhandlingar,
426 976 46 14 som
487 969 111 27 föregingo
614 969 131 22 tillkomsten
761 969 23 21 af
797 969 66 27 sagda
881 969 136 21 konvention.

191 996 67 21 Detta
273 1004 37 14 var
325 1004 45 20 nog
384 998 86 21 alldeles
486 998 74 27 riktigt
574 998 27 27 pä
617 998 32 21 sin
665 998 36 22 tid,
718 1004 48 15 men
782 1004 28 15 nu
827 1000 23 19 är
866 999 36 21 det
913 998 62 25 fallet,
986 1001 32 18 att

191 1025 56 21 1896
272 1026 35 20 ärs
329 1026 131 22 konvention
483 1027 120 21 sedermera
628 1027 38 21 har
682 1026 123 22 efterträdts
821 1026 23 22 af
858 1028 78 20 tvänne
951 1027 66 20 andra

189 1053 158 22 konventioner
362 1055 110 26 angäende
487 1055 156 21 internationell
660 1055 118 27 rättshjälp,
794 1061 77 19 genom
881 1055 70 21 hvilka
963 1055 54 21 1896

190 1082 35 21 års
250 1082 131 22 konvention
402 1083 107 27 upphäfts.
538 1084 47 21 Den
601 1083 68 22 första
684 1086 23 18 är
722 1084 23 20 af
758 1084 23 20 är
798 1084 51 21 1901
869 1084 39 21 och
924 1084 40 20 den
980 1090 36 14 an-

190 1110 39 21 dra
244 1110 118 22 afslutades
378 1112 36 20 vill
427 1112 38 27 jag
479 1113 83 20 minnas
579 1112 55 21 1904
650 1112 38 21 och
701 1112 144 21 ratiticerades
856 1113 6 20 i
874 1112 43 26 fjol.
948 1112 69 21 Dessa

190 1138 70 28 bägge
276 1140 155 21 konventioner
446 1141 38 21 har
499 1141 106 27 Ryssland
620 1141 85 25 biträdt,
720 1147 50 15 men
787 1141 25 21 de
829 1141 26 21 ha
871 1140 45 22 icke
932 1140 85 22 blifvit
1006 1134 13 38 i

189 1167 93 22 Finland
304 1169 170 26 promulgerade.
504 1170 62 20 Hvad
589 1170 40 20 den
654 1175 75 15 senare
751 1169 138 26 vidkommer,
906 1171 22 18 är
944 1170 36 20 det
992 1170 24 25 ju

190 1195 23 21 sä
236 1203 51 20 pass
310 1203 51 20 nyss
385 1203 46 15 som
454 1197 153 28 ratificeringen
624 1197 85 26 skedde,
724 1200 33 19 att
772 1204 48 14 man
837 1197 38 21 här
891 1197 41 21 kan
948 1200 68 18 motse

189 1224 51 21 dess
256 1225 163 28 promulgering
434 1228 62 19 ännu.
528 1226 121 21 Sistnämda
664 1226 131 21 konvention
812 1229 111 24 upptager,
939 1230 31 17 att
986 1227 30 20 uti

188 1251 75 28 frågor
279 1260 34 14 om
329 1254 157 22 internationell
506 1255 111 26 rättshjälp
634 1255 66 25 några
715 1254 85 27 afgifter
816 1255 201 26 öfverhufvudtaget

188 1281 47 21 icke
262 1282 59 21 skola
337 1283 85 21 komma
438 1283 6 21 i
459 1283 59 27 fräga
533 1285 65 19 annat
614 1285 32 23 än,
662 1285 38 19 när
716 1283 36 21 det
767 1283 67 26 gäller
850 1283 120 26 ersättning
985 1283 31 20 till

188 1311 180 26 stämningsman.
398 1311 74 22 Under
487 1312 75 21 sädant
578 1311 132 22 förhällande
725 1313 24 19 är
764 1312 35 20 det
815 1311 82 22 kanske
912 1311 45 22 icke
971 1311 45 21 skäl

188 1340 32 19 att
236 1339 105 21 bibehälla
357 1340 36 21 det
409 1340 113 25 uttalande,
538 1347 45 14 som
600 1340 68 21 finnes
684 1341 26 26 pä
726 1341 47 20 sida
789 1341 32 23 62,
839 1343 50 18 utan
903 1340 68 21 skulle
979 1340 37 26 jag

188 1366 114 23 hemställa
324 1374 35 15 om
376 1368 154 22 betänkandets
545 1369 123 21 återremiss
684 1369 6 20 i
706 1369 71 20 denna
792 1369 34 20 del
842 1369 31 21 till
890 1369 104 21 utskottet
1009 1369 7 20 i

188 1395 37 21 det
241 1396 61 27 syfte,
317 1399 32 18 att
364 1397 66 26 sagda
446 1397 68 27 punkt
529 1397 68 21 skulle
612 1397 21 21 få
643 1397 89 27 ungefär
743 1397 70 21 denna
824 1397 88 27 lydelse:
930 1397 86 21 »Främ-

187 1424 80 21 mande
291 1427 53 19 stats
368 1425 93 22 domstol
476 1426 39 21 och
532 1425 122 28 myndighet
669 1426 7 21 i
692 1426 47 25 mål,
755 1425 71 22 hvilka
842 1425 130 27 handläggas
989 1425 27 27 pä

188 1453 72 25 grund
270 1453 23 21 af
302 1453 172 22 internationella
484 1454 86 26 fördrag
580 1455 91 20 rörande
681 1454 249 26 rättegängsväsendet.>
949 1453 68 21 Häraf

187 1480 71 22 skulle
281 1480 61 23 äfven
363 1482 95 27 päkallas
474 1488 25 16 en
515 1482 50 21 liten
582 1482 90 28 ändring
686 1483 8 20 i
709 1482 157 22 betänkandets
882 1482 133 27 motivering.
