1103 1759
67 113 21 17 1
101 114 54 19 april
373 109 215 28 Brännvinsskatten.
851 106 42 21 207

69 182 46 21 275:
131 181 26 21 41
174 182 70 27 penni,
267 182 84 21 komme
366 182 67 26 enligt
446 181 122 27 fördelning
583 181 27 27 på
626 182 70 26 grund
711 180 24 22 af
747 180 145 27 folkmängds-

67 210 160 22 förhållandena
242 216 44 21 upp
301 210 32 21 till
347 210 45 21 tmk
409 210 67 26 1,690:
492 210 28 21 86
535 210 71 27 penni.
637 209 60 22 Dock
713 212 35 19 vet
760 210 25 26 ju
807 209 86 25 enhvar,

68 241 32 19 att
115 238 154 22 kommunerna
283 239 66 21 redan
363 239 8 21 i
386 238 58 22 detta
455 245 29 15 nu
495 238 94 22 beräkna
600 238 47 22 sina
657 238 118 22 inkomster
785 238 28 27 pä
824 237 69 27 grund

69 268 22 21 af
105 267 69 27 gamla
188 266 218 28 fördelningsformer,
421 267 40 21 och
476 267 33 21 för
525 267 77 27 mänga
617 267 128 21 kommuner
760 266 60 28 spela
830 266 64 22 dessa

69 296 68 22 medel
160 302 26 15 en
209 296 45 22 icke
276 296 108 27 obetydlig
406 296 46 21 roll.
482 296 41 27 Jag
539 296 69 21 skulle
622 302 53 15 anse
689 296 37 21 det
742 296 49 21 med
806 295 88 21 rättvisa

69 324 100 27 förenligt
184 324 39 22 och
238 324 71 22 säsom
326 324 36 22 det
377 324 217 27 ändamälsenligaste
608 324 34 21 för
657 324 70 22 denna
742 323 150 28 finansperiod,

69 355 31 19 att
115 353 72 21 säsom
203 353 69 27 grund
286 352 33 22 för
333 352 148 28 fördelningen
497 353 43 21 läta
555 353 55 21 bäda
625 353 64 21 dessa
699 352 196 27 beräkningsgrun-

69 382 38 21 der
122 382 49 25 tala,
186 382 106 26 nämligen
308 383 31 19 att
355 382 40 20 den
411 381 67 27 enligt
494 382 80 21 mantal
589 382 32 21 till
635 381 122 27 fördelning
773 380 121 22 beräknade

70 416 97 16 summan
193 410 48 27 plus
266 416 97 16 summan
389 410 146 27 uppkommen
558 410 22 21 af
594 410 217 27 folkmängdsantalet
826 409 69 21 skulle

70 439 140 21 sammansläs
232 439 38 21 och
285 438 122 22 medeltalet
421 439 62 21 däraf
496 440 78 26 utgöra
590 439 104 27 grunden.
728 438 33 22 Dä
777 438 68 22 skulle
861 438 33 21 sä-

70 468 65 21 lunda
158 468 7 20 i
187 468 41 21 alla
250 467 35 21 fall
308 474 25 14 en
357 467 205 27 öfvergängsperiod
577 474 51 14 vara
644 467 79 27 möjlig,
739 467 39 21 och
794 470 45 18 tror
850 466 45 27 jag,

70 499 31 19 att
123 502 50 15 man
196 496 65 22 minst
276 496 26 22 dä
316 496 84 21 lederar
415 496 95 21 hvarken
526 496 41 22 den
583 502 41 15 ena
639 496 191 27 rättssynpunkten
843 495 51 21 eller

71 526 40 20 den
127 525 72 21 andra.
228 526 41 26 Jag
284 524 69 22 skulle
369 524 71 22 därför
455 525 114 21 hemställa
584 531 35 15 om
634 524 124 22 återremiss
769 524 32 22 till
811 524 83 21 utskot-

70 556 30 19 tet
121 553 33 22 för
169 556 32 19 att
215 554 69 21 denna
299 553 201 27 beräkningsgrund
515 554 69 21 skulle
599 555 61 25 tagas
673 553 69 21 under
753 552 142 28 ompröfning-

71 583 10 20 I
97 582 64 27 öfrigt
175 582 37 21 vill
223 582 38 27 jag
276 582 63 21 ocksä
353 582 74 21 förena
442 583 46 26 mig
501 582 136 26 fullständigt
652 582 48 21 med
715 582 26 21 hr
756 582 90 27 Ingman
857 587 37 15 an-

72 611 80 27 gående
167 610 67 28 öfriga
250 610 85 28 anslags
350 610 125 28 beviljande,
491 617 49 15 men
556 611 48 21 med
619 611 25 21 hr
660 610 99 22 Mäkinen
775 610 46 22 åter
827 606 12 36 i
836 610 60 24 det,

71 642 31 19 att
124 639 74 27 frägan
222 639 68 21 skulle
313 639 117 21 tillsvidare
452 639 100 22 förblifva
567 639 105 21 hvilande.
702 640 33 20 Hr
751 639 90 27 Ingman
857 638 39 21 har

71 668 125 27 visserligen
219 668 103 27 äberopat
343 670 31 19 ett
395 668 87 21 talande
505 668 52 25 skäl,
572 668 107 27 nämligen
695 668 41 21 den
753 667 143 27 möjligheten,

71 699 32 19 att
119 697 170 21 statsutskottets
304 696 81 28 förslag
399 697 70 21 skulle
484 697 8 21 i
507 697 53 21 sista
574 697 97 21 minuten
686 696 110 22 inkomma
811 696 39 21 och
861 696 33 21 sä-

72 726 58 21 ledes
151 728 30 18 ett
197 726 144 21 brädstörtadt
355 725 71 21 beslut
440 725 72 26 fattas,
527 732 49 14 men
592 726 13 20 ä
620 725 66 21 andra
701 725 60 21 sidan
777 724 68 22 skulle
857 724 39 27 jag

72 761 25 14 ur
119 754 117 27 principiell
252 754 108 27 synpunkt
375 754 55 27 vilja,
445 756 33 19 att
490 754 47 27 just
552 754 160 22 statsutskottet
727 754 68 20 skulle
810 753 86 21 komma

72 783 21 21 in
115 783 48 21 med
179 783 58 21 detta
251 782 80 28 förslag
345 782 40 22 och
400 785 31 19 att
446 782 47 22 icke
508 783 26 21 de
550 782 96 22 enskilda
661 782 90 22 ständen
766 782 129 21 härutinnan

73 811 68 21 skulle
156 811 89 21 besluta.

142 869 32 21 Hr
191 868 148 23 Oivanen:
355 868 58 22 Minä
423 869 76 27 pyysin
510 868 168 28 puheenvuoroa
688 868 137 22 lausuakseni
836 868 60 26 myös

72 898 137 26 mielipiteeni
238 898 196 26 viinaverovarojen
461 898 194 27 jakoperusteesta.
693 896 203 22 Talousvaliokunta

73 926 100 22 ehdottaa
188 926 118 22 mielestäni
321 926 99 27 pätevillä
435 926 66 27 syillä,
517 928 44 20 että
575 926 198 26 viinaverorahojen
781 926 50 26 jako
842 925 53 21 kun-

72 955 51 21 nille
145 955 116 27 tapahtuisi
285 955 113 21 tästälähin
422 955 89 21 kuntien
529 955 113 21 vedellisen
658 955 85 21 vuoden
759 954 136 26 henkikirjoi-

73 984 78 21 tuksen
167 986 119 19 osottaman
302 984 165 21 asukasmäärän
484 984 47 21 eikä
545 984 137 20 manttaalien
698 983 113 21 mukaan».
841 982 55 22 Sitä-

72 1012 83 22 vastoin
171 1012 114 27 puolustaa
300 1012 190 22 valtiovaliokunta
504 1012 79 22 entistä
597 1012 137 21 manttaalien
750 1011 106 22 mukaista
863 1010 32 28 ja-

71 1041 42 21 koa
134 1041 24 27 ja
182 1041 124 21 merkillistä
330 1041 55 27 kyllä
402 1042 115 26 etupäässä
533 1041 137 21 »kohtuuden
686 1041 83 27 syistä.»
800 1040 96 21 Minusta

71 1070 134 20 kumminkin
228 1070 112 21 vaatisivat
358 1070 59 27 juuri
432 1070 126 21 kohtuuden
574 1072 48 24 syyt
636 1069 133 21 toisenlaista
781 1069 69 27 jakoa,
863 1068 32 26 ja-

71 1098 42 21 koa
133 1098 145 22 asukasluvun
295 1098 97 21 mukaan.
421 1098 40 22 Jos
478 1098 124 22 manttaalin
618 1098 109 27 omistajat
738 1098 24 26 ja
776 1096 119 28 kaupunki-

71 1127 62 21 laiset
143 1127 102 27 yksinään
261 1127 132 21 kokoaisivat
403 1133 44 15 nuo
458 1129 68 24 varat,
537 1127 70 21 silloin
618 1126 54 22 ehkä
682 1126 47 22 olisi
740 1126 85 22 entinen
834 1125 60 27 jako-

71 1157 50 25 tapa
136 1155 125 27 paikallaan,
276 1157 68 20 mutta
359 1155 44 21 kun
419 1155 133 27 ahkerimpia
567 1157 50 19 ovat
632 1155 97 21 useinkin
745 1161 32 20 ne,
790 1154 61 28 jotka
865 1154 29 21 ei-

72 1186 35 19 vät
129 1184 78 21 omista
229 1184 77 21 mitään
329 1184 132 21 manttaaliin
484 1186 82 25 pantua
580 1186 76 23 maata,
671 1184 44 21 niin
731 1184 92 20 vaativat
835 1182 60 28 juuri

73 1212 137 22 »kohtuuden
233 1214 59 26 syyt»
311 1212 145 22 asukasluvun
473 1212 107 22 mukaista
592 1212 70 27 jakoa.
692 1212 33 22 Ne
741 1212 92 21 vaativat
848 1211 47 25 sitä,

71 1241 109 21 varsinkin
202 1241 51 21 kuin
276 1241 170 21 viinaverorahat
468 1242 57 20 eivät
539 1241 45 21 tule
598 1241 85 21 millään
699 1240 77 22 tavalla
791 1242 103 19 manttaa-

71 1270 55 20 leille
149 1270 154 21 korvaukseksi
322 1272 142 25 menetetystä
479 1270 345 27 kotitarpeenpoltto-oikeudesta,
840 1274 54 15 vaan

71 1311 26 2 —
113 1298 241 22 valistustarkoituksiin
369 1298 44 22 kun
428 1298 54 22 niitä
497 1298 125 22 tavallisesti
637 1298 111 28 käytetään
760 1310 27 3 —
797 1297 97 28 myöskin

68 1327 23 27 ja
106 1329 116 25 etupäässä
233 1327 59 27 juuri
308 1327 201 21 manttaalittomien
524 1327 95 27 hyväksi.

139 1356 79 21 Uuden
238 1356 167 26 jakoperusteen
427 1356 94 21 mukaan
544 1356 96 21 tulisivat
661 1356 54 20 tosin
733 1355 64 21 toiset
811 1354 83 21 kunnat

71 1390 99 15 saamaan
193 1384 203 22 viinaverorahoista
419 1384 131 22 vähemmän
569 1384 51 21 kuin
644 1390 75 20 ennen,
735 1386 68 18 mutta
818 1383 41 21 sitä
874 1382 19 21 ei

71 1412 34 22 voi
129 1415 78 23 auttaa,
230 1413 46 21 eikä
301 1419 23 15 se
339 1413 122 21 mitenkään
478 1419 37 15 saa
530 1412 42 22 olla
588 1414 86 20 esteenä
688 1412 70 22 kauan
773 1412 119 21 vallinneen

70 1442 120 26 vääryyden
205 1442 156 26 poistamiseen.

139 1470 222 21 Talousvaliokunnan
378 1470 126 21 mietintöön
520 1476 28 16 on
564 1470 76 26 liitetty
652 1470 82 26 joukko
752 1469 142 21 viinaverora-

70 1498 63 27 hojen
147 1498 64 27 jakoa
226 1498 102 22 koskevia
342 1498 87 27 tauluja,
442 1498 67 27 joista
524 1498 124 22 valiokunta
662 1498 83 26 lausuu,
761 1500 44 19 että
818 1498 77 20 niistä
