1109 1761
98 113 28 17 30
140 113 55 20 april
368 104 287 35 Kommunikationsfonden.
883 105 43 21 415

100 182 94 21 minusta
209 183 57 19 tämä
280 181 66 21 kohta
360 181 107 21 ansaitsee
482 181 56 27 kyllä
554 181 170 22 mainitsemista,
734 181 44 20 kun
791 187 26 15 on
827 180 98 27 kysymys

100 210 132 22 rautateiden
246 209 22 27 ja
282 209 162 27 postilaitoksen
461 209 113 22 välillisten
590 209 114 22 saamisten
718 209 151 27 järjestelystä.

169 267 33 21 Hr
224 266 176 21 Manninen:
436 266 72 21 Täällä
530 268 48 19 eräs
601 266 82 27 puhuia
704 267 94 20 mainitsi
821 266 103 21 rautatien

101 295 284 21 kannattamattomuudesta
400 295 121 21 erittäinkin
536 295 260 26 matkustajaliikkeeseen
807 294 83 21 nähden
903 295 23 26 ja

102 324 81 21 ehdotti
206 325 70 19 tämän
303 323 76 21 vuoksi
394 322 128 22 kolmannen
538 323 79 21 luokan
634 323 72 27 piletin
722 323 75 21 hinnat
811 323 115 21 korotetta-

102 352 60 22 viksi.
193 352 72 20 Mikäli
288 352 56 20 minä
366 353 82 19 tunnen
471 352 228 27 Porin-Tampereen
722 352 43 20 tien
788 351 137 27 matkustaja-

101 381 87 25 liikettä,
212 380 44 21 niin
278 380 46 21 sillä
348 380 57 20 tiellä
426 380 77 22 kulkee
518 380 47 27 yksi
580 380 98 27 puolikas
694 380 126 21 ensiluokan
836 386 90 20 vaunua,

102 412 69 18 mutta
193 409 88 20 harvoin
305 409 54 20 siinä
374 408 77 21 kulkee
466 409 82 26 ketään,
564 409 63 26 hyvin
644 409 87 20 harvoin
755 410 4 19 1
777 409 12 20 ä
804 410 13 19 2
833 408 93 21 matkus-

102 438 56 27 tajaa
178 437 97 21 kerralla.
305 437 89 25 Luulen,
416 439 49 19 että.
485 437 35 27 jos
544 437 74 27 piletin
634 437 76 21 hinnat
724 437 48 22 olisi
788 437 138 25 korotettava,

103 467 48 20 olisi
162 473 22 14 se
200 466 85 21 tehtävä
300 465 55 22 ensi-
368 465 23 27 ja
406 466 70 21 toisen
487 466 78 21 luokan
577 466 158 27 matkustajille.
760 466 76 21 Toisen
849 465 78 22 luokan

103 501 72 15 vaunu
197 501 27 15 on
237 495 24 26 jo
276 494 108 27 yksistään
406 494 76 25 10,000
498 495 100 21 markkaa
614 495 102 26 kalliimpi
731 495 52 21 kuin
799 495 128 20 kolmannen

102 524 85 21 luokan.
218 523 95 21 Harvoin
329 523 67 20 niissä
410 523 77 21 kulkee
502 523 86 22 20—30
603 523 87 25 henkeä,
707 523 87 21 samalla
810 523 59 21 aikaa
883 523 44 20 kun

103 552 128 21 kolmannen
247 551 78 22 luokan
340 557 114 20 vaunussa,
467 552 68 27 johon
551 552 72 27 pitäisi
634 552 86 21 mahtua
730 552 28 21 50
769 552 87 25 henkeä,
867 551 59 21 usein

103 583 63 25 tapaa
188 581 84 20 60—70
294 580 87 20 henkeä.
412 580 62 27 Kyllä
496 581 58 20 minä
576 581 94 25 luulisin,
690 583 44 18 että
746 581 35 26 jos
797 582 131 25 parannusta

104 609 48 21 olisi
166 609 167 25 aikaansaatava,
349 608 44 21 niin
409 608 48 22 olisi
473 609 46 21 ensi
534 609 79 21 luokan
629 611 82 19 vaunut
722 610 142 26 poistettavat.
889 608 39 26 Ne,

100 638 62 27 jotka
177 638 66 20 niissä
258 637 124 21 tavallisesti
399 637 150 26 matkustavat,
565 638 92 21 voisivat
672 638 121 21 matkustaa
804 638 68 20 toisen
882 637 46 21 luo-

103 666 41 22 kan
162 666 159 25 vaunuissakin,
336 666 44 20 kun
392 666 89 21 harvoin
493 666 77 21 kulkee
582 666 58 21 esim.
656 666 65 21 Porin
733 666 81 21 radalla
824 667 11 20 7
848 666 81 21 henkeä

103 695 95 21 viikossa
222 695 46 21 ensi
291 694 79 21 luokan
393 701 116 19 vaunussa,
522 695 22 27 ja
561 695 111 21 kuitenkin
693 695 82 21 liikkuu
800 694 128 22 tämmöinen

104 730 71 15 vaunu
192 723 59 21 siellä
262 723 52 27 joka
329 723 67 27 päivä.

174 781 32 21 Hr
221 780 148 22 Neovius:
392 780 44 21 Det
458 787 38 15 var
519 787 27 15 en
569 781 69 27 punkt
653 781 7 21 i
675 781 25 21 hr
717 778 160 30 Schybergsons
893 786 36 14 an-

104 809 114 27 dragande,
242 815 45 15 som
308 809 38 27 jag
366 809 84 26 glömde
466 812 32 18 att
513 810 91 25 bemöta,
619 812 32 18 att
666 809 105 27 nämligen
788 809 47 21 mitt
850 808 80 27 förslag

104 844 38 15 var
164 837 148 27 ofullständigt
335 837 111 26 sätillvida,
469 840 32 19 att
520 838 37 21 det
572 838 90 21 berörde
678 838 76 21 endast
768 837 162 22 inkomstsidan.

104 867 66 20 Först
185 866 39 21 och
239 866 75 21 främst
329 866 37 21 vill
378 866 38 26 jag
431 866 71 21 därtill
525 867 5 20 a
545 867 43 20 min
605 867 45 20 sida
663 867 97 25 invända,
770 868 32 19 att
812 866 118 25 väsentliga

105 895 39 21 och
168 898 59 18 stora
250 894 149 27 utgiftsposter
420 894 25 27 ju
467 901 29 15 nu
512 895 65 21 redan
594 897 37 19 äro
648 895 105 21 beroende
768 895 23 21 af
804 895 126 20 ständernas

106 923 159 28 godkännande,
281 923 39 21 och
336 923 36 21 det
386 925 23 18 är
424 923 122 27 egentligen
564 923 82 22 säledes
662 924 76 21 endast
747 923 125 26 lönestaten,
884 929 45 15 som

104 952 118 21 tillsvidare
236 952 46 21 icke
297 953 23 20 är
336 952 40 21 det.
400 952 42 26 Jag
457 952 124 27 medgifver,
596 954 32 19 att
642 952 168 27 anmärkningen
826 954 23 19 är
867 951 64 27 riktig

105 981 7 20 i
128 981 68 21 denna
215 980 74 27 punkt,
305 980 39 21 och
359 980 148 22 föresväfvade
522 981 38 21 det
574 981 44 26 mig
633 981 65 21 ocksä
712 981 172 26 ursprungligen,
900 982 31 19 att

105 1010 49 21 mitt
175 1009 81 26 förslag
280 1009 67 21 borde
368 1008 62 22 hafva
450 1012 32 18 ett
504 1009 134 27 vidlyftigare
655 1009 59 28 syfte,
730 1015 48 15 men
796 1009 36 22 det
846 1008 84 21 föreföll

106 1038 44 27 mig
164 1038 60 25 dock,
239 1040 32 19 att
286 1038 35 21 det
336 1039 23 19 är
373 1037 71 22 bättre
460 1040 32 19 att
506 1038 44 21 låta
565 1038 80 21 enhvar
661 1038 37 21 sak
713 1038 62 21 hafva
792 1038 31 21 sin
839 1037 37 25 tid,
892 1037 38 21 och

105 1066 72 22 därför
200 1066 124 21 inskränkte
344 1066 38 27 jag
397 1066 43 27 mig
455 1067 33 20 till
505 1067 37 21 det
557 1073 28 15 nu
602 1067 76 27 gjorda
692 1066 108 27 förslaget.
830 1066 49 21 Men
896 1072 34 15 om

106 1095 65 21 saken
187 1095 96 21 kommer
299 1095 31 20 till
345 1095 118 21 utskottets
484 1095 101 27 pröfning
600 1095 39 22 och
655 1095 36 22 det
705 1095 68 21 finner
789 1095 48 21 mitt
851 1094 80 27 förslag

105 1123 33 22 för
153 1123 153 27 ofullständigt,
327 1123 114 26 föreligger
461 1124 47 21 icke
523 1125 67 26 nägot
605 1124 75 21 hinder
694 1123 34 22 för
743 1126 31 19 att
789 1123 142 27 komplettera

105 1153 41 25 det,
162 1152 39 21 och
216 1152 33 21 för
264 1152 43 21 min
323 1152 34 21 del
373 1152 67 21 skulle
454 1152 38 27 jag
507 1153 45 21 icke
568 1152 63 22 hafva
645 1153 66 26 nägot
726 1153 101 21 däremot.

175 1209 69 21 Sedan
268 1208 150 22 diskussionen
441 1209 52 21 härä
515 1209 114 22 förklarats
645 1209 97 25 afslutad,
758 1209 132 22 framställde
906 1208 25 22 hr

105 1238 122 20 talmannen
250 1237 31 21 till
308 1237 96 21 ständets
427 1238 135 22 besvarande
588 1238 93 27 följande
706 1238 224 26 omröstningspropo-

105 1266 97 21 sitioner:

175 1323 20 26 1)
211 1322 39 26 De,
266 1323 75 21 hvilka
354 1323 119 27 godkänna
489 1324 114 20 utskottets
618 1324 59 20 kläm
692 1324 14 20 &
721 1324 55 21 sidd.
786 1324 80 20 10—11
874 1323 56 27 oför-

104 1351 92 27 ändrad,
212 1353 60 19 rösta
285 1352 36 26 ja;
338 1352 32 25 de,
386 1352 34 20 det
435 1352 46 20 icke
495 1355 60 24 göra,
572 1354 59 19 rösta
646 1352 50 28 nej;

174 1408 80 21 vinner
276 1408 42 28 nej,
342 1409 41 21 har
405 1409 89 21 ständet
506 1410 97 27 godkänt
618 1410 110 20 klämmen
743 1410 49 21 med
806 1410 35 20 det
856 1409 75 27 tillägg

104 1436 28 22 hr
146 1436 108 27 Reijonen
268 1437 120 27 föreslagit.

173 1493 166 27 Propositionen
354 1495 131 21 besvarades
501 1495 48 21 med
566 1494 155 27 öfvervägande
734 1495 29 26 ja.
