1103 1756
99 122 26 17 21
136 122 54 17 febr.
376 120 124 21 Bevillning
511 119 34 17 för
557 119 104 20 spelkort.
907 110 25 21 81

172 190 70 22 Bland
263 189 99 23 ständets
386 189 141 21 medlemmar
542 187 69 22 «hade
635 187 93 22 utdelats
754 186 39 21 oeh
819 185 116 22 bordlades

102 219 33 22 till
149 221 63 20 nästa
228 219 87 27 plenum
338 217 250 27 bevillningsutskottets
609 215 136 22 betänkande
760 221 36 26 n:o
812 215 13 20 2
841 214 6 21 i
863 213 72 22 anled-

102 248 54 27 ning
170 247 23 22 af
214 248 61 21 Hans
298 246 122 28 Kejserliga
442 246 113 27 Majestäts
575 244 78 27 nädiga
668 244 133 27 proposition
819 249 34 15 n:o
870 243 13 20 2
899 248 36 16 an-

103 277 83 26 gående
201 275 138 28 bevillning
354 275 43 22 för
412 274 121 29 spelkort.

174 408 122 27 Föredrogs
312 414 27 15 en
354 407 48 22 frän
419 406 163 22 statsutskottet
597 405 78 22 anländ
686 405 116 27 sälydande
813 404 126 23 skrifvelse
930 400 14 39 :

187 487 117 21 FINLANDS
320 484 122 23 STÄNDERS

176 533 277 34 STATSUTSKOTT

560 578 41 22 Till
626 578 122 21 talmannen
766 577 8 22 i
790 576 149 28 borgarestän-

486 617 5 6 .
593 607 41 26 det,
649 606 179 22 bankdirektören
844 605 64 22 Leon.

208 618 209 37 HELSINGFORS,
689 641 41 15 von
746 634 78 22 Pfaler.

200 674 34 16 den
247 674 23 16 20
281 674 85 21 februari
379 675 51 17 1906.

277 716 34 15 N:o
325 716 27 16 17.

179 778 95 22 Härmed
296 778 38 21 har
358 778 163 22 statsutskottet
544 780 50 20 äran
621 778 103 26 meddela,
746 780 32 20 att
801 777 110 25 utskottet,
934 776 8 21 i

109 806 96 27 enlighet
226 807 49 21 med
294 806 50 22 herr
359 807 137 21 talmannens
513 808 74 21 därom
603 808 75 26 gjorda
692 806 87 28 förslag,
793 806 33 21 för
842 806 100 26 borgare-

109 835 99 21 ständets
223 835 172 27 kanslipersonal
410 836 41 21 och
466 836 112 27 betjäning
593 836 68 22 under
676 835 144 22 innevarande
841 834 102 26 landtdag

109 862 103 23 fastställt
226 863 92 28 följande
334 864 146 28 aflöningar,
497 865 119 27 nämligen:

221 921 33 22 för
270 922 147 22 sekreteraren
448 939 5 4 .
484 938 4 4 .
519 939 4 3 .
556 938 5 5 .
590 938 5 5 .
625 938 5 5 .
660 938 4 5 .
696 922 61 25 1,000
772 921 60 23 mark

222 950 32 21 för
277 951 97 21 notarien
413 968 5 4 .
448 968 5 4 .
484 967 4 5 .
519 967 4 4 .
554 967 5 5 .
596 968 1 3 0
625 967 4 5 .
660 968 4 3 <
717 950 42 21 300
798 958 9 11 >

222 978 32 22 för
270 979 72 21 tolken
380 996 4 4 .
486 996 145 4 00
716 979 42 21 500
799 987 7 10 >

224 1007 33 21 för
281 1008 35 21 tvä
331 1008 152 23 vaktmästare,
500 1008 105 21 hvardera
625 1008 40 21 100

251 1036 66 26 mark,
333 1036 52 22 eller
402 1036 159 28 sammanlagdt
591 1053 4 5 .
626 1053 4 5 .
660 1053 5 4 .
716 1036 42 21 200
798 1044 9 10 >

183 1093 39 22 allt
243 1093 91 23 räknadt
348 1093 34 22 för
398 1094 85 26 mänad,
499 1094 39 22 och
554 1094 38 21 har
609 1094 106 21 utskottet
729 1095 78 23 ansett,
822 1094 32 20 att
869 1092 78 24 kansli-

113 1122 142 27 personalens
278 1122 40 22 och
340 1122 150 28 betjäningens
506 1122 95 27 aflöning
617 1122 39 22 bör
672 1122 52 27 utgä
738 1121 46 22 frän
801 1122 41 21 den
858 1121 47 27 dag,
921 1120 27 23 dä

113 1150 28 21 de
157 1150 70 22 blifvit
241 1151 7 21 i
264 1151 66 27 tjänst
345 1154 100 24 antagna,
462 1154 57 18 samt
533 1151 55 21 intill
603 1151 142 27 landtdagens
761 1150 124 28 afslutning.

366 1208 32 21 Pä
413 1208 175 22 statsutskottets
604 1210 90 25 vägnar:

464 1265 27 22 F.
510 1265 83 22 Heikel.

710 1329 21 17 G.
744 1329 22 17 R.
780 1329 100 17 Snellman.

188 1385 33 22 Hr
243 1385 118 22 Teodor
383 1385 116 22 Heikel
528 1385 54 22 hade
612 1385 87 22 anhällit
727 1391 34 16 om
784 1385 94 27 ledighet
904 1385 46 23 frän

118 1413 88 28 plenum
222 1413 180 22 nästkommande
417 1414 78 27 tisdag,
511 1413 40 22 och
566 1413 46 22 blef
625 1414 69 21 denna
709 1413 97 23 anhällan
818 1413 23 22 af
851 1414 100 27 borgare-

118 1442 87 23 ständet
220 1442 98 27 beviljad.
