1109 1764
213 103 47 37 402
509 111 236 29 Järnvägsbyggnader.
950 114 25 18 27
988 114 56 21 april

218 183 51 21 Kun
285 185 58 19 ottaa
355 183 116 22 huomioon
484 185 77 25 tämän,
572 184 44 21 niin
627 184 39 21 hra
677 184 126 27 Hallbergin
814 183 117 22 muistutus
941 184 102 21 kadottaa

217 212 147 27 pääasiallisen
379 212 112 22 kärkensä.

287 269 33 21 Hr
336 269 229 28 Schybergson:
580 270 42 27 Jag
637 272 23 19 är
671 276 51 15 ense
733 270 48 21 med
791 269 25 22 hr
827 269 109 27 Hallberg.
965 269 76 20 Denna

217 297 57 21 kläm
291 304 62 21 synes
369 298 49 27 mig,
434 299 71 20 såsom
521 299 41 20 den
573 301 23 18 är
611 298 87 21 affattad
714 299 39 21 och
769 298 124 25 motiverad,
909 299 69 20 bättre
988 297 54 21 kun-

218 329 37 18 nat
270 326 81 21 lämnas
367 327 54 21 bort.
452 327 46 21 Den
514 329 23 19 är
553 327 24 21 sä
592 327 111 21 obestämd
718 327 45 27 just
773 327 6 21 i
791 327 41 21 den
843 326 23 22 af
874 327 25 21 hr
911 327 57 21 Sikio
978 325 64 22 fram-

219 355 76 21 ställda
317 354 172 28 formuleringen,
512 356 38 21 där
565 356 37 21 det
616 355 130 28 ifrågasatts,
761 355 106 22 huruvida
883 356 36 21 det
934 353 109 23 öfverhuf-

219 383 102 27 vudtaget
337 385 22 20 är
375 384 83 27 möjligt
473 386 31 19 att
519 384 124 27 genomföra
659 391 25 14 en
700 385 66 20 sädan
783 385 141 26 bestämning.
954 383 41 21 Vid
1010 383 32 21 fö-

218 412 106 27 regäende
339 412 85 27 plenum
440 412 109 22 framhölls
565 413 32 21 för
613 413 70 26 öfrigt,
698 415 32 19 att
745 413 37 21 det
797 415 23 19 är
831 413 84 26 mycket
925 412 75 27 viktigt
1011 414 32 19 att

219 447 108 20 uppmana
348 441 126 27 regeringen
497 443 32 20 att
544 448 23 15 se
589 442 37 25 till,
641 444 32 19 att
687 441 146 22 kostnaderna
847 441 32 22 för
892 441 148 28 järnvägarna,

219 469 70 22 sävidt
311 470 36 21 det
369 470 65 27 gäller
460 470 66 27 rörlig
540 470 95 21 materiel
651 471 39 21 och
706 470 118 21 skenornas
841 470 49 26 vikt,
907 470 67 21 skulle
990 469 50 21 ned-

218 500 81 25 prutas,
315 498 39 21 och
371 505 75 19 genom
463 501 31 19 att
509 505 28 15 nu
553 499 28 27 pä
595 499 58 21 detta
669 501 43 20 sätt
727 499 7 21 i
749 499 131 27 förgrunden
889 499 61 21 ställa
958 504 26 15 en
996 504 44 15 om-

219 527 122 27 ständighet
363 527 23 21 af
406 528 83 21 mindre
511 527 110 28 betydelse
643 534 64 15 anser
726 528 38 27 jag
784 534 49 15 man
855 527 45 22 icke
916 527 70 22 träffat
1000 526 40 21 väl.

217 555 43 27 Jag
275 555 84 22 förenar
375 556 43 27 mig
433 563 35 14 om
484 556 25 21 hr
524 557 115 26 Hallbergs
654 555 87 28 förslag.

288 612 155 22 Diskussionen
459 613 131 21 förklarades
606 613 52 21 härä
672 613 99 26 afslutad,
787 612 106 22 hvarefter
909 613 85 21 ständet
1007 613 35 20 be-

219 640 43 22 slöt
277 643 32 19 att
324 641 113 27 godkänna
451 640 67 23 första
533 642 105 21 klämmen
654 642 13 21 ä
682 642 53 21 sidd.
751 641 92 21 44—45.

288 697 134 22 Beträffande
437 698 27 22 de
476 700 77 20 tvänne
564 705 75 15 senare
650 699 132 21 klämmarna
792 698 12 22 ä
815 699 46 21 sida
871 699 28 21 45
910 698 131 22 framställde

218 726 26 21 hr
260 726 122 22 talmannen
398 727 31 21 till
445 727 95 22 ständets
559 728 133 21 besvarande
707 728 94 27 följande
817 728 223 26 omröstningspropo-

218 755 73 21 sition:

288 812 38 27 De,
350 812 74 22 hvilka
445 813 116 27 godkänna
576 813 24 21 de
621 813 36 21 två
672 820 77 14 senare
764 813 142 21 klämmarna
918 812 14 22 ä
946 812 49 22 sida
1011 814 30 20 45

217 841 50 21 med
281 841 52 21 eller
348 843 55 19 utan
417 842 42 20 den
475 842 102 27 ändring,
591 848 46 15 som
648 842 29 27 af
683 842 28 21 hr
720 842 101 27 Brofeldt
835 842 131 27 föreslagits,
982 843 60 19 rösta

216 869 33 27 ja;
266 870 31 25 de,
313 870 34 20 det
361 870 45 21 icke
417 872 60 25 göra,
492 872 59 19 rösta
566 870 47 27 nej;

287 927 79 21 vinner
390 928 42 27 nej,
459 928 41 20 har
525 928 175 27 borgareständet
725 928 89 21 beslutit
835 927 99 27 förkasta
950 927 89 21 berörda

217 955 117 22 klämmar.

287 1013 164 27 Propositionen
472 1014 127 21 besvarades
615 1014 35 21 vid
666 1014 117 21 värkställd
798 1013 99 27 votering
911 1013 49 21 med
977 1013 25 21 19
1015 1013 23 27 ja

216 1041 41 21 och
279 1042 26 20 47
329 1042 40 27 nej,
393 1042 38 22 och
454 1042 54 22 hade
533 1042 84 22 ständet
633 1042 82 22 säledes
731 1042 88 22 beslutit
833 1042 95 21 förkasta
944 1042 25 20 de
984 1042 55 21 bäda

216 1076 76 15 senare
307 1070 132 22 klämmarna
453 1071 14 21 ä
481 1071 46 21 sida
541 1071 34 25 45,
590 1071 32 21 till
637 1071 51 27 följd
704 1070 77 22 hvaraf
794 1071 41 21 den
846 1070 134 27 motivering,
992 1076 46 15 som

215 1098 105 22 hänförde
335 1099 33 27 sig
383 1100 31 20 till
429 1100 64 21 dessa
505 1100 108 25 klämmar,
621 1100 79 26 jämväl
711 1100 70 21 skulle
791 1106 26 14 ur
828 1099 142 21 betänkandet
981 1098 57 28 utgå.

285 1156 34 21 Dä
340 1156 25 21 hr
387 1156 122 22 talmannen
524 1157 51 21 härä
590 1157 31 21 till
637 1157 96 21 ständets
749 1156 117 28 afgörande
881 1156 157 21 öfverlämnade

215 1184 37 21 hrr
268 1184 118 22 Rosendals
402 1185 39 21 och
456 1186 83 20 Teodor
554 1185 88 21 Heikels
659 1186 68 20 under
742 1186 41 20 den
799 1185 107 21 allmänna
921 1184 117 22 diskussio-

215 1218 42 16 nen
283 1213 76 27 gjorda
374 1213 81 28 förslag
469 1214 109 26 angäende
597 1214 184 21 statssubvention
797 1213 34 21 för
843 1214 115 26 järnvägar
973 1212 64 22 emel-

215 1240 35 22 lan
267 1242 109 27 Uleäborg
391 1242 39 21 och
446 1242 65 22 Vaala
526 1245 55 19 samt
594 1242 136 27 Björneborg
744 1242 40 22 och
800 1242 150 26 Kankaanpää,
966 1241 71 21 anhöll

284 1298 25 22 hr
325 1299 171 27 Björkstén
513 1306 34 14 om
563 1300 61 21 ordet
639 1300 39 21 och
693 1300 94 26 yttrade:
803 1300 42 26 Jag
860 1299 77 21 tillåter
952 1299 44 26 mig
1008 1298 30 21 fö-

214 1327 63 25 reslä,
291 1330 30 18 att
336 1327 74 28 frägan
427 1334 35 15 om
478 1328 127 21 subvention
622 1328 23 21 af
658 1328 140 27 privatbanor
813 1328 67 20 mätte
894 1327 21 21 fä
930 1327 62 21 anstä
1007 1327 31 21 till

214 1356 51 21 dess
282 1356 104 22 definitivt
401 1357 71 21 beslut
486 1356 113 27 föreligger
615 1357 80 25 därom,
711 1356 71 22 hvilka
789 1356 117 27 järnvägar
917 1356 59 22 skola
987 1356 51 26 byg-

214 1389 38 21 gas
269 1384 38 21 och
323 1384 55 22 huru
394 1387 56 19 stort
464 1385 75 27 anslag
552 1385 33 21 för
601 1385 48 21 dem
667 1385 94 26 beviljas.

283 1441 161 22 HrLuoma:
468 1442 80 21 Vaikka
559 1442 188 21 valtiovaliokunta
757 1448 29 15 on
799 1441 136 27 kiinnittänyt
943 1441 94 32 säätyjen

213 1470 111 21 huomiota
341 1470 73 26 siihen,
430 1473 44 19 että
489 1477 23 15 se
527 1471 128 25 rahamäärä,
668 1471 52 26 joka
735 1470 48 21 olisi
799 1470 122 27 käytettävä
935 1469 103 27 nykyisen

213 1499 218 21 varainhoitokauden
447 1499 75 22 aikana
537 1500 75 21 uusien
628 1499 133 22 rautateiden
775 1498 175 26 rakentamiseen,
961 1497 76 22 kulku-
