1109 1761
213 109 44 36 390
501 120 236 22 Järnvägsbyggnader.
953 121 26 18 27
992 121 54 20 april

213 187 139 26 Rovaniemi,
372 188 55 27 vilja
449 191 82 26 antaga
559 189 28 21 hr
608 189 103 22 Jämséns
733 190 90 27 förslag,
838 191 60 20 rösta
908 190 41 27 ja;
964 190 32 24 de,
1011 189 35 21 det

213 217 46 20 icke
274 217 61 27 vilja,
350 219 59 20 rösta
424 217 51 28 nej;

282 274 81 21 vinner
387 275 43 27 nej,
453 275 43 21 har
519 275 88 21 ståndet
629 275 9 21 i
653 275 81 22 sådant
755 275 102 27 afseende
880 275 122 27 föredragit
1016 275 28 20 hr

215 302 137 22 Sederholms
363 303 89 28 förslag.

283 360 165 27 Propositionen
464 361 129 21 besvarades
609 362 49 20 med
674 361 156 27 öfvervägande
845 362 42 26 nej.

283 418 20 25 2)
319 417 39 27 De,
380 418 75 21 hvilka
479 418 36 21 till
530 419 216 27 kontraproposition
762 420 57 19 emot
833 419 115 21 utskottets
957 419 83 28 förslag

213 445 56 28 vilja
292 449 83 25 antaga
397 447 27 21 hr
441 447 138 22 Sederholms
593 447 91 28 förslag,
697 449 59 20 rösta
765 447 41 27 ja;
822 447 31 26 de,
868 448 35 21 det
917 448 47 21 icke
980 447 62 28 vilja,

212 476 62 19 rösta
289 475 47 28 nej;

283 532 80 21 vinner
385 533 42 27 nej,
450 533 43 21 har
514 533 87 21 ståndet
623 533 10 20 i
647 533 81 21 sådant
749 533 102 27 afseende
871 533 121 28 föredragit
1007 533 35 21 det

212 560 91 28 förslag,
319 568 47 14 som
381 561 134 27 framställts
530 562 36 21 uti
576 562 42 21 den
633 561 88 22 åttonde
735 562 169 21 reservationen.

284 618 167 26 Propositionen
478 619 129 21 besvarades
629 619 36 21 vid
687 618 117 22 värkställd
826 619 99 27 votering
949 619 48 21 med
1012 619 28 21 49

210 646 24 26 ja
249 646 40 21 och
305 647 28 21 20
349 647 41 27 nej.

283 704 20 25 3)
318 703 39 27 De,
373 704 74 21 hvilka
461 704 117 28 godkänna
593 705 112 21 utskottets
728 704 89 28 förslag,
833 707 60 19 rösta
906 705 39 27 ja;
961 705 30 26 de,
1006 705 36 21 det

211 731 48 21 icke
273 734 60 26 göra,
347 734 60 20 rösta
423 734 48 26 nej;

284 790 79 20 vinner
377 790 41 27 nej,
434 790 41 21 har
490 790 88 22 ståndet
585 791 89 27 förenat
687 791 34 27 sig
732 798 35 14 om
775 790 28 22 hr
811 790 139 22 Sederholms
956 790 84 28 förslag

283 846 165 27 Propositionen
463 848 130 21 besvarades
609 848 49 21 med
673 847 156 27 öfvervägande
847 848 40 26 nej.

282 903 21 27 4)
318 903 48 24 Det,
387 904 76 21 hvilka
483 905 119 27 godkänna
625 905 27 21 hr
678 904 113 28 Wegelius
813 905 90 27 förslag,
925 907 60 19 rösta
998 905 40 27 ja;

211 932 32 26 de,
260 932 35 20 det
309 932 45 21 icke
368 934 60 26 göra,
444 935 59 19 rösta
519 934 49 27 nej;

282 989 78 21 vinner
374 990 41 26 nej,
431 990 42 21 har
487 990 105 28 förslaget
607 990 104 28 förfallit.

282 1046 70 22 Äfven
375 1046 70 22 denna
467 1048 135 26 proposition
618 1048 129 21 besvarades
762 1048 50 21 med
827 1047 157 27 öfvervägande
1000 1048 40 27 nej.

283 1074 89 22 Ståndet
387 1075 54 21 hade
457 1076 83 21 således
556 1076 89 21 beslutit
659 1078 32 19 att
706 1076 115 28 godkänna
835 1076 37 22 det
886 1076 85 27 förslag,
993 1082 47 16 som

210 1102 127 22 framställts
353 1104 32 21 uti
400 1104 40 21 den
457 1104 31 21 till
504 1104 145 22 betänkandet
663 1104 77 28 fogade
752 1105 168 26 reservationen,
929 1104 54 22 dock
991 1105 49 21 med

211 1132 68 21 sådan
304 1132 97 27 ändring,
422 1135 31 19 att
475 1132 32 22 för
522 1140 29 14 nu
567 1133 162 27 ifrågavarande
742 1134 204 26 järnvägsarbetens
962 1133 77 22 bedrif-

210 1161 71 20 vande
304 1161 69 21 under
395 1160 174 28 finansperioden
593 1162 139 21 1906-—1907
749 1162 69 21 skulle
833 1162 109 21 användas
958 1164 31 19 ett
1004 1162 35 21 be-

210 1188 53 27 lopp
279 1189 23 21 af
316 1189 110 26 1,500,000
441 1190 66 21 mark.

281 1246 59 21 Härä
351 1249 94 24 upptogs
454 1247 31 21 till
493 1247 131 27 behandling
635 1247 36 21 det
681 1247 22 21 af
712 1247 105 22 särskilda
825 1247 214 22 ständsmedlemmar

209 1273 116 23 förordade
341 1274 102 28 förslaget
460 1275 30 21 uti
513 1276 40 21 den
577 1276 78 21 nionde
671 1276 31 21 till
718 1276 145 21 betänkandet
879 1275 77 28 fogade
970 1282 70 15 reser-

210 1303 108 26 vationen,
334 1303 89 22 hvarvid
438 1304 61 21 ordet
515 1305 31 20 till
561 1304 56 22 först
632 1305 103 26 begärdes
754 1304 23 21 af

280 1360 25 22 hr
321 1361 165 23 Helander,
509 1368 47 15 som
571 1362 92 27 yttrade:
679 1361 50 22 Kun
745 1361 92 22 olemme
852 1363 38 25 nyt
905 1361 75 22 tulleet
994 1362 44 21 niin

209 1389 93 27 pitkälle,
319 1391 43 19 että
378 1390 155 21 käsittelemme
547 1390 108 22 viimeistä
669 1391 64 20 niistä
748 1390 101 25 radoista,
863 1390 60 27 joille
938 1391 100 21 rautatie-

209 1418 126 21 valiokunta
357 1424 28 15 on
409 1425 128 20 suurempaa
559 1419 110 21 huomiota
685 1421 88 25 pannut,
785 1419 24 26 ja
824 1419 43 21 kun
883 1420 57 20 tämä
955 1419 85 21 arvoisa

209 1448 62 25 sääty
294 1448 37 25 nyt
354 1453 27 15 on
405 1449 109 25 päättänyt
537 1447 188 21 rakennettavaksi
749 1454 54 14 vaan
827 1448 61 20 kaksi
911 1449 64 22 rataa,
994 1447 44 21 niin

208 1475 95 20 voimme
327 1475 119 21 mielestäni
468 1475 60 22 aivan
553 1475 70 27 hyvin,
639 1476 64 21 ilman
719 1477 45 20 että
779 1476 55 21 vielä
849 1475 105 22 olisimme
969 1475 70 21 liiaksi

208 1502 143 27 laajentaneet
367 1504 148 25 rautatietöitä,
527 1506 85 25 päättää
622 1504 73 21 lisäksi
706 1504 69 21 vähän
787 1504 73 27 varoja
872 1504 100 27 kysyvän,
984 1510 54 15 vaan
