1100 1759
60 111 15 17 3
86 115 58 12 mars
357 109 240 22 Järnvägsbyggnader.
852 102 42 21 113

59 179 25 28 ja
106 178 98 28 myöskin
227 179 63 21 viime
311 178 153 28 valtiopäivillä
485 180 82 19 anotun
582 176 311 28 Turun—Uudenkaupungin

62 207 113 23 rautatien.
204 207 80 21 Tämän
300 207 113 26 rautatien,
425 207 54 27 joka
494 206 59 22 tulisi
567 206 128 22 kulkemaan
711 206 86 27 taajasti
814 208 78 18 asutun

61 236 190 22 lounais-Suomen
273 236 50 27 läpi,
342 236 62 26 jossa
427 236 20 20 ei
467 235 56 21 vielä
547 234 34 22 ole
605 235 78 21 mitään
710 234 91 22 tällaisia
816 234 77 21 kulku-

62 264 99 27 neuvoja,
177 264 71 28 pitäisi
263 264 75 22 minun
354 264 122 22 mielestäni
492 264 53 21 tulla
559 263 195 22 rakennettavaksi.

132 293 87 27 Pyydän
242 292 217 27 kunnioittavimmin,
477 294 45 20 että
537 294 57 20 tämä
609 292 124 22 lausuntoni
749 292 51 21 saisi
815 290 78 22 armol-

62 322 55 21 lisen
132 321 108 28 esityksen
255 321 94 22 mukana
364 323 87 20 seurata
467 320 169 22 asianomaiseen
652 320 157 22 valiokuntaan.

133 378 34 22 Hr
189 378 120 22 Luoma:
332 378 51 22 Kun
404 378 50 22 olisi
476 378 119 22 mielestäni
617 378 71 21 varsin
704 378 124 21 valitettava
842 377 51 25 asia,

60 408 38 27 jos
120 407 20 21 ei
159 406 118 28 jatkuvasti
297 407 86 21 voitaisi
397 407 108 21 toimittaa
519 407 52 21 niitä
586 406 142 22 taloudellisia
741 406 24 28 ja
779 405 115 23 teknillisiä

64 436 141 22 tutkimuksia
227 436 116 21 vastaisten
366 436 240 21 rautatierakennusten
625 435 86 26 varalta,
724 435 55 27 joita
793 434 99 28 pidetään

63 464 145 28 tarpeellisina
230 464 23 27 ja
269 464 54 27 joita
340 464 179 22 varhaisemmilla
535 464 152 27 valtiopäivillä
701 470 28 15 on
745 465 82 24 anottu,
843 469 50 21 pyy-

64 493 42 22 dän
121 493 62 21 aivan
199 492 94 28 lyhyesti,
309 492 116 28 yhtymällä
440 492 69 22 siihen
525 493 53 21 mitä
587 492 40 22 hra
636 492 94 22 Mikkola
741 498 28 15 on
780 492 114 21 huomaut-

64 524 68 23 tanut,
155 522 112 21 kiinnittää
288 522 157 21 asianomaisen
469 521 144 22 valiokunnan
635 521 110 21 huomiota
760 520 74 26 siihen,
851 521 44 20 että

64 550 124 22 armollisen
211 550 108 27 esityksen
342 550 13 21 5
374 550 110 22 kohdassa
498 550 161 27 puheenalaista
674 550 129 21 tarkoitusta
819 551 74 19 varten

64 579 113 21 ehdotettu
200 578 125 22 rahamäärä
344 578 91 27 100,000
451 578 102 22 markkaa
567 585 28 15 on
611 579 62 21 aivan
688 578 50 22 liian
754 578 104 21 vähäinen
871 577 24 27 ja

64 610 45 19 että
132 614 23 15 se
173 607 72 27 jälellä
267 607 75 21 olevan
365 607 220 22 varainhoitokauden
600 607 81 21 varalta
696 607 48 21 olisi
759 606 136 22 korotettava

64 636 86 22 ainakin
165 636 209 21 kaksinkertaiseksi.

136 693 32 21 Hr
185 693 228 27 Schybergson:
437 693 36 21 Dä
487 693 71 21 denna
572 692 156 26 remissdebatt,
744 693 72 21 säsom
832 698 26 15 en
874 691 24 22 af

67 722 94 21 talarena
184 722 48 21 med
247 722 100 21 älskvärd
362 721 197 27 öppenhjärtlighet
572 722 90 26 yppade,
677 721 40 21 fätt
731 721 128 21 karaktären
874 720 24 22 af

66 753 33 19 att
114 752 76 25 utgöra
205 753 31 18 ett
251 750 56 27 slags
323 752 102 25 surrogat
439 750 34 21 för
489 750 41 21 den
543 750 152 27 petitionsrätt,
705 750 86 21 hvilken
802 752 23 19 är
837 751 58 19 stän-

67 779 67 21 derna
156 779 35 21 vid
212 779 78 21 urtima
305 778 103 28 landtdag
422 778 117 26 förmenad,
555 784 64 16 anser
631 778 39 28 jag
685 779 35 21 det
736 785 51 15 vara
802 778 46 21 skäl
863 780 34 19 att

68 808 65 21 redan
157 808 31 20 uti
211 808 58 20 detta
285 807 155 27 sammanhang
455 810 96 24 upptaga
566 808 41 20 den
623 806 22 22 af
658 807 25 21 hr
698 807 90 21 Renvall
804 806 91 22 berörda

67 836 81 27 frägan,
170 836 105 21 huruvida
296 836 36 21 det
347 838 24 19 är
386 836 102 26 förenligt
503 836 48 21 med
566 836 234 27 landtdagsordningen
815 838 32 18 att
859 834 36 22 vid

68 871 27 15 en
118 864 78 22 urtima
214 864 102 28 landtdag
331 864 31 22 till
377 864 132 28 behandling
524 867 95 25 upptaga
633 864 67 22 andra
711 863 185 29 järnvägsförslag

69 896 27 19 än
119 894 26 21 de
167 893 23 22 af
203 894 125 26 regeringen
347 894 157 27 proponerade.
535 894 42 21 Det
592 896 24 18 är
629 894 24 26 ju
670 894 83 24 bekant,
769 896 31 18 att
815 899 82 15 samma

68 922 62 28 fräga
151 922 61 21 äfven
235 922 36 22 vid
293 922 50 22 vära
366 922 89 28 lagtima
478 922 127 27 landtdagar
620 923 55 21 varit
688 922 89 22 föremäl
792 922 33 21 för
841 921 56 22 olika

69 951 118 27 meningar.
217 951 38 24 De,
271 957 46 15 som
333 951 61 21 hällit
408 951 27 27 pä
451 957 27 15 en
493 957 71 15 annan
581 951 54 21 bana
650 953 26 19 än
687 951 41 21 den
739 951 23 21 af
770 950 127 28 regeringen

69 979 129 27 föreslagna,
220 979 63 21 hafva
305 980 99 26 vanligen
427 982 73 18 ansett
522 980 116 20 ständerna
655 980 49 20 fullt
719 979 132 27 berättigade
867 981 32 19 att

70 1008 76 27 frängä
168 1008 168 27 propositionen,
359 1008 33 25 de,
409 1014 46 15 som
473 1008 96 21 däremot
584 1008 60 21 hällit
658 1008 28 27 pä
700 1008 139 27 regeringens
857 1007 42 21 för-

71 1037 53 27 slag,
146 1036 63 22 hafva
224 1039 71 19 ansett
313 1037 37 21 det
365 1037 68 21 strida
448 1039 47 19 mot
509 1037 240 27 landtdagsordningen.
779 1037 43 21 Det
837 1038 24 19 är
875 1036 24 27 ju

71 1072 29 14 nu
116 1071 26 15 en
156 1066 57 26 gäng
228 1066 24 20 sä
267 1066 36 20 det
317 1068 57 18 mest
390 1066 37 26 gär
443 1065 31 21 till
490 1066 7 20 i
509 1065 181 27 järnvägsfrägor.

141 1094 51 21 Som
216 1094 67 27 sagdt,
305 1094 70 21 denna
396 1094 62 26 fråga
480 1094 39 21 har
541 1094 55 21 varit
614 1094 68 21 under
698 1094 73 21 debatt
785 1093 62 22 äfven
864 1093 36 21 vid

72 1122 87 27 lagtima
181 1122 131 27 landtdagar,
333 1122 40 22 och
396 1123 36 21 det
455 1122 39 22 har
516 1122 82 22 funnits
618 1122 81 28 många,
715 1129 46 15 som
777 1125 76 22 ansett,
869 1124 32 19 att

72 1151 116 21 ständerna
207 1152 46 26 gätt
267 1150 83 22 utöfver
366 1151 34 21 sin
415 1151 136 27 befogenhet,
567 1151 26 21 dä
608 1151 27 22 de
650 1151 88 21 beslutit
753 1151 40 21 och
807 1150 94 27 anslagit

72 1180 70 21 medel
164 1179 33 22 för
219 1180 67 21 andra
308 1180 62 26 linjer
389 1182 27 19 än
432 1180 49 21 dem
497 1180 127 27 regeringen
640 1182 137 25 proponerat,
791 1179 40 22 och
847 1178 55 23 dock

73 1208 39 21 bör
128 1208 36 22 det
178 1208 91 26 märkas,
284 1210 32 20 att
330 1208 36 21 vid
382 1208 88 27 lagtima
480 1208 102 27 landtdag
593 1208 115 22 ständerna
717 1208 63 21 hafva
790 1208 111 27 möjlighet

73 1237 32 21 till
126 1237 90 21 initiativ
239 1243 77 21 genom
339 1237 141 27 begagnande
498 1237 23 21 af
534 1237 171 27 petitionsrätten
721 1236 40 22 och
777 1243 76 20 genom
870 1238 32 20 att

73 1265 63 21 äfven
155 1266 84 21 utskott
253 1272 62 15 anses
331 1272 50 15 vara
397 1266 134 26 berättigade
546 1268 32 18 att
591 1265 118 21 framställa
723 1266 114 26 petitioner
853 1265 7 21 i
875 1264 27 22 de

74 1294 100 26 ärenden,
190 1300 47 16 som
253 1294 51 27 eljes
319 1294 91 21 kommit
425 1294 70 22 under
511 1294 49 22 dess
576 1294 135 26 behandling.

143 1322 43 22 Det
201 1322 69 22 skulle
285 1322 91 22 sälunda
391 1329 71 21 synas,
478 1329 47 15 som
541 1329 35 15 om
592 1322 65 22 saken
669 1322 67 22 skulle
748 1322 57 28 ligga
815 1322 88 22 alldeles

74 1351 42 26 illa,
131 1351 26 21 dä
173 1351 36 21 det
223 1351 66 27 gäller
303 1357 27 15 en
346 1352 79 20 urtima
439 1351 108 27 landtdag,
564 1358 46 14 som
626 1358 34 14 om
677 1352 20 20 vi
712 1351 57 27 törty
779 1351 46 21 icke
835 1350 70 22 skulle

74 1380 74 21 kunna
169 1380 84 26 uttänja
274 1380 191 26 bestämningarna
487 1380 8 21 i
509 1380 232 27 landtdagsordningen
761 1380 86 24 därhän,
865 1381 39 23 att,

74 1408 57 22 huru
153 1408 118 22 önskvärdt
293 1408 36 22 det
351 1410 27 19 än
401 1408 73 22 kunde
497 1414 70 21 synas,
582 1408 67 22 andra
665 1408 65 22 banor
747 1408 68 22 skulle
831 1408 74 21 kunna

75 1436 86 22 komma
183 1437 68 21 under
274 1436 163 28 öfverläggning
460 1439 27 19 än
503 1437 32 26 de,
551 1436 71 22 hvilka
636 1436 89 22 föresläs
741 1437 7 21 i
763 1437 141 27 regeringens

76 1466 141 26 proposition.
246 1466 42 26 Jag
312 1465 36 21 vill
368 1466 28 20 dä
419 1468 78 24 genast
519 1467 56 25 säga,
591 1468 32 18 att
638 1466 40 25 det,
693 1466 28 26 pä
736 1465 80 21 hvilket
831 1471 52 15 man
899 1464 8 21 i

76 1494 115 21 allmänhet
205 1494 8 20 i
228 1494 70 21 denna
312 1493 60 27 fräga
387 1494 73 26 häller,
476 1494 108 26 nämligen
599 1494 101 21 rubriken
715 1493 33 22 för
763 1494 141 26 regeringens

826 1533 11 18 8
