1103 1759
83 109 29 17 24
124 110 55 20 april
374 109 237 21 Järnvägsbyggnader.
870 101 41 21 241

84 177 48 22 icke
144 178 167 26 uleåborgarena
323 178 55 21 varit
393 178 24 21 så
431 177 173 26 förtänksamma,
620 179 33 19 att
667 177 26 21 de
709 179 85 25 apterat
810 176 26 22 all
853 176 59 22 mark

85 205 63 22 äfven
172 207 36 21 vid
230 206 72 22 Vaala.
332 206 33 22 De
388 206 62 22 hafva
472 206 24 22 så
511 206 63 27 gjort,
590 212 49 15 men
655 206 40 21 den
712 205 90 28 lyckliga
818 207 93 19 omstän-

85 234 101 27 digheten
209 234 120 26 förefinnes,
352 237 32 19 att
407 235 69 21 banan
499 235 85 21 komme
607 237 31 19 att
657 234 57 22 sluta
729 234 38 22 där
783 233 129 22 kronomark

84 262 71 22 finnes
177 263 39 22 och
240 263 37 21 där
299 264 84 21 således
405 263 95 22 tillfällen
516 263 68 22 finnas
600 263 32 21 för
648 262 98 22 enskilda
760 268 104 22 personer
879 262 32 22 för

84 292 135 27 anläggande
234 291 22 22 af
269 292 98 27 sågvärk.

155 320 53 25 Den,
232 326 45 16 som
293 321 66 26 något
375 322 24 20 är
414 320 50 22 inne
479 321 7 21 i
501 320 190 23 trävarurörelsen,
707 323 40 22 vet,
762 321 32 20 att
809 320 36 21 det
862 320 50 26 pris,

85 355 48 15 som
157 355 28 15 nu
208 349 81 21 betalas
311 349 34 21 för
368 348 60 22 virke
450 355 46 15 som
519 348 95 22 befinner
630 349 34 27 sig
679 348 97 22 ofvanför
792 348 119 25 Uleåträsk,

86 376 89 28 ungefär
197 378 19 21 3:
238 377 28 21 50
281 384 38 20 per
339 381 62 23 stam,
417 379 24 20 är
456 378 49 27 lågt,
521 377 107 27 nämligen
644 377 32 22 för
692 377 76 21 sådant
784 377 64 25 virke,
864 383 46 15 som

85 406 29 28 på
136 407 11 20 7
171 409 67 18 meter
260 406 60 27 fyller
343 406 64 26 22!/;
430 407 123 21 centimeter
576 406 40 22 och
632 406 103 21 däröfver.
765 406 38 22 Uti
818 406 93 20 kronans

86 434 79 28 skogar
187 434 68 22 finnas
279 435 118 21 emellertid
419 435 12 21 7
454 435 106 21 millioner
576 434 61 22 stock
652 435 35 21 vid
703 435 36 21 det
754 436 158 25 vattensystem,

86 470 47 15 som
156 462 68 22 finnes
247 463 97 21 ofvanför
367 464 121 21 Uleåträsk.
518 464 30 21 Få
571 464 21 21 vi
614 470 41 20 nya
675 463 92 27 sågvärk
790 463 35 21 vid
841 462 71 26 Vaala,

85 492 92 27 uppstår
192 492 134 22 konkurrens
342 492 40 22 och
397 492 69 22 virket
481 493 66 27 stiger
562 492 7 21 i
585 492 51 27 pris.
666 492 43 21 Det
724 492 61 21 torde
800 492 45 21 icke
862 498 50 14 vara

87 526 26 16 en
136 520 125 28 sangvinisk
282 520 145 28 förhoppning
450 523 31 19 att
504 521 64 21 tänka
590 521 39 27 sig,
645 522 31 20 att
691 527 26 15 en
734 520 143 28 prisstegring
892 519 22 22 af

86 549 77 21 endast
187 555 27 15 en
240 549 59 21 mark
322 556 38 20 per
383 550 48 21 träd
454 550 68 21 skulle
545 550 69 21 ernås.
644 550 65 20 Detta
725 551 63 25 utgör
803 548 66 22 redan
886 554 25 16 en

87 577 188 28 värdeförhöjning
296 578 23 21 af
339 578 94 22 kronans
456 578 104 28 egendom
585 578 49 22 med
649 578 12 21 7
677 578 105 21 millioner
798 578 59 21 mark
873 577 39 22 och

85 606 61 22 detta
161 606 76 22 endast
253 606 130 22 beträffande
398 607 40 21 den
455 614 78 20 mogna
549 606 107 28 sågstock,
671 613 47 15 som
733 605 121 23 förefinnes.

155 635 58 27 Taga
237 635 21 21 vi
273 635 45 21 åter
333 636 132 26 klenskogen
480 636 6 21 i
503 635 146 26 betraktande,
665 636 24 20 så
703 637 23 19 är
742 635 37 21 det
793 634 71 26 kändt,
881 637 32 19 att

85 663 106 27 klenskog
211 664 46 20 icke
272 664 38 21 alls
326 664 41 21 kan
384 664 160 27 tillgodogöras,
560 670 35 15 om
612 664 40 21 den
668 664 54 21 skall
737 664 57 27 ligga
809 664 24 21 så
848 663 62 27 länge

86 698 47 16 som
157 692 36 21 två
215 692 24 21 år
261 692 6 21 i
289 695 78 19 vatten.
397 693 47 21 Den
468 693 94 27 sjunker.
592 693 50 21 Men
657 692 32 22 till
704 692 66 22 Vaala
785 692 41 22 kan
842 692 71 21 virket

86 720 33 22 till
138 720 39 22 och
193 721 48 21 med
256 720 46 22 från
321 721 122 22 Uleåträsks
459 721 116 21 källvatten
591 720 57 22 föras
663 721 28 27 på
706 727 26 15 en
748 721 55 21 enda
818 727 93 15 sommar

87 749 40 21 och
149 749 86 21 kortare
257 750 37 21 tid.
325 750 79 21 Finnes
426 750 26 21 då
472 750 92 27 järnväg
578 750 47 21 från
641 750 72 25 Vaala,
729 756 45 15 som
790 749 42 21 kan
847 748 66 22 forsla

87 778 37 21 det
139 778 72 21 vidare
226 778 53 21 fram
295 778 31 21 till
342 778 63 22 hamn
422 779 35 21 vid
473 778 77 24 hafvet,
569 778 33 22 får
623 778 135 27 naturligtvis
778 778 58 22 detta
852 778 60 21 virke

88 806 65 22 också
175 810 30 18 ett
229 807 70 26 värde,
316 807 39 21 och
371 809 31 19 ett
417 814 47 14 som
480 807 45 21 icke
540 809 24 19 är
580 807 24 21 så
619 808 66 26 ringa.
715 807 42 21 För
772 809 32 19 att
819 807 7 21 i
841 806 72 27 någon

88 836 49 20 mån
160 835 105 27 klargöra,
279 835 71 21 hvilka
365 836 103 26 mängder
483 836 23 21 af
519 836 109 21 klenvirke
643 842 29 15 nu
688 835 68 22 finnas
772 836 7 20 i
794 835 119 21 kronosko-

89 870 66 21 garna
177 864 40 21 och
240 864 37 21 där
299 864 57 27 ligga
378 864 129 28 fullkomligt
529 864 117 26 värdelösa,
665 864 23 27 ja
703 864 27 27 på
745 870 25 15 en
787 864 34 21 del
838 864 75 21 ställen

88 892 32 22 till
136 892 71 26 skada,
223 892 37 21 ber
273 892 38 28 jag
325 892 20 22 få
361 892 80 27 anföra,
456 896 32 18 att
503 893 94 21 kronans
614 893 123 27 skogsareal
748 894 63 26 utgör
823 892 91 26 578,000

87 920 76 22 hektar
186 924 58 18 torra
267 921 82 21 marker
367 922 40 21 och
427 922 26 21 de
470 922 66 21 sanka
551 922 112 21 markerna
679 922 82 26 uppgår
777 921 31 21 till
824 920 91 26 444,000

88 949 81 26 hektar,
192 950 45 21 icke
260 950 110 26 tunnland,
393 950 40 22 och
456 952 64 25 utgör
542 950 82 22 således
643 950 137 22 totalarealen
804 949 109 26 1,022,000

89 978 82 21 hektar.
202 978 30 21 På
258 978 25 21 de
307 978 67 22 sanka
389 979 112 21 markerna
517 981 63 19 växer
596 985 27 15 en
638 978 92 28 tallskog
745 978 39 22 och
800 978 113 27 granskog,

89 1006 85 22 hvilken
197 1007 69 27 aldrig
288 1008 83 26 uppnår
388 1008 80 20 sådana
483 1008 149 25 dimensioner,
648 1010 31 19 att
694 1008 41 20 den
750 1007 41 21 kan
805 1007 108 21 användas

89 1035 32 21 till
145 1036 104 26 sågstock,
273 1038 50 18 utan
347 1036 98 21 uttorkar
464 1036 41 22 den
521 1036 27 27 på
563 1039 35 18 rot
613 1036 65 22 redan
693 1042 47 15 som
756 1036 54 26 klen,
826 1035 40 22 och
881 1035 33 22 så-

90 1064 41 21 dan
155 1064 58 27 slags
236 1064 55 27 skog
313 1066 23 19 är
359 1064 83 22 således
467 1064 33 22 för
516 1065 132 21 närvarande
663 1064 129 28 fullkomligt
808 1064 107 22 värdelöst

90 1093 103 21 material.
223 1093 85 21 Tänker
333 1100 49 14 man
399 1094 38 26 sig,
453 1096 32 18 att
499 1094 28 26 på
542 1094 26 20 de
583 1094 67 21 sanka
665 1094 112 20 markerna
793 1092 69 22 skulle
877 1092 38 22 fin-

90 1128 39 14 nas
153 1122 75 20 endast
251 1128 25 14 en
293 1122 24 20 så
331 1122 62 27 ringa
408 1122 105 21 kvantitet
528 1128 46 15 som
592 1122 27 21 10
634 1122 133 21 kubikmeter
783 1128 37 21 per
836 1121 79 25 hektar,

91 1150 81 21 hvilket
195 1150 33 20 väl
250 1150 62 27 ingen
337 1150 42 22 kan
395 1152 51 25 säga
462 1152 24 20 är
501 1150 138 22 öfverdrifvet
654 1150 145 28 uppskattadt.
814 1150 40 22 och
870 1152 45 19 tän-

90 1178 39 22 ker
152 1184 49 16 man
217 1179 34 27 sig
265 1179 80 26 vidare,
361 1181 32 19 att
408 1179 70 21 virket
493 1180 26 26 på
535 1180 71 26 grund
622 1179 64 26 däraf,
701 1182 32 18 att
748 1185 26 15 en
791 1179 34 21 del
840 1180 24 20 är
880 1178 35 22 be-

90 1207 58 27 läget
168 1208 35 20 vid
226 1207 131 22 källvattnen
381 1208 40 21 och
443 1208 71 21 därför
530 1208 68 21 måste
614 1208 66 27 draga
695 1214 26 15 en
736 1208 50 26 lång
801 1209 115 25 transport,

91 1235 70 22 skulle
176 1236 81 21 betalas
273 1236 48 21 med
337 1236 76 22 endast
430 1237 9 20 1
457 1236 61 22 mark
533 1242 38 22 per
586 1236 140 26 kubikmeter,
738 1236 80 22 hvilket
829 1236 44 26 pris
884 1235 33 21 för

91 1264 41 22 den
156 1270 46 16 som
226 1266 23 20 är
270 1264 49 22 inne
338 1265 7 21 i
361 1264 163 22 trävaruaffärer
540 1265 38 21 bör
594 1271 64 21 synas
673 1265 50 27 lågt,
739 1265 27 21 då
780 1265 41 21 han
835 1264 24 27 ju
876 1266 41 23 vet,

91 1295 32 19 att
145 1298 26 16 en
188 1292 117 28 stubbhyra
320 1292 23 22 af
356 1294 13 20 2
384 1294 65 24 mark,
466 1294 19 20 2:
500 1294 29 21 50
544 1294 12 20 å
571 1294 13 21 3
600 1294 61 21 mark
675 1293 33 22 för
723 1293 134 27 pappersved
878 1292 39 22 och

91 1327 67 21 props
174 1323 23 19 är
214 1322 76 26 vanlig,
307 1322 68 21 skulle
391 1322 59 21 detta
465 1322 59 21 virke
539 1322 21 21 få
574 1325 32 19 ett
621 1322 64 22 värde
697 1322 23 22 af
728 1322 112 26 4,440,000
851 1321 66 26 mark,

92 1350 20 21 d.
129 1356 18 15 v.
163 1356 17 15 s.
195 1350 94 21 kronans
309 1350 147 28 skogskapital
472 1350 68 22 skulle
556 1351 45 21 åter
617 1350 131 22 beträffande
763 1351 58 21 detta
837 1350 80 21 virkes-

92 1378 47 27 slag
161 1378 52 22 ökas
236 1379 48 21 med
299 1379 77 21 nämda
392 1385 90 15 summa.
512 1379 30 21 Af
554 1379 25 21 hr
596 1379 147 27 Schybergson
758 1379 38 21 har
812 1379 65 21 redan
892 1378 26 21 ti-

92 1407 74 27 digare
188 1406 125 22 framhällits
337 1407 72 22 vikten
431 1407 23 21 af
474 1410 32 19 att
528 1408 82 27 skogen
626 1408 77 27 gallras
719 1410 54 19 samt
788 1408 55 21 huru
860 1407 59 21 detta

93 1437 23 19 är
132 1437 31 20 ett
177 1436 87 21 alldeles
280 1436 131 27 nödvändigt
427 1436 76 21 villkor
518 1436 33 22 för
564 1443 26 15 en
601 1436 96 22 räntabel
709 1436 209 27 skogshushållning.

93 1464 83 21 Hittills
199 1464 37 21 har
259 1464 28 21 all
311 1464 106 28 klenskog
431 1465 27 27 på
474 1465 70 27 grund
560 1464 22 22 af
595 1468 31 18 att
642 1465 117 21 klenvirket
774 1464 98 27 omöjligt
887 1464 32 21 fås

93 1492 31 21 till
140 1492 77 26 hafvet,
232 1492 62 22 äfven
310 1493 36 21 det
361 1499 47 15 som
425 1493 135 27 gallringsvis
576 1494 72 21 kunde
663 1496 84 24 uttagas
763 1493 45 21 från
824 1493 95 21 kronans

830 1532 21 18 16
