1109 1761
66 119 28 17 80
108 119 54 20 april
335 111 290 34 Kommunikationsfonden.
851 112 41 20 411

68 194 37 20 gar
121 186 39 22 och
172 187 7 20 i
190 186 59 27 fråga
264 193 34 15 om
315 186 79 22 antalet
409 186 135 27 tjänstemän.
570 187 33 21 Hr
618 186 102 21 Neovius'
735 186 81 27 förslag
831 186 62 20 berör

68 216 76 21 endast
167 216 40 20 den
231 221 40 15 ena
289 216 59 20 sidan
364 214 23 22 af
401 215 70 26 saken,
487 215 39 21 och
542 216 7 20 i
565 215 73 27 hvarje
653 215 102 21 händelse
771 220 63 21 synes
850 214 44 27 mig

68 244 120 26 betänkligt
202 246 32 18 att
249 244 24 20 så
288 244 38 21 här
341 243 122 21 oförberedt
479 244 25 26 gå
520 244 20 20 in
557 244 28 26 på
600 246 31 18 ett
645 243 87 27 förslag,
747 250 54 17 som,
811 249 34 15 om
858 243 36 21 det

68 272 65 22 också
156 272 46 21 icke
225 274 22 19 är
273 272 92 27 oriktigt,
381 272 35 21 vid
431 274 98 19 närmare
544 272 135 21 betänkande
694 272 40 20 kan
751 271 96 21 befinnas
863 271 30 21 åt-

68 301 108 21 minstone
192 300 154 27 ofullständigt.
375 301 38 20 Ett
428 303 73 18 votum
517 300 23 21 af
548 300 179 27 borgareståndet
737 300 6 21 i
754 300 70 21 denna
834 299 60 26 fråga

68 331 24 20 är
114 329 88 21 alldeles
225 329 32 21 för
272 329 123 21 allvarsamt
414 328 33 22 för
463 331 30 19 att
509 329 20 21 vi
545 329 61 21 skola
621 329 73 21 kunna
708 329 85 21 besluta
809 335 36 14 oss
861 327 32 22 för

68 358 37 21 det
120 358 55 21 blott
190 358 28 27 på
233 358 67 26 grund
315 357 22 22 af
350 360 31 19 ett
395 357 95 28 yrkande
505 358 69 21 under
589 357 106 22 debatten.

138 415 33 20 Hr
187 415 159 26 Hallberg,
358 415 142 21 Mauritz:
517 415 45 26 Mig
569 414 106 21 förefaller
684 414 64 21 också
756 414 25 21 hr
791 413 103 22 Neovius”

68 443 82 27 förslag
172 443 7 21 i
202 443 70 27 någon
288 443 48 21 mån
356 443 123 26 betänkligt.
510 443 43 21 Det
568 445 23 19 är
603 443 25 27 ju
644 443 124 26 visserligen
784 442 63 26 fallet,
863 444 32 19 att

70 472 117 21 ständerna
209 472 46 21 icke
277 471 63 22 hafva
361 471 50 26 haft,
427 472 18 26 ej
463 472 65 21 häller
544 471 63 22 hafva
622 472 7 21 i
644 472 47 21 sina
706 471 80 22 händer
801 471 94 21 faststäl-

70 500 72 21 landet
157 500 23 21 af
193 501 80 26 budget
288 500 32 21 för
337 500 201 27 statsjärnvägarna.
569 501 48 20 Men
630 500 115 21 ständerna
755 499 62 22 hafva
827 500 7 20 i
845 499 50 22 stäl-

70 529 30 21 let
123 535 76 20 genom
223 529 36 21 sitt
275 529 138 21 statsutskott
428 532 65 24 egnat
505 529 261 27 järnvägsförvaltningen
783 535 25 14 en
825 528 24 21 så
864 528 31 21 in-

71 557 82 27 gående
176 557 137 27 granskning,
337 564 46 15 som
399 558 55 21 varit
470 558 82 27 möjligt
568 558 48 21 med
632 557 81 27 hänsyn
729 557 31 21 till
777 557 39 21 den
833 557 63 26 långa

70 586 37 25 tid,
130 592 46 15 som
199 585 90 22 förflutit
311 586 76 21 mellan
404 586 161 27 landtdagarna.
594 586 95 21 Alldeles
705 586 101 21 särskildt
820 592 38 14 var
871 585 25 27 ju

70 614 59 22 tiden
151 614 77 21 mellan
253 614 54 22 1900
330 614 39 22 och
393 614 55 22 1904
463 615 34 21 års
513 615 126 26 landtdagar
655 614 55 27 lång,
726 614 39 21 och
781 616 31 19 att
829 614 67 21 under

71 643 65 21 dessa
153 643 64 27 långa
232 643 122 21 intervaller
369 649 26 15 en
411 643 43 27 hop
470 643 199 21 missförhållanden
686 643 72 21 kunna
772 643 70 21 inrota
858 642 38 32 sig,

71 671 71 22 hvilka
166 672 83 21 således
273 672 86 21 alldeles
383 671 33 22 för
432 675 49 18 sent
495 672 91 21 kommit
601 672 68 20 under
685 672 133 26 behandling,
835 672 23 20 är
871 670 25 27 ju

71 703 69 22 sannt,
152 706 49 15 men
217 700 48 22 med
281 700 40 21 den
338 706 40 21 nya
393 700 290 33 representationsreformen
699 700 39 21 och
753 700 67 27 årliga
828 700 68 20 landt-

67 725 71 41 dagar
152 729 70 21 måste
237 735 49 15 man
302 729 34 21 väl
351 731 83 24 antaga,
450 732 32 18 att
497 729 199 27 representationen
713 729 39 21 kan
769 728 39 22 och
819 728 52 21 vill
865 734 32 14 in-

72 758 62 26 gripa
148 757 65 26 alltid,
225 758 27 20 då
267 757 93 27 detaljer,
377 759 69 19 större
461 758 52 21 eller
529 758 88 24 mindre,
632 757 95 21 förefalla
742 757 41 21 den
799 756 98 22 anmärk-

72 786 136 26 ningsvärda.
238 786 38 21 Att
299 792 28 15 nu
344 785 101 22 särskildt
460 788 49 25 taga
524 786 69 21 under
608 781 129 43 behandling
753 785 24 21 hr
793 783 104 23 Neovius'

71 814 82 27 förslag
168 821 63 20 synes
248 814 44 27 mig
306 814 65 21 också
385 814 72 21 därför
472 814 73 22 kunna
558 814 110 21 betraktas
684 814 70 21 såsom
766 814 94 26 onödigt,
871 813 27 21 då

71 843 129 27 regeringen
216 843 44 21 helt
275 843 84 27 nyligen
375 843 27 26 på
418 843 70 26 grund
503 843 23 21 af
540 843 127 21 ständernas
683 843 34 20 vid
733 845 86 19 senaste
829 842 68 21 landt-

72 871 43 26 dag
130 871 95 21 uttalade
241 871 160 27 önskningsmål
417 871 77 21 tillsatt
509 878 26 14 en
551 871 146 25 kommission,
713 877 46 15 som
774 877 50 20 eger
836 877 61 20 gran-

72 900 40 20 ska
132 900 261 26 järnvägsförvaltmingen
415 900 6 20 i
437 900 41 21 alla
493 900 50 21 dess
560 900 63 24 delar,
639 900 82 21 således
737 900 45 20 icke
798 899 54 21 blott
867 899 30 21 in-

73 928 126 22 komsterna
222 931 50 19 utan
296 928 61 22 äfven
378 928 121 27 utgifterna.
529 929 40 21 Att
590 928 145 22 inkomsterna
756 928 47 21 icke
818 927 80 22 vuxit
887 923 15 37 i

72 963 83 15 samma
171 957 53 27 grad
239 963 46 15 som
302 956 115 28 utgifterna
433 958 65 26 stigit,
514 959 23 19 är
550 957 25 27 ju
591 960 63 18 sannt
675 956 38 22 och
731 956 86 22 alldeles
829 956 69 21 märk-

73 985 45 27 ligt,
132 992 35 15 om
184 992 48 14 man
245 985 78 27 jämför
339 986 160 21 förhållandena
515 986 38 21 här
569 986 47 21 med
633 986 47 21 dem
695 985 7 21 i
717 985 48 21 vårt
780 984 119 28 grannland

74 1013 94 28 Sverige.
198 1014 49 21 Men
261 1014 36 21 det
311 1014 64 21 beror
390 1020 43 20 nog
449 1014 72 27 därpå,
537 1017 32 19 att
584 1015 19 20 vi
619 1014 49 21 från
686 1014 53 21 1897
755 1013 58 27 fingo
829 1020 26 14 en
872 1019 27 21 ny

74 1044 53 24 taxa,
144 1049 47 15 som
207 1043 144 27 synnerligast
365 1043 56 21 hvad
437 1043 134 21 vidkommer
586 1042 230 28 passageraretrafiken
827 1048 38 15 var
877 1041 24 21 så

73 1070 41 28 låg,
130 1074 37 23 att,
182 1071 54 21 efter
251 1071 38 21 allt
305 1071 54 21 hvad
375 1078 48 14 man
440 1071 41 21 kan
497 1072 97 26 bedöma,
603 1072 69 20 denna
683 1070 61 22 trafik
755 1071 87 21 alldeles
854 1070 47 22 icke

74 1100 82 21 betalar
179 1100 39 27 sig.
248 1100 33 21 En
302 1100 117 24 kommitté,
435 1106 47 15 som
498 1100 23 21 af
531 1100 209 27 järnvägsstyrelsen
756 1100 96 21 nedsatts
868 1099 33 21 för

73 1128 88 27 angifna
176 1128 64 22 orsak
256 1128 38 22 och
310 1135 89 15 numera
413 1128 114 22 inkommit
543 1129 48 21 med
607 1129 38 21 sitt
661 1128 131 21 betänkande
803 1128 31 21 till
842 1128 59 26 järn-

76 1157 158 26 vägsstyrelsen
259 1157 39 21 och
320 1157 81 26 hvarpå
420 1157 209 32 järnvägsstyrelsen
653 1157 93 26 grundar
769 1157 37 20 sitt
820 1156 81 26 förslag

75 1191 34 15 om
126 1191 26 15 en
168 1185 179 27 tarifförändring,
363 1185 76 22 hvaraf
452 1186 20 20 vi
489 1186 52 26 sågo
557 1185 84 32 nyligen
655 1185 94 27 utdrag
738 1181 11 40 i
759 1185 143 26 tidningarna,

76 1214 70 21 denna
168 1213 112 22 kommitté
303 1213 66 26 anför,
393 1214 103 21 hurusom
523 1221 25 14 en
565 1214 23 21 af
601 1214 170 27 tjänstemännen
787 1213 34 22 vid
838 1215 63 19 stats-

71 1242 147 27 järnvägarna
237 1242 59 27 gjort
310 1243 144 26 beräkningar
469 1243 110 26 angående
595 1243 146 26 fördelningen
757 1242 22 21 af
793 1241 109 22 driftkost-

76 1271 94 21 naderna
185 1271 77 21 mellan
278 1277 149 21 passagerare-
443 1271 40 21 och
499 1271 152 27 godstrafiken,
662 1271 38 21 och
716 1271 38 20 har
769 1271 42 20 han
827 1269 76 22 därvid

76 1299 91 21 kommit
192 1299 31 22 till
245 1300 37 21 det
298 1299 93 27 sorgliga
407 1299 119 22 resultatet.
541 1302 32 19 att
588 1299 229 28 passageraretrafiken
834 1298 69 22 skulle

78 1327 70 22 lämna
164 1330 31 19 ett
211 1328 71 21 minus
298 1328 23 21 af
334 1328 13 21 3
362 1328 107 21 millioner
485 1329 59 20 mark
561 1335 33 14 om
611 1329 51 20 året.
695 1328 76 21 Denna
785 1327 119 26 beräkning

72 1356 71 27 jäfvas
167 1356 118 21 emellertid
309 1356 23 21 af
352 1356 127 21 kommittén
503 1357 28 27 på
551 1357 106 21 indirekta
672 1356 51 21 skäl.
754 1356 88 21 Direkta
858 1355 46 22 skäl

78 1387 51 24 säga
152 1385 26 21 de
201 1385 34 26 sig
257 1385 46 21 icke
325 1385 73 21 kunna
418 1385 63 27 gifva,
497 1386 89 21 emedan
603 1392 47 14 man
666 1385 46 21 icke
727 1385 38 21 bar
780 1385 70 26 någon
867 1383 36 22 all-

76 1415 60 19 mänt
160 1413 80 21 erkänd
263 1414 58 26 regel
343 1413 33 21 för
397 1413 148 22 fastställande
561 1413 22 21 af
596 1413 141 21 förhållandet
751 1413 77 21 mellan
844 1412 60 21 drift-

76 1441 147 22 kostnaderna
245 1442 26 20 de
295 1442 56 21 olika
367 1448 106 20 grenarna
489 1442 96 25 emellan,
601 1448 48 15 men
665 1442 6 20 i
686 1442 41 20 alla
742 1441 35 21 fall
793 1441 66 27 pekar
875 1440 29 21 äf-

78 1476 40 15 ven
142 1470 35 21 det
200 1476 29 15 nu
253 1469 89 22 anförda
361 1470 87 25 därhän,
463 1472 33 19 att
511 1477 25 14 en
552 1470 123 27 förhöjning
689 1469 23 22 af
725 1469 70 22 denna
810 1468 58 22 tariff
881 1471 24 18 är

77 1499 130 26 nödvändig.
237 1499 47 20 Den
309 1498 100 21 behöfver
430 1499 45 21 icke
492 1498 64 22 blifva
572 1499 23 21 så
610 1501 45 19 stor
671 1499 27 26 på
713 1498 26 21 de
755 1497 96 22 enskilda
866 1497 39 21 bil-
