1106 1761
88 114 26 17 27
126 113 56 20 april
382 111 237 22 Järnvägsbyggnader.
875 103 41 22 359

89 182 49 21 med
161 183 97 19 närmare
279 181 43 21 200
342 186 109 21 personer.
481 180 73 21 Kaskö
570 179 38 22 har
623 179 45 22 icke
684 179 66 22 häller
765 179 78 22 hunnit
858 178 59 27 långt

88 211 28 26 på
133 210 41 21 120
189 209 29 25 år,
233 209 45 21 icke
293 210 73 26 längre
382 211 27 18 än
425 209 31 20 till
472 209 42 21 800
529 209 39 20 och
584 208 67 27 några
666 208 66 24 tiotal,
750 208 40 21 och
810 207 69 22 under
890 207 26 20 de

90 240 85 20 senaste
199 238 27 21 25
246 238 51 21 åren
317 238 38 21 har
370 237 151 27 folkmängden
537 237 61 21 ökats
614 237 49 21 med
680 237 39 21 101
736 237 107 21 invånare.
875 235 42 21 Det

89 269 36 20 rör
141 267 33 27 sig
189 266 61 21 äfven
266 266 38 22 här
320 273 33 15 om
370 266 47 21 små
432 266 84 27 belopp,
532 272 34 15 om
583 265 61 22 äfven
661 266 35 21 det
711 267 86 20 senaste
807 264 110 21 kvartsek-

89 297 41 19 lets
153 295 90 21 resultat
266 295 60 21 sakta
341 295 82 26 skjuter
439 294 55 21 fram
510 294 79 21 Kaskö.
620 294 50 21 Icke
686 294 66 20 häller
768 294 63 20 dessa
847 292 70 22 siffror

90 324 79 21 önskar
189 324 37 26 jag
248 323 89 21 tillmäta
359 323 70 27 någon
446 322 116 28 afgörande
577 322 109 28 betydelse
701 322 33 21 för
750 322 41 21 den
806 321 61 27 fråga
882 321 35 21 de-

90 353 73 21 batten
187 352 121 26 egentligen
328 352 71 27 gäller.
429 352 49 20 Men
499 352 39 26 jag
552 351 38 21 har
606 351 71 21 funnit
692 351 44 27 mig
750 350 119 22 föranlåten
885 350 32 20 att

90 381 31 21 till
142 381 46 21 sina
208 382 56 20 rätta
279 380 143 22 dimensioner
438 380 102 21 reducera
556 380 122 27 betydelsen
694 379 23 21 af
730 379 117 21 utskottets
863 384 54 21 upp-

91 409 44 27 gift,
151 413 31 17 att
198 409 144 21 Kristinestad
358 411 22 19 är
399 409 52 21 »den
467 408 127 22 folkrikare»
611 408 23 22 af
648 408 64 22 dessa
727 408 77 21 städer.

159 438 42 27 Jag
223 438 96 21 kommer
340 444 29 15 nu
392 438 31 21 till
445 443 26 16 en
488 438 81 27 ganska
584 437 106 27 väsentlig
706 437 68 27 punkt
789 437 7 20 i
812 436 105 21 utskotts-

90 466 150 22 betänkandet.
271 467 41 20 Det
334 467 60 20 heter
418 469 57 18 strax
498 466 56 21 efter
573 467 37 20 det
625 466 22 21 af
660 466 45 27 mig
720 465 91 22 citerade
827 464 91 27 stycket:

92 496 56 21 »Det
163 495 39 21 har
216 495 125 27 visserligen
356 495 132 25 framhållits,
504 497 32 19 att
551 496 31 20 uti
598 495 70 21 denna
682 494 65 27 fråga,
763 500 46 15 som
825 493 36 22 vid
874 494 43 20 sär-

91 524 70 21 skilda
182 524 228 21 kommunalstämmor
432 523 133 25 behandlats,
588 523 91 22 flertalet
698 523 127 21 kommuner
841 521 78 22 uttalat

91 553 34 27 sig
139 552 33 21 för
187 553 122 26 riktningen
325 555 45 19 mot
386 553 78 25 Kaskö,
480 553 38 20 där
534 553 36 20 det
584 552 33 21 för
633 552 133 21 närvarande
781 551 91 22 erhålles
888 552 31 19 ett

91 581 67 27 högre
173 581 45 27 pris
233 581 12 21 å
256 582 57 20 vissa
323 581 262 27 landtmannaprodukter,
596 580 102 22 särskildt
708 580 66 25 hafre,
785 583 27 18 än
822 580 7 20 i
841 579 77 21 Kristi-

90 610 96 21 nestad.»
212 610 64 20 Detta
292 610 72 26 stycke
379 612 29 22 är,
423 609 33 21 för
472 610 70 20 såvidt
554 610 38 26 jag
606 610 96 20 kommer
716 609 54 26 ihåg,
786 608 133 26 ordagrannt

91 640 59 25 taget
166 645 25 14 ur
204 638 220 27 järnvägsutskottets
441 638 35 21 vid
492 641 86 18 senaste
593 638 102 26 landtdag
710 637 140 24 betänkande,
866 635 52 22 hvil-

90 666 38 22 ket
142 667 134 21 betänkande
292 667 27 21 då
333 667 54 21 hade
403 667 71 21 såsom
486 673 26 15 en
523 667 83 21 novitet
615 666 87 22 framför
714 667 33 26 sig
758 666 36 21 det
803 664 116 28 aktstycke,

91 701 46 15 som
152 696 37 26 jag
199 696 38 20 har
248 695 102 21 refererat
360 696 6 20 i
378 696 39 20 den
429 696 43 20 lilla
484 696 7 20 i
502 696 90 21 stånden
604 695 98 21 utdelade
713 695 117 27 broskyren
844 693 75 22 »Hvad

92 724 189 27 Sydösterbottens
297 724 124 27 befolkning
436 724 99 26 önskar»,
552 724 39 21 och
604 724 36 21 det
650 724 38 21 har
698 723 98 21 förvånat
806 723 46 21 icke
864 722 55 21 blott

91 753 45 26 mig
158 755 51 19 utan
232 753 65 21 också
319 754 71 24 andra,
407 759 46 15 som
469 753 118 21 intressera
602 753 34 27 sig
650 752 32 22 för
699 752 126 21 hithörande
840 750 79 28 frågor,

91 784 32 18 att
147 781 105 21 utskottet
268 782 99 26 tämligen
383 782 69 26 legert
468 781 140 27 öfverhoppat
624 782 58 20 detta
697 781 110 27 aktstycke
823 780 55 21 både
893 779 27 21 då

93 810 39 20 och
149 816 35 14 nu.
216 810 43 21 Det
274 812 23 19 är
312 810 54 22 dock
381 810 46 21 icke
442 810 88 22 alldeles
546 817 25 14 en
588 810 98 27 bagatell,
702 816 35 15 om
752 816 26 14 en
794 808 126 26 befolkning

90 838 28 27 på
140 838 78 26 88,300
239 839 101 21 invånare
363 845 77 21 genom
464 840 47 20 sina
533 839 35 21 vid
583 839 92 27 lagligen
692 838 79 27 utlysta
786 837 133 22 kommunal-

92 869 104 18 stämmor
210 867 39 21 och
262 867 266 27 stadsfullmäktigemöten
540 868 61 20 valda
612 867 80 21 ombud
703 867 77 21 uttalar
792 866 127 27 önsknings-

91 895 48 26 mål,
155 901 46 15 som
218 895 40 22 alla
274 895 106 27 oafvisligt
396 896 26 26 gå
436 896 8 21 i
459 896 41 21 den
516 896 100 27 riktning,
632 897 31 20 att
679 895 71 21 Kaskö
766 895 46 21 icke
828 895 39 20 bör
878 894 41 21 för-

92 926 67 24 gätas.
188 925 42 26 Jag
252 924 36 21 vill
311 925 105 26 nämligen
438 925 73 26 stryka
527 925 67 20 under
607 925 47 26 just
670 924 63 21 detta.
762 925 42 26 Jag
819 923 100 21 tillmäter

91 952 46 22 icke
153 952 160 28 ifrågavarande
328 953 110 27 aktstycke
454 953 139 28 (protokollet
608 953 46 21 från
663 953 171 27 järnvägsmötet
845 952 6 21 i
863 951 56 22 Kau-

93 981 73 27 hajoki
189 982 41 20 den
255 982 24 21 17
293 982 84 27 januari
395 982 61 26 1905,
472 982 38 21 där
525 982 41 21 alla
581 982 196 26 ifrågakommande
792 982 127 20 kommuner

92 1010 58 21 höllo
174 1010 27 26 på
222 1010 78 27 Kaskö,
317 1017 26 15 en
359 1011 33 21 del
408 1011 104 27 därjämte
528 1011 28 27 på
572 1010 150 26 Kristinestad,
738 1017 47 14 men
801 1010 71 26 ingen,
887 1009 33 21 så-

94 1044 46 15 som
164 1039 36 21 det
223 1046 19 14 n.
259 1046 17 14 v.
292 1040 112 24 utskottet,
420 1040 76 20 enbart
512 1040 27 26 på
554 1039 154 27 Kristinestad)
724 1045 26 15 en
766 1039 24 21 så
806 1038 64 22 strikt
884 1038 36 21 be-

93 1067 87 27 tydelse,
202 1070 32 18 att
254 1068 45 21 icke
314 1068 116 21 eventuellt
445 1068 35 21 vid
496 1068 56 21 olika
568 1068 124 27 tidpunkter
707 1068 65 26 något
787 1066 134 22 kommunal-

93 1096 80 20 ombud
196 1096 71 22 kunde
289 1096 50 27 vilja
362 1097 61 21 ställa
445 1097 74 21 Kaskö
541 1097 7 21 i
564 1097 56 21 olika
634 1096 44 28 hög
693 1097 52 26 grad
761 1096 7 21 i
782 1096 139 27 förgrunden.

92 1124 43 26 Jag
156 1124 36 21 vill
211 1126 75 20 endast
302 1126 103 26 pointera,
421 1128 31 18 att
467 1126 40 20 alla
523 1126 36 20 vid
575 1125 197 27 Kauhajoki-mötet
787 1127 133 25 represente-

94 1153 51 21 rade
160 1153 128 21 kommuner
304 1154 49 26 vilja
368 1153 63 22 hafva
443 1154 119 27 järnvägen
579 1154 49 21 ledd
639 1154 31 21 till
682 1154 84 25 Kaskö;
778 1154 63 21 deras
853 1153 68 21 sunda

92 1180 83 22 förnuft
190 1181 39 22 och
246 1182 122 27 personliga
382 1183 107 20 intressen
506 1183 42 20 tala
563 1182 33 21 för
612 1183 69 20 denna
692 1182 99 27 riktning.
814 1182 39 21 Att
864 1181 57 21 Kau-

92 1209 71 28 hajoki
180 1210 101 21 kommun
298 1211 40 20 den
355 1211 26 21 28
397 1217 57 15 mars
472 1211 58 21 detta
546 1211 22 21 år
584 1211 38 21 har
638 1211 77 20 uttalat
730 1211 37 26 sig,
782 1211 27 26 på
821 1212 43 19 sätt
874 1216 47 20 rep-

93 1241 137 19 resentanten
253 1239 33 21 för
309 1239 143 22 Kristinestad
476 1239 94 27 angifvit,
594 1239 37 21 har
654 1239 33 21 sin
706 1239 106 27 riktighet,
834 1245 48 14 men
899 1240 23 19 är

94 1267 36 21 det
145 1270 32 18 att
192 1268 120 22 observera,
328 1270 31 19 att
375 1268 58 21 detta
444 1268 109 21 uttalande
564 1268 45 21 icke
620 1268 39 21 kan
672 1267 62 22 hafva
744 1268 32 21 sin
788 1267 135 27 tillämpning

94 1295 28 26 på
144 1296 37 21 det
202 1295 80 28 förslag
305 1297 31 20 till
356 1297 234 26 järnvägssträckning,
613 1303 46 14 som
681 1296 81 27 förelåg
784 1297 36 20 vid
837 1298 85 19 senaste

94 1323 103 28 landtdag
216 1325 39 21 och
278 1325 79 21 hvilket
372 1325 65 21 också
452 1332 29 14 nu
497 1325 90 26 ungefär
602 1325 157 21 sammanfaller
774 1325 49 21 med
840 1324 82 21 utskot-

94 1355 42 18 tets
160 1352 86 28 förslag,
269 1354 76 21 medan
362 1354 35 21 det
414 1355 23 20 är
453 1353 111 28 själfklart,
580 1356 37 23 att,
633 1360 35 15 om
683 1360 50 15 man
748 1353 72 22 kittlar
838 1353 84 21 Kauha-

91 1381 127 26 jokibornas
241 1383 81 25 egoism
346 1383 48 20 med
417 1385 31 18 att
471 1383 6 20 i
501 1383 93 26 enlighet
617 1383 47 20 med
684 1382 63 27 sjätte
762 1381 159 22 reservationen

94 1409 32 26 (hr
143 1409 138 26 Carlströms)
297 1410 57 21 lofva
368 1411 48 20 leda
431 1417 26 14 en
473 1411 56 21 bana
545 1411 45 21 icke
606 1410 46 28 fyra
670 1411 110 21 kilometer
796 1410 47 21 från
860 1410 62 21 deras

94 1437 66 28 kyrka
179 1441 50 18 utan
248 1441 59 19 tvärs
324 1446 75 19 genom
416 1440 71 20 denna
502 1440 33 26 by,
552 1440 25 21 de
593 1439 60 22 skola
669 1441 60 25 säga:
743 1439 28 27 ja,
787 1439 72 21 denna
874 1439 48 26 vilja

94 1467 21 20 vi
138 1469 66 24 gärna
220 1467 67 21 hafva.
317 1468 49 27 Men
386 1468 34 20 stå
435 1468 26 20 de
477 1468 85 26 engång
578 1468 54 21 inför
648 1468 40 21 den
705 1468 172 25 eventualiteten,
892 1468 32 20 att

95 1495 69 21 banan
180 1495 58 22 ledes
256 1502 76 21 genom
349 1496 131 26 Östermark,
497 1497 24 20 så
537 1496 65 27 gäller
618 1496 90 21 likasom
720 1496 56 21 förut
789 1498 32 19 att
831 1496 27 21 de
868 1495 56 21 hålla
