1106 1759
82 114 25 17 27
120 113 56 21 april
380 112 235 21 Järnvägsbyggnader.
870 106 39 20 361

152 182 42 26 Jag
214 180 66 22 fäster
303 182 44 26 mig
369 181 35 21 vid
427 181 56 21 hvad
502 180 106 22 utskottet
628 180 47 22 litet
689 180 74 27 längre
779 180 53 21 fram
850 182 61 24 säger

84 217 34 15 om
142 210 96 21 traktens
256 210 178 26 förutsättningar
450 209 32 21 för
498 209 144 27 uppkomsten
658 209 23 21 af
694 209 121 21 industriell
830 208 81 21 rörelse

84 239 39 21 och
140 239 26 21 de
182 238 134 26 betingelser,
329 244 46 16 som
388 238 145 21 känneteckna
545 238 177 27 Sydösterbotten
734 238 135 24 därutinnan,
880 239 32 19 att

84 268 36 21 det
135 267 78 21 saknar
229 268 69 20 större
313 267 170 26 skogsresurser.
506 267 34 21 Då
555 267 37 21 det
606 268 23 19 är
646 266 106 21 utskottet
766 266 34 21 väl
811 266 100 22 bekannt,

84 298 32 19 att
137 295 144 21 Kristinestad
300 296 47 26 just
368 294 66 21 lefver
456 295 28 26 pä
496 293 168 28 trävaruexport,
682 295 23 20 så
720 295 69 20 måste
801 294 38 27 jag
854 300 58 19 anse,

84 326 32 19 att
132 324 58 21 detta
205 324 139 26 pointerande
359 323 22 22 af
395 324 40 20 den
449 324 96 21 växande
556 323 149 27 skogsbristen
716 323 6 20 i
734 323 176 26 Sydösterbotten

84 353 46 20 icke
152 353 70 26 precis
245 353 88 21 iunebär
355 352 70 27 någon
444 352 66 27 tjänst
532 354 45 19 mot
593 353 40 20 den
650 352 46 21 stad
713 352 105 21 utskottet
834 357 78 15 annars

85 382 24 20 så
130 381 133 21 konsekvent
286 381 117 24 omhuldar,
425 381 90 20 likasom
539 381 35 20 det
592 381 46 20 icke
653 381 42 20 kan
710 380 67 21 kallas
793 382 31 19 att
841 380 72 21 stärka

86 409 73 22 skälen
176 409 32 21 för
224 410 40 20 den
281 409 207 27 sydösterbottniska
505 410 81 21 banans
602 409 111 27 byggande
724 408 147 25 öfverhufvud,
883 410 31 19 att

85 444 49 15 man
152 438 24 21 så
191 438 103 27 påtagligt
309 438 153 27 understryker
478 438 138 27 landskapets
632 437 100 22 defekter.

155 467 43 26 Jag
215 467 37 20 har
271 473 35 19 nu,
327 467 70 21 såsom
417 467 38 26 jag
474 467 90 26 tidigare
580 469 64 22 nämt,
660 466 48 21 hela
723 466 57 21 tiden
797 465 58 22 ställt
871 465 43 26 mig

85 495 28 27 på
135 496 66 21 basen
224 495 23 21 af
267 495 117 21 utskottets
399 496 125 26 antagande,
540 498 32 18 att
587 495 69 21 banan
673 495 69 21 blefve
758 501 25 14 en
800 494 113 21 lokalbana

86 524 39 21 och
151 524 46 21 icke
214 530 26 15 en
263 524 55 21 bana
340 523 32 22 för
391 524 69 27 någon
477 524 105 27 väsentlig
598 523 160 28 genomgående
774 523 68 21 trafik.
871 523 42 26 Jag

86 553 41 20 kan
151 555 71 24 tyvärr
241 552 46 21 icke
308 555 96 24 prästera
420 553 66 26 några
502 553 58 21 bevis
576 552 33 21 för
624 555 32 18 att
670 553 69 20 banan
756 552 69 21 skulle
841 551 20 21 få
877 551 36 21 nå-

87 587 42 21 gon
151 581 109 27 betydelse
282 581 33 21 för
338 588 25 14 en
387 582 160 26 genomgående
570 581 61 21 trafik
650 584 31 18 att
696 581 42 21 tala
754 587 41 19 om,
810 580 43 21 lika
868 580 47 21 litet

87 616 47 15 som
158 610 106 21 utskottet
286 609 60 28 gifvit
361 610 59 21 bevis
435 610 33 21 för
484 616 26 15 en
526 612 90 19 motsatt
630 610 62 21 åsikt.
723 610 41 26 Jag
780 609 40 21 kan
837 609 77 20 endast

86 638 76 21 anföra
176 639 55 20 hvad
246 639 36 26 jag
297 639 49 20 hört
361 639 162 26 omdömesgilla
538 645 108 20 personer,
662 639 27 20 bl.
707 645 18 14 a.
736 637 90 22 senast
817 633 10 36 i
839 637 37 27 går
887 643 25 14 en

87 667 52 21 ärad
155 667 85 26 kollega
254 667 7 20 i
276 667 159 26 prästeståndet
453 667 35 21 vid
503 668 70 20 denna
589 667 107 26 landtdag,
711 669 74 24 pastor
800 665 114 22 Nordlund

87 695 46 22 från
150 696 88 26 Närpes,
254 698 61 25 yttra,
331 698 36 23 att,
383 702 34 15 om
434 702 48 15 man
498 696 54 21 talar
562 696 50 21 med
625 698 59 19 stora
694 695 113 21 affärsmän
818 695 8 20 i
836 695 78 26 näjden

88 724 39 21 och
150 725 102 20 särskildt
274 725 78 20 sådana
372 725 7 20 i
400 724 108 21 mellersta
529 725 96 25 Finland,
648 724 63 21 dessa
726 724 88 21 allmänt
830 723 85 21 ansluta

89 753 33 26 sig
143 753 32 20 till
198 753 40 21 den
261 752 117 26 förmodan,
402 755 31 19 att
454 753 69 21 banan
547 753 53 21 skall
622 753 86 20 komma
723 755 31 18 att
769 751 104 22 förmedla
889 758 26 14 en

89 781 81 27 ganska
186 784 46 19 stor
248 782 159 26 genomgående
422 781 68 22 trafik.
513 782 41 21 Vid
571 784 85 19 senaste
671 781 101 27 landtdag
787 781 84 27 yttrade
883 780 32 27 sig

88 809 64 22 äfven
169 816 26 15 en
211 810 56 21 känd
284 810 90 27 gammal
388 810 239 21 bondeståndsmedlem
639 810 39 21 och
689 811 133 25 träexportör
833 809 83 27 mycket

89 839 108 20 bestämdt
219 839 7 20 i
248 839 70 20 denna
340 839 95 26 riktning
450 839 39 21 och
505 839 36 21 vill
554 839 38 26 jag
607 839 87 26 specielt
709 838 91 21 referera
816 837 31 22 till
862 837 54 21 hans

88 867 45 26 ord,
156 867 89 21 emedan
262 867 26 21 de
304 874 52 14 voro
372 868 23 20 så
411 868 136 26 synnerligen
563 867 145 22 betecknande
723 867 48 21 med
787 867 82 26 hänsyn
885 865 32 22 till

89 896 40 21 den
146 895 93 27 följande
255 896 95 27 punkten
366 897 6 20 i
388 896 245 21 utskottsbetänkandet.
656 896 46 21 Här
717 896 59 21 heter
792 897 37 19 det
843 895 73 20 nämli-

90 930 50 21 gen:
166 925 182 21 »Vidkommande
367 925 45 20 åter
429 925 49 21 dess
498 925 108 27 betydelse
628 925 71 20 såsom
719 923 197 28 genomgångslänk

88 953 33 20 för
144 959 27 14 en
188 953 61 21 trafik
264 953 59 21 öfver
339 953 107 27 Seinäjoki
461 953 46 22 från
524 954 66 21 andra
604 953 102 21 bandelar
724 953 73 21 kunna
811 952 47 21 icke
873 951 44 21 häl-

89 981 31 21 ler
144 985 59 18 stora
224 981 168 28 förhoppningar
415 982 70 27 hysas,
509 983 27 20 då
556 982 24 27 ju
600 982 98 21 sträckan
723 981 127 27 Seinäjoki—
862 981 55 20 Vasa

90 1010 35 27 (74
140 1010 121 27 kilometer)
277 1013 23 18 är
315 1011 85 20 kortare
416 1013 26 18 än
458 1011 27 21 de
500 1011 147 27 projekterade
658 1010 176 27 sträckningarna
845 1009 72 21 Seinä-

87 1039 64 26 joki—
163 1033 145 37 Kristinestad
336 1039 48 25 (108
413 1045 57 21 resp.
495 1040 41 21 113
558 1039 125 26 kilometer),
707 1037 210 28 Seinäjoki-Kaskö

90 1068 47 25 (111
163 1067 140 27 kilometer)».
333 1067 136 22 Beträffande
485 1069 70 20 denna
570 1067 159 27 omständighet
743 1067 84 27 yttrade
843 1072 74 21 perso-

90 1102 42 15 nen
154 1096 7 20 i
180 1096 68 27 fräga:
268 1097 50 20 »Jos
333 1099 46 18 rata
395 1097 57 20 tulee
468 1096 176 22 suunnattavaksi
660 1096 124 26 Kaskiseen,
800 1095 44 21 niin
861 1095 58 20 minä

90 1130 26 15 en
140 1125 70 20 lähetä
232 1127 67 18 enään
315 1125 128 21 tikkuakaan
459 1126 86 21 Vaasan
560 1125 94 21 kautta».
684 1125 64 20 Detta
764 1124 89 21 innebär
868 1123 7 20 i
891 1123 27 21 all

91 1153 33 21 sin
145 1153 91 26 korthet,
252 1155 32 19 att
299 1153 237 27 exportförhällandena
551 1153 59 21 öfver
626 1154 58 21 Vasa
698 1155 38 19 äro
752 1153 24 21 sä
791 1159 50 21 pass
859 1152 58 20 kom-

91 1181 107 27 plicerade
220 1182 49 21 med
287 1182 81 27 hänsyn
392 1183 30 20 till
445 1183 38 20 där
498 1183 94 20 rädande
608 1188 154 21 ogynnsamma
776 1180 142 23 hamnförhäl-

91 1210 84 26 landen,
191 1213 31 18 att
237 1211 67 26 nägra
319 1211 154 21 bankilometer
489 1211 37 25 till,
543 1211 48 21 med
606 1211 116 26 ätföljande
737 1211 66 26 högre
818 1209 100 21 fraktsat-

92 1245 40 19 ser,
147 1239 7 20 i
170 1239 67 21 bredd
253 1239 87 22 därmed
356 1239 45 21 icke
417 1240 77 26 betyda
509 1239 88 28 mycket.

162 1267 10 21 I
188 1268 66 21 slutet
269 1267 23 22 af
305 1268 37 21 det
356 1270 74 19 senast
445 1269 91 20 berörda
552 1268 83 27 stycket
650 1267 22 22 af
680 1265 241 24 utskottsbetänkandet

91 1297 102 20 nämnes:
212 1296 87 21 »Säsom
315 1299 31 18 ett
361 1296 81 21 faktum
459 1297 105 25 kvarstär,
580 1299 32 19 att
627 1297 73 20 Kaskö
716 1296 87 21 oaktadt
819 1296 33 20 sin
865 1294 55 27 goda

91 1324 64 21 hamn
172 1324 44 21 fört
230 1331 26 15 en
273 1325 91 27 tynande
380 1325 83 21 tillvara
479 1325 61 21 äfven
557 1325 68 21 under
640 1325 60 25 tider,
716 1325 27 21 dä
755 1324 80 27 jämväl
846 1323 33 20 för
890 1322 30 21 öf-

92 1353 46 26 riga
154 1353 168 22 österbottniska
338 1354 71 21 städer
424 1354 132 27 landsvägen
572 1360 36 15 var
620 1354 40 21 den
672 1353 54 21 enda
736 1353 125 21 trafikleden
873 1351 47 20 frän

92 1381 116 22 inlandet».
238 1383 41 26 Jag
301 1382 36 21 vill
359 1382 38 21 här
418 1383 92 26 upplysa
532 1389 34 14 om
590 1389 25 14 en
632 1382 42 23 sak,
691 1388 46 15 som
753 1381 81 22 kanske
850 1382 23 19 är
888 1379 33 21 för

93 1409 97 22 ständets
207 1411 136 20 medlemmar
359 1411 113 26 obekannt,
488 1413 32 19 att
535 1411 107 26 nämligen
658 1410 73 21 Kaskö
746 1411 55 20 ända
817 1409 32 21 till
867 1408 52 21 1841

92 1438 46 21 icke
162 1439 48 21 stod
233 1439 6 20 i
256 1439 246 27 landsvägsförbindelse
524 1440 48 21 med
596 1439 36 21 det
653 1439 46 20 inre
721 1439 96 20 Finland.
848 1437 73 21 Kaskö

92 1466 56 22 hade
163 1468 55 20 ända
234 1468 104 20 därintills
355 1468 103 26 landsväg
474 1468 76 20 endast
566 1468 31 20 till
612 1468 90 26 Närpes,
718 1467 69 21 därtill
804 1473 26 15 en
846 1465 77 26 backig

93 1495 40 21 och
156 1496 58 26 dälig
237 1496 72 21 sädan.
342 1496 61 21 Först
427 1497 53 20 1841
500 1496 146 21 fullbordades
661 1494 260 28 landsvägsförbindelsen
