1103 1759
192 103 42 21 346
487 110 236 21 Järnvägsbyggnader.
922 110 27 17 28
961 110 55 20 april

193 178 42 21 kan
251 178 58 22 föras
324 179 49 21 med
389 178 58 27 pråm
464 178 46 22 från
528 179 81 27 Viborg
625 179 68 21 direkt
708 179 31 21 till
754 178 102 28 fartygets
872 179 46 21 sida
933 178 39 22 och
983 178 32 20 så-

193 206 66 22 lunda
282 207 72 27 undgå
379 207 144 21 kostnaderna
538 207 32 21 för
586 207 84 27 lagring
685 208 6 20 i
706 208 134 26 Trångsund.
870 208 32 20 En
919 207 95 21 fackman

193 234 39 22 har
248 236 112 25 meddelat,
376 238 37 23 att,
429 242 34 15 om
479 236 79 21 hälften
574 236 22 21 af
611 236 41 21 den
668 242 55 20 vara,
740 242 45 15 som
802 236 85 21 komme
897 235 46 22 från
956 235 59 27 Lyly-

193 263 68 25 koski,
283 264 88 21 sålunda
387 264 71 22 kunde
474 264 26 27 gå
513 264 69 22 direkt
597 264 32 22 till
645 264 103 27 fartygets
764 264 52 26 sida,
832 264 68 22 skulle
915 264 47 22 hela
977 263 38 22 dif-

192 291 98 22 ferensen
311 293 9 20 i
342 292 83 21 frakten
448 299 51 15 vara
513 293 85 21 betäckt
614 293 39 21 och
669 293 89 21 sålunda
773 292 117 28 forslingen
907 299 37 21 per
957 293 58 26 järn-

193 322 41 25 väg
257 321 45 20 icke
324 321 39 21 alls
387 321 61 22 ställa
469 322 33 26 sig
517 322 75 27 dyrare
608 323 27 19 än
651 321 97 27 sjöledes.
780 322 50 21 Man
846 322 37 21 har
899 321 38 22 här
951 321 63 21 fram-

193 349 65 26 hållit,
281 352 30 19 att
333 350 97 21 Joensuu
451 352 23 19 är
497 350 142 21 centralorten
663 350 32 21 för
712 350 91 21 Karelen
819 351 38 20 och
874 353 30 18 att
919 357 25 14 en
962 350 53 21 bana

192 377 47 21 från
263 378 75 21 Lieksa
360 379 34 20 via
409 379 93 21 Värtsilä
517 379 46 21 icke
579 379 68 21 skulle
663 379 153 22 tillfredsställa
832 385 64 15 norra
911 378 104 21 Karelens

192 406 262 22 kommunikationsbehof
461 408 47 21 med
516 408 104 21 Joensuu.
640 407 74 22 Därtill
727 408 69 21 måste
805 407 114 27 genmälas,
927 410 31 18 att
966 413 48 14 man

192 435 48 21 med
263 435 92 28 järnväg
369 435 46 22 från
431 443 64 14 norra
523 436 91 21 Karelen
636 437 40 21 kan
701 436 86 21 komma
812 437 33 20 via
869 436 90 21 Värtsilä
985 435 30 21 till

191 463 105 22 Joensuu.
312 464 65 21 Detta
386 466 23 19 är
420 465 124 26 visserligen
558 471 25 14 en
600 467 82 25 omväg,
699 471 48 14 men
762 465 46 21 icke
823 465 27 27 på
865 465 59 26 långt
939 466 38 19 när
989 470 25 15 en

191 492 24 21 så
231 494 46 19 stor
292 495 82 25 omväg,
390 499 45 15 som
451 493 151 27 befolkningen
618 494 7 21 i
640 495 83 20 trakten
739 493 23 21 af
775 493 83 22 Raumo
874 493 31 21 får
921 495 52 25 göra
982 492 33 21 för

191 523 32 18 att
237 527 40 20 per
289 521 91 27 järnväg
395 522 84 21 komma
495 522 31 21 till
541 522 69 22 länets
626 522 144 22 residensstad
787 516 54 27 Åbo.
871 522 110 27 Omvägen
992 523 23 19 är

191 549 45 21 icke
252 549 66 22 häller
334 552 68 19 större
417 553 26 18 än
459 550 151 27 befolkningen
626 551 7 21 i
645 551 84 21 trakten
740 551 23 21 af
771 551 119 21 Jakobstad
901 551 38 20 och
951 551 63 21 Gam-

191 577 109 28 lakarleby
324 579 69 21 måste
416 581 56 25 göra,
497 579 26 21 då
546 579 40 21 den
609 579 71 22 färdas
703 579 31 22 till
756 580 37 20 sitt
808 579 46 21 läns
870 579 145 21 residensstad

191 607 64 25 Vasa,
275 607 38 21 och
327 608 57 21 Vasa
395 610 22 19 är
432 608 53 21 dock
498 614 25 15 en
540 608 103 27 betydligt
665 610 68 19 större
742 608 80 21 central
837 608 39 21 och
892 608 81 21 skolort
988 609 27 20 än

189 635 106 22 Joensuu.
310 636 33 21 De
351 637 164 26 anmärkningar
526 643 48 14 man
591 637 45 21 haft
651 640 31 18 att
698 639 50 25 göra
764 639 58 18 emot
833 637 92 21 Värtsilä
936 636 79 21 sträck-

191 664 79 27 ningen
296 667 44 18 tror
359 665 38 27 jag
411 665 201 27 öfverhufvudtaget
628 666 45 21 icke
688 665 56 22 hålla
759 665 77 21 sträck.
867 665 48 21 Man
932 665 38 21 har
985 671 30 15 nu

191 693 85 26 engång
284 696 50 18 vant
342 694 33 26 sig
383 694 41 25 vid,
432 696 31 19 att
474 694 40 21 den
526 694 61 24 bana,
598 701 47 14 som
661 696 23 19 är
700 695 80 26 dragen
796 694 31 21 till
842 694 103 25 Joensuu,
961 693 53 22 skall

190 721 73 21 vidare
278 721 110 22 fortsättas
403 725 81 23 norrut,
499 729 50 14 men
564 723 26 21 de
606 723 52 25 skäl,
674 729 44 15 som
736 722 71 22 därför
823 722 90 26 anföras,
928 722 40 21 kan
977 722 38 27 jag

190 749 130 22 åtminstone
343 750 32 21 för
399 751 42 21 min
465 751 33 21 del
514 751 45 22 icke
574 751 58 22 finna
648 752 101 26 vägande,
765 751 85 21 hvarför
863 751 38 26 jag
915 753 99 23 emotser,

190 781 31 18 att
244 779 70 21 denna
335 779 123 28 sträckning
473 779 23 22 af
509 780 97 21 karelska
622 781 69 20 banan
708 780 46 21 icke
770 779 51 22 skall
839 780 63 20 vinna
919 779 94 22 ståndets

189 807 162 26 godkännande.

259 864 33 21 Hr
307 865 152 21 Alkunen:
475 866 45 21 Hra
537 865 149 27 Schybergson
702 872 28 15 on
746 867 86 20 ottanut
848 865 71 21 minua
934 871 79 15 neuvo-

189 892 80 21 akseen
285 893 54 21 siinä
353 894 91 25 kohden,
460 896 43 19 että
518 895 19 20 ei
553 895 50 26 pidä
618 897 58 18 ottaa
691 894 117 21 huomioon
824 894 123 21 ainoastaan
963 894 50 21 hen-

189 921 54 21 kisiä
259 922 111 27 pyrintöjä,
386 923 43 20 kun
445 922 114 21 tahdotaan
576 923 128 21 maakuntaa
716 923 114 26 hyödyttää
840 922 172 27 kulkuneuvojen

188 949 77 26 avulla,
289 957 52 14 vaan
366 951 57 27 pitää
444 953 57 19 ottaa
517 951 115 21 huomioon
649 953 113 25 etupäässä
778 951 150 21 taloudellinen
944 951 69 27 hyöty.

188 978 59 21 Minä
262 979 179 26 ymmärtääkseni
456 979 47 22 olen
519 980 113 21 koettanut
647 982 57 19 ottaa
720 986 26 15 ne
755 980 123 21 molemmat
889 979 124 22 huomiooni

188 1007 68 20 vähän
281 1007 147 27 laajemmassa
450 1008 166 27 merkityksessä
638 1009 50 20 kuin
711 1009 39 20 hra
774 1008 153 27 Schybergson.
958 1008 54 21 Olen

188 1035 101 22 tahtonut
303 1036 97 27 yhdistää
416 1037 133 21 maakunnan
562 1037 51 21 sekä
623 1037 103 21 henkisen
737 1036 275 27 kehittymismahdollisuu-

187 1063 41 22 den
245 1066 44 19 että
304 1065 147 21 taloudellisen
468 1065 186 27 maanviljelyksen
671 1065 150 28 kehittymisen
832 1065 23 27 ja
864 1065 97 21 metsistä
972 1065 40 21 tul-

186 1091 43 22 leet
244 1093 62 23 tulot.

257 1121 50 21 Kun
323 1121 108 27 puhutaan
447 1125 131 24 puutavaran
595 1122 183 27 kuljettamisesta,
790 1123 42 20 niin
849 1125 108 22 sanotaan,
968 1124 44 19 että

187 1149 41 21 sitä
239 1149 153 22 ehdottomasti
400 1150 128 27 kuljetetaan
537 1151 130 25 rautateitse,
673 1151 35 26 jos
716 1151 92 21 rautatie
816 1151 88 21 viedään
913 1151 97 20 Hiiskos-

186 1177 61 26 kelle,
272 1181 68 18 mutta
359 1179 36 26 jos
417 1179 91 21 rautatie
524 1179 88 21 viedään
629 1179 133 22 likemmäksi
776 1179 139 27 Pielisjärven
932 1182 79 22 rantaa,

185 1206 45 21 niin
261 1207 129 26 kuljetetaan
417 1210 119 24 puutavara
560 1208 86 21 vesitse.
676 1208 151 27 Pielisjärveen
851 1214 28 15 on
900 1207 109 22 kuitenkin

186 1235 53 20 siksi
254 1235 58 27 lyhyt
328 1236 84 21 uittotie
427 1236 152 24 Hiiskoskelta,
595 1237 51 20 ettei
659 1243 23 14 se
698 1237 54 21 voisi
767 1237 125 26 paljoakaan
905 1236 104 21 kallistut-

186 1265 35 19 taa
243 1263 217 27 uittokustannuksia,
480 1265 60 26 joten
564 1265 47 21 olisi
633 1271 91 18 varmaa,
739 1265 51 21 ettei
806 1265 51 21 niitä
872 1265 138 26 kuljetettaisi

185 1293 127 20 rautateitse
327 1293 111 25 sittekään,
449 1293 75 21 vaikka
534 1294 91 21 rautatie
641 1294 111 21 menisikin
770 1293 127 22 Värtsilästä
912 1293 97 21 Hiiskos-

185 1319 62 22 kelle.
278 1321 110 26 Sitäpaitsi
410 1328 27 15 on
460 1321 156 26 huomautettu,
640 1324 43 19 että
705 1329 27 14 on
748 1322 93 27 helposti
854 1322 156 27 johdettavissa

185 1348 113 22 haararata
313 1349 149 26 Hiiskoskelle,
476 1350 22 27 ja
514 1351 69 20 silloin
599 1357 27 14 on
641 1351 97 21 tilaisuus
756 1351 66 21 tuoda
832 1353 119 24 puutavara
961 1357 48 14 rau-

184 1377 87 22 tateitse
287 1378 187 26 Hiiskoskeltakin,
487 1379 35 26 jos
534 1385 23 15 se
570 1379 119 21 kannattaa.
720 1379 50 21 Kun
781 1382 109 22 sanotaan,
901 1380 44 19 että
956 1379 53 21 Suo-

184 1405 94 22 lahdelta
301 1407 129 26 kuljetetaan
453 1408 150 26 puutavaroita
626 1407 116 26 Raumalle,
755 1407 23 28 ja
794 1414 23 15 se
832 1407 110 21 kuitenkin
958 1407 50 21 kan-

183 1436 80 24 nattaa,
288 1435 43 20 niin
354 1441 27 15 on
405 1435 76 25 selvää,
501 1437 43 20 että
559 1436 53 21 niitä
634 1436 129 27 kuljetetaan
789 1436 114 21 rautatietä
918 1437 90 25 myöten,

183 1461 44 22 kun
246 1463 97 21 vesiteitä
359 1464 61 20 sieltä
435 1464 19 20 ei
468 1464 34 21 ole
518 1464 111 24 olemassa,
645 1467 68 18 mutta
725 1465 36 26 jos
778 1464 74 21 vesitie
869 1464 69 21 silloin
955 1463 53 26 olisi,

183 1490 45 21 niin
241 1491 72 21 tuskin
326 1492 51 20 niitä
388 1492 159 27 kuljetettaisiin
563 1493 125 21 rautateitse
704 1492 122 22 sieltäkään.
