1103 1736
96 88 28 17 24
136 88 55 21 april
392 88 236 21 Järnvägsbyggnader.
879 81 41 22 271

97 157 39 21 och
157 157 55 21 huru
236 157 73 26 utbyte
328 156 20 22 af
367 163 62 15 varor
444 157 78 21 mellan
538 159 86 19 västern
640 157 39 21 och
695 158 72 20 östern
785 157 135 27 uppkomme,

97 191 34 15 om
146 184 181 28 föreningsbanan
343 185 96 27 uppstår.
468 186 42 26 Jag
525 185 69 21 skulle
610 184 71 22 därför
694 185 90 21 omfatta
794 184 126 22 reservatio-

96 220 42 15 nen
161 220 35 15 n:o
219 214 19 24 2,
260 220 46 15 som
321 213 96 26 föreslår,
433 216 32 19 att
480 213 260 27 Suolahti—-Suonenjoki
755 213 104 22 bandelen
875 213 45 21 icke

96 248 39 16 ens
157 241 131 22 beträffande
311 242 281 27 Suonenjoki—Kurkilahti
615 248 29 15 nu
667 242 69 22 skulle
758 242 109 21 föranleda
888 241 32 21 till

96 270 71 27 någon
183 270 81 27 åtgärd.
293 271 76 21 Denna
384 270 62 22 korta
461 273 73 24 stump
550 271 32 21 till
598 271 121 21 Kurkilahti
734 270 69 21 skulle
817 270 103 21 förmedla

96 298 89 22 trafiken
206 298 77 22 mellan
305 299 123 22 Konnevesi
443 299 32 27 sjö
490 299 40 22 och
547 299 137 27 Suonenjoki.
713 299 35 21 Nu
764 301 24 19 är
804 298 116 22 emellertid

97 327 82 22 Keitele
195 327 129 22 vidsträckta
338 329 73 20 vatten
427 334 77 21 genom
521 328 95 22 Suolahti
628 328 69 21 banan
707 327 88 22 förenad
807 328 47 21 med
862 327 58 27 järn-

97 357 117 26 vägsnätet,
230 356 77 21 Iisvesi
324 356 49 22 med
389 356 102 22 Savolaks
500 357 69 21 banan
586 357 39 20 och
641 356 77 21 mellan
735 355 131 28 Suonenjoki
881 355 39 22 och

97 384 96 22 Suolahti
209 386 23 19 är
250 384 106 22 afständet
371 385 24 21 sä
409 385 55 26 kort,
479 387 32 20 att
526 391 49 15 man
590 385 70 21 mäste
674 391 58 20 anse,
747 387 32 19 att
793 385 27 21 de
835 384 85 26 trakter,

97 419 45 16 som
159 413 57 27 ligga
231 413 134 26 däremellan,
381 413 65 22 redan
463 415 37 20 äro
516 414 112 27 betjänade
643 413 48 22 med
704 413 98 27 järnväg.
825 413 42 21 Det
881 412 39 22 fin-

97 448 38 15 nes
157 442 79 27 otaliga
258 442 80 21 trakter
354 442 6 21 i
376 442 47 21 vårt
445 442 50 21 land
515 443 44 21 lika
573 443 51 25 rika,
640 442 42 21 lika
697 444 41 19 tätt
754 442 111 27 bebyggda
880 441 39 22 och

95 470 132 27 erbjudande
246 470 43 21 lika
304 473 59 19 stora
379 471 139 27 möjligheter,
535 477 45 15 som
596 471 47 21 icke
658 470 61 22 hafva
735 471 24 21 så
774 471 90 20 bekväm
880 470 39 21 och

96 499 23 21 så
134 501 52 19 nära
200 498 129 23 förbindelse
349 499 32 21 till
393 499 92 28 järnväg
500 506 46 15 som
563 501 63 20 dessa
641 499 86 22 trakter.
750 499 42 27 Jag
807 499 35 21 vill
858 499 62 21 alltså

95 527 74 22 förena
184 528 44 27 mig
247 534 34 15 om
298 528 160 21 reservationen
480 535 34 14 n:o
530 529 13 20 2
559 528 39 22 och
613 528 96 26 föreslår,
724 530 31 19 att
771 528 85 21 ståndet
871 527 48 22 ville

95 555 90 23 omfatta
206 562 26 15 en
253 557 122 26 sträckning
390 556 23 22 af
426 557 283 27 sammanbindningsbanan
725 556 46 22 från
787 557 87 26 Nyslott
888 555 31 22 till

95 590 26 16 en
137 584 69 28 punkt
221 585 35 21 vid
272 585 134 21 Pieksämäki
421 585 52 21 eller
489 586 98 21 söderom
604 585 133 21 Pieksämäki
753 584 35 22 via
797 585 72 21 Jorois
879 584 40 21 och

95 613 46 21 från
158 614 69 20 denna
242 614 70 26 punkt
321 613 27 27 på
359 614 103 22 Savolaks
473 614 69 21 banan
558 614 7 21 i
580 616 34 19 rät
629 614 50 27 linje
694 614 32 21 till
740 613 120 27 Jyväskylä.
885 612 35 22 Då

95 641 98 28 Nyslotts
205 642 67 21 banan
284 648 29 15 nu
324 644 23 19 är
362 642 69 22 under
445 642 100 28 byggnad
560 642 40 22 och
615 642 57 22 inom
689 642 69 22 denna
774 641 144 27 finansperiod

94 670 125 26 fullbordas,
240 670 24 22 så
286 677 51 15 vore
352 671 37 21 det
404 671 85 22 enklast
504 671 39 22 och
559 671 128 27 naturligast
703 671 39 21 och
758 670 97 22 förenadt
870 670 48 21 med

95 699 79 21 minsta
188 700 122 26 omgångar,
325 699 115 22 kostnader
455 700 39 21 och
511 700 82 25 besvär,
604 702 32 19 att
650 700 83 21 arbetet
747 699 93 21 härifrån
850 698 69 22 skulle

94 727 111 22 fortsättas
228 728 131 22 omedelbart
383 730 97 20 västerut
503 732 45 18 mot
568 729 72 21 Jorois
663 734 19 16 o.
703 735 16 15 s.
735 735 18 14 v.
783 728 82 26 Anslag
887 727 31 21 till

95 756 70 22 denna
179 757 57 21 bana
250 756 68 22 skulle
333 756 63 22 alltså
411 759 61 25 tagas
488 756 22 22 af
523 758 37 20 det
574 757 80 27 anslag,
671 763 46 15 som
733 763 28 15 nu
771 758 23 20 är
804 756 115 26 föreslaget

94 784 33 22 för
143 785 150 27 Suonenjoki—
300 780 126 38 Kurkilahti.
444 786 11 21 I
467 786 103 21 samband
581 786 49 21 med
640 786 98 27 Nyslotts
749 786 70 21 banan
829 784 89 22 föreslår

95 814 106 21 utskottet
224 814 65 21 sedan
311 820 25 15 en
352 814 138 27 förlängning
505 814 35 22 vid
558 814 130 27 Kronoborg
706 814 39 22 och
761 814 71 22 anslär
847 812 71 22 därför

94 842 46 22 icke
163 842 82 22 mindre
268 844 25 19 än
319 842 109 26 1,700,000
446 843 66 21 mark.
543 843 55 21 Hela
613 843 97 21 sträckan
726 845 23 19 är
765 843 26 21 17
807 842 111 22 kilometer

95 870 39 22 och
141 871 44 26 mig
192 870 111 26 förefaller,
308 877 45 16 som
364 877 33 15 om
409 871 69 22 denna
490 866 66 36 summa
577 871 68 22 skulle
655 871 21 21 fä
684 871 69 22 bättre
761 871 113 27 placering,
882 876 35 15 om

85 899 50 21 :den
159 899 65 22 också
246 899 68 22 skulle
335 899 74 28 läggas
427 900 31 21 till
474 900 70 21 denna
558 899 171 27 föreningsbana,
746 899 40 22 och
801 902 32 19 att
847 905 48 15 man
912 899 6 20 i

94 927 72 22 stället
180 927 33 22 för
228 934 26 15 en
273 927 136 28 förlängning
423 929 32 20 till
471 929 86 27 Ladoga
572 929 36 21 vid
620 929 130 26 Kronoborg
765 928 69 22 skulle
849 928 69 27 bygga

94 962 26 15 en
137 956 120 22 hamnbana
272 956 45 22 från
331 957 98 22 Jaakima
444 957 80 22 station
540 957 31 22 till
586 957 91 27 Ladoga.
707 957 76 21 Denna
799 956 83 22 sträcka
894 957 24 20 är

95 985 76 21 endast
185 985 14 21 3
215 985 110 22 kilometer
341 985 39 22 och
396 986 68 21 skulle
480 986 63 21 kosta
558 986 12 22 2
586 986 13 21 ä
614 986 90 25 300,000
720 985 66 22 mark.
817 984 100 23 Sträckan

94 1013 97 22 Jaakima
206 1014 31 21 till
253 1014 138 21 Elisenvaara
406 1016 23 19 är
445 1015 29 21 20
488 1015 117 25 kilometer,
621 1015 23 21 sä
659 1017 32 18 att
704 1015 21 21 vi
741 1013 68 22 skulle
820 1014 27 21 dä
857 1013 62 22 hafva

95 1048 25 15 en
137 1042 84 21 sträcka
235 1042 47 22 frän
297 1043 86 27 Ladoga
397 1043 32 21 till
443 1043 140 22 Elisenvaara
602 1049 35 15 om
652 1043 67 27 nägra
733 1043 39 22 och
788 1043 28 21 20
831 1042 87 21 kilome-

95 1073 38 22 ter,
156 1077 48 15 men
228 1071 26 21 dä
272 1071 69 22 denna
356 1072 56 21 bana
427 1071 47 22 frän
491 1072 85 27 Ladoga
591 1072 34 21 via
640 1071 87 28 Nyslott
741 1073 97 20 västerut
853 1073 23 18 är
891 1076 26 15 en

93 1099 172 27 töreningsbana,
287 1106 45 15 som
349 1100 53 21 skall
418 1099 46 22 föra
480 1102 85 20 österns
580 1100 117 27 produkter
712 1102 97 19 västerut
827 1099 40 22 och
882 1101 36 19 vä-

94 1130 71 19 sterns
181 1128 117 27 produkter
314 1130 88 23 österut,
419 1129 22 21 sä
458 1129 77 22 värkar
550 1131 32 19 ett
596 1135 38 21 par
644 1129 111 21 kilometer
766 1129 27 26 pä
803 1129 41 21 den
855 1128 63 26 länga

94 1157 109 21 distansen
222 1157 93 21 hvarken
332 1157 31 21 hit
378 1157 51 21 eller
444 1158 38 20 dit.
512 1158 32 21 Hr
561 1157 147 27 Schybergson
724 1157 83 25 nämde,
822 1159 31 19 att
869 1162 48 15 man

95 1191 62 20 synes
173 1185 54 26 vilja,
243 1188 31 18 att
290 1186 39 20 den
346 1188 59 19 stora
420 1185 90 22 trafiken
527 1186 53 21 skall
596 1188 51 25 göra
662 1192 25 15 en
704 1188 78 24 omväg
791 1185 33 21 för
835 1187 31 19 att
877 1184 40 22 den

93 1213 70 21 lokala
185 1213 52 22 eller
260 1214 82 21 mindre
357 1214 55 21 skall
427 1214 64 21 hafva
506 1215 36 20 det
557 1214 132 21 bekvämare.
719 1214 40 21 Om
776 1220 49 15 man
841 1213 77 27 drager

94 1242 281 27 sammanbindningsbanan
391 1242 47 22 från
454 1243 132 26 Suonenjoki
601 1243 31 21 till
649 1243 100 25 Suolahti,
759 1242 97 22 kommer
869 1247 49 16 man

93 1270 109 27 värkligen
219 1273 31 19 att
266 1273 51 24 göra
331 1271 36 21 det
382 1271 39 21 bra
436 1271 116 22 obekvämt
566 1271 33 22 för
615 1272 40 21 den
671 1274 60 19 stora
741 1271 90 21 trafiken
844 1270 33 21 för
886 1273 32 18 att

93 1299 41 20 den
155 1299 70 21 lokala
248 1299 88 22 trafiken
360 1299 54 22 skall
429 1299 21 22 fä
466 1300 36 21 det
517 1300 40 21 väl.
586 1300 42 21 Det
644 1302 23 19 är
681 1299 33 22 för
730 1300 40 21 den
787 1302 59 19 stora
858 1299 59 26 järn-

93 1327 149 27 vägstrafiken.
266 1334 46 15 som
328 1328 70 21 denna
413 1328 167 27 föreningsbana
594 1328 115 28 Jyväskylä
730 1323 95 37 Nyslott
839 1327 38 22 har
893 1327 25 21 sä

93 1358 46 19 stor
160 1356 115 27 betydelse,
293 1357 84 21 hvilken
393 1357 55 21 bana
461 1357 39 27 jag
515 1357 71 22 därför
602 1357 27 27 pä
644 1357 36 22 det
695 1359 106 19 varmaste
817 1355 100 22 omfattar

93 1384 39 21 och
148 1384 78 22 önskar
242 1385 38 21 och
296 1385 88 27 hoppas,
400 1388 32 19 att
447 1386 88 21 ständet
550 1385 53 22 skall
618 1385 74 22 förena
707 1386 34 27 sig
756 1386 80 21 därom.

161 1442 34 20 Hr
219 1442 158 25 Jusö6lius,
401 1443 133 21 Arthur:
562 1443 42 27 Jag
627 1443 68 21 skulle
717 1443 67 21 önska
806 1441 111 22 framhålla

92 1470 66 27 några
173 1470 133 27 synpunkter
321 1470 132 22 beträffande
478 1471 77 21 Kemi—
563 1471 124 21 Rovaniemi
702 1471 76 21 banan.
809 1470 107 27 Ifrägava-
