1109 1761
88 129 29 17 30
130 129 56 20 april
367 121 287 34 Kommunikationsfonden.
875 120 43 21 419

88 197 67 26 mark,
171 197 40 21 och
226 197 78 20 räknar
320 197 40 20 den
376 196 153 27 anspråkslösa
541 198 76 19 räntan
633 195 23 22 af
669 196 13 21 3
693 195 29 27 %/,
736 195 28 27 på
780 195 25 22 de
821 194 22 22 af
856 195 60 21 kom-

89 224 225 23 munikationsfonden
338 225 30 21 till
392 224 133 22 statsfonden
548 224 158 22 förskotterade
720 224 68 27 årliga
802 223 114 27 beloppen,

90 255 24 21 så
128 254 97 21 kommer
240 259 49 16 man
304 253 33 22 för
353 253 63 22 dessa
431 253 30 22 tio
476 253 24 22 år
516 253 31 21 till
563 255 31 19 ett
604 253 78 26 belopp
696 252 24 21 af
728 252 111 27 8,250,000
849 251 67 22 mark.

90 283 95 21 Sålunda
208 282 68 21 skulle
299 282 26 21 de
347 281 161 27 öfverföringar,
530 288 47 15 som
599 288 29 14 nu
647 281 154 27 ifrågakomma
815 280 47 21 från
878 280 38 20 all-

90 313 78 19 männa
183 310 133 22 statsfonden
332 310 32 21 till
379 309 276 22 kommunikationsfonden
675 309 33 22 för
723 312 31 18 att
769 308 89 22 betäcka
874 308 42 25 bri-

90 342 48 19 sten
161 339 6 21 i
183 339 41 21 den
248 338 122 26 sistnämda,
394 339 46 21 icke
465 345 51 15 vara
540 338 67 27 något
634 340 64 19 annat
724 340 26 18 än
781 340 31 19 ett
832 337 84 21 äterbä-

89 368 67 22 rande
172 367 22 22 af
208 373 26 15 en
250 367 68 26 skuld,
334 374 46 14 som
397 367 68 21 under
480 368 30 20 tio
526 367 35 21 års
576 367 31 21 tid
622 367 60 21 vuxit
697 366 31 22 till
744 366 66 27 något
819 372 59 15 mera
889 367 27 19 än

87 397 47 27 just
153 396 70 21 denna
241 396 59 21 brist.
330 396 83 26 Lägger
428 402 50 14 man
494 395 70 22 härtill
580 395 145 22 kostnaderna
740 394 32 22 för
788 395 36 21 det
838 393 79 28 ifråga-

90 425 94 21 varande
199 424 114 27 posthuset
328 431 27 14 m.
365 430 33 20 m.,
414 424 23 21 så
454 430 23 15 se
493 424 25 26 vi,
533 426 33 19 att
588 424 46 21 icke
656 429 39 16 ens
718 424 47 21 hela
781 424 36 20 det
832 423 86 26 belopp,

90 459 47 16 som
153 459 29 15 nu
198 455 24 19 är
237 452 111 27 ifrågasatt
363 452 33 21 för
408 453 235 26 järnvägsbyggnader,
659 451 69 22 skulle
743 452 73 21 kunna
832 451 84 22 beteck-

90 488 39 15 nas
152 488 46 15 som
222 483 30 20 ett
267 481 92 22 förskott
376 483 50 19 utan
443 481 67 21 delvis
527 487 52 15 vara
594 483 32 19 ett
640 480 141 22 återbärande
796 479 23 22 af
832 486 26 15 en
875 479 41 22 den

90 511 67 21 andra
172 513 88 24 partens
275 509 95 22 fordran.

160 562 33 21 Hr
209 561 231 28 Schybergson:
463 561 47 22 Den
527 563 86 20 senaste
628 561 80 22 talaren
725 561 97 21 lämnade
838 567 26 14 ur
880 561 38 20 sitt

90 590 69 27 roliga
174 590 162 27 räkneexempel
352 590 49 21 bort
416 590 26 21 de
458 590 107 26 betydliga
580 589 160 27 öfverföringar,
756 596 46 14 som
818 588 46 22 från
880 588 37 21 all-

90 621 79 19 männa
185 618 133 22 statsfonden
334 620 36 25 egt
385 625 47 15 rum
449 618 33 22 för
494 618 228 27 järnvägsbyggnader
737 618 7 21 i
760 618 100 21 särskildt
875 617 42 21 fall.

92 647 74 22 Saldot
189 647 85 21 komme
296 647 121 27 antagligen
438 647 54 21 dock
513 649 32 19 att
565 647 62 21 ställa
642 647 34 27 sig
690 646 132 27 väsentligen
839 652 78 15 annor-

90 676 72 24 lunda,
178 682 35 15 om
235 676 63 21 dessa
321 682 96 15 summor
437 678 62 24 toges
515 676 49 21 med
580 676 6 20 i
601 676 124 26 räkningen,
741 681 48 15 men
805 674 33 22 för
853 674 65 27 öfrigt

91 704 75 22 tänker
185 704 39 27 jag
238 704 50 27 mig,
303 706 32 19 att
350 704 36 21 det
402 711 28 14 nu
446 704 6 21 i
469 704 41 21 alla
524 704 37 21 fall
576 706 24 19 är
616 704 40 21 den
673 704 53 21 sista
740 704 136 26 landtdagen,
891 703 27 21 då

92 733 118 21 skillnaden
226 733 77 21 mellan
326 733 128 21 ständernas
473 733 39 21 och
531 734 139 26 regeringens
686 732 119 27 penningar
821 732 98 21 kommer

91 763 32 20 att
137 761 64 21 hafva
216 761 70 27 någon
303 762 102 20 nämvärd
421 762 115 26 betydelse,
552 764 22 24 ty
593 762 3 20 i
612 761 39 21 och
667 761 47 22 med
730 761 119 21 detsamma
861 760 58 21 kraf-

92 796 40 15 ven
155 790 28 27 på
206 790 128 21 statsvärket
350 790 57 26 ökas,
423 790 24 21 sä
462 790 86 21 komma
564 790 20 20 vi
600 790 86 25 därhän,
702 791 32 20 att
748 789 66 21 också
829 788 46 22 kraf
890 789 29 26 pä

92 818 82 22 skatter
188 818 40 22 och
244 818 140 27 bevillningar
400 820 70 25 göras,
480 818 38 22 och
535 819 49 21 med
600 819 119 21 detsamma
734 820 23 19 är
772 818 36 21 det
816 818 61 25 klart,
886 819 32 19 att

91 847 137 27 landtdagen,
243 847 64 21 innan
328 847 40 21 den
384 847 89 27 beviljar
488 847 68 21 ökade
572 847 86 26 skatter,
674 853 35 15 ser
724 846 38 26 till,
776 848 32 20 att
824 846 93 26 regerin-

92 881 52 21 gens
168 876 119 26 penningar
309 879 61 23 tagas
385 876 7 20 i
407 876 100 26 anspråk,
522 876 40 21 och
581 876 86 20 därmed
683 875 121 21 försvinner
819 874 99 22 differen-

92 910 37 15 sen
145 904 78 21 mellan
239 904 126 21 ständernas
381 904 39 21 och
436 904 140 27 regeringens
591 904 125 27 penningar.

161 955 157 21 Diskussionen
334 954 131 22 förklarades
482 955 52 21 härå
548 955 99 25 afslutad,
663 954 106 22 hvarefter
784 955 86 21 ståndet
880 955 38 20 be-

92 983 42 22 slöt
150 983 114 27 godkänna
280 983 116 22 utskottets
412 983 104 22 klämmar
532 983 12 22 &
560 984 46 21 sida
621 984 26 21 21
657 984 31 21 uti
699 983 149 26 betänkandet,
857 985 60 19 utom

91 1012 55 21 hvad
162 1011 100 22 beträffar
278 1012 40 21 den
336 1012 31 21 uti
382 1011 68 22 första
464 1012 108 21 klämmen
583 1011 175 22 förekommande
770 1012 146 26 beräkningen

90 1040 24 21 af
127 1040 287 22 kommunikationsfondens
436 1040 119 22 inkomster
579 1041 68 21 under
662 1041 51 20 åren
731 1041 54 21 1906
800 1041 40 21 och
857 1040 62 24 1907,

91 1069 6 21 i
112 1069 87 21 hvilken
223 1069 33 21 del
278 1069 88 21 ärendet
388 1069 111 22 lämnades
521 1069 107 22 beroende
643 1069 32 21 till
690 1069 50 21 dess
755 1069 86 21 ståndet
856 1068 62 22 fattat

92 1097 70 22 beslut
178 1097 110 27 angående
303 1098 201 21 bränvinsskattens
518 1098 140 21 användande
673 1097 40 22 och
728 1097 126 28 fördelning.

91 1177 13 22 N
155 1149 15 49 L
181 1149 97 27 ngående
294 1149 36 22 det
344 1149 140 21 kursiverade
499 1149 119 22 uttalandet
633 1149 13 21 å
660 1149 46 22 sida
722 1149 27 21 29
764 1149 104 27 begärdes
884 1155 35 15 or-

106 1180 22 18 et
142 1184 12 14 ai

160 1223 25 21 hr
208 1224 114 25 Tuomi,
345 1229 46 15 som
414 1223 93 27 yttrade:
533 1223 195 21 Valtiovaliokunta
752 1229 27 15 on
806 1225 112 19 asettunut

91 1252 123 27 pääasiassa
230 1252 152 21 vastustavalle
396 1251 100 21 kannalle
512 1252 212 26 rautatiepalvelijain
740 1252 178 26 palkankorotus-

91 1280 156 28 kysymykseen
270 1280 90 25 nähden,
375 1280 68 21 koska
465 1286 38 15 sen
519 1280 98 21 mielestä
634 1280 94 27 »laajalle
743 1282 89 20 menevä
847 1282 71 19 rauta-

92 1308 150 28 tiepalvelijain
264 1308 169 28 palkkakorotus
456 1309 56 21 voisi
534 1309 144 21 häiritsevästi
700 1309 109 21 vaikuttaa
830 1309 87 21 muiden

92 1337 141 27 elinkeinojen
256 1337 150 21 taloudellisiin
426 1337 100 26 oloihin»,
539 1338 24 26 ja
578 1337 115 21 senvuoksi
709 1338 19 20 ei
743 1338 124 20 valiokunta
882 1343 36 15 us-

91 1366 55 21 kalla
161 1366 88 26 puoltaa
264 1366 51 21 edes
331 1366 221 21 rautatiehallituksen
569 1368 118 19 asettaman
703 1366 162 21 komiteankaan
882 1365 36 21 eh-

91 1394 109 22 dottamaa
214 1394 198 27 palkankorotusta.

160 1422 202 22 Tarkastakaamme
377 1423 211 21 valtiovaliokunnan
607 1423 126 27 tärkeimpiä
748 1423 54 27 syitä
816 1423 103 27 kyseessä

92 1451 73 21 olevaa
181 1451 191 27 palkankorotusta
388 1454 95 18 vastaan.

161 1479 129 22 Valiokunta
313 1485 27 16 on
362 1481 88 26 vetänyt
473 1480 93 21 Ruotsin
589 1479 149 28 rautatieoloja
752 1479 168 22 ihanteelliseksi

91 1508 128 25 esikuvaksi,
242 1510 112 19 ottamatta
374 1508 99 21 lainkaan
497 1508 123 26 huomioon,
644 1508 66 21 missä
730 1508 80 21 määrin
827 1514 27 15 ne
869 1509 51 19 ovat

91 1537 137 26 tyydyttävät.
259 1536 130 21 Valiokunta
404 1537 19 20 ei
438 1538 42 25 näy
496 1537 99 25 tietävän,
611 1538 44 20 että
674 1537 92 21 Ruotsin
781 1536 138 22 rautateitten
