1103 1759
153 94 32 37 88
432 106 111 21 Justering
555 106 24 17 af
588 106 55 17 disk.
656 107 55 19 prot.
904 105 14 17 2
932 108 59 15 mars

293 268 160 42 "Fredagen
472 277 55 26 den
547 276 18 27 2
585 284 77 19 mars
680 276 39 27 kl.
738 277 17 26 2
775 286 26 25 p.
820 278 26 25 d.

230 339 41 21 Vid
296 339 125 22 värkställdt
441 346 84 21 upprop
541 339 90 23 befanns
647 340 143 22 frånvarande
805 340 26 22 hr
848 335 143 26 Åkesson

160 367 28 27 på
203 367 70 27 grund
288 367 24 22 af
324 368 90 27 tidigare
429 369 122 21 meddeladt
565 369 102 22 tillstånd.

232 511 117 28 Upplästes
372 512 31 21 till
416 512 107 27 justering
538 512 39 21 och
594 512 123 27 godkändes
732 515 32 19 ett
780 513 79 26 utdrag
875 519 25 15 ur
916 512 76 27 borga-

162 540 122 22 reståndets
305 541 35 21 vid
357 543 84 19 senaste
456 541 87 27 plenum
558 541 61 21 förda
634 541 114 27 protokoll.

231 655 157 26 Antecknades,
409 659 31 18 att
461 655 46 22 från
528 656 140 21 medstånden
690 656 88 21 anländt
800 655 104 22 särskilda
920 658 74 25 proto-

164 683 140 28 kollsutdrag.

234 788 33 21 Hr
287 788 157 21 talmannen
487 787 144 28 tillkännagaf,
646 790 32 19 att
693 788 98 21 ståndets
807 787 188 28 diskussionspro-

163 816 68 21 tokoll
247 815 33 22 för
296 817 40 20 den
352 817 19 25 8,
388 817 27 20 10
430 817 39 21 och
486 817 26 20 14
527 817 98 21 sistlidna
640 816 94 22 februari
750 823 54 15 voro
819 815 84 28 färdiga
918 816 31 21 till
958 816 37 27 ju-

165 845 89 27 stering,
277 845 38 21 och
336 845 64 27 utsäg
414 845 25 22 hr
454 845 122 22 talmannen
592 845 37 21 hrr
671 851 79 20 Ansas,
766 844 174 28 Björkstön
955 845 40 21 och

164 873 140 27 Lojander
338 876 32 19 att
381 874 83 27 justera
479 874 78 21 nämda
572 874 112 27 protokoll.

235 1011 69 22 Bland
328 1011 96 22 ständets
445 1011 138 22 medlemmar
601 1011 54 22 hade
671 1011 93 21 utdelats
782 1009 214 28 bevillningsutskot-

164 1041 43 20 tets
223 1039 82 28 förslag
320 1040 32 21 till
368 1040 207 27 sammanjämkning
589 1039 24 22 af
626 1040 102 21 ständens
737 1039 129 33 skiljaktiga
876 1039 72 21 beslut
960 1038 36 21 vid

163 1068 161 27 behandlingen
339 1068 23 21 af
375 1068 117 22 utskottets
508 1069 134 20 betänkande
657 1075 34 14 n:o
706 1069 14 20 2
735 1069 7 20 i
758 1068 118 26 anledning
886 1067 23 22 af
918 1067 78 27 nädiga

164 1097 164 27 propositionen
345 1103 34 15 n:o
395 1097 13 21 2
422 1097 111 27 angäende
549 1097 137 27 bevillning
701 1097 42 22 för
759 1096 122 29 spelkort.

235 1154 327 27 Sammanjämkningsförslaget
577 1154 113 21 bordlades
706 1154 31 21 till
754 1155 63 20 nästa
833 1153 94 27 plenum.

236 1280 45 21 Hrr
304 1280 145 21 Lundson
468 1280 39 21 och
522 1279 97 22 Wolff
632 1279 54 22 hade
701 1279 90 22 anhållit
805 1281 33 19 att
852 1277 33 22 för
901 1277 97 22 enskilda

165 1309 181 27 angelägenheter
368 1308 21 22 fä
411 1315 51 15 vara
483 1308 141 21 fränvarande
646 1307 46 22 frän
712 1307 176 28 morgondagens
903 1306 95 27 plenum,

165 1337 41 21 och
221 1337 47 22 blef
281 1337 61 22 deras
358 1337 98 22 anhällan
471 1337 24 22 af
507 1337 177 26 borgareständet
700 1336 99 27 beviljad.

234 1462 62 21 Efter
320 1463 67 21 skedd
410 1463 99 26 anmälan
531 1463 98 21 inträdde
652 1464 101 19 senatorn
779 1461 117 21 Kaarlo
918 1460 81 22 Juho

165 1490 180 28 Ståhlberg,
368 1490 75 28 åtföljd
465 1486 28 26 af
503 1490 294 22 referendariesekreteraren
842 1489 90 21 Arthur
947 1488 50 22 De-
