1103 1759
74 114 29 17 18
114 117 58 14 mars
379 106 227 33 Protokolljustering.
866 107 41 21 119

148 182 33 22 Hr
204 182 180 22 talmannen
399 182 149 27 tillkännagaf,
563 184 32 20 att
610 182 97 22 ständets
723 182 184 27 diskussionspro-

79 210 68 22 tokoll
171 210 34 22 för
226 211 41 22 den
292 211 32 26 16,
347 210 26 22 21
389 210 41 22 och
446 211 27 21 27
489 210 99 22 sistlidna
602 210 95 22 februari
712 217 54 15 voro
780 210 82 28 färdiga
877 210 31 22 till

75 239 116 28 justering,
205 239 40 22 och
260 240 64 27 utsäg
338 239 26 21 hr
374 239 124 22 talmannen
509 239 37 22 hrr
561 238 154 27 Brofeldt,
731 239 115 22 Kaarlo
862 238 46 22 Ca-

79 267 90 23 str6n
185 267 39 22 och
239 268 92 22 Elving
369 269 32 20 att
413 268 85 27 justera
513 268 79 22 nämda
607 268 115 27 protokoll.

147 405 50 22 Med
213 405 203 28 tillkännagifvande
432 408 32 19 att
481 407 63 20 nästa
560 405 88 28 plenum
665 405 87 21 komme
768 407 32 19 att
810 406 40 26 äga
859 410 48 16 rum

79 433 120 28 mändagen
215 434 41 22 den
273 434 26 22 19
318 434 147 22 innevarande
480 440 58 16 mars
553 434 28 22 kl.
594 434 11 22 7
622 440 17 16 e.
656 440 27 15 m.
699 433 65 22 afslöt
778 434 25 21 hr
819 433 88 22 talman-

79 468 44 16 nen
137 462 88 28 plenum
241 462 27 22 kl.
285 464 39 25 7,20
339 469 18 15 e.
372 469 27 15 m.

701 564 23 19 In
736 564 67 19 fidem:

650 594 25 22 A.
695 593 23 22 V.
734 593 116 28 Lindberg.

209 879 158 35 Mändagen
386 879 56 28 den
462 879 32 27 19
513 887 77 19 mars
608 879 39 27 kl.
664 879 16 27 7
699 887 23 20 e.
744 887 37 19 m.

150 948 43 22 Vid
215 948 125 22 värkställät
361 955 86 21 upprop
469 948 91 23 befanns
575 948 141 23 fränvarande
731 948 25 22 hr
772 948 137 26 Renvall,

79 983 48 15 som
143 977 81 22 anmält
238 976 115 23 förhinder.

149 1143 34 21 Hr
203 1143 180 22 talmannen
404 1143 132 27 meddelade,
559 1146 32 19 att
612 1143 96 23 ständets
730 1143 132 22 sekreterare
878 1142 31 22 till

78 1171 54 28 följd
147 1171 23 22 af
183 1172 99 27 sjukdom
299 1178 38 16 var
351 1171 127 23 förhindrad
493 1174 32 20 att
540 1172 120 27 tjänstgöra
674 1172 35 22 vid
722 1172 81 28 dagens
815 1171 94 28 plenum,

79 1200 41 22 och
141 1200 95 28 föreslog
258 1200 72 22 därför
352 1203 32 19 att
399 1200 207 28 protokollföringen
623 1200 69 22 skulle
707 1200 107 22 anförtros
830 1200 77 22 under-

79 1228 99 28 tecknad,
193 1229 97 22 ståndets
306 1229 94 26 notarie;
417 1228 88 22 hvartill
516 1229 179 27 borgareståndet
707 1229 65 22 biföll.

149 1372 158 26 Antecknades,
323 1374 31 20 att
369 1372 47 22 från
433 1373 162 27 prästeståndet
611 1373 118 21 ankommit
739 1375 31 19 ett
780 1372 129 28 protokolls-

79 1400 84 28 utdrag.
