1103 1756
55 103 13 16 2
80 107 57 13 mars
336 102 86 21 Nådiga
434 103 165 20 propositioner.
858 95 29 22 89

57 171 145 28 gerholm,
225 171 39 21 och
286 171 160 21 öfverlämnade
465 171 31 21 till
513 171 86 21 ståndet
613 170 94 27 följande
722 171 62 21 Hans
800 170 86 27 Kejser-

56 200 43 27 liga
114 199 112 28 Majestäts
241 199 78 28 nådiga
333 200 167 26 propositioner,
516 199 117 27 nämligen:

126 235 33 14 n:o
176 228 13 21 6
204 228 110 27 angående
330 228 85 27 anslag
432 234 31 16 ur
478 227 231 51 brytöningsmedel
725 227 41 23 för
779 226 108 23 tolksko-

57 257 143 22 leväsendet
216 256 78 22 under
311 256 59 23 åren
386 256 59 22 1906
461 256 72 23 och
517 252 20 37 1

127 292 34 15 n:o
177 286 12 20 7
205 285 111 27 angående
332 257 337 54 kommunikationstonden;
685 285 40 21 och

127 320 34 15 n:o
177 314 12 21 8
206 314 110 27 angående
332 314 72 21 vidare
416 313 268 29 järnvägsbyggnader.

128 371 33 21 Hr
183 371 179 21 talmannen
386 371 96 21 uttalade
503 371 189 27 borgareståndets
707 371 133 22 tacksamhet
855 370 33 23 för

59 400 27 21 de
109 400 76 27 nådiga
208 400 193 27 propositionerna,
418 399 72 22 hvilka
505 399 86 22 ståndet
606 399 68 21 skulle
690 405 54 21 egna
760 399 128 28 grundlags-

60 428 57 27 enlig
132 428 138 27 behandling;
286 429 65 20 hvarå
366 428 26 21 hr
408 430 102 19 senatorn
526 428 103 21 afträdde.

130 583 33 21 De
185 589 51 21 nyss
259 582 158 23 öfverlämnade
441 583 78 27 nådiga
541 584 187 26 propositionerna
751 583 54 22 hade
825 583 65 22 bland

61 611 96 22 ståndets
173 611 138 22 medlemmar
326 612 94 22 utdelats
436 612 39 21 och
491 612 114 21 bordlades
621 612 30 21 till
668 614 60 20 nästa
743 612 93 27 plenum.

130 767 11 20 I
164 766 92 27 enlighet
279 767 48 21 med
343 767 250 21 talmanskonferensens
609 767 81 27 förslag
707 767 68 21 beslöt
790 768 101 26 borgare-

63 795 85 21 ståndet
163 795 88 21 tillsätta
264 797 31 19 ett
306 796 225 26 järnvägsutskott,
544 796 117 21 bestående
668 796 24 21 af
697 795 47 28 fyra
752 796 139 21 medlemmar

63 823 39 21 och
125 824 36 20 två
185 824 136 27 suppleanter
344 823 46 22 från
409 824 75 27 hvarje
499 824 69 26 stånd,
585 824 39 22 och
640 825 136 27 uppmanade
797 824 25 22 hr
837 824 54 22 tal-

62 858 106 15 mannen
206 852 55 27 förty
276 853 96 21 ståndets
384 852 108 22 elektorer
508 856 31 18 att
552 853 115 21 värkställa
679 852 161 28 ifrågavarande
851 852 40 22 val.

132 996 33 21 Hr
188 996 120 21 talmannen
333 996 130 26 meddelade,
480 999 31 18 att
527 998 62 19 nästa
603 996 88 26 plenum
706 996 86 21 komme
807 998 31 18 att
853 1001 41 21 ega

62 1031 47 15 rum
133 1026 7 20 i
162 1031 90 21 morgon
276 1024 27 22 kl.
328 1025 25 21 12
368 1025 28 26 på
412 1025 76 27 dagen,
504 1024 108 22 hvarefter
627 1024 87 27 plenum
730 1024 117 22 afslutades
864 1024 28 20 kl.

63 1054 39 24 2,30
117 1059 18 15 e.
152 1060 27 14 m.

689 1116 23 17 In
724 1115 65 19 fidem:

619 1151 26 21 A.
669 1150 22 22 V.
708 1150 117 28 Lindberg.
