1109 1767
211 92 44 22 510
505 101 236 21 Järnvägsbyggnader.
962 101 23 17 18
998 100 40 21 maj

212 167 76 27 slagna
303 168 67 22 första
385 169 39 21 och
439 169 69 27 tredje
524 170 90 21 stånden
634 170 73 22 stöder
724 170 32 27 sig
771 170 28 27 på
814 176 26 15 en
857 170 114 21 minoritet.
1001 170 39 20 Att

212 196 92 22 sålunda
326 197 113 22 ständerna
454 198 36 21 till
502 198 157 27 godkännande
681 199 96 27 återigen
793 200 125 25 presentera
934 198 105 22 Kristine-

212 225 48 21 stad
285 225 70 21 såsom
378 232 72 16 ensam
467 227 117 27 ändpunkt,
600 229 24 19 är
639 229 31 19 att
686 228 49 21 med
750 228 41 21 den
808 229 58 19 toma
881 226 159 22 formalismens

211 259 70 21 vapen
298 254 64 27 bjuda
377 254 40 22 den
433 255 95 27 värkliga
543 255 198 28 flertalsopinionen
757 258 94 25 spetsen.

281 282 226 28 Järnvägsutskottets
530 284 81 26 förslag
633 287 32 19 att
687 285 90 21 sålunda
800 284 79 22 förfara
894 284 70 21 skulle
978 284 60 21 här
1026 278 15 37 i

211 310 27 22 de
254 312 169 21 österbottniska
445 313 110 27 bygderna
578 313 62 21 väckt
655 313 83 27 mycket
754 313 105 21 blandade
874 312 94 22 känslor.
996 313 42 26 Jag

210 339 40 21 har
273 339 38 22 här
334 346 25 22 en
383 340 85 22 afskrift
490 341 22 21 af
532 344 32 19 ett
585 342 200 27 protokollsutdrag
800 341 46 22 från
862 348 26 15 en
904 341 134 22 kommunal-

210 370 93 20 stämma
318 368 7 22 i
341 369 127 22 Östermark
482 370 87 28 (Teuva)
592 370 108 26 kommun,
724 370 86 22 hvilken
834 370 71 22 såsom
921 370 78 21 bekant
1014 372 25 18 är

211 402 26 16 en
254 396 24 22 af
291 397 25 21 de
331 397 134 27 kommuner,
480 405 47 15 som
543 399 67 27 enligt
625 400 117 20 utskottets
761 399 80 27 förslag
856 399 86 21 komme
956 401 32 19 att
1002 404 37 21 ge-

210 426 131 27 nomdragas
363 426 23 21 af
404 427 125 27 järnvägen,
544 428 103 27 antingen
671 428 69 21 denna
763 428 68 21 slutar
847 428 6 20 i
869 427 73 28 Kaskö
965 427 72 21 eller
1026 422 15 37 i

210 453 146 23 Kristinestad
382 455 51 22 eller
452 456 7 21 i
474 456 105 21 hvardera
601 456 23 21 af
644 456 64 21 dessa
729 456 145 21 hamnstäder.
911 455 127 22 Östermark

209 482 105 22 kommun
330 485 24 19 är
369 484 61 21 alltså
445 485 6 20 i
467 484 145 28 föreliggande
628 485 156 27 sammanhang
799 491 26 15 en
836 484 129 27 fullkomligt
976 490 61 21 opar-

209 511 44 21 tisk
270 511 62 22 ställd
348 513 71 21 sådan.
449 513 225 28 Protokollsutdraget
688 514 68 27 lyder:
843 523 2 2 :

488 599 135 27 »Pöytäkirja
638 599 119 28 kirjoitettu
780 599 88 22 Teuvan
883 599 87 21 kunnan
986 599 51 21 väli-

417 627 116 22 aikaisessa
563 628 238 21 kunnankokouksessa
837 627 201 22 kunnanhuoneella

418 656 126 21 toukokuun
562 657 26 20 13
603 663 20 21 p.
640 657 61 21 1906.

601 704 45 25 18.

281 741 133 22 Kuntalaisia
436 743 28 20 oli
488 743 112 21 lukuisasti
622 745 107 25 saapunut
743 742 139 22 kokoukseen
896 742 24 27 ja
934 742 104 27 päättivät

211 769 27 21 he
254 769 157 27 yksimielisesti
434 777 70 21 panna
526 771 149 22 vastalauseen
692 772 41 21 sitä
748 770 237 22 rautatievaliokunnan
1000 771 37 26 yh-

212 799 252 22 teensovitusehdotusta
487 803 93 22 vastaan,
596 802 44 19 että
655 800 86 21 tulevan
758 799 126 27 Suupohjan
901 802 46 18 rata
962 799 74 21 raken-

209 827 109 21 nettaisiin
335 827 87 22 Teuvan
437 828 75 22 kautta
527 829 137 25 Kristiinaan,
680 829 48 21 sillä
742 835 28 15 on
787 828 135 27 edullisempi
933 827 51 22 sekä
994 828 44 21 val-

210 855 61 22 tiolle
295 858 44 19 että
361 857 155 26 maakunnalle,
531 859 44 20 että
596 860 47 19 rata
662 857 116 28 johdetaan
799 857 115 21 Kaskisiin.
944 856 94 21 Paikalla

207 883 77 22 luettu.

282 913 131 22 Kokouksen
430 914 106 27 puolesta:

280 969 101 22 Herman
396 970 94 22 Hakala.
562 971 21 22 J.
600 971 115 22 Nurmela.
792 971 79 21 Oskari
887 970 80 22 Säntti.

526 1017 22 21 V.
564 1017 65 22 Kosti
644 1017 79 28 Seppä.

280 1073 154 28 Jäljennöksen
450 1074 94 21 oikeaksi
560 1075 100 21 todistaa:
675 1075 102 21 Herman
793 1075 95 21 Hakala.

656 1109 85 22 Teuvan
757 1109 89 22 kunnan
862 1109 104 22 esimies.»

279 1171 43 28 Jag
344 1177 35 16 ser
403 1171 44 28 mig
469 1175 95 23 tvungen
579 1174 38 23 att,
632 1172 27 21 dä
674 1172 41 21 den
732 1172 47 21 stad
792 1172 39 27 jag
845 1171 119 22 företräder
979 1171 37 21 har
1029 1171 7 21 i

208 1199 118 22 utskottets
348 1199 300 28 sammanjämkningsförslag
670 1201 28 26 pä
719 1201 91 21 anförda
832 1200 154 27 egendomliga,
1009 1199 28 27 pä

208 1229 78 20 enbart
301 1228 153 22 formalistiska
469 1229 93 26 grunder
577 1229 103 22 baserade
688 1231 43 20 sätt
738 1229 71 22 blifvit
816 1229 146 26 förbigängen,
970 1230 65 25 ytter-

206 1257 69 26 ligare
297 1257 118 22 framhäfva
437 1257 67 27 nägra
526 1257 138 27 synpunkter,
679 1264 46 15 som
748 1257 45 22 tala
807 1257 32 22 till
854 1257 83 21 förmän
952 1256 32 22 för
1000 1257 36 21 det

207 1285 176 22 betraktelsesätt
396 1286 38 27 jag
450 1288 72 19 senast
538 1286 75 27 gjorde
628 1287 44 26 mig
687 1287 31 20 till
735 1286 46 21 tolk
796 1285 33 22 för
846 1285 40 22 och
900 1291 46 16 som
957 1285 78 26 visade,

207 1315 32 19 att
255 1320 50 15 man
320 1314 46 21 icke
383 1314 38 21 har
437 1315 45 26 gått
497 1314 31 21 till
544 1315 89 21 bottnen
649 1315 23 21 af
685 1315 72 25 saken,
774 1315 27 20 dä
816 1321 49 14 man
880 1314 58 26 gjort
948 1314 35 21 det
992 1313 42 21 för-

207 1342 54 27 slag,
271 1348 46 16 som
334 1342 38 22 här
386 1342 120 28 föreligger.
535 1343 41 27 Jag
592 1343 78 21 önskar
685 1343 46 21 icke
742 1349 98 21 upprepa
850 1342 57 22 hvad
914 1343 39 26 jag
963 1344 73 19 senast

206 1370 96 22 anförde.
332 1372 42 26 Jag
387 1372 85 26 yttrade
487 1371 43 27 mig
545 1372 27 20 dä
586 1378 44 20 nog
645 1372 24 21 sä
684 1371 109 28 vidlyftigt
811 1371 40 21 och
866 1371 38 21 vill
918 1370 33 22 för
966 1370 70 22 denna

206 1399 59 27 gäng
280 1399 52 22 söka
346 1400 54 21 fatta
414 1400 45 27 mig
473 1400 54 21 kort.

276 1428 42 27 Jag
333 1428 35 21 mä
382 1428 78 22 främst
474 1429 70 20 erinrä
560 1434 34 16 om
610 1428 36 22 det
668 1429 87 21 kuriösa
771 1435 42 21 nya
827 1428 89 26 faktum,
932 1434 46 15 som
994 1428 40 21 till-

206 1456 92 22 kommit
321 1457 65 21 sedan
410 1457 64 21 saken
492 1459 84 19 senaste
592 1457 56 27 gäng
663 1464 38 15 var
716 1457 45 21 före
777 1457 40 21 och
833 1463 47 15 som
896 1456 72 22 bestär
983 1456 51 26 däri,
