1106 1761
62 117 26 18 27
101 117 55 21 april
362 117 240 21 Järnvägsbyggnader.'
847 111 41 21 387

64 186 74 27 sijasta
150 186 23 27 ja
188 185 123 28 tyydyttävä
330 185 131 22 toistaiseksi
481 185 73 25 siihen,
572 185 24 27 ja
611 185 77 21 vaikka
703 185 57 21 minä
776 186 113 25 myönnän,

64 217 43 19 että
130 216 55 20 tästä
207 216 129 20 rata-osasta
358 214 58 21 tulisi
437 221 63 20 paras
517 221 38 14 osa
570 214 79 27 linjalla
666 213 223 28 Kurkijoki—Savon-

63 243 64 26 linna,
149 243 69 27 yhdyn
241 243 56 21 minä
319 243 111 21 kuitenkin
447 243 165 21 seitsemänteen
633 243 186 20 vastalauseeseen
835 242 55 21 siinä

65 271 118 26 suhteessa,
207 273 43 19 että
272 271 92 22 ehdotus
387 273 71 19 tämän
481 271 65 22 radan
570 271 178 21 rakentamisesta
770 271 51 21 saisi
840 270 50 21 tällä

64 300 73 21 kertaa
157 302 80 18 raueta.
267 300 81 21 Toivon
365 300 100 26 edelleen,
481 302 43 18 että
539 299 165 27 kysymyksessä
719 300 75 20 olevan
812 298 77 22 Kurki-

64 328 67 22 radan
154 328 145 27 tappamiseen
323 328 18 21 ei
365 329 73 20 minun
460 328 88 21 tarvitse
571 328 87 27 käyttää
678 330 72 19 tämän
766 328 125 26 järeämpää

64 357 98 27 tykistöä,
187 356 108 22 varsinkin
317 357 44 21 kun
384 356 194 28 porvarissäädyllä
599 356 24 27 jo
647 362 27 16 on
697 356 55 22 ollut
777 356 113 21 rohkeutta

65 388 78 24 tappaa
161 387 47 19 eräs
223 385 109 21 toinenkin
349 385 143 21 valiokunnan
509 385 171 21 Kurkiradoista.

135 448 68 21 Sedan
227 447 150 22 diskussionen
400 448 51 21 härä
470 448 113 22 förklarats
599 447 98 27 afslutad,
712 447 132 22 framställde
865 447 26 21 hr

65 477 122 20 talmannen
211 477 31 20 till
265 477 96 21 ständets
386 477 134 21 besvarande
544 477 94 27 följande
664 477 226 26 omröstningspropo-

66 505 97 22 sitioner:

136 563 20 26 1)
187 563 35 25 De,
237 563 74 20 hvilka
326 563 73 21 såsom
410 563 216 27 kontraproposition
641 565 56 18 emot
708 563 113 20 utskotteis
831 562 60 21 kläm

66 590 14 21 ä
94 591 49 21 sida
160 591 31 21 35
206 591 55 26 vilja
275 593 83 25 antaga
373 591 105 28 förslaget
492 592 9 20 i
516 591 162 21 reservationen
693 598 39 14 n:o
751 592 17 25 7,
784 592 59 20 rösta
848 591 41 27 ja;

66 619 32 27 de,
114 619 35 21 det
164 619 44 21 icke
224 620 60 27 vilja,
299 622 60 19 rösta
375 620 48 28 nej;

136 676 79 21 vinner
240 676 42 27 nej,
305 677 42 21 har
368 677 87 21 ståndet
478 677 9 21 i
500 677 81 21 sådant
604 678 101 26 afseende.
727 677 119 27 föredragit
864 676 29 20 hr

71 704 75 28 Wolffs
158 705 96 27 förslag.

137 768 165 27 Propositionen
318 768 129 22 besvarades
463 769 49 21 med
526 768 158 27 öfvervägande
697 768 29 27 ja.

140 826 22 26 2)
192 825 39 26 De,
253 825 74 21 hvilka
337 826 117 27 godkänna
469 826 113 21 utskottets
597 826 59 20 kläm
670 825 30 28 på
715 825 49 21 sida
781 826 37 25 35,
833 826 59 20 rösta

66 854 38 27 ja;
121 854 31 26 de,
167 854 34 21 det
216 854 45 20 icke
273 856 60 25 göra,
348 856 60 19 rösta
423 854 49 27 nej;

137 916 80 21 vinner
231 917 42 27 nej,
288 917 41 20 har
345 917 176 27 borgareståndet
531 917 104 28 omfattat
644 917 163 21 reservationen
819 923 38 15 n:o
873 918 18 20 7.

138 980 164 28 Propositionen
325 980 130 22 besvarades
478 980 48 22 med
549 980 156 27 öfvervägande
728 981 40 27 nej,
785 980 39 22 och
839 980 54 21 hade

70 1009 85 21 ståndet
175 1009 82 21 således
280 1009 89 21 beslutit
391 1009 96 21 förkasta
506 1009 116 21 utskottets
644 1009 55 21 kläm
722 1009 12 21 å
750 1010 46 20 sida
811 1009 27 21 35
853 1009 40 21 och

68 1037 75 22 förena
159 1038 33 26 sig
207 1044 34 15 om
258 1038 39 21 den
314 1038 77 26 sjunde
407 1038 30 21 till
453 1038 144 21 betänkandet
612 1037 76 28 fogade
704 1038 165 21 reservationen.

139 1101 41 21 Vid
195 1101 52 21 härå
262 1101 66 21 skedd
343 1100 153 28 föredragning
510 1101 23 21 af
545 1101 103 27 förslaget
664 1101 30 21 uti
711 1101 40 21 den
762 1101 88 21 åttonde
862 1100 33 22 till

71 1130 142 21 betänkandet
234 1130 77 27 fogade
332 1130 167 26 reservationen,
522 1136 47 15 som
585 1130 35 21 vid
636 1130 100 21 ärendets
752 1130 91 27 tidigare
857 1129 37 21 be-

69 1158 103 27 handling
187 1158 106 21 förordats
308 1158 23 21 af
341 1158 105 21 särskilda
457 1158 221 25 ståndsmedlemmar,
685 1158 105 27 begärdes
802 1158 61 21 ordet
873 1156 23 22 af

139 1215 25 21 hr
181 1215 222 27 Schybergson,
427 1221 46 15 som
496 1215 94 27 yttrade:
613 1215 35 21 Då
669 1215 74 27 frågan
767 1221 34 15 om
825 1215 70 21 denna

70 1245 56 20 bana
140 1243 84 22 förevar
240 1244 6 21 i
262 1244 110 26 utskottet,
388 1243 128 22 omfattades
532 1244 40 21 den
588 1243 56 22 åsikt
660 1243 22 22 af
696 1244 117 21 utskottets
829 1246 65 19 samt-

70 1273 43 26 liga
127 1273 143 25 medlemmar,
285 1274 32 19 att
332 1279 49 14 man
396 1272 46 21 icke
457 1272 67 21 borde
539 1273 70 26 bygga
624 1274 78 19 tvänne
718 1272 68 21 banor
802 1273 6 20 i
823 1274 73 19 västra

70 1301 88 22 delarna
173 1301 22 21 af
208 1301 77 26 landet,
301 1303 51 19 utan
368 1301 44 21 en
406 1297 13 34 i
427 1301 64 21 dessa
506 1301 58 21 delar
580 1301 39 21 och
635 1307 26 14 en
672 1307 70 15 annan
758 1301 31 21 uti
798 1301 26 21 de
832 1302 64 19 östra.

70 1330 66 21 Detta
151 1336 37 15 var
203 1330 91 21 orsaken
310 1329 37 26 till,
362 1331 33 20 att
409 1329 135 27 majoriteten
559 1329 7 21 i
582 1329 106 22 utskottet
702 1329 36 22 vid
749 1329 36 22 det
796 1329 39 26 val,
849 1335 46 14 som

71 1358 91 21 sålunda
183 1358 68 21 måste
274 1364 39 21 ega
335 1364 48 15 rum
406 1358 90 21 emellan
519 1358 145 21 Kristinestad
680 1357 39 22 och
735 1358 161 21 Kemi—Rova-

70 1387 71 26 niemi,
164 1386 37 27 gaf
221 1387 41 20 den
284 1386 64 26 förra,
365 1387 71 21 såsom
452 1386 23 21 af
489 1387 116 20 ständerna
620 1387 85 26 engång
719 1387 107 25 besluten,
840 1385 56 22 före-

70 1415 77 22 trädet.
177 1415 75 21 Såsom
277 1415 90 21 sakerna
390 1415 119 21 emellertid
524 1421 29 15 nu
569 1415 107 21 utvecklat
692 1415 39 27 sig,
747 1415 27 21 då
788 1414 108 27 nämligen

72 1444 40 21 den
135 1443 100 22 karelska
256 1444 69 21 banan
349 1443 69 22 blifvit
441 1443 129 25 eliminerad,
593 1443 102 21 existerar
718 1443 72 22 vidare
805 1443 32 21 för
853 1443 44 25 mig

71 1472 46 21 icke
139 1472 66 26 något
227 1472 74 21 hinder
324 1474 32 18 att
379 1471 88 22 omfatta
487 1472 80 26 jämväl
588 1472 218 20 Kemi—Rovaniemi
821 1472 76 24 banan,

72 1507 46 15 som
134 1500 38 22 har
197 1500 83 27 mycket
295 1500 97 27 vägande
408 1500 45 21 skäl
468 1500 33 21 för
522 1501 34 26 sig
571 1500 39 22 och
627 1507 46 14 som
689 1500 7 21 i
712 1500 106 21 utskottet
833 1499 65 22 också
