1103 1739
78 104 27 16 22
118 105 45 16 dec.
413 96 154 33 Hälsningstal.
880 99 26 21 15

79 173 126 26 rissäätykin
229 173 78 25 toivoo,
330 174 44 19 että
396 173 47 20 sillä
465 173 109 21 vakavalla
593 173 97 27 pohjalla,
703 173 67 27 jonka
785 173 120 21 isänmaan-

79 201 92 21 rakkaus
193 204 67 22 antaa,
284 207 23 15 se
329 201 56 21 tulee
400 201 192 27 yksimielisyyteen
608 202 90 20 muitten
714 202 96 27 säätyjen
826 201 79 22 kanssa

79 229 55 21 siinä
149 235 103 16 suuressa
267 230 210 27 elinkysymyksessä,
491 230 52 27 joka
558 230 65 21 näillä
638 230 150 27 valtiopäivillä
800 230 56 21 tulee
869 230 35 21 kä-

79 258 138 24 siteltäväksi,
229 258 23 27 ja
267 260 75 25 pyytää
358 259 158 26 porvarissääty
530 258 115 21 sulkeutua
656 259 188 21 korkea-arvoisen
853 265 51 20 pap-

79 287 113 26 pissäädyn
208 287 170 20 luottamukseen
391 287 24 26 ja
429 289 144 25 ystävyyteen.

148 366 29 22 R.
195 372 22 17 o.
234 367 38 21 A:s
287 367 275 27 hälsningsdeputation
578 367 98 22 inträdde
692 367 56 26 härä,
764 367 109 22 företrädd
883 367 24 21 af

77 395 258 26 jurisutriusgvedoktorn
376 398 67 19 Ernst
458 395 182 26 Estlander,
656 403 46 14 som
718 397 92 26 yttrade:

197 481 96 27 Högädle
309 481 24 21 hr
349 481 89 21 talman!
470 481 111 28 Vällofliga
596 482 163 26 borgareständ!

148 539 24 21 R.
195 545 19 15 o.
235 539 25 21 A.
284 539 93 20 anhäller
400 540 31 19 att
450 538 21 21 fä
493 545 77 20 genom
591 545 42 19 oss,
655 539 49 21 dess
719 539 137 27 deputerade,
872 540 30 21 till

80 567 177 27 borgareständet
275 567 101 21 framföra
391 567 33 21 sin
439 567 154 27 aktningsfulla
608 567 39 22 och
662 568 122 27 broderliga
798 569 105 26 hälsning.

148 596 33 21 De
200 596 91 27 mäktiga
310 596 145 26 tilldragelser,
471 596 71 21 hvilka
556 595 111 27 föranledt,
683 598 31 19 att
730 597 36 21 det
780 597 69 21 finska
863 597 39 22 fol-

79 624 47 21 kets
142 625 78 26 lagliga
234 625 167 26 representation
418 631 28 14 nu
463 627 22 18 är
500 625 121 24 församlad,
638 625 62 21 hafva
715 626 55 21 varit
780 626 81 27 egnade
872 628 31 19 att

79 653 96 21 bekräfta
197 654 40 20 den
260 653 145 26 öfvertygelse,
429 659 45 15 som
496 653 105 22 härintills
625 653 116 27 uppehällit
762 655 40 20 och
820 654 83 22 förenat

79 681 102 22 Finlands
205 682 91 25 ständer,
318 681 154 27 öfvertygelsen
495 689 35 14 om
553 682 80 27 plikten
655 684 31 19 att
704 689 76 20 genom
796 683 107 27 oryggligt

78 709 141 23 fasthällande
234 711 34 20 vid
284 712 42 19 rätt
342 710 38 21 och
396 711 91 26 sanning
503 713 66 18 värna
583 711 71 21 fäders
669 711 34 21 arf
715 712 37 20 och
767 718 27 15 en
804 711 97 22 framtids

79 739 138 26 möjligheter.

148 767 76 22 Denna
245 768 6 20 i
275 767 36 21 vär
334 767 88 22 historia
444 767 133 27 ojämförliga
592 768 31 21 tid
638 768 38 21 har
691 768 90 21 tillstadt
796 769 47 20 värt
858 768 43 22 folk

79 798 36 23 att,
137 797 49 20 med
208 796 68 27 glädje
299 796 38 21 och
360 796 51 27 djup
434 796 132 21 tacksamhet
581 799 58 18 emot
654 797 124 26 skickelsen,
794 797 106 21 allaredan

78 824 62 21 hösta
156 831 25 14 en
198 825 67 20 oanad
283 825 64 20 skörd
362 825 12 20 ä
390 825 26 21 de
432 825 89 25 marker,
537 825 71 21 hvilka
623 826 36 21 det
674 826 68 21 under
757 826 88 27 ängslan
862 826 39 21 och

79 855 54 24 tung
155 853 179 27 pliktuppfyllelse
356 853 78 21 brukat
456 853 39 21 och
514 854 77 21 besätt.
621 854 61 21 Hvad
700 857 85 18 senaste
800 855 102 26 landtdag

79 882 76 21 uttalat
177 882 69 21 såsom
270 884 31 19 ett
323 882 99 27 omutligt
445 881 212 28 rättfärdighetskraf,
679 883 35 20 det
731 889 62 20 synes
808 889 52 15 vara
874 883 27 27 pä

79 912 40 25 väg
141 912 31 19 att
193 911 26 26 gä
239 911 7 20 i
270 910 132 27 uppfyllelse;
426 911 58 20 detta
507 911 144 21 ständermöte
667 911 52 21 skall
734 912 79 26 jämväl
830 912 71 21 vara
888 906 15 36 i

77 938 81 21 tillfälle
173 941 32 19 att
220 939 112 21 medvärka
347 939 75 21 härtill.

146 967 49 21 Men
211 968 121 21 härutötver
348 969 82 25 öppnar
446 968 33 27 sig
493 967 33 22 för
541 967 48 22 vårt
603 968 44 21 folk
662 975 26 14 en
704 971 66 24 utväg
785 969 46 21 icke
847 969 54 21 blott

78 999 31 18 att
131 996 71 21 ibland
226 997 135 20 nationernas
384 997 57 20 antal
464 996 97 21 försvara
583 997 32 20 sin
639 997 61 27 plats,
722 1000 50 18 utan
794 997 61 21 äfven
871 999 32 19 att

78 1024 116 22 framträda
209 1025 6 20 i
230 1025 56 21 ledet
300 1025 22 21 af
336 1025 53 26 dem,
406 1031 45 15 som
468 1025 80 21 sträfva
563 1028 31 18 att
610 1032 76 20 genom
702 1025 40 22 fria
756 1026 145 21 institutioner

78 1053 39 21 och
141 1056 30 18 ett
193 1053 32 21 för
246 1054 41 21 alla
309 1054 140 26 medborgare
471 1055 65 26 öppet
553 1054 127 27 deltagande
695 1055 6 20 i
717 1055 186 20 samhällsarbetet

79 1083 51 25 göra
146 1082 32 26 sig
193 1081 100 27 förtjänta
308 1088 34 15 om
358 1082 182 26 mänsklighetens
555 1082 198 22 framåtskridande.

147 1110 24 21 R.
187 1116 19 15 o.
222 1111 30 24 A,
269 1111 70 21 såsom
356 1111 62 21 stånd
434 1110 22 22 af
469 1110 102 22 historien
589 1111 72 21 ställdt
675 1111 31 21 till
722 1118 25 14 en
758 1112 76 20 bärare
844 1111 23 21 af
876 1112 26 20 de

78 1138 152 26 grundtankar,
248 1140 13 20 å
276 1139 70 21 hvilka
360 1139 38 21 vår
414 1140 123 20 nuvarande
551 1140 169 26 representation
737 1140 70 27 byggt,
823 1140 78 20 önskar

78 1167 97 27 uttrycka
191 1168 39 20 den
246 1168 116 25 försäkran,
378 1170 31 18 att
425 1168 86 21 ståndet
526 1168 31 20 uti
573 1168 36 21 det
624 1168 136 26 reformvärk,
776 1168 32 22 för
822 1168 80 21 hvilket

78 1202 29 14 nu
123 1196 39 20 den
179 1196 107 26 uråldriga
302 1196 224 22 ständsinstitutionen
545 1209 24 2 —
586 1197 104 21 måhända
704 1196 33 22 för
752 1198 53 20 sista
818 1198 83 26 gången

78 1236 26 2 —
124 1224 76 22 kallats
217 1231 100 19 samman,
333 1225 53 21 skall
402 1227 49 25 taga
467 1225 33 21 del
515 1224 120 28 osjälfviskt
650 1225 39 21 och
704 1226 48 20 med
768 1227 65 25 öppet
848 1232 53 20 upp-

77 1253 34 21 såt
131 1255 32 19 att
185 1253 65 21 värka
272 1254 5 20 i
300 1254 40 20 den
362 1253 157 21 fosterländska
541 1254 56 21 anda
620 1254 39 21 och
678 1254 134 21 eftersträfva
837 1254 64 21 emel-

77 1281 33 21 lan
134 1282 26 20 de
178 1281 46 27 fyra
240 1282 88 21 stånden
351 1282 40 21 den
407 1282 96 26 endräkt,
519 1288 45 15 som
581 1285 84 18 ensamt
680 1282 54 22 skall
749 1283 73 21 kunna
837 1282 65 22 blifva

77 1316 25 14 en
119 1310 81 26 borgen
217 1310 32 21 för
264 1310 119 22 framtiden.

147 1338 115 27 Stödjande
278 1339 32 26 sig
325 1340 27 26 på
367 1340 40 20 den
419 1339 122 21 erfarenhet
550 1340 56 20 onda
616 1340 54 20 tider
682 1339 97 26 medfört,
790 1340 112 21 blickande

77 1369 44 19 mot
143 1373 26 15 en
187 1369 58 19 ännu
260 1368 57 20 oviss
332 1367 92 26 framtid,
439 1368 53 21 skall
508 1368 103 21 Finlands
627 1374 29 15 nu
671 1368 127 22 församlade
814 1368 87 21 ständer

77 1396 34 20 vid
127 1396 59 20 detta
202 1396 167 27 nydaningsvärf
379 1396 52 22 söka
447 1397 77 21 bevara
539 1399 48 19 rent
602 1397 39 20 och
654 1396 63 22 friskt
727 1397 35 21 det
772 1397 129 27 källsprång,

76 1424 48 21 med
140 1424 64 21 hvars
219 1424 68 21 flöden
303 1425 7 20 i
326 1431 25 15 en
368 1425 84 21 nations
468 1426 84 21 tillvara
567 1425 72 21 städse
650 1425 123 21 framkvälla
783 1425 117 21 förtröstan

75 1452 7 21 i
103 1453 108 26 motgång,
233 1453 113 27 besinning
368 1454 6 20 i
400 1454 111 26 medgång,
531 1454 100 20 kärleken
648 1454 30 20 till
694 1454 121 26 lagbunden
830 1453 71 26 frihet,

76 1481 98 21 troheten
190 1484 45 18 mot
250 1488 52 20 egen
318 1481 70 22 förtid.
