1106 1764
80 122 26 17 16
118 122 47 20 maj.
417 113 160 34 Näringslagen.
862 113 41 22 523

134 224 95 20 SUOMEN
243 221 197 23 VALTIOSÄÄTYJEN

90 264 393 25 TALOUSVALIOKUNTA

214 348 60 14 RE
280 347 85 15 SINKI
509 328 185 27 Hyvinarvoisalle
709 326 196 28 porvarissäädylle.

161 392 101 17 toukokuun
274 392 23 16 15
307 392 48 22 p:nä
369 391 49 17 1906

250 437 37 18 N:o
300 437 27 17 19.

156 500 202 22 Talousvaliokunta
373 506 27 15 on
417 500 141 27 äänestyksen
578 500 84 26 jälkeen
679 501 109 25 päättänyt
807 498 99 27 säädyille

85 529 111 25 ilmoittaa,
211 531 43 19 että
269 529 150 21 valiokuntaan
435 529 151 21 lähetettäessä
601 528 117 22 armollista
733 528 88 26 esitystä
828 533 34 15 n:o
874 526 31 26 10,

83 558 96 21 koskeva
195 557 175 22 elinkeinolain
388 558 26 20 10
429 558 32 27 8:n
477 557 153 23 muuttamista,
641 557 94 21 ritaristo
748 556 23 27 ja
781 556 62 21 aateli
855 555 51 21 sekä

85 586 202 27 talonpoikaissääty
310 589 49 18 ovat
381 588 123 25 päättäneet
526 586 91 21 lähettää
640 585 105 27 esityksen
768 585 137 21 valmistetta-

84 615 61 21 vaksi
168 614 106 28 niinhyvin
295 614 191 22 lakivaliokuntaan
502 615 51 21 kuin
569 614 228 26 talousvaliokuntaan,
812 613 94 27 jotavas-

84 644 45 21 toin
153 644 136 26 pappissääty
311 650 27 14 on
361 645 110 25 päättänyt
493 643 91 21 lähettää
607 649 38 15 sen
660 643 124 21 ainoastaan
799 641 107 22 lakivalio-

84 672 93 21 kuntaan
191 672 23 27 ja
229 672 155 27 porvarissääty
399 672 123 22 ainoastaan
537 672 227 23 talousvaliokuntaan,
768 671 60 27 josta
835 671 72 26 syystä

85 700 194 22 talousvaliokunta
301 701 18 21 ei
335 700 34 22 ole
383 700 104 22 katsonut
508 701 103 21 voivansa
633 700 129 22 toistaiseksi
776 699 75 28 ryhtyä
866 698 40 22 esi-

84 731 58 25 tystä
157 729 166 21 käsittelemään.

323 792 221 22 Talousvaliokunnan
561 791 106 27 puolesta:

414 855 21 21 V.
451 862 20 14 v.
493 854 89 28 Wright.

671 917 71 18 Santeri
754 916 84 23 Ingman.

157 986 32 22 Hr
205 982 111 26 Öhman
331 986 71 22 anhöll
418 993 35 15 om
469 987 61 21 ordet
546 986 39 22 och
600 986 92 27 yttrade:
708 986 42 20 Det
764 987 24 19 är
799 985 45 21 icke
855 987 52 18 utan

88 1014 114 28 förväning
221 1016 37 26 jag
272 1015 73 25 finner,
361 1018 31 18 att
407 1015 205 21 ekonomiutskottet
628 1015 30 21 uti
674 1015 49 21 dess
738 1013 110 22 skrifvelse
863 1013 45 21 icke

88 1043 115 22 framställt
217 1044 66 27 nägot
297 1044 80 27 förslag
391 1043 131 22 beträffande
536 1044 113 26 lösningen
665 1043 23 21 af
700 1042 73 27 frägan
792 1042 50 21 eller
853 1042 54 21 huru

88 1072 89 22 därmed
193 1072 51 22 skall
259 1072 94 27 förfaras,
365 1073 26 21 dä
406 1075 33 19 tre
454 1072 62 22 ständ
532 1072 119 21 remitterat
666 1072 87 20 ärendet
760 1071 32 21 till
800 1071 108 21 ekonomi-

90 1101 110 26 utskottet,
216 1104 31 18 tre
263 1102 61 20 ständ
347 1101 31 21 till
400 1101 146 27 lagutskottet.
577 1101 42 21 Det
633 1100 55 22 hade
703 1100 154 26 otvifvelaktigt
872 1105 36 15 an-

89 1129 90 22 kommit
194 1130 27 27 pä
236 1130 103 21 utskottet
362 1132 31 19 att
416 1130 128 21 därutinnan
566 1129 118 21 framställa
706 1129 64 26 nägot
791 1134 46 16 som
853 1127 56 21 hälst

88 1158 87 27 förslag.
205 1158 34 22 Nu
261 1158 40 22 kan
325 1159 35 21 det
381 1158 90 26 inträffa,
487 1161 31 18 att
540 1158 121 26 skiljaktiga
680 1157 71 21 beslut
766 1157 30 21 uti
812 1157 25 21 de
853 1156 56 21 olika

90 1187 88 21 ständen
194 1187 123 27 ytterligare
331 1186 63 22 fattas
410 1186 39 22 och
465 1190 31 18 att
511 1187 76 21 sädant
602 1186 96 21 kommer
713 1188 31 19 att
759 1185 108 21 föranleda
878 1184 30 21 till

86 1218 50 25 nytt
151 1215 80 28 förslag
245 1215 46 22 frän
307 1216 110 21 utskottet.
441 1215 130 26 Emellertid,
587 1215 27 21 dä
623 1214 144 28 föreliggande
777 1214 60 27 fräga
849 1213 59 21 ovill-

87 1243 98 28 korligen
201 1247 22 18 är
239 1244 22 21 af
274 1245 39 21 den
329 1247 38 23 art,
383 1247 31 18 att
429 1244 141 27 lagutskottet
581 1243 80 28 jämväl
676 1244 39 21 bör
730 1243 6 21 i
752 1243 64 21 saken
832 1241 78 28 afgifva

90 1273 116 26 utlätande,
223 1273 23 22 sä
261 1273 38 22 och
315 1273 27 22 dä
357 1273 36 22 det
408 1273 69 21 mäste
492 1279 62 15 anses
570 1273 52 21 bero
638 1272 27 27 pä
680 1274 30 19 ett
724 1271 139 25 förbiseende,
879 1272 31 19 att

89 1301 47 22 icke
159 1302 176 26 borgareständet
357 1302 65 21 redan
446 1302 90 27 tidigare
551 1301 119 21 remitterat
684 1301 88 20 ärendet
783 1299 80 28 jämväl
879 1299 31 21 till

88 1329 150 28 lagutskottet,
253 1333 60 24 tager
332 1330 39 27 jag
385 1330 44 27 mig
444 1330 90 21 friheten
550 1329 86 24 föreslä,
652 1331 31 20 att
698 1329 87 21 ärendet
800 1335 29 15 nu
845 1328 65 21 mätte

90 1359 121 21 remitteras
235 1359 30 21 till
287 1359 146 27 lagutskottet.
463 1359 43 20 Det
528 1359 71 20 kunde
621 1358 34 21 väl
678 1357 60 22 äfven
754 1357 114 21 förefinnas
883 1362 26 15 en

86 1393 73 15 annan
182 1387 86 27 lösning
287 1387 33 22 för
334 1387 81 27 frägan,
431 1387 40 22 den
488 1389 31 19 att
534 1387 161 27 propositionen
711 1386 67 21 skulle
793 1385 116 22 behandlas

88 1415 24 21 af
126 1418 32 19 ett
173 1418 139 19 sammansatt
327 1416 43 27 lag-
386 1416 39 21 och
441 1415 189 26 ekonomiutskott,
646 1421 48 15 men
710 1415 27 20 dä
746 1414 80 27 förslag
835 1414 74 21 härom

90 1450 29 15 nu
135 1444 46 21 icke
195 1444 120 27 föreligger,
331 1445 23 20 sä
369 1444 62 21 torde
446 1445 42 24 det,
503 1443 33 22 för
552 1444 40 21 den
609 1443 101 22 händelse
724 1445 31 19 att
769 1442 142 27 lagutskottet

89 1472 71 22 skulle
181 1472 58 22 finna
261 1475 31 19 ett
313 1473 77 21 sädant
412 1473 170 26 tillvägagäende
604 1472 130 27 lämpligare,
755 1471 114 21 ankomma
883 1470 28 27 pä

87 1501 109 22 utskottet
211 1504 31 19 att
257 1501 72 23 därom
345 1503 53 25 göra
412 1501 164 27 framställning.
605 1501 50 21 Mitt
668 1500 80 27 förslag
758 1499 88 23 innebär
857 1499 53 21 säle-
