1100 1759
76 123 14 17 3
103 128 59 12 mars
383 115 219 33 Järnvägsutskottet.
865 117 43 21 115

353 186 32 27 Är
409 192 55 21 1906
487 192 41 21 den
551 191 13 21 3
588 197 58 16 mars
665 191 27 21 kl.
709 191 54 24 10,50
777 190 15 23 f.
807 197 27 15 m.
850 197 56 15 sam-

284 220 126 22 manträdde
439 220 189 27 borgareståndets
653 220 108 21 elektorer
784 219 34 22 för
844 220 62 21 värk-

285 248 112 22 ställande:
412 248 24 22 af
456 248 35 22 val
514 248 22 22 af
555 248 117 22 ledamöter
689 248 40 22 och
745 248 139 28 suppleanter
899 248 8 21 i

282 277 254 29 Järnvägsutskottet;
560 277 135 21 närvarande
718 277 75 21 därvid
807 276 99 28 samtliga

285 306 105 22 elektorer
406 308 60 19 utom
482 306 36 21 hrr
529 306 96 26 Renvall,
636 306 103 21 Lundson
750 305 39 22 och
800 300 107 31 Åkesson,

286 334 23 22 af
329 334 72 22 hvilka
422 335 26 21 de
470 334 36 22 två
528 322 119 34 sistnämda
662 334 49 22 med
726 334 98 22 ståndets
840 333 65 28 begif-

286 363 69 22 vande
377 370 53 14 voro
445 362 47 22 från
508 363 75 21 staden
596 363 110 21 bortresta
720 363 41 21 och
775 363 26 21 hr
816 362 90 22 Renvall

285 392 157 21 tillstädeskom
464 392 46 21 före
532 392 38 21 det
592 391 94 22 omvalet
703 391 23 22 af
739 392 37 21 två
790 391 117 22 ledamöter

285 421 54 27 egde
354 427 55 15 rum.

148 478 42 21 Vid
215 478 55 21 valet
295 477 83 22 tillföllo
403 478 149 21 nedannämda
577 478 216 21 ståndsmedlemmar
815 477 93 27 följande

78 506 58 22 antal
152 508 74 25 röster,
240 506 115 28 nämligen:

149 564 36 21 till
200 564 128 20 ledamöter:
344 563 26 21 hr
386 563 149 28 Schybergson
552 564 32 26 18,
600 564 25 21 hr
639 564 117 21 Carlström
769 564 32 25 17,
812 563 25 21 hr
848 563 59 22 Sikio

79 592 19 27 8,
114 592 25 22 hr
154 592 84 22 Winter
254 593 19 25 7,
288 592 25 21 hr
329 592 97 22 Brofeldt
442 593 18 25 6,
474 592 38 22 hrr
527 592 83 22 Arthur
624 592 96 22 Jusélius
732 592 40 22 och
783 592 123 22 Sederholm

78 620 106 22 hvardera
201 621 19 25 4,
243 620 25 22 hr
283 620 109 22 Helander
408 621 18 25 3,
442 620 36 22 hrr
493 621 85 21 Teodor
593 621 78 21 Heikel
686 621 39 21 och
741 615 89 27 Ålenius
846 620 62 22 hvar-

79 650 52 21 dera
152 650 14 21 2
188 651 70 20 röster
281 649 39 22 och
337 649 26 21 hr
379 650 127 21 Parviainen
523 650 11 20 1
550 651 57 25 röst;
622 650 8 21 i
644 650 108 21 anseende
767 649 85 22 hvartill
868 648 40 22 och

78 678 90 22 emedan
191 678 90 22 sålunda
302 678 77 22 endast
402 678 36 21 två
461 684 103 21 personer
586 678 85 22 erhållit
694 678 87 26 absolut
795 678 112 27 majoritet,

79 706 71 22 omval
164 706 24 22 af
201 707 37 21 två
252 706 116 22 ledamöter
383 706 121 28 försiggick,
519 706 89 22 hvarvid
624 709 70 19 röster
705 706 93 22 tillföllo:
811 706 25 22 hr
848 706 59 22 Sikio

79 736 33 25 11,
134 735 26 21 hr
181 736 84 21 Winter
289 736 32 25 10,
344 735 26 21 hr
386 735 126 22 Sederholm
528 736 19 25 7,
562 735 26 21 hr
603 735 98 22 Brofeldt
712 736 14 21 5
743 738 56 19 samt
813 735 37 21 hrr
865 736 41 20 Ar-

78 752 51 33 thur
148 764 97 22 Jusélius
260 764 40 22 och
315 752 90 34 Ålenius
421 764 105 22 hvardera
541 752 13 33 2
569 766 70 20 röster
654 764 111 22 äfvensom
781 764 25 21 hr
821 764 87 22 Teodor

79 792 77 22 Heikel
173 793 10 21 1
200 794 56 24 röst;

148 849 36 21 till
198 850 72 27 första
284 850 130 27 suppleant:
430 850 37 21 hrr
482 850 110 22 Helander
607 850 40 22 och
663 850 125 22 Sederholm
801 850 104 22 hvardera

79 878 19 26 6,
113 878 25 21 hr
154 877 97 23 Brofeldt
266 878 13 22 3
295 878 39 22 och
349 878 25 22 hr
390 872 91 28 Ålenius
496 879 14 21 2
524 880 70 20 röster
610 881 56 19 samt
677 879 37 21 hrr
724 879 72 21 Ansas
807 879 39 21 och
856 879 49 21 Rei-

76 907 67 27 jonen
165 906 105 22 hvardera
291 908 10 20 1
319 908 55 25 röst;
389 907 49 21 med
454 907 116 27 anledning
584 907 76 22 hvaraf
673 908 39 21 och
728 908 27 21 då
770 908 90 21 sålunda
874 908 31 20 in-

80 941 40 21 gen
144 935 84 22 erhållit
249 936 86 21 absolut
356 936 115 27 majoritet,
493 936 71 21 omval
579 936 54 27 egde
648 943 54 19 rum,
717 936 89 22 hvarvid
821 936 25 22 hr
861 936 43 21 He-

79 964 75 22 lander
169 964 67 21 erhöll
252 964 27 21 13
295 964 39 22 och
349 964 26 22 hr
391 964 125 22 Sederholm
532 965 13 21 6
560 966 81 25 röster;

149 1021 35 21 till
206 1022 72 20 andra
299 1022 131 27 suppleant:
453 1021 25 22 hr
502 1022 124 22 Sederholm
650 1022 26 21 12
692 1022 39 22 och
747 1022 25 22 hr
787 1016 90 28 Ålenius
893 1022 13 21 6

79 1051 70 20 röster
164 1052 56 19 samt
235 1050 25 21 hr
275 1050 99 22 Brofeldt
390 1051 9 20 1
417 1051 53 21 röst.

148 1136 68 21 Valda
231 1142 52 16 voro
299 1136 93 22 således:

150 1193 34 21 till
200 1193 128 21 ledamöter:
351 1193 37 21 hrr
404 1193 156 28 Schybergson,
576 1194 124 26 Carlström,
716 1194 59 22 Sikio
791 1194 39 22 och
846 1194 59 22 Win-

79 1223 34 20 ter
127 1224 57 19 samt

150 1250 35 21 till
198 1250 155 28 suppleanter:
370 1250 37 22 hrr
423 1250 109 22 Helander
548 1250 39 22 och
603 1250 132 22 Sederholm.

690 1348 23 18 In
725 1348 66 18 fidem:

635 1383 24 21 A.
681 1382 22 22 V.
721 1382 116 28 Lindberg.
