1103 1745
91 104 29 17 22
132 105 43 16 dec.
384 97 249 34 Talmanskonferensen.
890 99 27 20 23

161 173 33 21 Hr
209 173 114 21 Ansas:
353 173 59 21 Minä
426 179 26 16 en
468 173 54 22 ollut
537 173 60 22 läsnä
607 173 76 26 silloin,
694 173 44 22 kun
750 175 56 20 tämä
816 173 99 28 kysymys

91 201 40 22 tali
153 201 65 26 esille,
234 203 68 20 mutta
325 202 103 27 pyytäisin
451 201 115 28 puolustaa
581 202 124 21 semmoista
725 202 133 27 menettelyä,
874 203 42 20 että

91 232 38 19 tuo
152 230 115 27 vaalilippu
289 230 180 27 hyväksyttäisiin,
485 230 48 21 sillä
553 230 61 21 eihän
637 231 53 20 siinä
706 231 33 20 ole
754 231 79 20 mitään
850 230 66 25 vikaa,

92 258 67 22 koska
182 259 55 21 siinä
258 265 28 14 on
309 259 98 20 mainittu
431 259 90 26 henkilö,
535 259 52 27 joka
610 259 126 21 muutenkin
752 259 82 21 kuuluu
850 258 65 28 puhe-

91 287 195 21 miesneuvostoon.

161 345 33 21 Hr
210 345 96 20 Kalm:
336 345 44 20 Det
400 351 36 15 var
452 345 43 20 min
511 344 64 22 afsikt
590 347 32 19 att
637 345 66 21 uttala
721 345 36 21 det
772 351 82 14 samma
868 350 47 15 som

92 373 26 22 hr
133 373 78 25 Ansas,
226 373 20 21 d.
261 380 18 14 v.
296 380 17 14 s.
328 375 32 19 ett
374 373 155 27 godkännande
545 373 20 21 af
581 373 40 21 den
637 373 100 25 valsedel,
752 379 47 15 som
810 376 105 24 upptager

91 405 34 18 tre
140 408 70 15 namn.
239 402 42 27 Jag
296 402 80 26 tänker,
392 405 32 18 att
439 401 58 22 detta
512 402 39 21 bör
566 401 154 23 tillfredsställa
736 402 26 22 de
777 401 67 22 flesta.

161 459 33 21 Hr
218 459 196 21 Söderholm:
443 459 42 21 För
509 459 43 21 min
575 459 34 22 del
631 459 57 22 delar
704 459 38 27 jag
758 459 31 21 de
798 458 117 27 betänklig-

91 487 66 27 heter,
173 493 47 16 som
236 487 86 22 uttalats
338 490 46 19 mot
398 487 133 22 anställande
545 487 23 22 af
576 490 47 25 nytt
633 488 40 25 val,
684 487 39 22 och
734 487 55 22 hvad
800 494 28 15 nu
839 487 76 27 ifräga-

91 517 79 20 komna
193 516 92 21 valsedel
310 516 46 21 äter
378 516 106 26 beträffar,
508 517 23 20 sä
549 519 23 18 är
588 517 36 21 det
635 517 26 26 ju
676 517 79 26 riktigt,
770 518 38 24 att,
824 516 26 21 dä
865 516 50 21 den-

92 551 82 15 samma
197 547 104 25 upptager
322 547 33 19 tre
376 551 71 20 namn,
463 545 41 21 den
520 545 46 21 icke
581 545 66 21 borde
664 545 130 27 godkännas.
824 545 49 21 Men
889 545 27 20 dä

92 574 37 21 det
148 573 69 28 tredje
237 576 87 19 namnet
340 573 65 28 gäller
420 580 26 15 en
462 580 85 21 person,
563 580 47 15 som
626 574 70 21 tillhör
711 573 204 22 talmanskonteren-

91 609 38 14 sen
153 602 28 27 pä
203 602 69 27 grund
294 602 24 21 af
338 602 22 21 L.
384 602 32 26 O.
431 602 41 21 kan
486 602 37 27 jag
538 602 45 22 icke
599 602 52 27 hysa
665 603 67 26 några
747 602 168 27 betänkligheter

90 631 34 21 för
138 633 32 19 att
185 631 113 27 godkänna
313 631 70 21 denna
397 631 99 21 valsedel.

159 688 157 21 Diskussionen
335 687 131 22 förklarades
482 688 52 22 härä
549 688 98 26 afslutad,
662 687 107 22 hvarefter
785 688 25 21 hr
825 688 88 21 talman-

91 723 41 15 nen
158 717 31 21 till
219 717 95 21 ständets
337 717 133 21 besvarande
490 717 131 21 framställde
643 716 94 28 följande
760 717 155 26 omröstnings-

90 745 143 28 proposition:

160 802 39 27 De,
214 803 74 20 hvilka
308 803 118 27 godkänna
448 803 42 20 den
509 803 98 26 valsedel,
623 810 46 14 som
680 803 72 28 jämte
768 803 39 20 hrr
822 802 93 21 Idmans

90 831 40 22 och
145 831 65 21 Felix
226 831 86 21 Heikels
328 838 69 14 namn
413 833 107 26 upptager
535 832 66 26 äfven
615 831 142 21 talmannens
767 838 77 19 namn,
855 833 58 18 rösta

89 860 39 27 ja;
144 860 31 26 de,
190 860 34 21 det
239 860 44 21 icke
297 862 60 25 göra,
371 862 60 19 rösta
446 860 50 27 nej;

160 906 80 21 vinner
262 906 41 26 nej,
326 906 42 21 har
391 905 175 28 borgareständet
589 906 88 21 beslutit
692 907 33 20 att
739 906 45 21 icke
798 906 117 27 godkänna

90 935 73 20 denna
179 935 98 20 valsedel.

159 992 165 27 Propositionen
347 992 128 21 besvarades
499 992 48 21 med
566 992 27 21 33
606 992 24 27 ja
645 992 39 21 och
699 992 28 21 35
742 992 40 27 nej,
798 991 118 27 hvarjämte

90 1027 27 15 en
133 1021 46 21 icke
195 1021 69 21 sluten
277 1021 92 26 ja-sedel
384 1021 46 20 icke
445 1021 142 21 medräknats.
618 1021 182 26 Borgareständet
815 1020 53 22 hade
883 1020 33 21 sä-

91 1049 58 22 ledes
165 1049 88 21 beslutit
268 1049 88 22 kassera
370 1049 161 27 ifrägavarande
547 1049 102 26 valsedel;
661 1049 38 21 och
716 1049 26 21 dä
753 1049 31 21 till
794 1049 52 27 följd
857 1048 61 22 däraf

90 1078 37 21 hrr
143 1077 67 22 Wolff
222 1078 39 21 och
279 1078 57 21 Felix
353 1077 76 22 Heikel
444 1077 84 22 erhällit
540 1078 42 21 lika
593 1078 77 27 mänga
682 1079 76 24 röster,
769 1077 146 26 värkställdes,

87 1106 86 27 jämlikt
195 1106 136 21 föreskriften
354 1107 7 20 i
377 1107 13 26 &
406 1106 27 21 69
448 1107 22 20 L.
487 1107 30 25 O.
533 1107 98 26 lottning,
647 1113 46 14 som
710 1106 61 21 utföll
786 1106 31 21 till
832 1105 83 22 förmån

90 1135 33 21 för
138 1135 25 21 hr
182 1135 70 25 Wolff,
267 1135 7 21 i
288 1135 107 22 anseende
411 1135 84 21 hvartill
511 1135 32 21 till
557 1135 116 21 ledamöter
690 1135 6 21 i
712 1134 203 25 talmanskonferen-

91 1170 38 15 sen
143 1163 68 22 blifvit
227 1163 90 22 utsedda
332 1163 36 22 hrr
384 1164 105 21 Idman
505 1163 39 22 och
563 1163 98 22 Wolff.

160 1221 32 20 Hr
215 1221 87 21 Felix
324 1221 112 21 Heikel
457 1220 144 28 tillkännagaf,
624 1223 31 19 att
677 1221 40 20 han
740 1221 46 21 icke
807 1221 110 26 deltagit
906 1216 15 36 i

91 1249 40 21 den
147 1249 152 27 försiggängna
314 1250 168 26 omröstningen.

160 1307 41 20 Vid
222 1306 92 21 härefter
332 1306 147 28 försiggänget
493 1307 34 20 val
542 1306 23 21 af
578 1312 26 15 en
621 1306 114 27 suppleant
750 1307 6 21 i
772 1307 144 21 talmanskon-

91 1334 98 22 ferensen
211 1334 67 22 erhöll
300 1335 25 21 hr
349 1335 84 22 Felix
456 1335 111 21 Heikel
589 1335 29 21 46
633 1336 70 20 röster
718 1335 40 28 och
774 1342 37 15 var
827 1335 90 22 sälunda

92 1363 77 22 utsedd
185 1363 32 22 till
232 1364 91 21 berörda
339 1364 103 27 uppdrag.
460 1364 116 21 Dessutom
592 1363 83 22 tillföllo
683 1364 25 21 hr
718 1364 83 21 Öhman
813 1364 25 21 19
847 1365 69 20 röster

92 1395 56 18 samt
163 1392 37 21 hrr
216 1392 96 27 Ingman,
328 1393 104 26 Hallberg
447 1392 40 22 och
502 1392 72 21 Erkko
590 1392 79 21 enhvar
682 1393 10 20 1
702 1394 52 24 röst,
762 1393 113 21 hvarutom
885 1394 32 20 tre

92 1420 77 21 blanka
184 1420 70 22 sedlar
269 1421 120 21 inlämnats.
