1103 1761
173 101 42 22 196
473 100 226 34 Folkskoleväsendet.
919 107 13 16 5
945 107 55 20 april

242 175 156 26 Antecknades,
420 177 31 20 att
473 175 47 22 från
544 177 140 21 medstånden
703 176 89 22 anländt
808 176 105 21 särskilda
928 178 71 25 proto-

173 204 140 27 kollsutdrag.

243 336 56 22 Från
323 336 160 22 statsutskottet
497 336 54 22 hade
567 337 113 21 inkommit
695 336 40 22 och
751 336 64 21 bland
831 336 96 21 ståndets
942 336 58 21 med-

174 365 90 21 lemmar
287 365 91 22 utdelats
403 365 115 22 utskottets
538 365 82 27 förslag
635 366 31 20 till
682 364 209 28 sammanjämkning
906 364 23 22 af
942 364 57 22 stån-

174 394 53 21 dens
251 394 121 27 skiljaktiga
386 394 71 21 beslut
472 394 36 22 vid
523 394 157 27 behandlingen
696 393 24 22 af
733 393 118 22 utskottets
867 393 134 21 betänkande

173 428 36 16 n:o
224 422 14 22 2
253 422 7 22 i
275 422 115 28 anledning
404 422 23 22 af
440 423 61 21 Hans
517 423 120 27 Kejserliga
652 422 112 28 Majestäts
779 422 78 26 nådiga
867 422 133 27 proposition

174 457 35 15 n:o
224 451 14 21 6
253 451 111 27 angående
378 451 85 28 anslag
479 457 30 16 ur
524 451 232 28 bevillningsmedel
772 450 43 23 för
830 450 168 23 folkskolevä-

174 479 87 23 sendet
278 480 79 22 under
372 480 59 22 åren
444 480 58 22 1906
518 480 46 22 och
578 480 66 22 1907.

244 508 325 28 Sammanjämkningsförslaget
585 508 113 22 bordlades
714 508 32 22 till
762 510 62 20 nästa
839 508 93 27 plenum.

244 668 60 22 Efter
327 669 66 22 skedd
414 669 98 21 anmälan
530 669 98 22 inträdde
644 671 101 20 senatorn
761 669 173 21 Waldemar
950 668 51 27 Ky-

174 697 102 26 ander,
305 697 74 28 åtföljd
408 697 23 22 af
453 697 291 22 referendariesekreteraren
770 698 96 21 Artur
892 697 109 27 Deger-

175 726 85 26 holm,
276 726 39 21 och
329 726 158 22 öfverlämnade
497 727 32 20 till
543 727 26 20 hr
584 727 122 21 talmannen
722 727 62 21 Hans
801 726 120 27 Kejserliga
936 726 65 27 Maje-

175 756 53 20 stäts
245 755 77 27 nådiga
337 755 133 27 proposition
486 761 34 15 n:o
536 755 13 21 9
559 755 111 27 angående
681 755 120 27 beviljande
812 755 22 21 af
843 754 158 27 statsgaranti

174 783 41 22 för
230 783 118 22 Finlands
363 783 250 28 hypoteksförenings
630 783 131 22 utländska
777 783 49 22 lån.
1006 805 5 4 N

244 812 34 21 Hr
288 812 156 21 talmannen
457 812 93 21 uttalade
566 813 96 20 ständets
677 812 133 21 tacksamhet
824 811 33 22 för
873 812 39 21 den
926 811 77 27 nädiga

174 841 170 27 propositionen,
360 841 83 21 hvilken
460 841 85 22 ständet
561 841 69 21 skulle
645 847 55 21 egna
716 841 177 27 grundlagsenlig
909 840 92 22 behand-

174 869 53 27 ling;
243 869 108 21 hvarefter
366 869 24 21 hr
406 872 100 18 senatorn
522 869 103 22 afträdde.

244 1012 56 21 Frän
324 1012 233 28 bevillningsutskottet
580 1013 54 21 hade
652 1013 118 21 ankommit
786 1012 39 22 och
841 1012 114 21 bordlades
971 1012 31 21 till

174 1042 63 20 nästa
262 1041 87 27 plenum
365 1041 116 21 utskottets
497 1041 80 27 förslag
592 1041 32 21 till
639 1041 209 27 sammanjämkning
863 1040 22 22 af
899 1040 102 22 ständens

175 1068 122 28 skiljaktiga
320 1070 71 20 beslut
413 1070 34 21 vid
471 1070 156 27 behandlingen
647 1070 23 21 af
682 1070 119 21 utskottets
817 1069 135 21 betänkande
967 1075 34 15 n:o

175 1097 13 21 2
203 1098 7 21 i
226 1098 117 27 anledning
357 1098 23 21 af
393 1098 77 28 nådiga
485 1099 162 27 propositionen
664 1105 33 15 n:o
713 1099 14 20 2
742 1098 112 27 angående
866 1098 136 27 bevillning

175 1126 42 22 för
232 1127 120 27 spelkort.

244 1246 41 22 Till
300 1248 62 20 nästa
377 1247 86 27 plenum
479 1247 114 21 bordlades
606 1247 80 27 jämväl
702 1248 40 21 den
760 1247 31 21 till
808 1246 85 22 ständet
909 1252 50 21 nyss
972 1245 30 22 öf-

174 1274 138 22 verlämnade
338 1276 76 26 nädiga
437 1276 160 26 propositionen
621 1282 33 15 n:o
677 1276 19 25 9,
718 1276 87 21 hvilken
826 1275 64 21 bland
906 1274 96 22 ständets

174 1303 140 22 medlemmar
330 1304 98 21 utdelats.

244 1436 44 20 Hrr
310 1436 119 21 Teodor
450 1436 111 21 Heikel
577 1436 40 21 och
633 1436 86 22 Sikio
735 1436 55 22 hade
806 1436 88 21 anhållit
911 1442 34 14 om
962 1435 41 21 till-

174 1464 63 27 ständ
262 1466 32 19 att
319 1464 32 21 för
374 1464 96 21 enskilda
493 1465 177 26 angelägenheter
695 1464 20 21 fä
731 1471 52 15 vara
798 1464 142 34 fränvarande
955 1463 47 21 frän

173 1488 88 31 plenum
278 1493 177 21 nästkommande
471 1493 82 27 onsdag
569 1496 55 18 samt
640 1493 24 21 hr
702 1493 91 21 Arthur
810 1492 134 22 Castrén
955 1491 48 22 från
