1103 1756
77 113 28 16 22
117 113 44 16 dec.
380 112 26 16 H.
419 112 25 16 K.
457 111 50 17 M:ts
520 112 85 16 trontal.
878 105 27 21 19

148 181 60 21 Hans
234 180 118 27 Kejserliga
374 180 111 27 Majestäts
501 180 35 21 vid
551 180 141 21 nästberörda
708 180 82 21 tillfälle
807 180 98 27 upplästa

79 209 89 26 nådiga
183 209 34 22 tal
234 209 31 21 till
281 209 101 20 Finlands
399 209 86 21 ständer
502 215 36 14 var
554 208 23 22 af
589 208 94 28 följande
698 209 91 27 lydelse:

148 295 82 21 Genom
246 294 70 21 Mitt
331 293 99 22 manifest
444 293 23 22 af
480 295 41 20 den
537 294 27 21 22
577 294 90 21 oktober
677 294 22 26 (4
709 295 123 26 november)
843 294 59 21 detta

78 323 23 21 är
117 326 56 18 samt
195 323 35 21 det
245 323 77 27 päbud,
337 323 102 21 hvarmed
453 323 43 26 Jag
510 323 65 20 kallat
590 323 50 21 eder
655 323 32 21 till
703 323 78 21 urtima
796 323 108 26 landtdag,

78 351 38 21 har
139 351 179 27 tillkännagifvits,
342 353 32 20 att
395 351 32 21 till
444 351 50 21 eder
511 351 160 27 handläggning
687 351 60 22 skola
762 351 142 22 öfverlämnas

78 380 79 27 förslag
180 380 31 21 till
232 386 26 15 en
278 379 78 22 reform
371 379 22 22 af
407 380 39 21 den
463 379 70 22 finska
547 379 257 28 folkrepresentationens
819 380 84 27 organi-

79 409 75 25 sation,
170 409 48 21 med
234 409 134 26 tillämpning
380 408 23 21 af
412 409 40 20 den
462 409 108 20 allmänna
582 409 39 21 och
632 409 42 20 lika
684 410 129 20 rösträttens
824 409 79 26 grund-

81 440 50 23 sats,
143 437 68 27 jämte
225 437 67 22 andra
307 437 118 27 lagförslag,
442 443 46 15 som
504 437 69 27 äsyfta
588 439 32 19 ett
634 437 119 27 tryggande
768 437 23 21 af
804 437 99 21 medbor-

81 472 89 20 garenas
191 465 69 22 frihet.
291 466 154 21 Utarbetandet
467 465 23 22 af
510 466 63 21 dessa
592 466 123 21 invecklade
731 465 82 28 förslag
827 465 40 22 och
883 465 24 21 af

80 495 187 26 propositionerna
289 495 109 26 angäende
419 494 94 21 definitiv
529 494 189 27 budgetreglering
733 494 33 21 för
781 495 51 20 ären
850 494 54 21 1906

80 523 39 21 och
137 523 52 21 1907
206 523 38 21 har
259 523 45 21 icke
319 523 82 21 kunnat
416 523 124 21 medhinnas
558 523 31 21 till
605 523 41 21 den
661 523 28 21 20
705 523 117 21 december.
851 523 53 26 Jag

80 552 37 21 har
136 552 63 21 likväl
215 552 55 21 velat
286 551 151 22 sammankalla
452 552 51 21 eder
519 552 32 21 till
566 552 70 21 denna
652 552 45 27 dag,
714 552 28 27 pä
757 552 36 21 det
808 553 31 20 att
855 558 49 20 pro-

81 581 104 20 visoriska
207 580 174 27 finansätgärder,
403 580 109 27 påkallade
534 580 64 26 däraf;
621 582 33 19 att
675 580 178 27 författningarna
868 587 36 14 an-

81 609 80 26 gående
183 609 103 21 särskilda
309 609 208 27 bevillningsskatter
540 615 40 20 ega
596 609 97 27 giltighet
708 609 77 21 endast
799 609 32 21 till
846 609 59 20 detta

80 638 35 20 års
137 638 87 26 utgång,
243 638 35 20 mä
291 637 72 22 kunna
378 637 85 22 komma
478 637 32 22 till
526 638 62 21 stånd
603 637 46 22 före
664 638 40 21 den
722 639 10 19 1
747 637 90 27 januari.
869 637 35 22 Se-

80 666 41 21 dan
144 667 160 27 propositionen
328 673 33 15 om
385 666 63 22 dessa
470 667 147 26 provisoriska
634 666 169 27 finansätgärder
818 665 23 22 af
854 666 51 22 eder

80 695 131 26 behandlats,
234 695 40 21 kan
298 695 36 21 det
354 694 69 22 finnas
438 695 113 27 päkalladt,
567 697 31 19 att
612 695 141 27 landtdagens
769 695 87 21 arbeten
871 694 34 22 för

80 724 70 26 nägon
169 724 30 21 tid
218 723 100 28 afbrytas.
348 724 60 20 Efter
423 724 58 20 detta
496 723 82 22 afbrott
591 724 115 27 föreligger
720 723 33 22 för
769 724 50 21 eder
834 723 70 21 lösan-

80 752 36 22 det
130 752 23 21 af
166 752 40 22 den
222 752 113 27 viktigaste
350 752 60 22 delen
427 752 22 21 af
462 752 71 21 denna
548 752 112 27 landtdags
675 752 90 28 uppgift.
794 752 56 27 Jag
865 752 38 21 har

79 781 54 27 tagit
155 781 112 21 initiativet
288 781 31 21 till
339 787 25 15 en
380 780 78 22 reform
474 780 23 22 af
510 780 242 28 folkrepresentationen
768 781 6 21 i
791 780 90 22 Finland
897 781 6 20 i

80 810 40 20 den
139 809 147 27 öfvertygelse,
302 812 30 18 att
348 809 159 22 utsträckandet
522 809 23 21 af
558 810 128 26 rättigheten
702 812 32 19 att
749 810 84 26 deltaga
847 810 7 20 i
869 809 34 21 val

79 838 23 21 af
115 838 216 27 folkrepresentanter
347 838 31 21 till
393 838 40 21 alla
448 838 147 27 medborgare,
612 840 50 19 utan
677 838 113 22 ätskillnad
806 838 31 21 till
848 844 54 15 sam-

80 866 136 22 hällsklasser
231 867 50 21 eller
296 866 152 27 förmögenhet,
465 866 53 22 skall
533 866 83 28 förhöja
631 867 40 21 den
685 867 108 27 betydelse
807 866 96 22 landtda-

80 902 52 20 gens
147 895 136 21 värksamhet
298 895 104 21 härintills
417 895 45 21 haft
476 896 7 20 i
498 896 113 21 nationens
627 895 29 21 lif.
685 896 57 27 Jag
757 898 99 22 emotser,
872 898 31 18 att

79 924 26 21 de
129 930 40 21 nya
188 924 130 27 rättigheter,
334 930 46 15 som
396 924 92 21 förlänas
504 924 101 21 Finlands
621 924 102 21 invänare
739 930 76 21 genom
832 924 26 21 de
873 923 29 21 öf-

79 953 45 26 riga
145 959 41 21 nya
205 953 64 26 lagar,
284 952 71 22 hvilka
369 952 86 22 komma
469 954 32 20 att
516 952 32 22 till
562 952 141 28 landtdagens
719 952 100 28 pröfning
834 952 68 21 öfver-

78 982 88 25 lämnas,
180 981 60 21 skola
254 981 22 21 af
290 981 98 27 samtliga
402 981 116 27 inbyggare
533 982 6 20 i
554 980 93 22 Finland
662 981 79 22 brukas
757 981 31 21 till
804 987 55 21 gagn
870 980 32 22 för

79 1010 76 21 landet.

147 1038 145 22 Nedkallande
316 1038 59 22 Guds
398 1038 128 27 välsignelse
548 1038 59 22 öfver
630 1038 59 22 edert
703 1039 79 25 arbete,
798 1038 104 21 förklarar

78 1067 55 27 Jag
148 1067 128 27 landtdagen
293 1067 90 27 öppnad.

660 1130 173 22 NIKOLAI.

147 1221 61 22 Efter
230 1222 36 21 det
288 1222 39 21 den
352 1222 116 27 högtidliga
490 1222 62 21 akten
568 1222 104 26 afslutats,
688 1222 101 21 åtskildes
806 1222 96 21 ståndets

79 1250 144 22 medlemmar.

689 1314 22 17 In
723 1313 64 18 fidem:

632 1366 25 20 A.
678 1365 22 21 V.
718 1365 115 27 Lindberg.
