1109 1759
180 120 47 37 502
515 128 163 31 Näringslagen.
938 134 21 17 11
971 134 40 20 maj

187 200 124 26 sentähden,
333 202 44 20 että
397 202 161 21 asianomainen
583 202 125 22 valiokunta
733 202 97 28 poistaisi
855 202 158 22 alkulauseesta

185 231 63 19 sanat
265 229 34 27 >ja
313 229 136 22 väliaikaisen
465 230 116 22 asetuksen
597 231 14 21 2
625 231 93 27 päivältä
733 231 130 21 heinäkuuta
875 231 55 22 1900
941 233 71 26 synty-

184 257 109 27 peräisten
309 258 130 22 venäläisten
450 259 211 27 kaupankäynnistä»
671 259 24 27 ja
706 260 123 27 erityisessä
839 256 173 31 ponsilatiseessa

184 285 116 22 ehdottaisi
315 286 159 28 valtiosäätyjen
499 288 140 26 anottavaksi,
656 290 44 19 että
714 288 153 22 Keisarillinen
883 289 128 27 Majesteetti

184 314 111 22 suvaitsisi
310 315 87 22 kumota
413 318 92 20 sanotun
520 316 123 22 asetuksen.

254 372 33 21 Hr
302 372 112 22 Ansas:
437 373 112 22 Edellinen
572 373 81 27 puhuja
668 380 28 15 on
712 374 51 22 mitä
783 374 153 27 pätevimmillä
951 375 60 27 syillä

184 400 103 28 esittänyt
302 408 37 14 sen
355 402 178 26 huomautuksen,
545 402 54 27 joka
613 402 89 22 minulla
717 403 28 21 oli
755 403 106 21 tarkoitus
871 404 81 25 esittää,
964 403 46 21 eikä

185 429 90 21 minulla
289 430 116 22 senvuoksi
421 431 33 21 ole
469 434 75 18 muuta
567 431 136 21 lausuttavaa
718 432 50 21 kuin
784 432 123 27 pääasiassa
921 432 89 21 kannat-

186 460 35 19 taa
235 458 70 22 hänen
321 459 148 22 ehdotustaan.

253 516 34 20 Hr
309 516 177 22 Manninen:
509 517 130 21 Armollisen
663 518 107 26 esityksen
785 518 14 20 2
815 518 76 21 sivulla
906 521 102 18 sanotaan

183 544 71 21 toisen
271 544 116 28 kappaleen
408 546 97 26 lopussa:
531 546 149 26 »Henkilöiltä,
693 546 62 27 jotka
769 546 58 22 eivät
841 546 60 22 nauti
916 547 93 21 Suomen

183 572 210 28 kansalaisoikeutta,
409 580 28 15 on
453 574 115 28 molempia
589 575 58 21 näitä
669 575 97 27 maksuja
787 575 130 21 kannettava
932 575 76 21 kerran

183 602 108 21 vuodessa
306 602 108 21 enintään
433 609 73 15 saman
522 609 84 20 verran,
621 603 52 21 kuin
690 604 93 21 Suomen
799 604 144 21 kansalaisten
960 610 48 16 suo-

182 630 135 22 ritettavaksi
327 637 28 15 on
364 632 116 26 säädetty».
509 632 112 24 Toivoisin,
631 634 43 19 että
682 634 55 20 tästä
745 632 105 22 kohdasta
857 632 151 28 poistettaisiin

183 665 52 15 sana
261 660 133 21 enintään».
431 660 51 22 Sillä
501 660 36 27 jos
560 660 76 27 pykälä
655 661 36 27 jää
711 661 145 21 armollisessa
878 661 130 27 esityksessä

183 687 143 22 ehdotettuun
343 691 110 23 muotoon,
469 689 44 21 niin
528 695 33 19 ne,
574 689 61 27 jotka
651 690 55 20 eivät
721 690 34 21 ole
771 690 94 21 Suomen
875 690 133 26 kansalaisia,

183 716 73 21 voivat
271 718 75 25 päästä
361 718 148 26 pienemmällä
524 718 80 21 verolla
618 718 52 21 kuin
687 718 93 22 Suomen
795 718 133 26 kansalaiset,
942 718 66 22 koska

182 744 72 22 silloin
270 748 37 18 tuo
324 746 49 20 enin
389 748 73 19 määrä
473 746 37 27 jää
524 746 144 22 kuvernöörin
689 747 152 24 tulkittavaksi,
857 747 77 25 niiden,
947 747 61 27 jotka

182 773 57 21 eivät
255 774 33 20 ole
304 774 94 22 Suomen
413 774 132 26 kansalaisia,
562 775 43 21 kun
615 776 19 20 ei
645 776 198 21 välttämättömästi
854 776 88 21 tarvitse
950 776 58 21 mak-

182 808 37 15 saa
235 802 100 22 niinkään
351 805 76 19 suurta
442 806 84 18 määrää
541 804 52 21 kuin
610 804 94 21 Suomen
720 804 150 22 kansalaisten.

251 859 35 22 Hr
302 860 91 22 Roos:
407 861 42 27 Jag
465 861 35 21 vill
515 861 83 27 päpeka
613 867 26 15 en
655 861 165 28 omständighet,
836 868 47 15 som
899 861 40 22 kan
953 862 54 21 välla

181 888 110 27 svärighet
314 890 34 20 vid
371 890 160 27 tillämpningen
547 890 7 21 i
571 890 117 27 praktiken.
718 891 45 21 Här
786 891 51 25 stär,
853 893 31 19 att
905 890 101 28 gärdfari-

180 916 104 22 handlare
307 918 53 21 skall
382 918 87 28 erlägga
488 919 123 21 kommunal
631 919 62 25 skatt,
709 920 72 20 därest
795 919 41 21 han
853 919 45 21 icke
913 926 51 20 eger
979 920 27 20 bo

182 945 39 21 och
244 946 97 26 hemvist,
357 946 31 22 till
411 947 40 21 den
470 947 109 25 kommun,
594 948 87 21 hvarest
695 948 41 21 han
753 948 100 26 uppehöll
869 948 38 26 sig,
923 948 27 21 dä
964 948 42 21 han

182 974 87 22 undfick
284 976 69 26 öppen
369 975 142 27 förpassning.
541 976 44 21 Det
599 976 42 21 kan
657 976 89 27 erbjuda
761 976 132 27 svärigheter
904 976 32 21 för
947 976 59 22 kom-

181 1009 118 16 munernas
319 1004 197 27 taxeringsnämder
537 1006 32 20 att
583 1004 56 22 hälla
654 1005 52 21 reda
720 1005 28 27 pä
763 1005 26 21 de
805 1004 200 28 gärdfarihandlare,

181 1038 48 14 som
245 1032 74 21 kunna
333 1032 21 21 fä
369 1039 50 20 pass
435 1033 7 21 i
457 1033 137 26 kommunen,
603 1033 39 21 och
657 1040 34 14 om
707 1034 64 21 ocksä
787 1040 48 14 man
847 1034 71 21 kunde
930 1040 76 20 genom

181 1062 136 24 guvernören
341 1061 50 21 eller
414 1062 100 26 möjligen
538 1068 77 20 genom
631 1062 108 21 länsmans
754 1062 87 27 försorg
855 1062 21 21 fä
892 1062 33 22 del
942 1062 63 26 däraf,

181 1088 23 21 sä
221 1088 41 22 kan
279 1090 36 20 det
330 1089 201 28 öfverhufvudtaget
546 1090 89 27 erbjuda
655 1091 83 27 mycket
753 1093 60 19 stora
828 1090 132 27 svärigheter
975 1094 31 18 att

181 1117 120 22 bestämma
316 1118 40 21 den
372 1118 100 26 inkomst,
488 1125 45 15 som
550 1125 26 15 en
593 1119 65 21 sädan
678 1119 194 27 gärdfarihandlare
887 1120 41 20 kan
944 1119 62 21 hafva

179 1145 25 21 af
217 1146 32 20 sin
275 1147 80 26 näring,
371 1147 40 21 och
433 1148 121 26 ytterligare
577 1148 41 20 kan
635 1148 35 21 det
685 1148 90 26 erbjuda
790 1148 109 26 svärighet
915 1150 31 19 att
962 1147 45 22 utfä

180 1174 81 22 sädana
277 1175 137 21 kommunala
429 1176 110 27 utskylder
554 1176 23 21 af
591 1182 25 15 en
628 1182 84 21 person,
721 1183 46 15 som
778 1176 81 21 kanske
870 1176 62 26 länge
941 1176 64 22 sedan

179 1204 25 20 är
220 1206 60 18 utom
295 1204 84 21 landets
395 1206 94 25 gränser,
506 1205 27 21 dä
547 1205 123 27 taxeringen
686 1204 106 28 försiggär
807 1205 39 21 och
858 1205 40 21 den
909 1205 97 21 kommu-

181 1231 48 21 nala
245 1232 84 21 skatten
346 1232 53 21 skall
415 1232 108 22 indrifvas.
553 1234 43 20 Det
611 1233 40 21 kan
667 1234 75 25 hända,
753 1235 32 19 att
794 1233 71 27 nägon
877 1234 44 20 viss
933 1233 73 27 kutym

179 1260 72 21 skulle
266 1260 74 22 kunna
355 1261 82 21 utbilda
453 1262 33 26 sig
501 1261 131 22 beträffande
648 1262 36 21 det
699 1262 84 27 belopp,
799 1268 47 15 som
863 1262 65 21 sädan
946 1262 60 26 gärd-

180 1288 144 22 farihandlare
347 1290 69 20 skulle
437 1293 83 18 taxeras
533 1290 38 26 till,
587 1296 48 15 men
651 1290 54 22 dock
721 1290 90 27 erbjuda
827 1292 33 25 sig
875 1290 131 27 svärigheter

178 1316 34 22 för
228 1317 139 22 kommunen.
396 1318 49 21 Men
462 1319 35 21 det
509 1318 41 22 kan
567 1319 64 21 ocksä
646 1318 65 22 blifva
726 1320 59 20 svärt
799 1318 34 22 för
849 1318 157 28 gärdfarihand-

179 1345 74 21 larena
269 1348 36 24 att,
320 1346 61 27 längt
395 1346 95 27 aflägsna
508 1354 46 14 som
571 1348 26 20 de
612 1349 37 19 äro
671 1347 46 21 frän
741 1348 39 20 den
801 1348 110 25 kommun,
927 1348 38 20 där
980 1348 26 20 de

178 1374 79 24 skatta,
273 1374 62 22 hafva
357 1376 51 20 reda
423 1376 32 26 pä,
471 1376 79 21 hvilket
573 1376 77 26 belopp
673 1376 83 21 skatten
773 1376 84 27 uppgär
873 1376 36 22 till,
925 1376 39 21 och
980 1376 26 21 dä

178 1404 25 19 är
219 1402 36 22 det
275 1403 25 27 ju
323 1404 60 20 svärt
403 1404 65 21 ocksä
489 1404 32 21 för
544 1404 48 22 dem
615 1407 32 19 att
668 1404 81 22 bevaka
764 1405 47 21 sina
827 1404 125 27 rättigheter
968 1405 38 21 och

180 1431 91 21 besvära
286 1432 34 26 sig
335 1432 59 21 öfver
410 1439 26 15 en
452 1433 100 27 taxering,
562 1439 45 15 som
624 1433 100 27 möjligen
736 1434 55 20 varit
801 1433 88 27 oskälig.
919 1433 42 27 Jag
971 1434 35 20 vill

179 1459 73 21 därför
268 1460 112 22 hemställa
395 1461 31 21 till
442 1462 36 20 det
496 1462 88 25 utskott,
600 1468 47 14 som
670 1462 97 20 kommer
782 1465 32 17 att
829 1461 105 21 behandla
949 1462 57 20 detta

179 1488 86 26 ärende,
281 1489 106 21 huruvida
402 1490 47 20 icke
465 1490 83 21 skatten
565 1490 71 21 kunde
651 1490 52 27 utgä
718 1490 27 27 pä
760 1490 67 26 nägot
842 1493 66 18 annat
918 1492 48 23 sätt,
983 1490 23 21 sä

178 1519 33 19 att
226 1519 15 19 t.
257 1523 31 15 ex.
304 1518 85 21 skatten
413 1518 31 21 till
464 1518 161 22 landtränteriet
641 1518 71 22 kunde
727 1518 32 22 för
775 1519 55 25 dem,
847 1525 45 15 som
908 1518 46 22 icke
969 1520 37 19 äro
