1103 1761
199 106 42 39 120
499 114 223 31 Stämpelbevillning.
931 117 27 18 23
969 121 60 14 mars

268 185 34 22 Hr
317 186 156 23 talmannen
511 187 146 28 tillkännagaf,
671 190 33 19 att
718 187 94 28 följande
828 186 63 28 plena
901 186 85 22 komme
996 188 33 19 att

199 219 40 22 ega
253 221 49 15 rum
312 214 101 28 fredagen
428 215 41 22 den
485 216 28 21 23
528 215 40 22 och
583 216 112 27 onsdagen
712 216 40 22 den
768 215 29 22 28
812 221 59 16 mars
885 215 28 21 kl.
929 215 12 22 7
957 221 18 16 e.
990 221 39 19 m.;

199 242 107 23 hvarefter
322 243 85 28 plenum
424 243 116 23 afslutades
556 244 27 21 kl.
601 245 40 26 7,20
655 250 18 16 e.
688 251 28 15 m.

825 340 22 19 In
859 340 66 19 fidem:

754 376 94 21 Hannes
865 375 123 22 Snellman.

336 553 146 35 Fredagen
501 554 56 27 den
577 553 37 28 23
633 561 77 20 mars
728 554 40 27 kl.
786 554 15 26 ?
820 561 22 19 e.
862 561 34 19 m.

270 622 42 22 Vid
335 622 126 22 värkställät
483 629 84 21 upprop
589 622 107 23 befunnos
712 622 144 22 frånvarande
870 622 37 22 hrr
923 622 106 22 Söder-

200 650 78 22 holm
295 651 39 21 och
350 651 86 22 Felix
451 652 118 25 Heikel,
585 652 71 22 hvilka
670 652 81 21 anmält
766 651 116 22 förhinder.

272 782 69 23 Bland
364 783 95 22 ständets
480 784 139 21 medlemmar
633 784 55 22 hade
702 784 94 21 utdelats
812 784 40 21 och
869 783 112 21 bordlades
997 782 32 22 till

202 812 62 21 nästa
286 812 87 27 plenum
396 812 245 28 bevillningsutskottets
662 812 136 22 betänkande
812 818 35 16 n:o
863 812 14 22 3
891 812 8 21 i
913 811 117 27 anledning

201 839 23 22 af
245 840 61 22 Hans
330 840 119 28 Kejserliga
469 841 112 27 Majestäts
596 841 78 27 nädiga
689 841 136 27 proposition
841 847 35 15 n:o
891 840 14 22 3
919 840 112 28 angäende

201 868 254 29 stämpelbevillning.

272 1001 32 21 Hr
325 1002 178 21 talmannen
526 1002 130 25 meddelade,
671 1004 32 19 att
717 1004 63 19 nästa
796 1001 87 27 plenum
898 1000 86 22 komme
999 1003 32 19 att

201 1030 41 26 äga
256 1036 48 15 rum
324 1030 177 22 nästkommande
516 1030 83 27 onsdag
613 1030 28 21 kl.
659 1030 10 21 ?
686 1036 18 16 e.
719 1037 37 18 m.;
773 1029 108 22 hvarefter
896 1029 87 27 plenum
999 1028 30 22 af-

201 1058 97 21 slutades
313 1058 27 22 kl.
357 1059 11 21 7
384 1064 18 16 e.
418 1064 27 16 m.

827 1155 23 18 In
862 1154 65 18 fidem:

767 1191 25 20 A.
813 1189 23 21 V.
854 1189 117 27 Lindberg.
