1106 1761
174 108 46 34 366
474 120 237 20 Järnvägsbyggnader.
913 118 26 18 27
952 117 55 21 april

248 187 42 27 Jag
305 187 69 21 måste
389 193 57 20 anse,
462 190 31 18 att
509 188 41 20 den
561 187 56 21 enda
627 187 92 27 värkligt
730 186 109 28 opartiska
849 186 39 22 och
899 187 28 27 på
938 186 69 27 grund

178 215 23 22 af
224 216 122 26 personliga
362 216 66 20 besök
443 216 28 27 på
486 218 61 19 orten
564 215 247 27 förtroendeingifvande
823 215 135 27 jämförande
974 216 32 20 ut-

178 244 92 26 redning
292 244 131 21 beträffande
445 245 26 21 de
494 245 36 21 två
552 244 123 24 hamnarna,
696 250 46 16 som
758 244 7 21 i
780 244 77 21 sakens
873 244 132 21 fortfarande

179 279 94 20 omogna
296 273 92 21 stadium
412 273 97 26 lämnats,
532 275 23 19 är
571 273 46 25 den,
634 280 46 14 som
698 272 68 27 afgafs
782 272 23 21 af
819 272 40 22 den
876 275 59 19 stora
948 273 57 26 järn-

178 301 181 26 vägskommittén
383 301 23 21 af
427 301 146 26 1897—1898,
596 301 85 22 hvilken
698 301 53 21 efter
767 307 26 14 en
809 301 57 26 lugn,
883 301 68 26 saklig
967 300 39 21 och

178 330 106 26 ingående
306 329 157 28 framställning
484 330 91 21 kommit
596 330 32 21 till
643 330 36 21 det
694 331 95 24 resultat,
805 332 32 19 att
853 329 72 22 Kaskö
941 330 64 20 hamn

179 365 37 14 var
232 360 33 19 att
279 358 118 27 föredraga.
427 359 69 21 Sedan
513 359 50 21 dess
579 359 38 21 har
633 357 219 23 Härkmeri-trumfen
865 358 91 21 kommit
968 357 37 22 till.

178 387 84 21 Värdet
283 387 22 21 af
326 387 69 21 denna
415 387 68 22 trumf
504 390 33 19 ter
559 388 34 27 sig
607 388 118 21 emellertid
740 387 7 21 i
762 387 107 26 praktiskt
883 387 123 21 hänseende

179 415 83 28 ganska
276 415 51 22 litet.

248 445 42 26 Jag
312 446 85 19 närmar
419 445 45 27 mig
486 445 66 21 slutet
577 444 22 21 af
613 445 117 21 utskottets
747 444 117 21 uttalande.
894 444 111 21 Utskottet

179 475 63 24 säger
265 473 7 21 i
295 473 35 21 det
355 473 53 21 sista
423 473 90 28 stycket:
532 482 8 11 »
545 473 170 22 Vidkommande
730 473 101 26 slutligen
848 473 82 21 banans
946 473 59 26 spär-

178 502 51 21 vidd
254 507 64 16 anser
341 502 110 25 utskottet,
474 505 31 18 att
527 502 70 21 denna
617 502 97 27 järnväg,
732 501 33 22 för
781 504 32 19 att
828 502 49 21 med
892 501 113 27 framgäng

179 530 74 21 kunna
268 530 86 27 betjäna
368 531 41 20 den
425 531 160 27 genomgäende
601 530 96 26 trafiken,
712 531 39 20 bör
763 530 80 21 erhälla
853 537 82 14 samma
946 530 59 27 spär-

179 559 50 21 vidd
252 565 46 15 som
323 558 67 28 öfriga
404 559 133 28 järnvägar.>
567 560 43 26 Jag
625 559 77 28 frägar,
719 559 57 21 mina
790 559 81 25 herrar,
886 559 68 26 ligger
969 559 35 20 det

179 587 72 27 nägon
274 587 69 27 logisk
359 588 184 27 samstämmighet
557 588 77 21 mellan
651 588 59 21 detta
725 587 110 22 uttalande
851 587 39 21 och
906 588 36 20 det
957 587 48 21 tidi-

180 622 50 21 gare
254 616 72 21 starka
349 616 194 28 understrykandet
567 616 23 22 af
603 617 82 21 banans
701 616 100 22 karaktär
815 616 24 21 af
851 616 24 21 sä
891 616 52 26 godt
959 622 45 15 som

180 644 136 22 uteslutande
337 644 126 22 lokalbana?
493 646 42 20 För
557 648 32 18 att
612 645 84 27 betjäna
716 646 40 20 den
771 644 161 28 genomgående
948 644 57 21 trafi-

178 673 47 26 ken,
242 674 71 20 denna
328 680 47 14 som
391 674 68 21 skulle
474 680 51 15 vara
539 674 40 21 alls
594 674 64 26 ingen
675 674 50 21 eller
738 673 115 28 obetydlig,
865 674 80 26 bygger
955 679 49 15 man

179 702 63 21 alltsä
258 702 102 27 bredspär
375 702 39 22 och
431 702 108 28 uppoffrar
555 703 88 21 därmed
659 703 13 20 2
687 702 106 22 millioner
809 702 66 25 mark,
892 702 47 20 med
952 702 52 20 hvil-

178 730 37 22 ket
239 730 77 28 belopp
339 737 26 15 en
390 731 127 27 smalspärig
539 731 67 21 banas
622 731 91 21 kostnad
729 731 35 21 vid
781 730 56 22 1900
852 730 35 22 ärs
903 730 102 27 landtdag

179 760 66 20 visats
263 760 124 26 understiga
402 766 26 14 en
444 760 143 26 bredspärigs.
617 760 78 21 Denna
710 760 132 26 generositet
857 761 46 19 mot
917 759 41 20 den
970 765 34 20 ge-

179 787 135 27 nomgäende
341 787 88 22 trafiken
456 790 23 19 är
494 788 129 27 oförklarlig,
639 788 28 21 dä
682 795 48 14 man
747 787 109 22 betraktar
872 787 40 22 den
929 787 76 27 njugg-

178 816 42 25 het,
244 822 46 15 som
314 817 58 20 visas
395 817 78 26 Kaskö,
489 817 64 21 hvars
569 817 108 26 grenbana
692 817 64 21 ocksä
772 816 69 21 skulle
855 816 63 21 kosta
930 816 46 26 just
991 815 14 21 2

178 845 112 21 millioner.
320 845 46 21 Har
382 845 105 22 utskottet
501 845 90 22 blundat
606 845 51 22 eller
668 845 78 22 sticker
757 845 38 21 här
805 844 136 21 oförmodadt
950 844 54 21 fram

179 879 26 15 en
221 873 85 27 hemlig,
322 874 31 20 till
368 873 83 21 förmån
467 874 32 21 för
515 874 144 21 Kristinestad
675 874 90 26 tidigare
781 873 139 27 undertryckt
933 875 33 19 tro
977 873 29 26 pä

178 904 32 18 att
226 902 37 20 det
280 901 56 22 »se'n
352 902 76 21 ocksä»
447 902 53 22 skall
515 902 65 21 blifva
595 902 66 27 nägot
675 902 80 21 förmer
766 901 23 22 af
798 902 40 21 den
850 902 155 26 sydösterbott-

178 930 62 21 niska
264 930 69 21 banan
356 932 27 19 än
407 931 55 21 blott
477 937 25 15 en
518 931 56 21 lokal
590 930 103 26 trafikled,
709 931 49 21 med
773 930 64 22 hvars
853 930 153 27 anspräkslösa

179 961 63 19 natur
256 959 25 27 ju
297 959 128 27 smalspäret
439 960 42 20 läte
498 960 32 21 väl
546 959 74 21 förena
635 960 47 26 sig?

248 988 42 26 Jag
305 988 37 20 ber
358 990 31 19 att
404 987 21 22 få
439 988 79 21 föreslå
533 988 77 21 remiss
626 988 31 21 till
670 987 212 28 järnvägsutskottet
897 988 6 20 i
919 987 36 21 akt
966 986 39 22 och

178 1016 94 26 mening,
296 1018 31 19 att
350 1016 40 21 den
413 1016 67 22 första
495 1017 106 21 klämmen
617 1016 69 22 skulle
701 1016 165 22 omformuleras
882 1016 31 21 till
929 1022 26 14 en
972 1016 33 20 sä-

179 1044 100 27 lydande:
303 1047 43 19 att
362 1046 115 20 ständerna
492 1045 49 21 ville
557 1045 84 28 besluta
655 1047 32 19 att
702 1051 26 15 en
744 1044 158 27 normalspårig
914 1044 92 27 järnväg

178 1072 47 22 från
250 1073 107 27 Seinäjoki
380 1074 78 21 station
481 1080 77 20 genom
574 1074 127 21 Östermark
716 1074 31 21 till
764 1073 73 21 Kaskö
853 1073 53 21 skall
923 1072 82 22 utföras

178 1102 39 20 och
240 1102 70 21 under
332 1102 143 22 innevarande
498 1102 144 27 finansperiod
658 1102 101 27 beläggas
777 1102 47 20 med
840 1102 92 20 arbete.»
963 1101 43 26 Jag

179 1130 36 20 vill
230 1132 59 19 ännu
306 1130 92 27 tillägga,
414 1133 31 19 att
458 1131 38 27 jag
511 1131 76 21 väcker
602 1132 58 20 detta
675 1130 81 27 förslag
771 1130 49 21 med
836 1132 31 19 ett
882 1130 24 21 så
921 1129 84 27 mycket

178 1158 70 21 bättre
272 1162 101 22 samvete,
396 1166 46 14 som
463 1160 75 25 banan,
554 1166 33 14 om
605 1160 40 21 den
661 1160 58 20 ledes
736 1165 77 21 genom
830 1154 127 25 Östermark
972 1158 31 21 till

178 1187 80 25 Kaskö,
281 1187 45 21 icke
341 1187 41 21 kan
399 1187 85 22 komma
499 1190 36 23 att,
551 1188 70 21 såsom
639 1188 35 21 det
689 1187 66 26 heter,
772 1187 66 26 dräpa
854 1186 149 25 Kristinestad,

178 1215 27 21 då
217 1215 25 27 ju
258 1215 88 22 faktiskt
362 1216 26 21 de
404 1216 137 21 ekonomiska
556 1223 139 14 ressurserna
709 1217 7 20 i
733 1215 144 22 Kristinestad
888 1216 68 25 borga
966 1214 38 26 för,

178 1246 31 19 att
231 1244 71 21 denna
324 1245 48 20 stad
393 1245 38 20 har
454 1245 37 28 råd
507 1247 30 19 att
553 1245 70 27 bygga
637 1251 26 14 en
680 1244 182 22 subventionerad
877 1243 128 28 privatbana

177 1271 45 22 från
248 1273 145 21 Kristinestad
416 1273 31 21 till
471 1274 132 25 Östermark,
619 1273 39 22 och
674 1273 26 21 då
715 1273 68 21 tillika
799 1273 116 20 utskottets
932 1271 72 22 utred-

177 1301 53 26 ning
246 1301 40 22 och
301 1302 26 20 de
343 1302 69 21 under
427 1303 84 20 vintern
526 1302 153 21 föranstaltade
690 1301 215 27 undersökningarna
915 1300 22 21 af
946 1300 58 21 ham-

177 1335 42 15 nen
245 1330 8 21 i
273 1330 144 21 Kristinestad
433 1331 73 26 påstås
523 1330 56 27 gifva
594 1331 35 20 vid
644 1331 91 24 handen,
750 1332 33 19 att
798 1329 69 22 denna
883 1329 63 21 hamn
962 1329 42 21 kan

177 1358 66 21 blifva
266 1358 23 21 af
308 1359 24 21 så
347 1359 42 26 god
405 1359 150 26 beskaffenhet,
571 1362 31 18 att
617 1360 40 20 den
674 1359 51 27 godt
740 1359 43 20 kan
799 1358 33 21 stå
846 1359 7 20 i
868 1358 136 21 konkurrens

176 1387 50 20 med
242 1387 74 21 Kaskö
331 1387 71 21 hamn.

246 1416 43 26 Jag
311 1416 35 20 vill
368 1416 56 21 sluta
439 1417 70 20 denna
524 1416 157 26 framställning
697 1416 48 20 med
761 1417 32 19 att
808 1415 31 21 till
855 1415 98 21 ståndets
968 1415 37 20 be-

177 1445 71 24 nägna
270 1444 120 21 beaktande
412 1444 91 27 uppläsa
525 1450 26 15 en
575 1444 87 26 mening
680 1451 25 14 ur
722 1444 41 21 den
780 1444 78 20 nämda
873 1445 60 19 stora
945 1443 59 26 järn-

176 1472 194 26 vägskommitténs
381 1473 104 26 objektivt
495 1473 70 21 hållna
576 1473 138 20 betänkande.
739 1472 46 21 Där
797 1471 59 22 heter
867 1471 44 22 det:
932 1470 73 21 »Dock

176 1499 70 22 blefve
271 1501 136 26 billighetens
429 1501 120 27 fordringar
569 1501 45 21 icke
629 1501 115 27 iakttagna,
761 1507 35 14 om
813 1506 26 15 en
855 1500 60 25 bana,
931 1499 74 22 afsedd
