1100 1756
100 95 29 17 29
141 100 57 12 mars
340 96 82 21 Anslag
433 96 33 16 för
477 95 217 18 folkskoleväsendet.
888 88 40 22 135

101 164 117 27 pungeissa
234 164 98 22 niinkään
348 164 135 26 kehuttavaa,
499 164 46 22 eikä
561 170 23 16 se
599 164 112 21 ollenkaan
727 164 81 21 korvaa
823 164 45 25 sitä,
885 165 43 19 että

101 192 118 27 opettajilla
234 192 47 22 olisi
297 193 98 21 tilaisuus
411 194 76 26 päästä
501 192 124 26 näkemään,
640 193 65 21 miten
722 192 94 22 muualla
828 198 27 16 on
866 192 60 22 asiat.

171 250 32 20 Hr
226 249 163 27 Reijonen:
412 250 59 21 Minä
492 250 69 27 yhdyn
585 250 73 25 niihin,
671 250 62 26 jotka
748 252 49 19 ovat
812 249 116 26 tahtoneet,

100 279 46 20 että
170 278 97 27 myöskin
292 278 138 28 kaupunkien
455 278 268 27 kansakoulunopettajille
748 278 179 21 valmistettaisiin

101 306 120 22 tilaisuutta
244 307 119 26 stipendien
387 307 124 26 saamiseen,
524 307 23 27 ja
563 307 92 21 ehdotan
671 306 125 26 sentähden,
812 308 44 20 että
871 308 57 20 tämä

101 335 97 21 mietintö
220 337 59 19 tässä
302 335 84 22 kohden
409 336 166 26 palautettaisiin
591 335 151 22 valiokuntaan
758 336 42 20 sitä
814 335 113 27 toimenpi-

100 364 60 21 dettä
175 366 79 23 varten,
270 366 43 19 että
328 364 68 21 siihen
411 364 120 22 lisättäisiin
544 364 53 27 joku
614 366 72 19 määrä
701 364 97 27 myöskin
809 363 118 27 kaupunki-

100 392 307 28 laiskansakoulunopettajien
431 393 119 27 stipendien
575 392 86 22 varalle.
691 392 80 22 Mitään
788 398 97 16 summaa
900 398 26 15 en

100 421 35 21 ole
158 421 74 21 valmis
256 423 58 19 tässä
336 422 167 23 mainitsemaan,
519 424 68 19 mutta
603 421 81 22 senhän
699 421 123 21 valiokunta
837 421 41 21 itse
893 421 35 21 voi

101 451 101 20 määrätä.

170 507 33 21 Hr
226 507 229 28 Schybergson:
478 508 41 27 Jag
542 508 37 21 ber
602 510 32 19 att
655 507 22 22 fä
691 507 74 22 förena
781 507 43 28 mig
839 507 49 22 med
903 507 25 21 hr

100 535 97 22 Brofeldt
220 536 79 26 därom,
314 538 32 19 att
360 536 145 21 betänkandet
520 537 7 20 i
543 537 70 20 denna
628 536 34 21 del
678 536 66 21 mätte
759 536 168 21 äterremitteras

100 564 33 21 till
148 565 106 20 utskottet
268 564 33 21 för
317 565 66 21 sädan
399 565 154 26 omredaktion,
569 567 31 19 att
615 564 62 22 däraf
691 565 76 27 tydligt
781 564 99 27 framgär,
896 566 32 19 att

99 593 38 21 det
161 593 57 21 afser
241 593 76 21 endast
331 593 162 22 folkskollärare
509 593 39 22 och
563 594 129 21 -lärarinnor
707 593 29 27 pä
750 593 77 22 landet.
857 593 71 21 Efter-

100 627 47 16 som
163 621 118 22 klämmens
297 622 112 21 redaktion
424 621 107 22 föranledt
546 621 134 27 tvifvelsmäl,
695 622 39 21 har
749 625 31 18 ett
795 622 76 22 sädant
886 621 42 22 för-

100 650 123 27 tydligande
238 650 46 22 skäl
299 650 33 21 för
347 651 39 26 sig.

170 736 70 21 Sedan
262 736 26 21 hr
310 736 140 22 Oivanen
473 736 83 22 förenat
576 737 33 26 sig
625 743 35 15 om
675 737 26 21 hr
716 737 116 27 Reijonens
848 735 80 27 förslag

99 766 57 19 samt
170 765 26 20 hr
212 764 147 23 Brofeldt
375 765 128 22 understödt
517 765 26 21 hr
559 765 160 28 Schybergsons
734 765 101 28 yrkande,
850 764 77 22 förkla-

98 793 64 21 rades
186 793 150 22 diskussionen
359 793 99 26 afslutad,
481 793 106 22 hvarefter
604 794 25 21 hr
645 794 122 21 talmannen
783 794 32 21 till
830 793 97 22 ständets

99 821 134 22 besvarande
248 822 131 21 framställde
395 822 93 27 följande
503 823 316 27 omröstningspropositioner:

170 908 21 26 1)
214 907 38 27 De,
276 908 75 21 hvilka
374 908 36 21 till
430 909 215 27 kontraproposition
667 911 46 18 mot
728 909 113 20 utskottets
856 907 72 22 andra

98 935 61 22 kläm
174 936 14 21 å
203 936 50 21 sida
268 937 26 20 14
309 937 55 27 vilja
380 939 82 25 antaga
478 937 39 21 hrr
535 937 111 21 Oivanens
659 937 37 22 och
709 937 118 25 Reijonens
836 936 91 27 förslag,

99 966 61 19 rösta
169 965 41 27 ja;
226 965 31 26 de,
272 965 36 21 det
322 965 45 21 icke
383 965 61 28 vilja,
458 967 59 20 rösta
533 966 46 27 nej;

169 1022 81 21 vinner
271 1022 42 28 nej,
335 1022 43 21 har
399 1023 88 21 ständet
509 1023 8 20 i
539 1023 81 21 sädant
639 1023 100 28 afseende
754 1022 121 28 föredragit
890 1022 39 21 hrr

100 1050 163 29 Schybergsons
278 1051 38 21 och
332 1051 111 28 Brofeldts
457 1051 90 28 förslag.

169 1137 166 27 Propositionen
359 1137 130 22 besvarades
505 1138 34 21 vid
555 1137 116 22 värkställä
689 1137 97 27 votering
801 1137 49 21 med
865 1136 27 21 33
906 1136 22 27 ja

99 1165 41 22 och
155 1165 27 22 38
196 1165 40 27 nej.

169 1222 23 27 2)
215 1222 39 27 De,
276 1223 74 21 hvilka
371 1223 119 27 godkänna
505 1223 168 21 statsutskottets
688 1223 72 21 andra
776 1223 58 20 kläm
849 1221 15 22 ä
878 1221 50 21 sida

99 1251 33 26 14,
148 1253 59 19 rösta
220 1251 37 27 ja;
272 1252 32 26 de,
320 1252 36 21 det
369 1251 46 21 icke
429 1254 61 25 göra,
505 1253 60 20 rösta
580 1252 47 27 nej;

168 1308 81 21 vinner
264 1308 42 28 nej,
321 1308 42 21 har
377 1308 88 21 ständet
481 1309 87 20 beslutit
583 1308 160 21 äterremittera
761 1307 145 22 betänkandet
920 1307 9 20 i

98 1336 76 21 denna
196 1337 34 20 del
246 1337 35 20 till
295 1337 104 21 utskottet
413 1337 37 27 för
464 1339 34 19 att
513 1337 132 28 förtydligas
660 1337 10 20 i
684 1337 35 21 det
733 1337 57 28 syfte
806 1336 39 21 hrr
862 1335 67 28 Schy-

100 1365 91 27 bergson
206 1365 39 21 och
261 1365 103 28 Brofeldt
378 1365 121 28 föreslagit.

168 1450 168 27 Propositionen
362 1451 130 21 besvarades
517 1451 48 21 med
591 1451 158 26 öfvervägande
768 1451 30 26 ja,
821 1449 39 22 och
875 1449 55 22 hade

98 1478 108 22 klämmen
223 1479 91 22 sälunda
330 1479 106 27 godkänts
449 1479 135 22 oförändrad.
