1100 1759
90 93 25 17 18
127 94 54 21 april
395 86 215 33 Brännvinsskatten.
873 88 41 21 217

228 293 150 34 Onsdagen
397 292 55 27 den
472 293 32 27 18
522 293 75 34 april
616 293 39 27 kl.
667 294 15 26 7
701 300 24 20 e.
744 301 35 19 m.

160 362 41 21 Vid
224 362 125 22 värkställdt
372 368 84 21 upprop
479 362 90 22 befanns
591 362 142 22 frånvarande
753 363 24 21 hr
792 362 124 22 Jämsén

91 390 28 27 på
134 390 70 27 grund
219 390 23 22 af
254 390 58 22 förut
327 391 122 21 meddeladt
464 391 103 21 tillstånd.

160 534 155 26 Antecknades,
337 536 33 20 att
391 534 47 22 från
464 534 139 22 medstånden
619 535 88 21 anländt
724 534 105 22 särskilda
844 537 72 25 proto-

91 562 140 28 kollsutdrag.

160 707 121 27 Föredrogs
297 707 173 21 statsutskottets
486 707 34 21 vid
536 709 86 19 senaste
637 707 88 27 plenum
741 706 32 22 för
789 707 66 21 andra
866 706 51 28 gån-

92 742 40 20 gen
155 736 118 26 bordlagda
294 736 135 21 betänkande
452 742 34 15 n:o
502 736 13 20 3
531 736 6 20 i
553 736 116 26 anledning
684 735 23 22 af
720 736 61 21 Hans
798 735 120 27 Kejserliga

92 764 111 27 Majestäts
219 764 76 27 nådiga
310 764 134 27 proposition
460 770 35 15 n:o
511 764 13 21 5
539 764 111 27 angående
666 764 48 22 den
730 764 72 26 skatt,
813 770 52 16 som
875 764 43 22 för

92 792 164 28 tillvärkning
278 793 28 21 af
328 792 121 22 brännvin
473 792 64 22 skall
561 792 119 28 erläggas,
703 793 64 22 samt
789 798 39 16 om
844 792 74 28 sagda

92 821 78 22 skatts
186 821 169 26 användande;
371 820 111 22 äfvensom
498 821 7 21 i
520 821 155 33 sammanhang
692 821 88 21 härmed

162 838 217 34 ekonomiutskottets
394 850 135 21 betänkande
544 856 34 15 n:o
596 850 9 20 1
622 850 8 21 i
645 856 81 15 samma
741 852 68 19 ämne.

162 908 33 20 Hr
218 908 168 26 Björkstén
409 907 72 21 anhöll
504 914 35 14 om
559 908 61 21 ordet
636 907 39 22 och
689 908 92 26 yttrade:
811 907 40 21 Till
865 906 52 28 följd

92 935 22 22 af
135 936 27 21 de
184 938 59 20 stora
264 936 150 27 förändringar
437 936 29 27 på
481 938 63 20 stats-
560 936 39 22 och
615 936 172 22 samhällslifvets
809 936 108 25 områden,

94 971 45 15 som
165 964 40 22 hos
231 971 36 15 oss
292 965 86 21 komma
402 967 32 19 att
458 964 90 27 inträffa,
572 966 23 20 är
617 967 31 19 ett
663 965 109 27 energiskt
787 964 39 22 och
842 964 74 22 omfat-

92 993 64 21 tande
180 993 215 27 upplysningsarbete
417 994 7 20 i
449 993 43 27 hög
518 994 52 26 grad
594 993 24 21 af
639 993 101 21 behofvet
755 993 107 27 påkalladt
877 992 40 22 och

93 1022 131 26 nödvändigt
247 1021 33 22 för
305 1024 82 19 statens
412 1022 88 21 välfärd.
530 1022 47 21 Mer
602 1024 26 19 än
653 1022 106 27 någonsin
783 1022 58 21 förut
855 1022 62 21 torde

92 1050 72 21 därför
189 1050 86 27 enighet
297 1051 52 21 råda
371 1050 131 22 beträffande
524 1051 36 21 det
582 1051 132 26 berättigade
735 1051 8 21 i
761 1050 109 28 yrkandet,
886 1052 31 19 att

92 1079 76 27 nödigt
191 1079 171 21 statsunderstöd
386 1079 38 21 bör
447 1079 88 27 beviljas
559 1080 35 20 det
615 1078 161 28 betydelsefulla
800 1078 116 27 bildnings-

92 1108 78 25 arbete,
194 1114 46 14 som
256 1107 81 22 utföres
352 1107 24 21 af
388 1107 162 27 folkhögskolor
565 1108 40 21 och
620 1107 236 27 ungdomsföreningar,
872 1109 44 19 sär-

93 1136 65 21 skildt
180 1136 23 21 af
223 1136 26 21 de
270 1136 141 26 förstnämda;
427 1136 39 22 och
483 1136 34 22 vid
533 1136 59 22 sidan
609 1136 23 21 af
644 1136 190 27 folkhögskolorna
848 1136 69 21 skulle

90 1164 38 27 jag
149 1164 33 22 för
206 1165 43 21 min
270 1165 34 21 del
319 1165 50 27 vilja
384 1165 62 21 ställa
461 1165 217 21 arbetareinstituten.
707 1165 96 21 Allmänt
817 1164 61 22 torde
893 1164 24 21 li-

93 1193 52 21 kasä
167 1193 106 21 erkännas
295 1196 75 24 nyttan
389 1193 40 22 och
444 1193 186 27 nödvändigheten
646 1195 36 23 att,
694 1193 80 27 jämväl
790 1193 48 21 med
853 1194 63 20 stats-

94 1222 74 25 medel,
189 1221 104 28 befrämja
307 1222 315 27 nykterhetsundervisningen,
637 1222 92 24 hvilken,
743 1224 44 19 rätt
801 1220 115 27 bedrifven,

93 1250 41 21 kan
150 1250 7 21 i
172 1250 98 22 värksam
287 1250 52 27 grad
354 1250 88 27 bidraga
458 1250 32 22 till
505 1250 102 28 höjandet
620 1250 24 22 af
656 1250 78 22 folkets
750 1250 80 27 sedliga
846 1250 72 27 styrka

93 1278 40 22 och
155 1278 32 22 till
211 1279 123 21 stärkandet
349 1278 23 22 af
385 1279 50 21 dess
451 1278 178 22 motständskraft
644 1281 46 19 mot
705 1279 166 27 rusdryckernas
886 1278 32 21 in-

93 1306 99 28 flytande.
222 1308 103 21 Däremot
340 1314 64 21 synas
421 1308 139 26 meningarna
575 1314 52 15 vara
641 1308 101 26 tämligen
755 1308 74 20 delade
839 1306 79 22 beträf-

93 1335 63 21 fande
180 1336 40 21 den
242 1336 191 27 omständigheten,
456 1336 108 22 hvarifrån
588 1336 101 27 anslagen
706 1336 59 21 skola
780 1338 68 24 tagas.
876 1336 42 26 Jag

93 1364 39 21 har
147 1367 65 24 egnat
228 1364 101 22 särskildt
344 1365 70 21 denna
430 1364 46 22 sida
491 1364 23 22 af
528 1364 65 22 saken
608 1364 157 27 öfvervägande
781 1364 39 22 och
830 1364 33 21 för
874 1364 43 21 min

94 1392 33 22 del
150 1392 90 22 kommit
262 1393 30 21 till
309 1393 36 21 det
359 1393 97 26 resultat,
471 1395 32 19 att
518 1394 36 20 det
568 1399 52 15 vore
635 1392 98 28 riktigast
749 1393 39 22 och
803 1394 55 20 mest
873 1392 43 22 väl-

93 1421 89 21 betänkt
197 1423 31 19 att
243 1422 77 26 bevilja
335 1422 102 26 anslagen
452 1422 7 20 i
470 1421 60 27 fråga
539 1421 47 21 från
599 1421 263 26 brännvinsskattemedel,
872 1420 46 22 dels

94 1449 76 26 därför,
194 1452 31 19 att
240 1450 63 21 dessa
317 1450 69 22 medel
402 1452 38 19 äro
454 1450 34 21 för
503 1450 121 21 ändamälet
636 1450 101 21 särskildt
751 1450 106 27 lämpliga,
872 1449 46 22 dels

94 1478 27 26 pä
144 1478 70 27 grund
235 1478 64 26 däraf,
320 1481 32 19 att
367 1479 7 21 i
390 1478 66 22 sädan
472 1478 102 22 händelse
589 1478 67 28 nägra
670 1478 97 22 formella
782 1478 76 22 hinder
872 1477 46 22 icke
