1109 1764
68 111 25 18 18
105 111 48 20 maj.
364 102 236 33 Järnvägsbyggnader.
851 103 43 21 515

138 180 32 20 Hr
190 179 167 22 Mattsson:
387 179 33 22 Hr
443 179 125 22 Söderholm
594 179 100 27 påpekar,
710 182 31 18 att
756 179 36 21 det
807 178 85 21 betrak-

67 209 99 21 telsesätt
185 208 37 27 jag
245 208 108 27 tillämpat,
372 208 27 21 dä
417 208 38 27 jag
473 210 126 19 resonnerat
619 214 34 15 om
674 208 158 26 ridderskapets
853 207 41 21 och

67 237 75 21 adelns
158 237 39 20 och
212 236 188 27 borgareständets
415 236 132 22 förhällande
562 237 32 20 till
610 237 69 20 denna
690 236 65 27 fräga,
767 235 88 22 innebar
867 241 26 15 en

68 272 28 21 ny
118 265 69 25 tanke,
208 265 33 21 för
264 265 85 21 hvilken
367 265 235 27 landtdagsordningen
617 265 47 22 icke
679 265 81 21 lämnar
776 270 54 15 rum.
860 264 35 25 Ja,

68 295 54 20 visst
144 293 74 27 gjorde
241 294 36 21 det
296 293 40 26 det,
356 299 47 15 men
420 294 35 21 det
470 296 23 19 är
508 294 7 21 i
530 294 42 21 alla
587 293 36 22 fall
638 300 26 15 en
680 294 69 25 tanke,
766 299 46 15 som
828 292 66 27 pekar

67 322 84 22 framät.
173 322 41 27 Jag
228 322 103 21 framlade
345 322 47 21 icke
406 323 26 20 de
447 323 37 20 tvä
498 323 103 20 ständens
617 322 173 27 sammanslagna
804 321 90 21 röstetal

68 351 13 21 å
96 351 104 21 hvardera
216 351 59 21 sidan
292 351 70 21 såsom
378 353 32 19 ett
424 351 116 27 afgörande
554 353 120 24 argument.
698 351 10 21 I
724 351 59 21 detta
793 349 102 22 afseende

68 380 82 21 känner
170 379 38 27 jag
229 379 245 27 landtdagsordningens
497 380 169 23 bestämmelser,
686 385 48 16 men
747 379 39 27 jag
800 378 95 21 frambar

69 407 99 22 siffrorna
182 408 7 21 i
204 407 60 28 fräga
286 408 70 21 säsom
373 410 31 19 ett
418 410 107 19 memento
540 408 33 21 för
586 408 216 27 järnvägsutskottet,
817 407 27 21 dä
859 407 37 21 det

68 436 121 27 förelägger
202 437 90 27 ständen
310 439 30 18 ett
355 436 80 27 förslag
450 437 31 21 till
497 437 83 26 värklig
595 437 214 26 sammanjämkning.

139 465 33 21 Hr
209 465 62 21 Öhman
293 465 53 21 talar
362 471 35 15 om
412 465 41 22 den
470 465 89 22 emellan
576 465 119 22 smästäder
710 465 94 21 rädande
820 464 75 21 afund-

70 494 83 27 sjukan.
182 494 41 27 Jag
245 500 68 19 anser,
329 496 32 19 att
383 496 31 19 ett
436 495 24 20 sä
475 494 71 21 krasst
563 494 84 27 uttryck
662 495 6 20 i
684 494 70 21 denna
769 493 81 27 sakliga
866 493 29 20 di-

70 523 101 21 skussion
187 522 68 21 skulle
270 523 54 20 varit
339 523 28 26 pä
382 523 31 21 sin
430 523 62 26 plats,
508 522 56 22 först
574 523 66 21 sedan
652 529 48 15 man
711 522 109 27 vederlagt
828 522 67 26 nägot

70 551 51 21 eller
144 551 66 27 några
231 551 23 21 af
274 551 27 21 de
318 551 92 27 positiva
426 551 46 22 skäl
490 551 39 28 jag
543 551 101 27 framlagt
658 551 32 22 för
706 552 82 21 banans
804 550 93 21 ledande

71 579 31 22 till
119 579 78 22 Kaskö.
226 579 65 22 Först
306 580 27 21 dä
348 580 26 21 de
389 579 23 22 af
425 581 44 26 mig
484 580 94 21 uttalade
594 581 93 20 motiven
703 580 134 25 kullkastats,
852 579 42 21 kan

71 615 49 14 man
136 608 27 21 ha
178 609 102 26 rättighet
294 610 32 19 att
340 609 60 26 börja
414 609 44 21 tala
472 615 34 15 om
522 609 129 26 afundsjuka
666 615 19 15 o.
700 609 26 23 d.,
741 609 46 21 icke
802 607 50 22 förr.

140 637 34 21 Hr
197 637 115 21 Carlström
336 639 62 24 säger
420 637 133 22 beträffande
569 637 55 22 hvad
637 637 38 28 jag
690 637 82 27 uppgaf
784 636 112 28 angäende

72 665 268 28 belysningskostnaderna
360 665 34 22 för
415 666 157 21 Kristinestads
590 666 80 27 inlopp,
685 669 31 18 att
728 666 38 27 jag
780 665 116 22 framburit

72 693 76 26 siffror,
171 700 48 15 men
242 694 46 21 icke
309 694 81 21 lämnat
411 695 66 26 något
492 695 48 21 stöd
555 694 33 22 för
601 695 114 21 desamma.
744 695 47 26 Nej,
804 694 38 27 jag
856 693 40 21 har

71 723 46 21 icke
133 723 57 27 gjort
204 723 41 25 det,
261 729 47 15 men
321 723 38 27 jag
374 723 38 21 har
427 723 67 28 byggt
504 723 28 28 pä
546 724 42 21 den
603 724 57 21 bona
670 723 52 22 fides
731 723 38 27 jag
779 723 7 21 i
797 722 101 22 afseende

72 751 12 21 ä
100 751 43 21 min
159 751 156 27 framställning
330 752 68 21 mäste
412 751 115 22 förutsätta
542 752 40 21 hos
593 753 58 20 mina
661 752 63 21 ärade
735 751 161 25 ständsbröder,

72 780 27 21 dä
118 780 39 27 jag
171 780 6 21 i
193 780 41 27 dag
256 780 105 26 relaterat,
383 781 55 20 hvad
456 781 38 26 jag
509 781 6 20 i
531 781 38 26 går
584 781 7 20 i
606 780 51 22 flere
674 787 115 20 personers
805 781 92 20 närvaro

72 808 66 21 hörde
160 809 13 20 å
193 809 153 26 lotsstyrelsen.
375 809 63 21 Hvad
462 809 26 22 de
506 809 7 21 i
534 809 118 27 frägasatta
674 809 88 22 skärens
784 808 114 21 förseende

72 837 49 21 med
144 837 58 27 fyrar
224 837 104 26 beträffar,
344 837 24 22 sä
390 838 68 21 mäste
470 838 43 27 jag,
529 840 55 19 trots
601 838 36 21 det
652 840 32 19 att
698 838 25 21 hr
740 837 116 22 Carlström
872 838 25 19 är

72 865 74 22 bosatt
160 866 7 21 i
183 866 149 26 Kristinestad,
346 866 56 21 hälla
417 866 51 26 före,
479 869 31 18 att
524 867 162 26 lotsstyrelsens
699 867 132 26 ingeniörers
841 867 56 19 utta-

72 894 63 21 lande
151 895 6 20 i
172 895 58 21 detta
245 895 100 21 afseende
360 895 68 21 mäste
443 901 63 15 anses
522 895 168 27 normgifvande.
720 895 63 22 Hvad
798 895 25 21 hr
839 893 57 22 Carl-

73 924 68 20 ström
156 923 77 27 pästod
248 923 110 27 angäende
372 923 180 22 isförhällandena
568 924 44 21 stär
628 924 124 27 visserligen
763 924 7 21 i
781 923 54 22 strid
847 922 50 21 med

73 951 55 21 hvad
147 951 38 28 jag
207 951 87 22 anförde
312 952 130 21 beträffande
457 954 79 20 tvänne
551 952 137 27 fyrmästares
704 953 12 20 å
732 951 118 28 Sälgrunds
864 950 33 28 fyr

74 980 142 27 sammanlagt
235 981 95 26 16-åriga
350 980 126 22 erfarenhet.
504 981 42 27 Jag
562 981 40 21 kan
619 981 70 21 härtill
704 981 45 22 icke
765 983 51 25 säga
830 981 66 20 annat

74 1010 25 19 än
123 1010 32 19 att
177 1009 25 21 hr
225 1009 116 22 Carlström
364 1009 72 27 påstår
454 1012 37 23 ett,
506 1010 64 21 dessa
584 1009 126 28 fyrmästare
725 1012 31 19 ett
770 1011 70 23 annat,
856 1008 40 21 och

70 1037 40 27 jag
124 1037 74 27 vädjar
213 1038 30 21 till
259 1038 90 24 ståndet,
365 1038 85 21 hvilken
466 1038 50 21 eller
529 1038 71 21 hvilka
610 1038 22 21 af
641 1039 63 21 dessa
714 1040 113 25 sagesmän
838 1037 58 21 stån-

73 1061 37 58 dot
132 1072 64 15 anser
219 1067 69 20 bättre
310 1067 70 21 känna
402 1067 32 21 till
456 1067 40 21 och
518 1067 73 21 kunna
610 1067 90 21 bedöma
714 1065 182 23 förhållandena
881 1061 17 38 i

82 1101 58 20 råga.

143 1123 76 27 Någon
242 1123 72 22 vidare
337 1124 92 27 polemik
450 1124 37 21 vill
506 1124 38 27 jag
560 1125 45 20 icke
623 1124 65 21 inlåta
703 1124 43 27 mig
761 1124 32 27 på.
824 1122 73 22 Likväl

74 1151 69 21 skulle
163 1151 43 28 jag,
229 1152 27 21 då
270 1152 75 21 dubier
359 1154 78 25 yttrats
452 1153 111 27 angående
579 1153 35 21 det
629 1153 81 27 förslag
724 1153 31 21 till
770 1152 76 21 remiss
860 1151 39 27 jag

74 1179 38 22 här
133 1179 119 26 framställt,
273 1181 49 26 vilja
337 1181 52 21 höra
405 1181 36 21 vår
457 1181 64 22 ärade
536 1181 92 22 talmans
644 1181 136 27 uppfattning
794 1181 8 21 i
816 1180 82 27 frågan,

74 1208 106 29 huruvida
202 1209 85 22 ståndet
308 1211 23 20 är
354 1210 130 27 berättigadt
498 1212 31 19 att
544 1209 84 27 förfara,
644 1211 71 20 såsom
728 1210 38 27 jag
780 1209 118 26 föreslagit.

75 1237 31 21 Är
122 1237 59 22 detta
195 1238 46 21 icke
255 1237 64 27 fallet,
334 1239 38 20 ber
384 1239 39 26 jag
437 1238 21 21 få
465 1238 84 25 föreslå,
560 1241 32 19 att
602 1239 91 26 ståndet,
704 1239 48 21 med
759 1237 141 22 förkastande

74 1265 24 22 af
110 1265 113 27 klämmen,
238 1267 102 21 vidhåller
356 1267 36 21 sitt
406 1267 58 21 förra
480 1267 77 22 beslut.

144 1323 11 21 I
178 1323 114 27 anledning
314 1323 23 22 af
356 1324 25 21 hr
404 1324 119 21 Mattssons
542 1323 108 28 förfrågan
667 1324 122 21 meddelade
805 1323 25 21 hr
845 1323 54 21 tal-

75 1357 133 20 mannen,
223 1354 31 19 att
275 1352 53 21 hans
344 1352 138 27 uppfattning
497 1359 37 15 var
550 1353 47 24 den,
613 1355 37 23 att,
666 1353 26 21 då
708 1353 84 21 ståndet
807 1352 92 26 tidigare

74 1379 105 22 förkastat
201 1383 30 19 ett
253 1380 23 22 af
289 1381 25 21 hr
328 1381 106 21 Mattsson
450 1381 7 21 i
474 1387 81 16 samma
570 1381 95 27 riktning
680 1381 71 28 gjordt
765 1381 80 26 förslag
860 1380 40 21 och

75 1408 27 21 då
123 1409 105 26 yrkandet
248 1409 28 27 på
298 1409 122 22 återremiss
436 1410 46 21 icke
499 1410 109 27 grundade
624 1410 32 26 sig
672 1411 26 25 på
713 1410 65 26 något
792 1410 7 20 i
815 1409 85 21 ståndet

75 1436 77 22 fattadt
174 1437 71 22 beslut
267 1438 39 21 och
329 1438 82 21 således
434 1438 46 21 icke
502 1439 71 20 kunde
596 1445 50 14 vara
668 1445 26 14 en
710 1438 69 27 grund
794 1437 33 22 för
843 1443 56 15 sam-

74 1465 166 28 manjämkning,
262 1467 25 20 hr
310 1467 121 20 talmannen
454 1467 48 21 icke
516 1467 68 26 ansåg
599 1467 33 26 sig
647 1467 72 21 kunna
734 1467 7 20 i
756 1467 52 20 strid
825 1468 45 19 mot
886 1466 14 26 &
