1109 1764
92 123 25 17 18
129 123 47 20 maj.
349 123 102 16 Finlands
463 123 208 21 hypoteksförening.
876 117 42 21 537

162 191 165 27 Propositionen
351 192 128 21 besvarades
494 192 36 21 vid
545 192 116 22 värkställd
677 192 100 27 votering
791 192 48 21 med
855 191 28 22 39
895 191 25 27 ja

93 220 39 21 och
148 220 27 21 25
188 220 41 27 nej.

162 278 20 24 2)
206 277 39 26 De,
267 277 74 21 hvilka
359 278 117 26 godkänna
491 278 112 21 utskottets
618 278 60 21 kläm
694 278 14 21 å
723 278 50 21 sida
788 278 29 21 15
829 277 90 28 oförän-

93 306 61 25 drad,
164 307 60 19 rösta
233 306 40 27 ja;
289 306 30 26 de,
335 306 35 20 det
383 306 46 21 icke
442 308 59 26 göra,
516 308 60 19 rösta
591 307 50 26 nej;

162 363 80 21 vinner
260 362 41 28 nej,
316 363 42 21 har
372 363 87 21 ståndet
474 363 87 21 beslutit
581 363 161 21 återremittera
757 364 110 20 klämmen
883 362 37 28 för

94 391 159 27 omredigering
267 392 10 20 i
291 392 35 20 det
341 392 24 27 af
380 392 27 20 hr
423 392 61 27 Hjelt
498 392 125 27 föreslagna
638 392 73 28 syftet.

163 449 164 27 Propositionen
350 449 128 21 besvarades
501 449 48 22 med
571 449 156 28 öfvervägande
745 450 30 27 ja,
798 449 38 22 och
863 449 56 21 hade

94 478 177 26 borgareståndet
293 478 82 21 således
398 478 82 27 antagit
502 478 116 22 utskottets
633 478 80 27 förslag
728 478 13 22 å
756 478 46 22 sida
818 478 27 21 15
862 477 57 22 oför-

94 506 95 22 ändradt.

164 638 32 22 Hr
219 638 180 21 talmannen
421 639 84 27 yttrade
525 638 61 22 härå:
615 639 11 21 I
642 638 94 28 enlighet
751 638 49 22 med
816 638 102 21 talmans-

94 666 154 22 konferensens
267 666 80 28 förslag
362 666 32 22 får
408 667 39 27 jag
461 667 117 27 hemställa,
593 669 32 19 att
639 667 86 21 ståndet
740 667 49 21 ville
807 667 112 27 uppdraga

95 696 21 21 åt
138 695 193 21 landtmarskalken
351 696 39 21 och
405 696 121 21 talmännen
542 698 32 19 att
588 696 7 21 i
610 696 115 27 anledning
739 695 23 22 af
775 696 62 22 Hans
853 695 65 27 Maje-

96 726 42 20 stät
160 724 115 26 Kejsarens
298 724 39 21 och
361 724 144 22 Storfurstens
520 725 7 21 i
543 731 89 21 morgon
655 724 114 22 infallande
793 724 127 27 födelsedag

96 758 76 22 genom
188 752 53 22 hans
257 752 102 22 excellens
380 753 220 27 generalguvernören
615 754 32 20 till
663 754 61 20 Hans
739 753 101 27 Majestät
855 752 64 22 fram-

95 781 45 21 föra
156 781 125 21 ständernas
295 781 39 21 och
349 781 69 22 finska
432 781 77 22 folkets
520 781 169 28 underdäniga
699 781 218 28 lyekönskningar.

165 838 89 22 Ständet
269 839 68 21 beslöt
351 838 102 28 enhälligt
467 841 32 19 att
514 839 21 21 ät
550 838 193 22 landtmarskalken
760 838 40 22 och
815 838 105 22 ständens

96 867 78 21 talmän
190 868 111 26 uppdraga
315 870 31 19 att
360 867 101 22 framföra
477 868 26 21 de
519 868 145 27 underdäniga
674 867 213 28 lyckönskningarna.

163 1022 32 22 Hr
218 1022 155 22 Mattsson
395 1023 71 21 anhöll
489 1029 35 15 om
547 1023 62 21 ordet
624 1022 39 22 och
677 1023 92 27 yttrade:
799 1023 120 26 Jag'tager

95 1051 44 27 mig
160 1050 90 22 friheten
273 1050 78 22 föreslä
366 1051 36 21 det
417 1052 177 26 borgareständet
609 1052 48 20 ville
673 1052 88 26 inbjuda
776 1051 141 21 medständen

95 1082 31 18 att
141 1079 88 21 omfatta
243 1080 188 27 borgareständets
447 1080 36 22 vid
497 1082 79 20 tvänne
591 1080 105 22 särskilda
710 1080 63 27 plena
788 1080 81 21 fattade
882 1079 35 21 be-

95 1108 44 22 slut
153 1108 90 22 rörande
259 1108 40 22 den
315 1109 208 26 sydösterbottniska
539 1109 80 21 banans
631 1108 128 28 sträckning.
781 1109 42 26 Jag
835 1110 38 25 gör
883 1108 38 21 det

96 1136 24 22 sä
139 1137 82 27 mycket
240 1137 71 26 hällre,
327 1144 47 14 som
389 1138 59 21 detta
463 1138 76 26 beslut,
554 1138 130 20 ätminstone
699 1138 7 20 i
721 1138 88 26 princip,
825 1136 97 22 ansluter

96 1166 33 26 sig
143 1165 31 21 till
191 1166 55 20 1900
261 1166 35 21 ärs
311 1166 99 21 ständers
426 1166 71 21 beslut
512 1166 91 21 rörande
618 1166 70 21 denna
703 1166 62 25 bana,
780 1166 40 21 och
835 1166 38 20 ber
881 1165 38 27 jag

94 1194 67 21 tillika
176 1193 20 22 fä
210 1194 83 26 föreslä,
309 1196 32 20 att
355 1194 67 27 sagda
436 1194 103 28 inbjudan
555 1194 24 22 sä
593 1194 44 22 fort
652 1194 38 22 ske
703 1194 41 22 kan
756 1200 77 22 genom
845 1197 74 24 proto-

95 1222 133 28 kollsutdrag
243 1222 104 23 tillställes
363 1223 148 22 medständen.

164 1280 33 21 Hr
212 1280 158 25 Lavonius,
386 1280 153 22 Wilhelm:
570 1281 86 27 Pyydän
673 1281 64 21 saada
752 1281 116 21 kannattaa
880 1279 41 22 hra

96 1308 129 21 Mattssonin
240 1308 114 22 ehdotusta
375 1309 58 21 niillä
448 1309 66 27 syillä,
527 1309 62 27 jotka
606 1309 57 21 minä
675 1309 24 27 jo
715 1309 64 22 viime
793 1309 127 22 istunnossa

95 1337 45 21 toin
156 1337 59 21 esille
235 1337 177 28 samantapaisen,
425 1337 36 28 jos
476 1337 66 22 kohta
553 1337 161 28 jonkunverran
730 1338 69 21 toisen
815 1337 106 22 ehdotuk-

96 1371 37 15 sen
149 1365 96 22 suhteen.

164 1423 33 21 Hr
213 1422 191 22 Söderholm:
427 1423 43 27 Jag
485 1423 122 22 hemställer
622 1423 31 22 till
669 1423 91 26 ständet,
770 1423 109 22 huruvida
888 1425 33 19 ett

96 1450 76 22 sädant
186 1451 70 21 beslut
271 1451 41 21 kan
327 1451 65 22 fattas
408 1453 65 24 ännu,
488 1452 27 21 dä
529 1452 86 21 ständet
629 1452 46 21 icke
689 1451 41 22 fätt
744 1452 122 21 kännedom
878 1457 43 20 om,

96 1479 7 21 i
118 1479 80 22 hvilket
212 1479 71 22 beslut
297 1479 150 28 ridderskapet
463 1480 40 22 och
518 1481 61 21 adeln
593 1483 86 19 stannat
693 1481 8 20 i
716 1480 71 22 saken.
818 1480 44 21 Det
877 1479 43 22 rik-

96 1507 44 28 tiga
156 1514 49 15 vore
221 1507 34 22 väl
269 1511 32 19 att
315 1507 55 22 först
384 1509 88 21 invänta
487 1509 156 22 underrättelse
659 1509 81 21 härom.
