1103 1756
87 108 28 18 26
127 108 55 21 april
383 107 235 21 Järnvägsbyggnader.
870 101 43 21 345

89 176 121 27 utveckling
232 176 95 22 kommer
349 178 32 19 att
403 176 43 21 ske.
477 176 47 21 Den
550 176 140 22 ekonomiska
706 176 150 27 utvecklingen
872 176 39 22 och

89 206 40 21 den
151 205 86 27 andliga
261 204 60 22 skola
335 204 62 28 följas
413 204 28 22 åt.
470 204 47 22 Och
532 205 27 21 då
574 211 26 15 en
617 205 117 21 vidsträckt
749 205 51 27 näjd
814 205 38 21 har
864 204 48 27 just

88 234 64 22 dessa
173 239 104 19 resurser,
302 234 85 26 skogar,
401 233 74 21 arbete
490 234 48 20 med
562 233 79 27 skogar
657 233 39 21 och
712 233 56 21 hvad
783 233 70 21 därtill
866 233 45 25 hör,

89 262 24 22 så
123 264 23 19 är
157 262 36 21 det
203 268 25 15 en
240 262 93 27 naturlig
344 264 41 24 väg
395 264 30 19 att
436 262 40 21 öka
487 262 36 21 det
532 262 140 21 ekonomiska
680 262 125 21 välståndet.
835 262 44 20 Det
889 263 24 19 är

88 291 28 27 på
131 291 40 21 den
187 292 68 25 vägen
270 296 49 15 man
335 290 66 22 sedan
415 290 33 21 får
463 290 27 27 gå
505 290 72 22 vidare
591 290 7 21 i
614 290 100 22 afseende
730 290 12 22 ä
752 290 161 22 detkulturella

87 319 66 22 lifvet.
182 319 11 21 I
208 319 81 21 sådana
304 319 81 21 trakter
401 320 38 26 gör
454 325 49 15 man
520 319 87 21 därmed
622 325 82 15 samma
720 319 114 21 kulturella
850 325 61 21 gagn,

89 354 46 15 som
158 354 49 14 man
230 347 31 21 uti
283 347 70 22 bättre
375 347 81 21 lottade
470 348 59 21 delar
544 347 23 21 af
580 348 73 21 landet
668 349 38 25 gör
722 348 48 21 med
783 347 130 27 jordbruket

89 376 39 22 och
144 376 235 27 mejerihandteringen.
409 376 81 26 Hvarje
504 376 97 22 landsdel
617 376 38 22 har
670 376 33 22 sin
719 376 123 27 specialitet.

159 433 33 20 Hr
208 432 116 27 Heikel,
341 433 92 21 Felix:
449 433 42 21 Vid
507 436 85 18 senaste
607 433 87 27 plenum
710 433 94 21 uttalade
816 433 38 26 jag
869 433 45 26 mig

90 461 33 21 för
146 461 68 21 banan
237 461 46 21 från
309 461 93 22 Värtsilä
424 461 31 22 till
470 461 110 22 Hiiskoski
596 461 41 22 och
652 461 72 22 vidare
739 461 28 27 på
782 461 64 22 södra
861 461 51 21 eller

91 496 64 15 norra
170 490 61 21 sidan
246 489 23 22 af
283 490 69 21 Koida
367 490 30 21 älf
410 490 31 21 till
456 490 126 27 Uimaharju
597 490 40 21 och
652 490 81 21 Lieksa.

159 519 42 26 Jag
219 519 37 20 ber
272 518 71 21 därför
358 519 21 21 få
393 518 74 22 förena
482 519 44 26 mig
540 525 35 15 om
591 519 41 21 den
648 518 145 22 modifikation
808 517 23 22 af
844 524 68 16 reser-

90 547 100 21 vationen
206 553 35 15 n:o
256 547 19 25 3,
291 553 46 15 som
353 547 106 22 förordats
475 547 23 22 af
511 547 37 22 hrr
564 547 58 22 Sikio
638 547 39 22 och
694 547 88 22 Winter.
812 547 49 22 Men
874 547 39 26 jag

91 575 69 22 skulle
182 575 54 22 dock
258 575 84 26 föreslå,
357 578 32 19 att
413 576 86 21 ståndet
514 575 93 22 därifrån
623 576 49 21 ville
687 576 116 21 tillsvidare
819 576 94 21 utesluta

90 604 41 21 alla
147 604 159 27 bestämningar
321 611 35 14 om
372 605 36 21 det
422 605 81 26 anslag,
519 611 45 15 som
581 611 29 15 nu
621 605 69 21 skulle
701 604 89 27 beviljas
800 604 32 21 för
843 605 70 21 denna

91 633 66 21 banas
174 633 117 26 byggande.
321 633 112 21 Storleken
448 633 22 21 af
484 633 59 22 detta
558 633 75 27 anslag
648 633 68 21 måste
730 633 103 27 naturligt
848 632 66 22 blifva

91 661 108 21 beroende
221 661 26 26 af,
262 661 71 22 hvilka
357 662 67 21 andra
439 662 67 21 banor
522 662 87 21 ståndet
624 662 96 21 kommer
736 664 31 19 att
783 661 83 22 besluta
881 661 31 21 till

91 690 112 21 utförande
226 690 67 21 under
308 690 144 21 innevarande
467 690 149 27 finansperiod.
648 691 63 20 Först
726 690 27 21 då
769 696 47 15 man
832 690 81 21 känner

90 719 97 21 ståndets
213 719 71 21 beslut
298 719 7 20 i
321 719 58 21 detta
393 718 107 24 afseende,
516 719 41 21 kan
572 725 50 15 man
638 719 82 21 fördela
734 719 100 27 beloppet
849 718 23 22 af
887 719 26 21 de

91 747 14 21 5
119 747 13 21 å
147 747 13 21 6
185 747 112 26 millioner,
312 747 71 21 hvilka
398 754 48 15 man
462 754 64 15 anser
541 747 73 22 kunna
629 748 109 21 användas
753 747 33 21 för
799 747 113 27 järnvägs-

91 776 123 26 byggnader
230 776 57 27 uppå
303 776 26 21 de
345 776 68 21 skilda
428 777 102 20 banorna.
559 777 42 26 Jag
611 776 36 21 vill
660 776 71 21 därför
741 775 83 26 föreslå,
835 777 32 20 att
878 776 35 21 be-

91 804 66 21 slutet
171 811 35 14 om
222 805 75 26 anslag
312 804 31 21 för
359 805 26 21 de
401 805 73 25 banor,
490 811 47 15 som
552 805 73 21 kunna
640 805 64 21 vinna
718 805 109 26 pluralitet
837 805 6 21 i
854 804 59 21 detta

91 833 68 25 stånd,
174 833 69 21 skulle
259 833 63 21 blifva
337 833 107 21 beroende
460 833 42 22 tills
518 833 86 22 ståndet
619 833 88 22 beslutit
722 833 34 27 sig
770 833 33 21 för
816 833 97 26 samtliga

88 861 258 27 järnvägssträckningar.
368 875 27 2 —
418 862 32 21 Hr
473 862 79 27 Elving
572 862 89 27 yttrade,
678 864 32 19 att
725 862 38 27 jag
777 862 35 21 vid
828 864 86 19 senaste

91 890 86 27 plenum
203 890 69 21 skulle
291 890 63 21 hafva
369 890 77 22 uttalat
461 891 41 20 den
517 890 109 27 farhågan,
641 893 31 19 att
688 897 48 15 man
752 890 27 27 på
794 891 40 21 den
850 890 64 27 ryska

91 918 60 22 sidan
167 918 22 21 af
203 921 92 24 gränsen
311 919 69 21 skulle
395 919 85 21 komma
495 921 32 19 att
541 919 70 27 bygga
627 925 26 16 en
666 919 91 27 järnväg
772 919 39 21 och
824 919 90 21 sålunda

91 947 44 21 helt
151 947 38 21 och
205 947 65 21 hållet
284 947 77 27 fjärma
375 947 170 21 ilomantsborna
559 947 47 21 från
620 948 47 20 vårt
677 947 49 21 land
738 947 39 21 och
788 948 66 26 draga
864 947 49 21 dem

91 975 22 21 åt
137 976 64 20 öster.
231 976 76 26 Någon
323 976 66 21 sådan
404 975 88 28 farhåga
506 982 34 15 om
557 982 26 15 en
599 976 51 27 rysk
662 976 103 26 järnvägs
781 976 110 27 byggande
906 975 8 22 i

92 1004 63 21 dessa
170 1004 81 21 trakter
266 1004 38 21 har
316 1004 39 27 jag
369 1004 46 22 icke
431 1005 81 25 uttalat,
528 1004 85 22 hvarför
626 1004 25 22 hr
661 1004 89 27 Elvings
761 1004 99 27 yttrande
870 1004 43 21 må-

91 1034 34 20 ste
147 1032 51 22 bero
221 1032 27 27 på
264 1035 31 19 ett
310 1032 155 22 missförstånd.
480 1046 28 2 —
524 1033 32 21 Hr
571 1033 104 27 Reijonen
691 1032 93 26 anförde,
799 1035 37 23 att,
851 1032 62 22 äfven

91 1067 35 15 om
149 1067 49 15 man
221 1061 61 27 följer
304 1062 42 20 den
362 1061 84 27 uppgift
462 1062 91 21 rörande
568 1062 144 21 kostnaderna
728 1061 32 22 för
775 1063 137 25 transporten

91 1089 23 21 af
134 1096 26 14 en
183 1090 98 21 standert
301 1092 98 19 trävaror
420 1090 46 21 från
480 1090 117 27 järnvägen
614 1090 7 21 i
636 1090 82 27 Viborg
734 1090 30 21 till
779 1090 135 27 Trångsund,

91 1124 47 15 som
151 1118 37 27 jag
203 1118 7 21 i
225 1118 38 27 går
278 1118 103 26 lämnade,
397 1125 48 15 man
461 1119 55 21 dock
531 1119 96 21 kommer
642 1119 31 21 till
689 1125 25 15 en
731 1118 90 22 skillnad
836 1118 7 23 i
858 1118 55 21 frak-

91 1149 42 23 ten,
149 1152 34 16 om
199 1153 48 15 man
263 1146 77 22 forslar
355 1154 65 14 varan
436 1154 38 20 per
487 1148 91 26 järnväg
593 1147 52 21 eller
660 1147 99 27 sjöledes,
775 1147 31 22 till
817 1146 59 22 öfver
887 1147 27 21 12

91 1175 66 21 mark.
186 1176 34 20 Hr
243 1176 148 26 Schybergson
415 1176 37 21 har
468 1176 66 21 redan
553 1176 98 27 påpekat,
666 1178 32 20 att
712 1176 70 21 denna
797 1175 118 27 beräkning

91 1205 23 19 är
137 1204 84 27 oriktig,
236 1204 89 22 emedan
340 1204 25 21 hr
381 1204 104 28 Reijonen
501 1204 103 22 beräknat
619 1211 26 15 en
660 1204 72 22 alltför
747 1204 43 27 hög
801 1205 112 26 järnvägs-

90 1232 57 22 frakt
161 1238 38 21 per
216 1233 101 21 standert.
347 1233 49 21 Men
415 1234 8 20 i
437 1232 102 22 afseende
553 1233 13 21 å
581 1233 63 21 dessa
658 1232 174 23 fraktkostnader
845 1232 69 22 finnes

91 1267 26 15 en
133 1261 164 27 omständighet,
312 1268 47 14 som
375 1262 46 21 icke
435 1261 32 22 får
483 1262 82 21 lämnas
581 1268 25 15 ur
622 1262 62 21 sikte.
714 1262 152 21 Kostnaderna
880 1260 34 22 för

90 1291 137 20 trävarornas
250 1290 139 27 uppstapling
411 1290 39 22 och
476 1290 84 27 lagring
575 1290 7 21 i
596 1290 128 27 Trångsund
739 1290 39 21 och
794 1290 62 21 deras
872 1288 43 22 för-

91 1318 68 26 nyade
180 1318 118 27 inlastning
317 1318 7 21 i
346 1319 86 26 pråmar
453 1318 33 22 för
501 1321 32 19 att
547 1319 57 21 föras
620 1319 32 21 till
666 1318 97 28 fartygen
779 1320 37 20 äro
833 1318 82 27 ganska

90 1346 61 27 höga.
181 1346 44 22 Det
239 1347 72 27 tyckes
327 1348 49 26 mig,
391 1349 32 19 att
437 1347 25 21 hr
479 1347 104 27 Reijonen
599 1347 82 27 uppgaf
694 1347 48 21 dem
759 1347 31 22 till
806 1347 27 21 10
848 1346 66 22 mark.

90 1374 31 22 Af
133 1381 26 15 en
179 1374 97 22 fackman
293 1375 37 21 har
343 1375 38 27 jag
396 1376 55 25 hört,
466 1378 32 19 att
513 1376 27 21 de
555 1376 69 21 skulle
639 1376 56 27 stiga
710 1376 31 21 till
758 1376 26 21 13
800 1374 61 22 mark
876 1381 38 21 per

91 1403 102 21 standert.
224 1404 75 21 Denna
324 1404 92 21 kostnad
441 1404 41 21 kan
498 1404 41 22 den
555 1410 57 20 vara,
629 1410 45 15 som
690 1404 97 22 kommer
802 1404 48 21 med
866 1403 49 27 prå-

91 1438 45 15 mar
151 1431 46 22 från
212 1432 104 26 Joensuu,
331 1432 69 27 aldrig
415 1432 51 22 eller
481 1433 130 21 åtminstone
626 1433 76 21 endast
716 1433 7 21 i
734 1432 88 22 enstaka
833 1432 81 22 undan-

90 1462 48 25 tags
153 1460 35 22 fall
204 1461 77 26 undgå.
311 1461 104 21 Däremot
430 1461 41 21 kan
487 1463 31 19 ett
533 1461 108 27 sågbolag,
657 1467 46 15 som
720 1461 83 22 skickar
816 1460 41 22 ned
868 1460 47 22 sina

90 1495 63 15 varor
169 1489 49 21 med
230 1489 97 26 järnväg,
343 1489 86 27 afpassa
445 1490 36 21 det
497 1490 29 24 så,
542 1491 31 20 att
588 1495 26 16 en
630 1490 46 20 icke
691 1490 60 26 ringa
767 1490 34 20 del
816 1488 23 22 af
847 1489 68 21 lasten
