1109 1764
186 119 43 21 538
484 125 236 21 Järnvägsbyggnader.
928 124 25 17 18
964 123 48 21 maj.

256 194 43 21 Hr:
312 194 114 21 Ansas:
455 194 96 21 Minusta
574 196 84 23 tuntuu,
682 193 52 21 kuin
757 193 79 27 säädyn
858 192 72 27 pitäisi
951 192 59 21 ensin

188 222 88 22 odottaa
291 225 62 19 uutta
368 222 186 28 yhteensovitusta
569 222 82 22 asiassa
663 222 23 27 ja
701 225 61 18 vasta
777 228 37 14 sen
827 221 85 27 jälkeen
927 222 85 26 päättää

187 251 137 21 ehdotetusta
339 251 105 21 kutsusta.
469 251 126 21 Puolestani
610 250 104 28 pyytäisin
725 250 100 22 ehdottaa
835 250 59 21 asian
906 249 104 27 pöydälle-

185 286 71 21 panoa
272 280 57 21 siksi.

256 337 32 21 Hr
305 332 123 27 Öhman:
450 337 12 21 I
477 337 37 21 det
526 337 37 27 jag
578 336 86 22 förenar
679 336 44 27 mig
738 342 34 15 om
788 336 25 21 hr
828 335 137 22 Sederholms
978 337 32 19 ut-

186 365 92 26 talande,
293 365 95 22 anhäller
401 366 37 27 jag
454 365 62 22 äfven
532 372 34 14 om
582 365 101 21 ärendets
699 364 161 28 bordläggning.

255 423 34 21 Hr
304 423 166 21 Mattsson:
496 422 34 22 Dä
542 422 38 28 jag
594 422 132 22 framställde
741 422 48 21 mitt
799 421 85 27 förslag,
895 421 71 27 utgick
973 421 38 27 jag

185 450 47 22 frän
256 452 136 26 antagandet,
407 454 32 19 att
460 451 148 27 ridderskapet
630 451 40 21 och
684 451 62 21 adeln
762 450 69 22 skulle
846 450 79 21 förfara
940 450 70 21 säsom

185 480 180 26 borgareständet
379 480 7 21 i
402 480 94 27 enlighet
516 480 49 21 med
586 480 50 21 dess
655 479 90 22 talmans
760 479 114 26 anvisning
888 478 87 26 förfarit,
991 478 19 21 d.

186 515 19 15 v.
221 515 17 15 s.
253 510 32 20 att
299 509 149 27 ridderskapet
463 508 40 23 och
518 508 62 22 adeln
596 508 117 22 tillsvidare
727 508 46 22 icke
788 508 72 21 kunna
876 507 83 22 besluta
974 513 36 15 an-

186 540 38 19 nat
238 539 27 20 än
282 540 31 19 att
328 538 69 21 denna
413 538 55 21 bana
484 538 76 27 drages
576 537 31 21 till
618 537 150 26 Kristinestad,
778 537 40 21 och
828 536 78 21 önskar
916 536 38 27 jag
964 536 46 21 där-

184 565 34 22 för
233 566 93 21 vidhälla
341 567 49 20 mitt
404 566 86 27 förslag.
514 566 42 27 Jag
571 566 36 21 vill
622 565 46 22 icke
683 567 102 20 motsätta
795 565 44 27 mig
850 565 160 26 bordläggning,

186 601 49 15 men
252 595 69 21 skulle
336 595 85 25 föreslä,
436 597 32 20 att
482 595 86 27 frägans
585 595 131 26 behandling
730 595 36 21 vid
781 596 62 19 nästa
853 593 157 22 sammanträde

187 623 138 22 betraktades
341 624 71 21 säsom
428 623 102 22 definitiv.

255 680 158 22 Diskussionen
429 680 131 22 förklarades
576 681 52 21 härä
643 680 98 26 afslutad,
756 679 107 22 hvarefter
879 679 84 22 ständet
973 679 36 21 be-

184 709 44 22 slöt
242 712 32 19 att
288 709 32 22 till
336 711 62 20 nästa
412 709 87 28 plenum
514 709 118 28 bordlägga
646 709 25 22 hr
686 709 119 22 Mattssons
821 708 86 27 förslag.

255 853 44 21 Hrr
324 853 198 25 Parviainen,
545 853 143 21 Mäkinen
714 852 39 22 och
776 851 158 22 Helander
956 851 53 22 hade

183 881 91 22 anhällit
288 884 33 19 att
335 881 34 22 för
385 881 97 22 enskilda
504 881 180 28 angelägenheter
698 881 21 21 fä
733 887 52 15 vara
799 880 141 21 fränvarande
962 879 47 22 frän

183 910 70 21 första
268 911 88 26 plenum
372 911 68 21 under
455 912 62 19 nästa
532 911 70 25 vecka,
618 910 39 22 och
672 909 45 22 blef
730 910 62 21 deras
808 909 96 21 anhällan
920 908 24 21 af
952 908 56 22 stän-

183 939 38 21 det
235 939 93 21 bifallen.

254 1070 33 22 Hr
310 1071 178 22 talmannen
512 1071 130 25 meddelade,
663 1074 32 19 att
716 1072 63 20 nästa
801 1070 63 27 plena
879 1070 85 22 komme
978 1072 32 19 att

182 1100 42 26 ja
244 1105 51 43 Tun
319 1100 98 27 tisdagen
440 1100 41 22 den
496 1100 28 21 22
540 1100 39 21 och
594 1099 100 28 fredagen
710 1100 40 21 den
767 1099 27 21 25
810 1098 142 22 innevarande
967 1098 41 27 maj

206 1144 5 4 .
229 1122 17 37 7
257 1133 18 16 e.
290 1134 27 15 m.

253 1248 91 22 Plenum
362 1248 118 22 afslutades
494 1248 22 22 kl
531 1249 40 26 8,50
586 1255 18 15 e.
621 1255 27 15 m.

804 1311 24 17 In
839 1310 67 19 fidem:

751 1358 25 21 A.
797 1357 22 21 V.
835 1357 116 27 Lindberg.
