1103 1795
299 91 55 18 Yvm.
366 95 30 13 n:o
410 91 11 16 8
433 90 109 18 kansakoul.
557 92 57 20 opett.
628 90 95 22 palkoista
876 92 43 20 477

95 143 246 29 folkskolepersonalen
357 144 95 28 nödgats
468 143 112 22 förskaffa
596 144 35 28 sig
647 145 64 20 extra
726 144 196 28 sysselsättningar

96 174 52 22 med
164 172 125 29 åtföljande
304 174 153 21 biinkomster.
490 172 79 23 Såsom
584 174 109 21 utskottet
708 172 68 23 äfven
786 172 135 27 framhåller,

95 204 46 22 kan
158 203 62 22 detta
233 203 123 28 omöjligen
371 203 68 21 lända
453 203 35 21 till
504 203 202 29 undervisningens
722 203 43 21 och
780 202 141 29 uppfostrans

97 240 71 15 sanna
183 233 91 21 båtnad.
306 233 53 21 Man
374 233 46 21 kan
435 233 113 21 mådända
564 233 99 21 invända
678 234 33 20 att
727 233 37 21 det
783 233 82 21 nämda
875 232 46 22 för-

96 263 116 22 hållandet
227 262 108 29 möjligen
350 263 67 21 beror
433 263 75 28 derpå,
526 264 32 20 att
574 262 186 22 folkskollärarne
776 263 42 21 och
829 262 92 22 lärarin-

97 300 72 14 norna
191 292 50 22 icke
264 292 76 22 kunna
359 292 109 22 hushålla.
500 292 44 29 Jag
567 294 47 20 tror
631 292 57 22 dock
712 294 32 20 att
760 299 28 15 en
804 292 70 22 sådan
889 292 32 21 in-

97 322 117 28 vändning
235 329 54 15 vore
304 323 8 20 i
327 322 81 28 högsta
429 322 57 28 grad
502 322 118 29 obefogad.
652 322 78 22 Redan
746 322 44 22 den
806 322 116 28 allvarliga

97 352 132 29 lifsuppgift,
247 359 47 14 som
311 352 27 22 de
353 352 48 21 valt
417 354 22 19 åt
454 352 42 28 sig,
513 352 116 22 äfvensom
641 352 27 22 de
680 352 66 22 enkla
757 352 164 26 förhållanden,

97 382 72 22 under
184 382 78 22 hvilka
278 382 27 22 de
321 381 77 22 utföra
414 382 73 22 denna
504 382 34 21 sin
553 381 91 29 uppgift
659 382 7 21 i
683 382 38 22 det
736 382 28 22 de
774 382 70 22 verka
854 382 68 22 bland

99 419 28 15 en
147 412 142 28 anspråkslös
313 411 201 29 landtbefolkning,
538 412 40 21 allt
598 412 63 22 detta
683 412 78 28 tyckes
776 412 56 28 tyda
846 414 30 26 på
890 413 33 20 att

99 449 52 14 man
168 442 50 21 icke
233 444 25 19 är
273 442 128 27 berättigad
417 443 32 20 att
465 444 55 26 göra
536 449 28 14 en
581 442 63 27 dylik
660 441 168 28 förutsättning.

171 471 43 22 Om
236 471 37 22 det
294 471 87 22 således
401 472 72 21 måste
498 478 64 15 anses
578 479 55 14 vara
648 471 108 28 befogadt
771 472 33 21 att
819 478 27 15 en
862 471 60 22 löne-

99 500 133 29 förhöjning
253 501 94 28 beviljas
368 502 23 21 åt
407 500 250 29 folkskolepersonalen,
674 503 25 20 så
715 501 43 22 blir
773 500 80 29 frågan
869 501 52 22 den:

99 531 57 21 huru
172 532 46 20 stor
233 530 56 22 skall
305 531 74 22 denna
394 530 184 30 löneförhöjning
593 531 77 26 blifva,
688 531 42 21 och
746 531 7 21 i
763 531 91 22 hvilken
866 530 56 22 form

100 561 57 21 skall
181 561 43 21 den
246 561 69 28 utgå?
346 561 126 28 Härvidlag
495 561 76 21 kunna
591 561 26 27 ju
633 563 83 26 många
732 561 60 21 olika
806 561 117 28 meningar

101 593 56 26 göra
172 591 35 28 sig
223 591 110 28 gällande,
350 591 42 21 och
408 590 49 22 från
473 591 129 21 hvarandra
617 590 121 22 afvikande
753 590 87 29 förslag
856 590 66 21 fram-

100 621 82 26 kastas,
199 621 42 21 och
257 621 38 21 det
310 623 25 19 är
350 622 60 20 svårt
428 622 32 20 att
475 623 61 26 säga,
553 621 87 22 hvilket
656 620 87 29 förslag
758 627 48 15 som
821 627 54 15 vore
886 620 37 21 det

100 651 71 21 bästa.
203 650 31 21 Så
249 651 90 27 mycket
355 657 67 21 synes
437 651 48 28 mig
501 651 58 21 dock
574 657 55 15 vara
644 651 60 21 klart
719 657 47 15 som
783 651 43 25 det,
843 651 32 20 att
886 650 37 21 det

102 679 93 30 förslag,
212 680 85 22 hvilket
312 680 134 22 framställes
461 681 7 20 i
484 680 75 22 första
574 681 174 26 reservationen,
765 680 91 21 alldeles
874 680 49 21 icke

103 713 25 18 är
150 710 116 29 antagligt.
302 710 44 21 Det
367 710 71 22 skulle
456 710 91 22 komma
566 712 32 19 att
621 711 52 21 leda
695 710 35 21 till
750 711 90 27 mycket
862 711 60 20 stora

103 740 126 22 orättvisor.
261 739 98 22 Sålunda
370 740 71 21 skulle
453 742 15 19 t.
486 747 34 15 ex.
538 747 27 15 en
581 739 59 29 ogift
656 739 168 22 folkskollärare
840 740 84 21 erhålla

104 777 29 15 en
147 770 53 21 vida
216 770 86 21 mindre
317 770 38 21 lön
371 773 29 17 än
417 777 27 14 en
460 769 49 29 gift,
527 777 51 14 men
593 770 91 21 barnlös
700 770 76 26 sådan,
793 770 42 21 och
851 770 73 21 denna

103 798 56 30 gifta
178 799 169 22 folkskollärare
363 800 74 21 kunde
453 800 108 28 möjligen
576 806 56 15 vara
647 799 46 29 gift
708 800 52 21 med
775 806 29 15 en
819 798 104 22 folkskol-

102 829 119 27 lärarinna,
238 836 47 14 som
301 829 68 22 också
384 830 58 21 hade
457 830 75 27 tjenst.
563 823 20 27 Å
599 830 71 21 andra
686 829 63 21 sidan
765 829 71 22 skulle
852 829 73 21 denna

103 859 138 21 sistnämnda
256 858 169 22 folkskollärare
440 859 91 21 komma
547 859 7 21 i
570 866 87 14 samma
672 866 133 21 gynsamma
815 859 51 28 läge
877 866 47 14 som

103 896 28 14 en
147 888 45 29 gift
207 888 175 27 folkskollärare,
399 889 92 21 hvilken
506 889 85 21 kanske
607 889 59 21 hade
682 890 32 20 att
730 888 96 29 försörja
842 890 14 19 8
872 890 13 19 a
899 890 26 19 10

102 919 64 21 barn.
198 919 44 21 För
263 917 68 30 öfrigt
352 921 25 19 är
398 919 51 21 hela
465 919 61 21 detta
542 920 44 20 sätt
602 920 33 20 att
649 919 125 21 bestämma
790 918 134 29 aflöningen,

103 949 73 20 såsom
192 948 41 21 här
248 948 69 22 redan
333 947 139 27 framhållits,
487 949 125 28 någonting
624 949 92 21 alldeles
727 949 50 27 nytt
788 949 7 21 i
806 949 49 20 vårt
865 948 58 21 land.

175 978 66 21 Hvad
250 979 47 20 åter
303 979 119 21 utskottets
433 977 87 30 förslag
530 978 115 27 beträffar,
657 979 25 20 så
691 979 58 21 hade
757 979 41 28 jag
806 985 118 21 ursprung-

103 1008 62 27 ligen
179 1008 65 21 tänkt
260 1008 120 28 godkänna
395 1008 130 22 detsamma.
558 1007 75 23 Sedan
643 1015 31 14 nu
684 1008 111 28 professor
806 1008 119 28 Runeberg

104 1038 60 27 gjort
175 1039 32 20 ett
217 1038 80 28 tillägg
307 1038 33 21 till
352 1038 117 21 utskottets
480 1037 93 29 förslag,
584 1038 86 21 känner
676 1038 41 28 jag
728 1038 46 28 mig
782 1038 53 27 böjd
847 1037 36 22 för
894 1039 32 20 att

104 1067 135 22 understöda
254 1068 56 21 hans
325 1068 98 28 mening.
454 1068 125 21 Utskottets
595 1067 88 29 förslag
698 1068 76 26 skulle,
792 1075 36 14 om
840 1068 36 21 det
887 1075 38 14 an-

104 1099 70 26 toges,
191 1097 50 22 icke
256 1098 81 28 bringa
353 1097 211 22 folkskollärarenas
580 1098 41 21 och
638 1098 175 21 -lärarinnornas
828 1098 38 21 lön
881 1105 44 20 upp

104 1127 35 21 till
155 1127 38 22 det
208 1127 87 28 belopp,
313 1134 47 15 som
377 1127 223 28 skolöfverstyrelsen
616 1129 25 20 år
660 1128 56 21 1898
731 1128 58 21 hade
804 1127 64 22 tänkt
883 1128 41 27 sig.

105 1157 44 22 Det
173 1157 25 21 af
219 1157 110 28 professor
352 1157 121 28 Runeberg
496 1157 131 22 framstälda
643 1157 111 28 förslaget
769 1159 48 20 åter
832 1157 71 22 skulle
919 1157 7 20 i

104 1188 76 27 någon
203 1188 52 20 mån
278 1189 29 26 gå
330 1187 88 22 utöfver
433 1187 111 28 sistsagda
559 1187 89 28 belopp.
680 1187 84 22 Derför
779 1187 94 22 förenar
886 1187 40 28 jag

105 1217 47 28 mig
168 1223 36 15 om
221 1217 128 22 detsamma.

177 1247 50 21 Den
243 1254 91 19 summa,
351 1254 48 15 som
415 1246 37 22 för
468 1248 65 20 nästa
548 1246 153 29 finansperiod
716 1246 146 27 erfordrades,
879 1245 48 22 ifall

105 1275 112 29 professor
231 1277 131 28 Runebergs
379 1276 87 29 förslag
482 1278 100 27 antages,
599 1277 41 21 har
657 1284 51 14 man
723 1277 110 22 beräknat
842 1276 35 21 till
887 1283 39 14 un-

106 1305 67 29 gefär
189 1307 96 25 800,000
301 1307 63 20 mark
381 1320 28 2 —
427 1314 33 19 en,
477 1308 73 20 såsom
567 1307 47 28 mig
630 1314 73 21 synes,
720 1307 64 28 ringa
795 1313 92 19 summa,
899 1306 28 21 då

106 1336 37 21 det
167 1336 71 28 gäller
262 1343 27 14 en
313 1337 24 20 så
358 1336 73 28 viktig
451 1337 46 25 sak,
521 1343 47 15 som
585 1337 50 25 den,
651 1337 93 21 hvarom
759 1337 41 21 här
816 1339 24 18 är
856 1335 70 29 fråga.

107 1365 44 28 Jag
174 1367 71 20 måste
268 1366 115 28 nämligen
406 1366 104 21 betrakta
525 1365 81 29 frågan
622 1373 37 15 om
675 1366 252 28 folkskolepersonalens

105 1394 185 30 löneförhöjning
313 1396 73 21 såsom
409 1396 91 27 mycket
523 1396 79 28 viktig,
629 1397 72 20 såsom
725 1403 28 15 en
773 1395 71 29 fråga,
860 1396 67 20 hvars

105 1425 138 28 verkningar
258 1426 75 20 kunna
349 1426 90 20 sträcka
454 1426 34 27 sig
504 1426 86 27 ganska
606 1426 59 21 vida.
697 1426 44 21 Det
752 1426 70 28 gäller
832 1426 48 25 här,
891 1432 37 14 om

106 1461 28 15 en
150 1455 40 21 kår
212 1454 25 21 af
257 1455 66 26 2,000
347 1455 102 21 arbetare
465 1455 8 21 i
488 1455 145 28 bildningens
649 1455 67 28 tjenst
732 1455 56 21 skall
803 1455 75 21 känna
894 1454 34 28 sig

105 1483 162 22 tillfredsställd
288 1484 51 22 med
352 1485 40 23 .sin
409 1485 113 28 ställning,
539 1486 25 20 så
580 1486 33 20 att
629 1485 43 21 den
688 1485 44 21 kan
748 1484 76 22 utföra
840 1485 38 20 sitt
893 1491 34 14 ar-
