1103 1789
190 87 43 20 228
427 86 123 23 Pappissääty
563 86 86 19 Maalisk.
662 88 11 16 6
686 92 16 17 p.
718 87 46 18 1900

190 140 201 27 naturalhistorien,
406 141 40 21 har
467 148 27 14 en
513 141 59 28 plats
588 141 7 21 i
612 142 54 20 våra
682 141 81 28 lyceer,
781 147 48 15 som
844 141 30 28 pä
889 141 69 28 något
973 141 42 20 sätt

191 171 123 20 motsvarar
330 171 49 21 dess
395 171 121 28 betydelse,
532 178 36 15 om
580 171 51 21 icke
643 171 27 21 de
681 170 73 29 öfriga
764 170 131 22 läroämnen
913 171 101 27 ilyceer-

189 207 40 14 nas
249 200 126 28 läroplaner
395 201 53 28 ingä
468 201 39 21 der
526 201 6 20 i
552 201 85 21 sädana
655 201 162 28 proportioner,
837 201 32 20 att
894 201 26 21 de
942 199 74 22 alltför

190 230 98 28 ensidigt
303 230 169 28 tilibakaskjuta
488 237 28 15 en
531 231 38 21 hel
585 231 49 21 sida
650 230 25 21 af
688 230 186 28 själsbildningen
889 231 29 28 pä
934 231 32 21 ett
980 229 36 22 för

191 261 52 20 vära
263 260 67 21 barns
345 260 130 29 utveckling
490 261 96 28 menligt
601 261 50 20 sätt.
678 260 44 21 Det
738 263 25 18 är
778 260 50 21 icke
847 260 117 28 olämpligt
984 261 30 20 att

190 289 119 22 ständerna
330 290 70 21 uttala
420 292 31 20 ett
470 290 79 21 sädant
569 290 128 29 principielt
716 290 175 28 önskningsmäl,
912 289 102 22 förutsatt

190 320 32 20 att
238 319 28 22 de
282 327 53 14 anse
351 320 61 21 detta
428 320 169 29 önskningsmäl
613 327 55 14 vara
684 319 25 22 af
721 320 123 27 betydelse.
871 320 45 28 Jag
930 320 41 21 hör
981 319 32 22 till

190 349 56 26 dem,
267 356 47 15 som
333 356 53 15 anse
405 350 37 21 det
460 357 55 14 vara
536 350 7 21 i
566 351 46 27 hög
628 350 55 28 grad
700 350 122 21 önskvärdt
844 351 33 20 att
894 349 120 22 naturalhi-

190 379 71 22 torien
282 379 7 21 i
310 381 54 20 vära
384 380 73 21 skolor
473 380 72 21 skulle
561 380 78 28 intaga
655 387 27 14 en
698 387 48 14 mer
761 380 128 27 betydande
905 379 63 28 plats,
986 382 27 18 än

190 409 43 21 den
249 408 36 23 för
300 410 139 21 närvarande
453 410 48 26 har,
518 410 42 21 och
574 411 29 27 pä
614 410 74 21 denna
698 409 73 29 grund
782 409 39 22 vill
829 410 42 28 jag
880 409 78 22 förena
968 409 46 26 mig

190 439 51 21 med
257 439 118 23 utskottets
391 440 66 26 kläm,
474 447 37 15 om
524 440 41 28 jag
581 440 68 22 ocksä
664 447 66 14 anser
746 440 32 21 att
800 439 43 22 den
859 439 57 22 hade
930 439 81 21 kunnat

190 468 89 22 affattas
295 472 58 19 ännu
365 470 142 22 allmännare.
533 470 44 22 För
587 470 47 21 min
646 470 34 21 del
692 470 57 21 hade
759 470 47 28 jag,
819 470 28 21 dä
855 470 41 28 jag
907 470 37 21 vid
958 470 54 20 1897

190 506 34 14 ars
245 499 108 29 landtdag
374 500 33 21 till
427 500 86 22 ständet
533 500 128 22 inlemnade
672 507 28 14 en
711 500 94 28 petition
821 500 6 20 i
844 506 86 15 samma
946 498 64 29 syfte,

189 528 128 24 formulerat
341 530 111 22 klämmen
476 531 30 27 pä
526 529 100 29 följande
647 531 51 20 sätt:
723 531 45 20 »att
786 530 32 21 uti
834 530 130 28 läroplanen
980 528 34 23 för

189 560 86 21 statens
292 559 74 28 lyceer
382 561 68 21 måtte
467 561 22 20 ät
505 560 203 26 naturalhistorien,
725 560 105 20 särskildt
841 566 81 22 genom
932 560 80 21 under-

191 589 128 28 visningens
335 590 156 21 utsträckande
506 590 35 21 till
553 590 26 21 de
591 590 70 28 högre
672 590 121 26 klasserna,
805 590 95 21 beredas
911 596 27 14 en
949 590 63 28 plats,

190 626 46 14 som
261 620 124 21 motsvarar
408 620 61 21 detta
491 620 126 21 läroiimnes
639 621 59 20 stora
713 620 138 27 betydelse«.
883 620 37 20 Ett
936 620 76 20 sådant

189 649 98 26 allmänt,
304 650 127 28 principielt
447 650 133 21 uttalande
574 645 14 38 i
597 650 73 21 denna
686 649 65 29 fräga
767 650 130 21 ankommer
912 650 29 27 pä
955 651 57 19 stän-

190 678 80 27 derna;
287 680 29 27 pä
331 679 208 29 fackmyndigheter
555 680 43 21 och
614 679 104 22 fackmän
734 680 130 21 ankommer
875 680 33 20 att
917 679 95 21 bestäm-

189 716 36 14 ma
241 710 72 25 sättet,
330 709 56 21 huru
402 710 61 21 detta
473 710 169 28 önskningsmä!
653 709 57 21 skall
721 709 64 21 lösas.
812 709 45 29 Jag
867 708 89 22 förenar
967 709 47 26 mig

189 738 50 22 med
256 739 116 21 utskottets
387 738 90 30 förslag.

260 798 153 22 Kirkkoherra
423 800 95 21 Auvinen:
536 799 160 22 Vastalauseen
707 806 112 21 ponnessa
829 800 108 20 sanotaan
946 806 66 14 muun

188 835 89 15 muassa
293 830 45 20 että
347 829 173 28 puheenalaisen
533 829 233 21 anomusehdotuksen
776 829 110 21 tarkoitus
897 836 29 14 on
937 828 75 22 oikeu-

188 859 63 21 tettu.
272 858 69 22 Tässä
355 858 151 28 nojaudutaan
522 859 102 22 suureksi
640 859 73 21 osaksi
737 859 173 21 asianomaisten
928 860 84 27 opetta-

184 888 55 27 jien,
263 888 37 21 siis
323 888 163 27 fakkimiesten,
507 896 153 14 useammassa
682 889 31 21 eri
734 888 156 22 tilaisuudessa
902 888 109 28 julkisesti

188 918 127 21 lausuttuun
341 918 180 22 vakaumukseen
549 919 25 27 ja
605 918 167 28 mielipiteesen.
808 918 53 22 Että
890 918 121 22 kuitenkin,

187 947 84 22 vaikka
291 948 137 22 tämmöinen
443 950 136 26 myönnytys
595 948 123 26 lausutaan,
736 955 28 15 on
779 948 57 21 tultu
853 948 158 28 negatiiviseen

187 978 103 28 ponteen,
311 978 59 21 tulee
391 978 51 21 siitä
462 979 46 21 että
524 978 90 22 meidän
630 978 155 22 vastalauseen
804 978 94 28 tekijäin
913 978 100 22 mielesti

190 1007 172 29 valtiosäätyjen
383 1014 29 15 on
433 1015 85 21 sangen
535 1008 82 22 vaikea
632 1008 79 22 keksiä
726 1008 96 28 keinoja,
837 1008 64 28 joilla
916 1008 96 28 puheen-

187 1037 90 22 alainen
293 1038 112 28 epäkohta
421 1038 55 21 voisi
493 1038 56 21 tulla
563 1038 139 28 poistetuksi.
724 1038 67 21 Tästä
802 1039 77 27 syystä
889 1038 60 20 minä
959 1044 53 21 puo-

188 1067 80 21 lestani
289 1067 100 21 vieläkin
407 1068 105 21 tahtoisin
528 1068 115 21 suositella
657 1068 155 21 vastalauseen
827 1068 94 27 tekijäin
937 1067 75 22 ehdot-

188 1098 76 20 tamaa
279 1098 78 27 pontta
373 1098 177 21 semmoisenaan
566 1098 207 27 hyväksyttäväksi.

259 1156 152 22 Kirkkoherra
427 1158 100 21 Hannula:
546 1157 53 21 Että
615 1158 61 20 tämä
691 1157 108 28 kysymys
811 1157 19 21 ei
843 1157 34 21 ole
888 1157 47 21 niin
945 1157 67 21 vähi-

188 1186 112 28 pätöinen,
323 1194 23 14 se
362 1194 29 14 on
406 1187 69 21 täällä
490 1188 54 20 tänä
559 1187 71 21 iltana
643 1187 24 27 jo
684 1188 145 20 tunnustettu.
861 1186 91 22 Rehtori
968 1186 44 22 Me-

187 1216 78 22 lander
281 1216 62 22 sanoi
359 1218 46 20 että
420 1218 61 20 tämä
496 1217 109 27 kysymys
621 1224 29 14 on
665 1216 82 28 yleistä
761 1216 82 22 laatua.
875 1216 77 22 Koska
966 1217 48 20 tätä

186 1246 133 28 kysymystä
341 1253 30 15 on
393 1246 103 28 pohdittu
521 1248 78 20 monta
621 1247 79 21 kertaa
724 1246 244 28 opettajakokouksissa
988 1246 25 27 ja

187 1276 70 21 koska
281 1283 23 15 se
327 1277 49 20 taas
399 1276 122 22 uudestaan
545 1283 28 15 on
597 1277 92 21 annettu
714 1276 101 28 säätyjen
839 1276 173 25 käsiteltäväksi,

187 1305 83 21 vaikka
285 1306 48 21 sille
350 1306 68 22 viime
433 1306 162 28 valtiopäivillä
611 1306 21 22 ei
648 1306 123 21 saatukaan
787 1306 43 21 sitä
840 1307 108 27 päätöstä,
959 1306 54 20 kuin

186 1335 127 27 tahdottiin,
329 1336 49 20 niin
394 1336 95 21 osoittaa
503 1337 61 20 tämä
579 1336 78 21 kaikki
673 1337 46 20 että
734 1336 103 28 puheena
855 1336 65 21 oleva
934 1335 47 21 asia
992 1336 19 20 ei

188 1364 35 22 ole
248 1365 130 21 ainoastaan
399 1366 202 28 pedagoogillinen,
618 1372 58 15 vaan
692 1365 145 27 semmoinen,
851 1366 71 27 jonka
937 1366 75 27 synty-

186 1394 86 22 miseen
287 1402 30 14 on
341 1396 92 21 antanut
451 1396 84 21 aihetta
550 1396 91 27 yleinen
657 1402 88 14 maassa
759 1395 118 21 vallitseva
892 1395 119 28 mielipide.

187 1424 154 27 Vanhemmat,
366 1425 43 21 isät
429 1425 24 28 ja
476 1425 61 26 äidit,
559 1425 64 28 jotka
644 1426 117 20 seuraavat
777 1426 102 27 opetusta
894 1424 118 26 kouluissa,

186 1455 53 21 ovat
263 1454 78 22 tulleet
356 1455 162 21 huomaamaan
535 1456 45 20 että
595 1455 66 21 toisia
676 1455 83 21 aineita
775 1456 119 27 opetetaan
908 1454 104 28 yksipuo-

187 1484 76 26 lisesti,
285 1484 54 28 joka
362 1485 107 28 tapahtuu
492 1485 84 27 tietysti
600 1485 82 21 toisten
705 1484 103 22 aineiden
824 1484 188 22 kustannuksella.
