1106 1789
154 86 52 17 Tvm.
220 91 30 13 n:o
263 87 11 16 3
287 85 149 19 keinotekoisten
451 85 181 19 lannoitusaineiden
645 91 17 17 y.
676 91 24 12 m.
713 86 92 22 kaupasta
862 87 44 20 413

149 140 102 21 Provasti
275 140 81 21 Kaitila:
386 139 102 22 Minäkin
510 140 94 27 pyydän
623 140 72 27 yhtyä
710 140 72 21 niihin
797 140 108 28 puhujiin,

76 170 64 28 jotka
161 170 53 21 ovat
234 170 128 27 pääasiassa
379 169 161 22 kannattaneet
555 171 49 20 tätä
618 170 166 21 lakiehdotusta
799 169 107 22 kokonai-

78 199 142 22 suudessaan.
252 199 34 22 Ne
309 199 97 22 arvoisat
429 199 100 28 puhujat,
551 199 65 28 jotka
639 201 53 20 ovat
714 200 117 21 tahtoneet
849 200 58 21 tästä

78 229 206 22 lakiehdotuksesta
304 229 87 28 poistaa
410 229 54 22 sekä
479 229 163 22 keinotekoiset
658 229 188 22 lannoitusaineet
861 230 47 21 että

78 259 138 22 valmistetut
231 259 149 26 rehutavarat,
393 260 59 25 ovat,
464 259 77 21 mikäli
552 259 88 26 käsitin,
651 259 168 22 tärkeimmäksi
830 259 76 28 syyksi

79 289 138 21 maininneet
230 295 39 14 sen
282 289 46 21 että
341 289 151 21 tarkastusten
505 289 78 21 kautta
591 296 44 14 nuo
648 289 104 21 mainitut
760 290 89 20 tavarat
856 289 51 21 tuli-

80 319 57 20 sivat
147 319 48 20 niin
203 318 192 21 kallishintaisiksi
404 319 53 21 ettei
466 319 56 20 niitä
532 319 74 21 silloin
618 321 72 20 enään
698 319 61 21 moni
770 319 56 21 voisi
837 319 70 21 hank-

79 348 37 21 kia
138 348 107 22 itselleen.
277 348 85 21 Tämän
378 349 106 27 johdosta
499 349 61 21 minä
577 349 120 27 erityisesti
712 349 82 28 pyysin
809 349 98 28 puheen-

79 385 84 15 vuoroa
183 378 216 27 huomauttaakseni,
419 379 85 20 kuinka
522 379 77 21 tämän
614 379 186 21 lakiehdotuksen
818 380 8 19 1
842 374 10 37 &
874 379 33 20 ni-

80 415 133 15 menomaan
230 408 89 21 sisältää
335 408 134 21 semmoisen
484 409 97 26 kohdan,
596 409 55 27 joka
666 409 60 21 tulee
742 409 103 21 olemaan
860 409 48 20 niin

80 438 133 21 sanoakseni
237 438 169 28 »regulaattori»
430 439 66 20 tässä.
528 438 52 21 Kun
599 439 63 21 siellä
678 439 108 20 sanotaan
802 439 47 21 että
863 439 44 20 tar-

80 467 205 22 kastamatontakin
299 469 93 20 tavaraa
408 468 62 28 saapi
486 469 90 27 myydä,
593 468 48 21 niin
656 468 86 28 tietysti
756 468 92 21 ainakin
859 475 48 14 sen-

80 497 115 22 kaltainen
214 498 80 21 tavara
312 505 73 20 pysyy
407 498 108 21 entisessä
535 498 105 21 halvassa
655 498 135 21 hinnassaan
804 498 24 28 ja
844 505 63 14 arva-

80 527 78 22 tenkin
181 527 60 22 tulee
264 527 48 22 asia
332 527 163 28 järjestymään
511 528 57 21 siten
584 529 46 21 että
646 535 62 14 sama
723 528 109 28 kauppias
847 528 62 28 pitää

80 557 88 28 tarjona
191 557 55 22 sekä
265 557 148 22 tarkastettua
434 559 46 20 että
501 558 202 21 tarkastamatonta
723 559 99 25 tavaraa,
841 558 68 21 toista

80 587 156 28 halvempaan,
260 587 67 22 toista
349 587 74 22 vähän
446 587 146 29 kalliimpaan
608 588 99 26 hintaan,
722 588 24 27 ja
762 588 103 27 ostajalla
880 595 29 14 on

81 617 58 28 täysi
159 617 62 21 valta
241 617 75 26 valita,
338 617 98 28 kumpaa
455 618 45 21 hän
519 618 83 21 tahtoo.
634 618 61 21 Minä
710 618 76 21 luulen
802 618 38 21 siis
856 619 51 25 että,

82 647 54 21 mitä
156 647 60 21 tulee
236 648 94 20 tavaran
350 647 99 27 hintaan,
471 655 39 14 sen
532 648 20 21 ei
574 648 109 21 suinkaan
701 647 75 29 pitäisi
792 648 44 21 olla
852 649 56 20 estä-

82 679 72 19 mässä
170 676 185 22 lakiehdotuksen
370 677 177 28 hyväksymistä.
559 691 28 2 —
598 677 142 22 Ensimäisen
755 678 99 27 pykälän
867 677 41 22 toi-

82 713 53 15 seen
145 707 141 21 momenttiin
298 707 89 21 nähden
398 701 101 27 minäkin
509 698 118 37 hyväksyn
638 709 55 20 tuon
707 708 26 20 10
744 707 61 22 kilon
813 708 96 21 muutta-

83 736 70 21 misen
169 737 63 20 5:ksi.

154 796 204 28 Tuomiokapitulin
382 797 94 21 asessori
499 797 158 21 Wennerström:
687 797 45 28 Jag
754 796 38 23 för
811 797 47 21 min
874 797 36 21 del

82 826 40 21 vill
140 826 50 21 icke
206 825 106 29 förlänga
328 826 160 22 diskussionen.
520 826 45 29 Jag
580 827 41 20 har
636 827 80 28 begärt
732 827 63 21 ordet
811 827 6 20 i
835 827 74 21 anled-

83 856 55 28 ning
161 855 25 22 af
207 857 32 20 ett
258 856 111 27 yttrande,
393 855 59 22 fäldt
469 856 25 21 af
506 856 80 29 biskop
602 856 113 29 Räbergh.
747 857 51 21 Han
813 857 97 21 nämnde

84 886 31 21 att
141 893 53 14 man
216 885 50 22 icke
289 886 41 21 bör
354 886 179 28 experimentera
554 887 30 27 pä
606 886 182 29 lagstiftningens
812 886 97 22 omräde.

83 915 44 22 Det
142 922 40 15 var
198 917 32 20 ett
246 917 65 20 sannt
326 916 46 21 ord.
399 916 52 21 Men
467 915 48 22 ifall
531 916 43 21 den
584 917 84 28 nådiga
679 917 166 28 propositionen
855 916 54 29 god-

83 945 91 26 kännes,
196 945 70 22 borde
287 945 37 22 det
340 945 58 22 dock
413 946 51 21 icke
480 953 64 14 anses
560 953 56 14 vara
631 953 28 14 en
674 947 139 28 begynnelse
828 946 35 21 till
879 947 32 20 ett

84 975 222 28 experimenterande
328 977 30 26 pä
382 976 37 21 det
441 975 253 29 lagstiftningsemräde,
716 977 92 20 hvarom
829 977 42 20 här
886 979 25 18 är

84 1004 70 29 fräga.
185 1005 29 21 Vi
238 1006 52 21 veta
310 1005 26 28 ju
359 1005 45 22 alla
420 1007 32 20 att
468 1013 28 14 en
512 1005 120 29 sorgfällig
647 1006 167 28 undersökning
830 1005 25 22 af
868 1006 41 21 hit-

83 1035 100 21 hörande
201 1034 156 23 förhällanden
372 1035 102 28 föregätt
490 1035 133 22 affattandet
638 1035 26 22 af
676 1036 44 21 den
735 1036 83 28 nädiga
831 1043 79 21 propo-

84 1065 102 21 sitionen.
212 1065 52 21 Men
287 1065 59 21 klart
362 1068 24 18 är
402 1066 38 25 att,
457 1068 41 19 när
514 1073 52 14 man
582 1065 113 22 utarbetat
711 1073 26 14 en
754 1066 44 28 lag,
815 1073 48 14 som
879 1065 31 22 af-

85 1101 35 15 ser
143 1095 32 20 att
190 1095 137 21 kontrollera
343 1102 28 14 en
386 1095 89 26 handel,
492 1095 92 21 hvilken
599 1095 87 21 härtills
703 1096 57 20 varit
775 1095 136 28 fullkomligt

84 1123 35 27 fri,
142 1124 74 21 denna
235 1124 39 28 lag
288 1124 102 22 kommer
406 1126 32 20 att
454 1125 102 21 vidlädas
572 1124 26 22 af
610 1126 83 27 mänga
709 1126 86 26 brister,
811 1125 78 21 hvilka
904 1125 7 21 i

84 1154 119 28 praktiken
223 1154 65 21 träda
308 1154 63 22 fram.
403 1154 71 22 Dessa
489 1154 82 22 brister
586 1156 71 20 måste
673 1155 141 28 naturligtvis
830 1154 81 28 afhjel-

84 1191 47 21 pas,
148 1184 42 21 och
206 1184 28 21 de
250 1183 71 23 blifva
337 1184 37 22 det
390 1184 68 22 också
474 1185 6 20 i
498 1184 42 22 den
556 1186 53 20 män
625 1185 27 21 de
668 1184 62 29 gifva
746 1185 34 28 sig
795 1185 116 21 tillkänna.

85 1214 52 20 Man
159 1214 46 21 kan
228 1214 50 21 icke
301 1214 85 28 begära
402 1215 32 20 att
450 1214 150 28 lagförslaget
615 1215 8 20 i
638 1214 65 29 fräga
720 1215 56 21 skall
791 1222 55 14 vara
861 1214 50 21 full-

85 1243 95 29 komligt
200 1244 34 20 till
255 1244 43 21 den
319 1244 62 28 grad,
403 1245 31 20 att
456 1244 50 22 icke
522 1245 72 27 några
609 1244 163 29 förbättringar
787 1244 71 22 blifva
873 1244 39 22 be-

86 1273 89 28 höfliga.
207 1273 53 21 Man
283 1274 41 21 bör
347 1275 97 20 tvärtom
467 1275 54 27 taga
544 1273 37 22 för
604 1274 72 28 gifvet
702 1276 32 20 att
750 1274 76 28 dylika
841 1273 72 23 blifva

86 1303 90 21 alldeles
193 1303 151 29 oundvikliga.
368 1304 52 21 Men
444 1304 44 26 det,
512 1310 48 15 som
584 1306 24 19 är
628 1304 130 28 föreslaget,
778 1311 67 21 synes
865 1304 48 28 mig

86 1333 57 21 dock
158 1340 55 14 vara
228 1332 26 22 af
267 1333 43 21 den
330 1335 34 19 art
375 1334 32 21 att
416 1333 226 29 landtbefolkningen
653 1334 71 22 skulle
735 1334 25 21 af
767 1334 67 28 lagen
845 1333 68 22 hafva

85 1362 120 28 väsentligt
221 1370 67 21 gagn.

158 1422 86 22 Pastori
269 1423 83 21 Fontell:
383 1423 47 21 Här
453 1423 42 21 har
517 1422 25 22 af
558 1423 114 29 ätskilliga
686 1424 71 21 talare
772 1423 140 26 framhällits,

86 1452 77 21 hvilka
178 1453 60 20 stora
258 1452 139 28 svärigheter
414 1460 28 14 en
457 1452 149 29 lagstiftning,
623 1453 69 21 sädan
709 1454 42 21 den
766 1454 51 20 näd.
834 1460 79 21 propo-

86 1482 95 21 sitionen
205 1481 65 27 afser,
294 1482 71 22 skulle
388 1482 110 26 medföra,
516 1483 104 21 särskildt
639 1483 61 21 hvad
715 1482 107 22 beträffar
838 1483 74 21 konst-
