1109 1789
194 101 44 21 596
433 101 125 23 Pappissääty
571 101 78 18 Huhtik.
661 102 25 17 80
698 106 18 18 p.
730 101 47 18 1900

265 155 97 22 Luettiin
382 155 58 28 julki
464 155 118 22 ritaristolta
600 155 27 28 ja
647 155 91 22 aatelilta
752 155 67 22 tullut
834 155 184 28 pöytäkirjanote

193 191 38 16 n:o
246 185 44 22 497
306 185 131 22 Huhtikuun
452 186 30 21 30
497 185 62 29 piltä,
573 185 62 28 jossa
645 185 137 22 ilmoitettiin
793 186 47 21 että
849 183 170 30 varajäseneksi

193 214 285 23 vesioikeusvaliokuntaan
502 215 141 28 vapaaherra
662 214 68 22 Ernst
752 214 101 23 Wreden
868 215 78 28 sijaan,
963 214 56 28 joka

194 244 30 22 oli
244 244 99 29 jättänyt
365 245 97 22 takaisin
479 245 93 29 poletin,
588 245 30 22 oli
634 244 80 22 valittu
728 245 142 28 vapaaherra
885 244 133 23 Waldemar

194 281 44 15 von
254 274 98 23 Hellens.

266 352 158 22 Tarkastettiin
447 352 85 29 säädyn
552 353 61 21 tässä
628 352 126 24 istunnossa
772 352 98 22 tekemiä
892 351 125 30 päätöksiä.

265 447 45 23 Sen
330 448 90 28 jälkeen
444 448 98 22 käsitteli
557 448 65 28 sääty
638 448 73 21 erästä
726 447 62 22 asiaa
803 447 129 28 suljettujen
948 447 67 23 ovien

193 478 90 22 takana.

265 572 85 23 Istunto
365 574 86 28 päättyi
467 573 37 22 klo
520 574 46 26 7,30
582 573 14 22 i.
612 580 21 22 p.

836 608 23 18 In
871 608 63 19 fidem:

809 638 27 23 A.
852 638 107 30 Almberg.

281 747 39 27 31.
356 747 154 27 Torstaina
527 746 186 28 Toukokuun
734 746 16 28 3
769 746 69 34 p:nä
856 746 73 27 1900

514 789 62 27 k:lo
595 789 15 27 7
627 789 21 27 1.
661 796 29 27 p.

263 841 135 23 Rukouksen
412 842 41 29 piti
469 842 112 22 suomeksi
595 841 121 30 professori
731 840 125 27 Ronsdorff.

263 943 172 22 Nimihuudossa.
446 944 70 22 olivat
528 943 78 22 kaikki
616 944 64 23 muut
689 943 86 28 säädyn
782 943 90 28 jäsenet
881 942 134 28 saapuvilla,

190 972 66 28 paitsi
272 973 72 28 piispa
360 972 128 23 Colliander
495 973 25 28 ja
534 973 196 28 tuomiokapitulin
745 972 95 23 asessori
856 972 122 22 Stenbäck.

262 1073 159 23 Tarkastettiin
436 1074 86 28 säädyn
536 1074 69 22 viime
620 1074 126 22 istunnossa
761 1073 99 22 tekemiä
874 1073 126 29 päätöksiä.

263 1169 176 22 Puheenvuoron
454 1171 107 20 saatuaan
577 1170 72 21 lausui

260 1234 122 23 Professori
398 1236 135 21 Hermanson:
557 1235 101 22 Emedan
675 1235 27 22 de
717 1234 170 29 propositioner,
899 1240 48 15 som
961 1233 52 22 blit-

188 1264 32 21 vit
240 1264 35 21 till
293 1265 241 22 vattenrättsutskottet
551 1265 149 26 remitterade,
722 1266 25 20 sä
765 1264 178 27 sammanhänga
962 1263 51 22 med

187 1294 42 21 och
254 1294 64 29 djupt
340 1295 90 28 ingripa
445 1295 8 21 i
469 1295 133 26 hvarandra,
623 1296 33 20 att
675 1295 108 21 utskottet
798 1294 20 27 ej
835 1294 86 21 kunnat
938 1293 77 21 skrida

186 1323 35 21 till
244 1324 184 29 slutbehandling
450 1325 26 21 af
496 1325 43 21 den
559 1323 71 23 första
644 1324 174 29 propositionen,
835 1323 68 22 innan
920 1323 39 21 det
975 1329 39 22 ge-

187 1355 103 26 nomgätt
313 1353 67 23 äfven
404 1355 27 21 de
452 1355 64 21 flesta
534 1353 74 30 öfriga
623 1355 42 20 och
690 1355 57 20 fattat
762 1354 136 21 åtminstone
914 1353 100 28 prelimi-

186 1385 56 20 nära
257 1383 75 22 beslut
347 1384 139 22 beträffande
497 1385 57 26 dem,
569 1383 71 22 blifva
650 1384 118 21 utskottets
779 1383 65 22 flesta
854 1382 160 22 betänkanden

186 1412 98 29 ungefär
302 1414 115 28 samtidigt
435 1413 98 29 färdiga.
565 1413 51 22 Men
633 1413 37 22 det
686 1413 74 28 dröjer
776 1416 60 19 ännu
851 1413 77 28 nägot,
945 1412 69 21 innan

186 1442 28 22 de
230 1443 78 22 kunna
322 1443 87 22 utdelas
425 1445 23 20 ät
464 1444 100 21 ständen.
596 1443 44 22 För
655 1444 33 21 att
703 1443 125 22 emellertid
839 1443 59 21 sätta
908 1441 106 22 ständens

185 1473 149 21 medlemmar
349 1473 7 21 i
372 1473 91 22 tillfälle
482 1475 32 20 att
532 1475 25 20 sä
576 1472 44 23 fort
640 1480 48 15 som
707 1473 89 28 möjligt
814 1474 54 26 taga
884 1471 129 22 kännedom

185 1508 36 14 om
245 1503 66 21 dessa
332 1503 71 21 delvis
422 1503 120 28 vidlyftiga
558 1503 164 25 betänkanden,
739 1503 41 21 har
795 1502 109 21 utskottet
920 1501 93 21 beslutit
