1109 1678
182 88 44 33 540
406 91 125 24 Pappissääty
543 92 80 18 Huhtik.
637 93 23 17 10
672 98 18 17 p.
701 93 47 18 1900

180 152 47 15 mer
242 148 30 19 än
287 146 14 21 3
317 146 28 27 ?/,
361 147 30 27 pä
405 146 167 29 kapitalvärdet
588 145 25 22 af
626 146 43 22 den
685 146 69 22 redan
771 145 123 29 fullmogna
910 146 99 21 timmer-

180 175 91 28 skogen.
303 175 79 22 Säsom
402 176 94 21 allmänt
511 176 105 22 omdöme
631 176 83 21 uttalas
730 175 93 22 derföre
839 176 8 21 i
863 176 146 21 Kammarex-

180 205 139 28 peditionens
334 205 128 27 berättelse,
482 207 33 20 att
532 206 42 21 »de
590 206 147 21 ekonomiska
752 205 121 22 resultaten
890 205 25 22 af
928 205 44 22 den
988 204 24 22 af

180 235 164 28 forststyrelsen
360 235 126 29 uppgjorda
500 235 240 30 hushällningsplanen
756 235 38 22 för
810 235 28 22 de
853 237 113 20 närmaste
981 235 30 22 40

181 266 53 21 åren
256 264 82 23 framåt
361 265 123 29 (nämligen
505 265 51 22 från
575 266 65 28 1897)
656 266 51 21 icke
723 272 67 21 synes
805 265 77 22 kunna
896 265 114 22 betraktas

180 296 73 20 såsom
274 294 226 23 tillfredsställande».
533 295 51 22 Den
600 297 60 20 stora
676 295 61 22 areal
753 295 26 22 af
791 295 139 28 skogsmark,
947 294 63 23 öfver

180 325 92 21 hvilken
288 326 71 20 staten
375 325 70 21 redan
462 325 138 29 disponerar,
616 325 42 21 har
673 325 87 22 således
775 325 51 21 icke
837 325 77 21 hittills
925 325 86 21 kunnat

181 355 25 21 så
228 353 109 23 förvaltas
361 355 42 21 och
424 354 164 30 afverkningen
612 354 50 22 från
679 355 131 22 densamma
824 355 50 21 icke
890 356 25 20 så
930 354 81 22 ordnas

181 385 33 20 att
229 384 61 22 detta
305 384 71 22 skulle
392 386 113 20 motsvara
520 385 28 21 de
565 384 133 29 fordringar,
715 392 48 14 som
779 384 165 28 forststyrelsen
960 383 54 29 själf

181 414 76 22 ställer
280 416 29 26 på
328 415 173 21 verksamheten
522 416 23 20 åt
568 415 62 21 detta
645 415 52 21 håll.
729 414 45 22 Det
789 414 108 22 behöfves
913 413 99 29 kraftiga

182 444 104 28 åtgärder
302 444 42 22 och
359 446 54 20 utan
428 444 78 22 tvifvel
522 445 92 27 mycket
629 446 60 20 stora
704 444 94 29 utgifter
814 444 38 22 för
868 446 32 20 att
910 444 100 28 forststy-

181 474 73 22 relsen
270 474 56 21 skall
341 474 76 22 kunna
433 475 70 21 ordna
518 474 43 22 och
577 474 113 22 bemästra
706 475 38 21 det
754 475 60 21 stora
829 474 108 27 material,
949 473 63 23 öfver

182 504 86 21 hvilket
283 504 37 22 det
336 504 70 22 redan
421 512 31 14 nu
468 504 111 30 förfogar.

253 534 77 21 Redan
346 534 26 22 af
385 534 37 22 det
438 534 99 23 anförda
552 534 107 29 framgår,
676 536 33 20 att
725 534 37 22 det
778 534 50 22 icke
843 541 54 15 vore
912 534 50 22 skäl
978 535 32 20 att

182 563 40 22 för
237 564 140 22 närvarande
393 565 69 28 lägga
478 572 28 15 en
520 572 32 21 ny
567 565 72 22 börda
654 566 29 27 på
698 564 172 28 forststyrelsen,
888 564 68 22 sådan
968 564 43 22 den

183 601 29 14 nu
230 596 25 19 är
271 594 150 28 organiserad,
437 597 25 26 ty
478 595 38 22 det
532 594 110 29 ofantliga
658 594 177 22 arbetsområdet
851 597 25 18 är
892 594 49 21 icke
952 597 59 18 ännu

182 623 130 29 tillräckligt
328 624 101 22 ordnadt.
462 625 44 22 Det
521 625 89 22 fordrar
624 624 145 22 tvifvelsutan
786 624 129 21 decenniers
926 624 85 26 mödor,

183 661 68 21 mnan
268 654 43 21 den
326 654 160 29 hushällsplan,
497 662 53 14 man
566 654 112 29 uppgjort,
691 657 25 18 är
732 653 141 29 fullständigt
888 654 122 28 tillämpad.

183 683 51 22 Men
250 690 37 15 om
303 690 52 15 man
371 684 68 22 också
454 686 65 27 utgår
535 684 51 22 från
603 684 196 28 förutsättningen,
816 685 33 20 att
864 683 148 22 tillsättandet

182 712 26 22 af
228 720 29 14 en
281 720 72 15 massa
377 721 45 21 nya
437 714 136 28 tjenstemän
588 714 75 22 kunde
679 713 115 23 förbättra
810 714 73 21 denna
898 713 113 29 ställning,

182 743 72 21 skulle
280 743 68 22 likväl
378 744 71 28 enligt
478 744 47 22 min
553 744 145 28 uppfattning
730 744 38 22 det
794 743 87 29 förslag
905 743 107 22 utskottet

183 772 137 29 framlägger
346 774 123 28 ingalunda
494 774 51 22 leda
574 774 35 21 till
644 775 70 27 något
740 773 145 28 synnerligen
908 772 104 22 tillfreds-

183 803 109 21 ställande
315 803 98 22 resultat.
446 804 34 22 De
503 804 79 22 hittills
606 804 92 28 inköpta
720 804 82 26 67,000
817 803 134 22 hektarerna
966 804 46 20 torr

182 833 133 28 skogsmark
329 832 69 23 hafva
412 834 75 21 kostat
501 833 99 29 ungefär
618 835 26 20 15
660 833 65 21 mark
740 840 40 22 per
796 833 85 21 hektar.
905 833 53 21 Man
967 833 46 21 kan

182 862 38 28 väl
243 862 53 22 med
317 863 105 22 säkerhet
445 865 83 27 antaga
551 865 33 20 att
600 863 38 22 för
653 862 120 23 framtiden
790 863 38 21 det
844 862 83 22 dubbla
943 862 68 29 priset

183 892 71 22 skulle
270 892 86 22 fordras
372 893 42 22 och
434 893 86 22 betalas
537 894 55 21 eller
607 892 99 29 ungefär
721 894 29 20 30
766 892 71 27 mark,
854 894 72 20 såsom
942 892 70 28 enligt

182 922 161 28 petitionärens
367 930 57 22 egen
447 923 89 29 uppgift
559 924 96 21 betalats
678 923 7 21 i
706 923 82 28 Norge.
820 922 43 22 Om
879 929 52 15 man
946 924 67 26 utgår

183 951 51 23 från
258 952 73 22 denna
354 952 164 30 förutsättning
533 954 43 21 och
592 954 101 27 antager,
710 954 74 20 såsom
800 952 148 28 petitionären
964 954 47 26 gör,

183 982 33 21 att
230 982 186 28 kronoskogarna
431 983 7 21 i
455 983 43 22 den
514 983 89 28 sydliga
619 983 65 22 delen
696 982 25 22 af
728 982 78 22 landet
816 982 69 22 borde
896 982 54 22 ökas
961 982 52 22 med

185 1013 9 19 1
213 1012 79 28 miljon
308 1012 85 27 hektar,
410 1014 25 20 så
451 1012 67 22 hafva
534 1013 22 21 vi
568 1013 34 21 till
613 1020 28 14 en
651 1012 81 28 början
748 1019 28 15 en
792 1013 48 20 nätt
851 1018 86 15 summa
951 1011 25 22 af
983 1012 30 21 30

183 1041 110 29 miljoner.
324 1042 52 22 Men
392 1042 67 22 äfven
475 1050 36 14 om
522 1043 74 21 denna
607 1049 87 15 summa
704 1042 72 22 skulle
788 1041 97 29 utgifvas
896 1042 41 21 och
948 1040 64 23 forst-

183 1071 110 28 styrelsen
315 1072 77 21 kunna
412 1072 118 28 disponera
553 1072 64 22 öfver
641 1072 38 22 det
694 1071 108 23 förökade
818 1071 107 26 området,
942 1071 71 21 skulle

183 1108 59 19 man,
260 1101 52 22 med
326 1102 146 28 tillämpning
487 1102 25 22 af
524 1102 45 22 den
584 1102 127 28 beräkning
726 1101 167 28 forststyrelsen
908 1101 60 28 gjort
978 1103 35 19 rö-

183 1131 70 21 rande
269 1131 38 21 det
322 1132 93 28 möjliga
430 1132 253 28 afverkningsbeloppet
698 1138 40 22 per
749 1133 25 20 år
785 1130 50 22 från
846 1131 28 21 de
885 1130 128 22 nuvarande

183 1160 118 29 skogarna,
326 1161 90 22 komma
432 1162 85 22 derhän
532 1163 34 20 att
582 1162 37 22 det
634 1162 125 28 nyinköpta
775 1161 102 21 området
892 1160 75 22 kunde
982 1160 30 22 le-

184 1197 79 15 verera
288 1192 95 25 125,000
406 1193 107 20 stammar
527 1198 41 22 per
584 1193 31 25 år,
632 1192 43 21 och
691 1192 35 26 då,
743 1190 72 28 enligt
830 1190 60 22 hvad
905 1190 107 22 utskottet

183 1219 136 28 framhåller,
340 1224 96 25 ungetär
451 1222 30 20 40
496 1222 108 21 stammar
619 1228 94 14 numera
728 1220 110 22 behöfvas
853 1219 38 23 för
906 1221 33 20 att
953 1220 61 22 leve-

184 1256 50 15 rera
250 1256 29 16 en
294 1250 101 22 standert
410 1251 96 28 plankor
522 1251 54 22 eller
591 1251 88 26 bräder,
696 1250 72 22 skulle
785 1250 37 22 det
832 1250 125 28 nyinköpta
967 1256 46 15 om-

183 1279 64 22 rådet
263 1280 101 22 leverera
379 1280 97 29 ungefär
491 1282 67 25 3,000
574 1281 106 21 standert.
712 1280 51 22 Kan
780 1280 37 22 det
833 1280 29 21 då
877 1279 73 22 finnas
965 1279 49 22 skäl

183 1310 33 20 att
235 1309 89 29 utgifva
346 1310 98 28 ungefär
468 1312 29 20 30
520 1311 104 28 miljoner
644 1310 38 22 för
697 1310 99 28 utsigten
812 1311 34 20 att
861 1310 75 21 kunna
951 1308 62 23 förse

183 1339 89 21 landets
295 1341 78 26 export
396 1340 52 22 med
470 1341 66 26 3,000
552 1340 100 22 standert
667 1339 89 22 utöfver
772 1340 38 21 det
825 1346 47 15 som
888 1346 30 14 nu
934 1345 79 22 expor-

183 1369 75 21 teras?
289 1369 77 28 Enligt
395 1371 88 20 senaste
506 1369 96 29 uppgift,
626 1377 48 14 som
697 1369 39 22 för
759 1369 48 28 mig
830 1371 26 19 är
878 1369 135 28 tillgänglig,

183 1399 88 28 uppgär
299 1399 43 22 den
368 1399 130 22 nuvarande
521 1401 109 27 exporten
653 1399 35 21 till
710 1398 101 29 ungefär
834 1399 97 25 450,000
954 1400 60 19 stan-

184 1428 55 27 dert,
264 1429 84 21 kanske
369 1430 70 28 något
455 1429 133 22 derutöfver.
620 1429 46 22 Det
681 1432 25 18 är
721 1429 54 21 vida
792 1435 47 15 mer
855 1431 28 18 än
899 1428 71 21 under
986 1428 28 21 de

183 1457 139 29 föregäende
346 1460 60 20 ären.
438 1459 98 22 Hvilken
559 1460 33 21 rol
616 1459 74 28 spelar
706 1459 29 21 dä
751 1460 32 20 ett
798 1458 95 22 tillskott
909 1457 25 23 af
946 1458 68 26 3,000

183 1488 11 21 i
206 1487 145 23 förhållande
371 1489 34 21 till
425 1489 74 22 denna
513 1488 149 29 totalexport?
679 1488 49 22 Och
744 1488 155 26 öfverhufvud,
916 1494 37 15 om
968 1494 46 15 me-
