1103 1798
182 87 45 21 420
405 86 123 24 Pappissääty
541 86 86 19 Maalisk.
639 88 23 16 23
675 92 17 17 p.
707 88 46 17 1900

183 142 13 20 2
213 141 7 21 i
235 142 14 20 2
266 141 13 28 8
295 141 123 22 innehåller
440 141 116 29 nämligen
571 148 29 15 en
615 141 72 29 punkt
703 141 25 22 af
740 141 61 22 hvad
815 141 38 22 det
870 140 136 23 föreskrifna

182 171 89 22 beviset
285 171 57 21 skall
357 171 118 22 innehålla.
508 171 177 29 Bestämningen
695 172 42 20 här
748 174 25 18 är
784 170 25 22 af
818 171 92 22 alldeles
920 177 85 15 samma

183 202 35 20 art
233 208 48 14 som
298 201 27 21 de
341 201 7 21 i
363 201 126 28 punkterna
504 202 28 27 a),
549 201 24 28 b)
589 201 44 22 och
649 202 27 27 c).
708 201 45 22 Det
768 204 25 19 är
809 208 28 14 en
853 204 103 18 närmare
968 201 36 21 de-

183 231 106 28 taljering
304 231 69 22 häraf.
405 231 10 21 I
430 232 14 21 8
460 231 13 28 &
489 231 64 22 heter
561 231 49 22 det:
631 231 61 22 »Den
703 238 48 15 som
761 231 129 22 underlåter
901 232 32 21 att
944 231 60 22 med-

184 261 51 22 dela
258 261 82 28 köpare
362 260 25 22 af
405 261 141 28 konstgjordt
561 261 183 28 gödslingsämne
761 261 54 22 eller
831 261 26 22 af
869 260 136 23 fodermedel

184 291 55 21 eller
262 291 143 22 utsädesvara
421 291 7 21 i
444 291 74 22 denna
541 290 135 29 förordning
699 290 147 23 föreskrifvet
867 291 75 22 bevis«
968 291 37 21 det

182 321 41 21 vill
239 319 57 23 efter
311 321 50 21 mitt
376 320 147 23 förmenande
539 323 56 26 säga
611 334 28 2 —
650 321 80 21 sådant
745 321 70 26 bevis,
827 328 47 15 som
888 319 116 24 föreskrif-

183 357 39 15 ves
238 350 8 21 i
262 351 125 28 punkterna
403 351 27 27 a),
446 351 23 28 b)
486 351 42 21 och
545 352 20 26 c)
582 352 58 20 samt
655 357 67 15 mom.
738 352 13 20 2
768 364 28 2 —
816 351 66 22 »eller
899 351 105 21 äsidosät-

182 382 36 20 ter
233 381 132 28 stadgandet
377 381 8 20 i
402 382 6 20 2
420 381 13 28 $
453 381 4 21 3
468 387 75 20 mom.,
560 381 52 21 böte
628 381 67 28 högst
711 381 119 21 etthundra
845 381 83 21 mark.«
957 379 47 22 Och

184 417 66 15 mom.
275 411 13 20 3
308 411 7 20 i
333 410 46 29 28
402 411 99 28 stadgar:
535 411 40 27 »Ej
599 412 38 20 mä
659 411 141 28 konstejordt
824 411 180 28 gödslingsämne

185 440 54 21 eller
258 440 78 22 beredt
356 439 136 23 fodermedel
512 441 124 21 benämnas
653 439 56 23 efter
724 442 99 25 räämne,
840 447 47 15 som
904 440 47 22 deri
967 447 37 14 en-

184 470 49 21 dast
248 470 34 21 till
299 471 124 28 oväsentlig
439 471 34 21 del
489 470 72 29 ingär,
578 470 55 22 eller
649 470 53 28 eljes
714 471 14 20 ä
738 477 61 20 vara,
811 471 92 21 hvarom
914 470 7 21 i
932 470 73 21 denna

186 499 134 29 förordning
343 500 96 29 stadgas,
460 500 84 28 nyttjas
565 500 145 28 benämning,
727 507 48 15 som
791 503 25 18 är
830 500 171 22 vilseledande.<

183 529 36 22 Nu
240 530 74 21 kunde
330 537 52 14 man
397 531 37 20 väl
449 537 54 14 anse
519 531 32 20 att
567 530 60 21 brott
643 531 59 21 emot
718 530 61 22 detta
795 530 123 29 stadgande
934 530 70 21 skulle

183 559 108 30 hemfalla
305 560 70 21 under
391 559 263 22 straffbestämmelserna
670 567 66 14 mom.
753 561 13 20 2
784 560 6 21 i
807 561 14 20 8
837 560 12 28 &
866 560 39 22 der
919 560 37 21 det
966 560 38 22 he-

183 591 43 20 ter:
262 589 43 22 »Ar
328 590 127 21 meddeladt
470 590 63 21 bevis
548 590 34 21 till
603 597 52 14 men
675 589 38 22 för
728 590 100 28 köparen
844 590 92 28 oriktigt
951 590 54 22 eller

184 619 52 22 med
259 619 90 29 hänsigt
370 620 34 21 till
427 627 81 14 varans
528 620 139 28 benämning
687 620 173 26 vilseledande«,
877 627 51 14 men
944 620 61 21 detta

184 649 124 29 stadgande
323 649 45 22 kan
384 650 49 21 icke
444 649 50 22 fullt
507 651 114 20 motsvara
632 657 65 14 mom.
709 651 21 25 3,
742 650 95 21 emedan
848 650 36 21 det
895 650 7 21 i
920 651 6 20 2
938 657 65 14 mom.

184 680 16 20 8
215 680 13 28 &
244 682 25 19 är
288 679 64 29 fräga
371 687 36 14 om
426 679 131 29 utgifvande
573 680 26 21 af
612 680 68 26 bevis,
698 687 48 15 som
762 680 125 22 innehäller
902 687 28 15 en
946 680 58 22 orik-

183 710 35 28 tig
232 710 143 28 benämning,
395 710 42 21 och
455 710 7 21 i
478 711 14 20 3
509 717 65 14 mom.
592 711 13 20 2
614 705 14 39 &
652 710 56 21 talas
724 710 37 22 det
777 709 63 23 öfver
855 709 85 23 hufvud
955 710 49 22 icke

184 746 37 14 om
244 740 69 26 bevis,
335 741 53 20 utan
410 740 83 26 derom,
515 740 32 21 att
563 740 96 28 säljaren
675 740 7 20 i
699 740 34 21 sin
749 740 81 22 handel
847 740 113 22 använder
976 747 28 15 en

184 769 84 29 oriktig
282 770 136 28 benämning
433 770 29 28 pä
477 776 76 15 varan.
577 770 78 28 Enligt
669 770 119 21 utskottets
799 769 133 29 förändring
942 770 62 21 kom-

183 806 49 14 mer
252 799 60 22 brott
330 800 59 21 emot
405 800 60 21 detta
480 800 125 28 stadgande
621 800 93 20 sålunda
730 800 49 21 icke
796 801 32 20 att
843 799 105 22 hemfalla
964 807 38 14 un-

184 829 39 21 der
238 830 75 28 nägon
328 828 207 30 straffbestämning
551 830 6 20 i
575 830 73 21 denna
668 829 141 29 förordning.
841 829 44 29 Jag
900 830 103 21 hemstäl-

184 859 39 26 ler,
240 866 37 14 om
293 859 48 21 icke
352 859 247 21 utskottsbetänkandet
610 859 70 21 borde
692 860 173 20 äterremitteras
875 859 35 21 till
919 860 84 21 utskot-

182 890 34 20 tet
238 888 38 23 för
299 890 31 20 att
351 889 61 22 detta
427 890 68 21 mätte
510 890 55 27 taga
579 889 72 22 under
666 888 149 29 ompröfning,
832 889 110 22 huruvida
954 889 49 22 icke

184 919 44 21 den
244 919 83 28 nädiga
342 919 177 28 propositionens
534 919 136 28 hänvisning
686 922 25 18 är
726 919 75 28 riktig.

255 979 85 21 Pastori
363 979 83 22 Fontell:
477 979 51 21 Med
552 979 123 28 anledning
696 978 24 22 af
738 978 112 29 professor
873 979 130 28 Runebergs

184 1008 150 28 anmärkning
357 1008 40 22 vill
417 1009 40 28 jag
479 1009 104 21 meddela
604 1010 33 20 att
656 1009 108 21 utskottet
780 1009 108 28 enhälligt
903 1009 52 21 kom
970 1009 34 21 till

184 1038 37 21 det
244 1038 97 26 resultat,
367 1039 32 20 att
421 1039 66 21 slutet
510 1038 25 21 af
556 1039 8 20 1
584 1045 67 15 mom.
668 1039 7 20 i
691 1039 14 20 8
721 1038 13 29 $
750 1039 7 20 i
773 1039 166 28 propositionen
954 1039 50 21 icke

183 1067 76 22 kunde
281 1067 46 22 afse
348 1069 68 27 något
433 1069 67 20 annat
520 1071 29 18 än
565 1069 13 20 2
595 1075 66 14 mom.
678 1068 7 21 i
702 1069 13 20 2
732 1068 19 28 &
783 1068 78 22 Redan
876 1068 128 21 lokutionen

183 1096 26 22 af
225 1097 172 29 ifrägavarande
420 1105 65 14 mom.
506 1098 7 21 i
533 1098 12 28 &
564 1099 15 20 8
595 1105 66 21 synes
684 1097 63 29 gifva
763 1098 61 21 detta
847 1098 38 21 vid
908 1098 95 26 handen,

182 1128 25 27 ty
224 1134 37 15 om
277 1128 40 20 här
335 1128 117 28 verkligen
470 1128 106 22 menades
592 1129 14 20 3
622 1135 67 15 mom.
706 1128 8 21 i
730 1129 13 20 2
760 1128 19 28 &,
797 1135 47 15 som
861 1128 69 28 lyder:
965 1128 38 28 »Ej

183 1158 38 20 mä
236 1157 141 29 konstgjordt
392 1158 181 28 gödslingsämne
590 1158 55 21 eller
664 1158 79 22 beredt
758 1157 137 23 fodermedel
913 1158 90 22 benäm-

183 1194 40 14 nas
247 1186 57 22 efter
323 1188 98 26 räämne,
438 1194 47 15 som
502 1188 47 21 deri
566 1188 79 21 endast
660 1188 35 21 till
711 1188 126 28 oväsentlig
853 1188 35 21 del
904 1188 64 28 ingär
984 1194 19 15 o.

182 1224 17 14 s.
216 1224 35 14 v.«
269 1217 70 21 borde
355 1218 38 20 det
408 1218 36 20 väl
459 1218 84 21 rättare
558 1218 77 21 heta:»
654 1218 54 21 eller
723 1218 78 27 bryter
815 1219 48 20 mot
873 1218 132 28 stadgandet

182 1246 67 28 i28
265 1248 14 20 3
295 1254 78 14 mom.«
407 1247 44 21 För
461 1246 67 29 öfrigt
541 1246 115 22 bekräftas
666 1247 137 29 riktigheten
815 1246 25 22 af
849 1247 42 21 den
902 1247 102 29 ändring,

182 1276 109 22 utskottet
306 1276 7 21 i
329 1276 61 22 detta
414 1276 104 22 afseende
542 1276 117 29 företagit,
682 1276 64 22 deraf
759 1278 33 20 att
808 1276 122 22 förseelsen
946 1278 60 20 emot

182 1306 199 28 bestämningarna
406 1306 7 22 i
437 1306 12 29 $
474 1308 6 20 2
499 1314 66 14 mom.
585 1308 14 20 3
622 1306 118 22 bestraffas
761 1307 70 28 enligt
853 1307 7 21 8
876 1306 13 29 $
904 1308 13 20 2
934 1307 42 21 och
992 1308 13 20 3

182 1342 67 15 mom.
267 1336 41 22 och
323 1336 86 22 säledes
430 1336 49 22 icke
498 1336 56 22 efter
573 1338 8 20 1
600 1343 66 15 mom.
683 1336 7 21 i
706 1336 98 22 nämnda
819 1336 111 29 paragraf.

255 1395 202 29 Tuomiokapitulin
482 1396 94 22 asessori
599 1396 102 27 Tallgren:
734 1396 61 21 Minä
817 1403 28 15 en
869 1396 137 21 huomannut

182 1426 46 20 että
244 1425 83 28 pastori
343 1425 88 22 Fontell
444 1426 24 28 jo
485 1426 30 21 oli
530 1426 113 28 pyytänyt
654 1426 179 28 puheenvuoroa.
865 1426 68 27 Kyllä
944 1426 61 21 asian

182 1454 54 22 laita
259 1462 28 14 on
306 1455 103 21 niinkuin
424 1456 84 28 pastori
524 1455 88 21 Fontell
628 1456 68 21 sanoi.
729 1456 145 21 Ensimäinen
890 1456 115 21 momentti

182 1484 198 22 kahdeksannessa
403 1486 121 28 pykälässä
547 1485 79 21 viittaa
649 1485 73 22 toisen
745 1486 98 28 pykälän
860 1485 146 22 ensimäiseen
