<?xml version="1.0" encoding="UTF-8"?>
<alto xmlns="http://www.loc.gov/standards/alto/ns-v3#" xmlns:xlink="http://www.w3.org/1999/xlink" xmlns:xsi="http://www.w3.org/2001/XMLSchema-instance" xsi:schemaLocation="http://www.loc.gov/standards/alto/ns-v3# http://www.loc.gov/alto/v3/alto-3-0.xsd">
	<Description>
		<MeasurementUnit>pixel</MeasurementUnit>
		<sourceImageInformation>
			<fileName>/tmp/tess_fac27nlg_input.PNG</fileName>
		</sourceImageInformation>
		<OCRProcessing ID="OCR_0">
			<ocrProcessingStep>
				<processingSoftware>
					<softwareName>tesseract 5.3.4</softwareName>
				</processingSoftware>
			</ocrProcessingStep>
		</OCRProcessing>
	</Description>
	<Layout>
		<Page WIDTH="1103" HEIGHT="1725" PHYSICAL_IMG_NR="0" ID="page_0">
			<PrintSpace HPOS="0" VPOS="0" WIDTH="1103" HEIGHT="1725">
				<ComposedBlock ID="cblock_0" HPOS="238" VPOS="90" WIDTH="681" HEIGHT="24">
					<TextBlock ID="block_0" HPOS="238" VPOS="90" WIDTH="681" HEIGHT="24">
						<TextLine ID="line_0" HPOS="238" VPOS="90" WIDTH="681" HEIGHT="24">
							<String ID="string_0" HPOS="238" VPOS="92" WIDTH="54" HEIGHT="17" WC="0.91" CONTENT="Yvm."/><SP WIDTH="12" VPOS="92" HPOS="292"/>
							<String ID="string_1" HPOS="304" VPOS="96" WIDTH="30" HEIGHT="14" WC="0.95" CONTENT="n:o"/><SP WIDTH="14" VPOS="96" HPOS="334"/>
							<String ID="string_2" HPOS="348" VPOS="92" WIDTH="11" HEIGHT="17" WC="0.93" CONTENT="8"/><SP WIDTH="12" VPOS="92" HPOS="359"/>
							<String ID="string_3" HPOS="371" VPOS="90" WIDTH="110" HEIGHT="19" WC="0.88" CONTENT="kansakoul."/><SP WIDTH="14" VPOS="90" HPOS="481"/>
							<String ID="string_4" HPOS="495" VPOS="93" WIDTH="58" HEIGHT="21" WC="0.92" CONTENT="opett."/><SP WIDTH="12" VPOS="93" HPOS="553"/>
							<String ID="string_5" HPOS="565" VPOS="90" WIDTH="96" HEIGHT="24" WC="0.90" CONTENT="palkoista"/><SP WIDTH="215" VPOS="90" HPOS="661"/>
							<String ID="string_6" HPOS="876" VPOS="91" WIDTH="43" HEIGHT="21" WC="0.96" CONTENT="475"/>
						</TextLine>
					</TextBlock>
				</ComposedBlock>
				<ComposedBlock ID="cblock_1" HPOS="99" VPOS="144" WIDTH="823" HEIGHT="179">
					<TextBlock ID="block_1" HPOS="99" VPOS="144" WIDTH="823" HEIGHT="179">
						<TextLine ID="line_1" HPOS="99" VPOS="144" WIDTH="823" HEIGHT="29">
							<String ID="string_7" HPOS="99" VPOS="146" WIDTH="77" HEIGHT="21" WC="0.92" CONTENT="suurta"/><SP WIDTH="23" VPOS="146" HPOS="176"/>
							<String ID="string_8" HPOS="199" VPOS="145" WIDTH="138" HEIGHT="28" WC="0.91" CONTENT="merkitystä,"/><SP WIDTH="25" VPOS="145" HPOS="337"/>
							<String ID="string_9" HPOS="362" VPOS="145" WIDTH="51" HEIGHT="21" WC="0.93" CONTENT="sillä"/><SP WIDTH="22" VPOS="145" HPOS="413"/>
							<String ID="string_10" HPOS="435" VPOS="145" WIDTH="97" HEIGHT="21" WC="0.91" CONTENT="kaikista"/><SP WIDTH="22" VPOS="145" HPOS="532"/>
							<String ID="string_11" HPOS="554" VPOS="144" WIDTH="191" HEIGHT="27" WC="0.91" CONTENT="kansanluokista,"/><SP WIDTH="23" VPOS="144" HPOS="745"/>
							<String ID="string_12" HPOS="768" VPOS="144" WIDTH="154" HEIGHT="22" WC="0.90" CONTENT="kansakoulun"/>
						</TextLine>
						<TextLine ID="line_2" HPOS="100" VPOS="174" WIDTH="822" HEIGHT="30">
							<String ID="string_13" HPOS="100" VPOS="175" WIDTH="108" HEIGHT="29" WC="0.92" CONTENT="opettajat"/><SP WIDTH="23" VPOS="175" HPOS="208"/>
							<String ID="string_14" HPOS="231" VPOS="176" WIDTH="52" HEIGHT="20" WC="0.93" CONTENT="ovat"/><SP WIDTH="24" VPOS="176" HPOS="283"/>
							<String ID="string_15" HPOS="307" VPOS="178" WIDTH="118" HEIGHT="19" WC="0.91" CONTENT="enemmän"/><SP WIDTH="21" VPOS="178" HPOS="425"/>
							<String ID="string_16" HPOS="446" VPOS="175" WIDTH="99" HEIGHT="22" WC="0.92" CONTENT="naineita"/><SP WIDTH="18" VPOS="175" HPOS="545"/>
							<String ID="string_17" HPOS="563" VPOS="175" WIDTH="26" HEIGHT="28" WC="0.96" CONTENT="ja"/><SP WIDTH="13" VPOS="175" HPOS="589"/>
							<String ID="string_18" HPOS="602" VPOS="175" WIDTH="36" HEIGHT="28" WC="0.93" CONTENT="jos"/><SP WIDTH="15" VPOS="175" HPOS="638"/>
							<String ID="string_19" HPOS="653" VPOS="175" WIDTH="77" HEIGHT="21" WC="0.93" CONTENT="lisäksi"/><SP WIDTH="15" VPOS="175" HPOS="730"/>
							<String ID="string_20" HPOS="745" VPOS="174" WIDTH="115" HEIGHT="29" WC="0.92" CONTENT="palkitaan"/><SP WIDTH="15" VPOS="174" HPOS="860"/>
							<String ID="string_21" HPOS="875" VPOS="174" WIDTH="47" HEIGHT="21" WC="0.92" CONTENT="nai-"/>
						</TextLine>
						<TextLine ID="line_3" HPOS="100" VPOS="204" WIDTH="822" HEIGHT="29">
							<String ID="string_22" HPOS="100" VPOS="205" WIDTH="72" HEIGHT="25" WC="0.93" CONTENT="mista,"/><SP WIDTH="24" VPOS="205" HPOS="172"/>
							<String ID="string_23" HPOS="196" VPOS="204" WIDTH="75" HEIGHT="22" WC="0.91" CONTENT="luulen"/><SP WIDTH="25" VPOS="204" HPOS="271"/>
							<String ID="string_24" HPOS="296" VPOS="206" WIDTH="45" HEIGHT="20" WC="0.93" CONTENT="että"/><SP WIDTH="20" VPOS="206" HPOS="341"/>
							<String ID="string_25" HPOS="361" VPOS="204" WIDTH="123" HEIGHT="28" WC="0.89" CONTENT="jokikinen,"/><SP WIDTH="23" VPOS="204" HPOS="484"/>
							<String ID="string_26" HPOS="507" VPOS="205" WIDTH="135" HEIGHT="28" WC="0.92" CONTENT="opettajaksi"/><SP WIDTH="16" VPOS="205" HPOS="642"/>
							<String ID="string_27" HPOS="658" VPOS="205" WIDTH="107" HEIGHT="26" WC="0.91" CONTENT="tultuaan,"/><SP WIDTH="16" VPOS="205" HPOS="765"/>
							<String ID="string_28" HPOS="781" VPOS="204" WIDTH="47" HEIGHT="22" WC="0.91" CONTENT="heti"/><SP WIDTH="15" VPOS="204" HPOS="828"/>
							<String ID="string_29" HPOS="843" VPOS="210" WIDTH="79" HEIGHT="15" WC="0.91" CONTENT="menee"/>
						</TextLine>
						<TextLine ID="line_4" HPOS="99" VPOS="233" WIDTH="822" HEIGHT="30">
							<String ID="string_30" HPOS="99" VPOS="234" WIDTH="120" HEIGHT="22" WC="0.96" CONTENT="naimisiin."/><SP WIDTH="24" VPOS="234" HPOS="219"/>
							<String ID="string_31" HPOS="243" VPOS="234" WIDTH="39" HEIGHT="22" WC="0.96" CONTENT="Jos"/><SP WIDTH="16" VPOS="234" HPOS="282"/>
							<String ID="string_32" HPOS="298" VPOS="235" WIDTH="32" HEIGHT="21" WC="0.96" CONTENT="eri"/><SP WIDTH="16" VPOS="235" HPOS="330"/>
							<String ID="string_33" HPOS="346" VPOS="234" WIDTH="84" HEIGHT="29" WC="0.96" CONTENT="palkka"/><SP WIDTH="15" VPOS="234" HPOS="430"/>
							<String ID="string_34" HPOS="445" VPOS="236" WIDTH="131" HEIGHT="20" WC="0.93" CONTENT="määrätään"/><SP WIDTH="15" VPOS="236" HPOS="576"/>
							<String ID="string_35" HPOS="591" VPOS="234" WIDTH="170" HEIGHT="22" WC="0.92" CONTENT="naimattomille"/><SP WIDTH="14" VPOS="234" HPOS="761"/>
							<String ID="string_36" HPOS="775" VPOS="234" WIDTH="25" HEIGHT="28" WC="0.93" CONTENT="ja"/><SP WIDTH="9" VPOS="234" HPOS="800"/>
							<String ID="string_37" HPOS="809" VPOS="233" WIDTH="112" HEIGHT="26" WC="0.91" CONTENT="naineille,"/>
						</TextLine>
						<TextLine ID="line_5" HPOS="100" VPOS="263" WIDTH="822" HEIGHT="30">
							<String ID="string_38" HPOS="100" VPOS="264" WIDTH="48" HEIGHT="22" WC="0.96" CONTENT="niin"/><SP WIDTH="22" VPOS="264" HPOS="148"/>
							<String ID="string_39" HPOS="170" VPOS="264" WIDTH="75" HEIGHT="29" WC="0.96" CONTENT="pitäisi"/><SP WIDTH="23" VPOS="264" HPOS="245"/>
							<String ID="string_40" HPOS="268" VPOS="264" WIDTH="83" HEIGHT="29" WC="0.96" CONTENT="palkan"/><SP WIDTH="22" VPOS="264" HPOS="351"/>
							<String ID="string_41" HPOS="373" VPOS="272" WIDTH="93" HEIGHT="14" WC="0.96" CONTENT="suuruus"/><SP WIDTH="23" VPOS="272" HPOS="466"/>
							<String ID="string_42" HPOS="489" VPOS="264" WIDTH="90" HEIGHT="29" WC="0.96" CONTENT="riippua"/><SP WIDTH="21" VPOS="264" HPOS="579"/>
							<String ID="string_43" HPOS="600" VPOS="264" WIDTH="97" HEIGHT="27" WC="0.96" CONTENT="siitäkin,"/><SP WIDTH="23" VPOS="264" HPOS="697"/>
							<String ID="string_44" HPOS="720" VPOS="264" WIDTH="58" HEIGHT="22" WC="0.96" CONTENT="onko"/><SP WIDTH="16" VPOS="264" HPOS="778"/>
							<String ID="string_45" HPOS="794" VPOS="263" WIDTH="128" HEIGHT="30" WC="0.96" CONTENT="opettajalla"/>
						</TextLine>
						<TextLine ID="line_6" HPOS="101" VPOS="294" WIDTH="821" HEIGHT="29">
							<String ID="string_46" HPOS="101" VPOS="295" WIDTH="130" HEIGHT="21" WC="0.96" CONTENT="ainoastaan"/><SP WIDTH="20" VPOS="295" HPOS="231"/>
							<String ID="string_47" HPOS="251" VPOS="294" WIDTH="82" HEIGHT="27" WC="0.96" CONTENT="vaimo,"/><SP WIDTH="22" VPOS="294" HPOS="333"/>
							<String ID="string_48" HPOS="355" VPOS="295" WIDTH="36" HEIGHT="21" WC="0.96" CONTENT="vai"/><SP WIDTH="16" VPOS="295" HPOS="391"/>
							<String ID="string_49" HPOS="407" VPOS="295" WIDTH="74" HEIGHT="21" WC="0.96" CONTENT="vaimo"/><SP WIDTH="15" VPOS="295" HPOS="481"/>
							<String ID="string_50" HPOS="496" VPOS="295" WIDTH="24" HEIGHT="28" WC="0.96" CONTENT="ja"/><SP WIDTH="15" VPOS="295" HPOS="520"/>
							<String ID="string_51" HPOS="535" VPOS="295" WIDTH="51" HEIGHT="27" WC="0.96" CONTENT="yksi"/><SP WIDTH="15" VPOS="295" HPOS="586"/>
							<String ID="string_52" HPOS="601" VPOS="295" WIDTH="64" HEIGHT="28" WC="0.96" CONTENT="lapsi,"/><SP WIDTH="17" VPOS="295" HPOS="665"/>
							<String ID="string_53" HPOS="682" VPOS="295" WIDTH="64" HEIGHT="21" WC="0.96" CONTENT="kaksi"/><SP WIDTH="16" VPOS="295" HPOS="746"/>
							<String ID="string_54" HPOS="762" VPOS="295" WIDTH="58" HEIGHT="20" WC="0.93" CONTENT="lasta"/><SP WIDTH="12" VPOS="295" HPOS="820"/>
							<String ID="string_55" HPOS="832" VPOS="294" WIDTH="17" HEIGHT="27" WC="0.93" CONTENT="j."/><SP WIDTH="16" VPOS="294" HPOS="849"/>
							<String ID="string_56" HPOS="865" VPOS="301" WIDTH="21" HEIGHT="14" WC="0.96" CONTENT="n."/><SP WIDTH="17" VPOS="301" HPOS="886"/>
							<String ID="string_57" HPOS="903" VPOS="300" WIDTH="19" HEIGHT="15" WC="0.93" CONTENT="e."/>
						</TextLine>
					</TextBlock>
				</ComposedBlock>
				<ComposedBlock ID="cblock_2" HPOS="99" VPOS="353" WIDTH="827" HEIGHT="1164">
					<TextBlock ID="block_2" HPOS="99" VPOS="353" WIDTH="824" HEIGHT="262">
						<TextLine ID="line_7" HPOS="172" VPOS="353" WIDTH="751" HEIGHT="30">
							<String ID="string_58" HPOS="172" VPOS="353" WIDTH="121" HEIGHT="23" WC="0.96" CONTENT="Professori"/><SP WIDTH="22" VPOS="353" HPOS="293"/>
							<String ID="string_59" HPOS="315" VPOS="355" WIDTH="115" HEIGHT="26" WC="0.95" CONTENT="Runeberg:"/><SP WIDTH="32" VPOS="355" HPOS="430"/>
							<String ID="string_60" HPOS="462" VPOS="354" WIDTH="44" HEIGHT="29" WC="0.95" CONTENT="Jag"/><SP WIDTH="20" VPOS="354" HPOS="506"/>
							<String ID="string_61" HPOS="526" VPOS="354" WIDTH="40" HEIGHT="21" WC="0.93" CONTENT="vill"/><SP WIDTH="16" VPOS="354" HPOS="566"/>
							<String ID="string_62" HPOS="582" VPOS="354" WIDTH="50" HEIGHT="22" WC="0.91" CONTENT="icke"/><SP WIDTH="16" VPOS="354" HPOS="632"/>
							<String ID="string_63" HPOS="648" VPOS="353" WIDTH="106" HEIGHT="29" WC="0.92" CONTENT="förlänga"/><SP WIDTH="16" VPOS="353" HPOS="754"/>
							<String ID="string_64" HPOS="770" VPOS="353" WIDTH="153" HEIGHT="22" WC="0.92" CONTENT="diskussionen"/>
						</TextLine>
						<TextLine ID="line_8" HPOS="99" VPOS="383" WIDTH="824" HEIGHT="29">
							<String ID="string_65" HPOS="99" VPOS="384" WIDTH="7" HEIGHT="21" WC="0.96" CONTENT="i"/><SP WIDTH="18" VPOS="384" HPOS="106"/>
							<String ID="string_66" HPOS="124" VPOS="384" WIDTH="73" HEIGHT="22" WC="0.96" CONTENT="denna"/><SP WIDTH="21" VPOS="384" HPOS="197"/>
							<String ID="string_67" HPOS="218" VPOS="384" WIDTH="45" HEIGHT="26" WC="0.96" CONTENT="sak,"/><SP WIDTH="22" VPOS="384" HPOS="263"/>
							<String ID="string_68" HPOS="285" VPOS="385" WIDTH="55" HEIGHT="20" WC="0.93" CONTENT="utan"/><SP WIDTH="15" VPOS="385" HPOS="340"/>
							<String ID="string_69" HPOS="355" VPOS="384" WIDTH="57" HEIGHT="22" WC="0.95" CONTENT="blott"/><SP WIDTH="21" VPOS="384" HPOS="412"/>
							<String ID="string_70" HPOS="433" VPOS="385" WIDTH="70" HEIGHT="20" WC="0.95" CONTENT="uttala"/><SP WIDTH="19" VPOS="385" HPOS="503"/>
							<String ID="string_71" HPOS="522" VPOS="385" WIDTH="32" HEIGHT="20" WC="0.96" CONTENT="att"/><SP WIDTH="13" VPOS="385" HPOS="554"/>
							<String ID="string_72" HPOS="567" VPOS="384" WIDTH="42" HEIGHT="28" WC="0.94" CONTENT="jag"/><SP WIDTH="15" VPOS="384" HPOS="609"/>
							<String ID="string_73" HPOS="624" VPOS="384" WIDTH="7" HEIGHT="21" WC="0.93" CONTENT="i"/><SP WIDTH="16" VPOS="384" HPOS="631"/>
							<String ID="string_74" HPOS="647" VPOS="383" WIDTH="126" HEIGHT="22" WC="0.92" CONTENT="hufvudsak"/><SP WIDTH="15" VPOS="383" HPOS="773"/>
							<String ID="string_75" HPOS="788" VPOS="383" WIDTH="135" HEIGHT="28" WC="0.96" CONTENT="fullkomligt"/>
						</TextLine>
						<TextLine ID="line_9" HPOS="101" VPOS="413" WIDTH="822" HEIGHT="29">
							<String ID="string_76" HPOS="101" VPOS="414" WIDTH="62" HEIGHT="21" WC="0.93" CONTENT="delar"/><SP WIDTH="15" VPOS="414" HPOS="163"/>
							<String ID="string_77" HPOS="178" VPOS="414" WIDTH="118" HEIGHT="21" WC="0.91" CONTENT="utskottets"/><SP WIDTH="15" VPOS="414" HPOS="296"/>
							<String ID="string_78" HPOS="311" VPOS="413" WIDTH="151" HEIGHT="29" WC="0.96" CONTENT="uppfattning."/><SP WIDTH="32" VPOS="413" HPOS="462"/>
							<String ID="string_79" HPOS="494" VPOS="414" WIDTH="44" HEIGHT="21" WC="0.93" CONTENT="Det"/><SP WIDTH="16" VPOS="414" HPOS="538"/>
							<String ID="string_80" HPOS="554" VPOS="421" WIDTH="67" HEIGHT="20" WC="0.92" CONTENT="synes"/><SP WIDTH="15" VPOS="421" HPOS="621"/>
							<String ID="string_81" HPOS="636" VPOS="414" WIDTH="48" HEIGHT="28" WC="0.96" CONTENT="mig"/><SP WIDTH="16" VPOS="414" HPOS="684"/>
							<String ID="string_82" HPOS="700" VPOS="421" WIDTH="48" HEIGHT="14" WC="0.96" CONTENT="som"/><SP WIDTH="15" VPOS="421" HPOS="748"/>
							<String ID="string_83" HPOS="763" VPOS="420" WIDTH="37" HEIGHT="15" WC="0.96" CONTENT="om"/><SP WIDTH="11" VPOS="420" HPOS="800"/>
							<String ID="string_84" HPOS="811" VPOS="413" WIDTH="112" HEIGHT="22" WC="0.96" CONTENT="allmänna"/>
						</TextLine>
						<TextLine ID="line_10" HPOS="99" VPOS="442" WIDTH="824" HEIGHT="30">
							<String ID="string_85" HPOS="99" VPOS="443" WIDTH="199" HEIGHT="22" WC="0.92" CONTENT="besvärsutskottet"/><SP WIDTH="24" VPOS="443" HPOS="298"/>
							<String ID="string_86" HPOS="322" VPOS="444" WIDTH="73" HEIGHT="21" WC="0.93" CONTENT="denna"/><SP WIDTH="24" VPOS="444" HPOS="395"/>
							<String ID="string_87" HPOS="419" VPOS="445" WIDTH="61" HEIGHT="27" WC="0.92" CONTENT="gäng"/><SP WIDTH="23" VPOS="445" HPOS="480"/>
							<String ID="string_88" HPOS="503" VPOS="444" WIDTH="72" HEIGHT="21" WC="0.96" CONTENT="skulle"/><SP WIDTH="15" VPOS="444" HPOS="575"/>
							<String ID="string_89" HPOS="590" VPOS="444" WIDTH="37" HEIGHT="21" WC="0.96" CONTENT="väl"/><SP WIDTH="17" VPOS="444" HPOS="627"/>
							<String ID="string_90" HPOS="644" VPOS="444" WIDTH="41" HEIGHT="21" WC="0.93" CONTENT="och"/><SP WIDTH="16" VPOS="444" HPOS="685"/>
							<String ID="string_91" HPOS="701" VPOS="443" WIDTH="140" HEIGHT="28" WC="0.93" CONTENT="fullständigt"/><SP WIDTH="15" VPOS="443" HPOS="841"/>
							<String ID="string_92" HPOS="856" VPOS="442" WIDTH="67" HEIGHT="22" WC="0.93" CONTENT="hafva"/>
						</TextLine>
						<TextLine ID="line_11" HPOS="100" VPOS="472" WIDTH="822" HEIGHT="30">
							<String ID="string_93" HPOS="100" VPOS="474" WIDTH="119" HEIGHT="21" WC="0.92" CONTENT="motiverat"/><SP WIDTH="22" VPOS="474" HPOS="219"/>
							<String ID="string_94" HPOS="241" VPOS="473" WIDTH="37" HEIGHT="22" WC="0.96" CONTENT="sitt"/><SP WIDTH="24" VPOS="473" HPOS="278"/>
							<String ID="string_95" HPOS="302" VPOS="473" WIDTH="93" HEIGHT="29" WC="0.96" CONTENT="förslag,"/><SP WIDTH="18" VPOS="473" HPOS="395"/>
							<String ID="string_96" HPOS="413" VPOS="474" WIDTH="42" HEIGHT="21" WC="0.96" CONTENT="och"/><SP WIDTH="16" VPOS="474" HPOS="455"/>
							<String ID="string_97" HPOS="471" VPOS="475" WIDTH="33" HEIGHT="20" WC="0.95" CONTENT="att"/><SP WIDTH="16" VPOS="475" HPOS="504"/>
							<String ID="string_98" HPOS="520" VPOS="474" WIDTH="43" HEIGHT="21" WC="0.96" CONTENT="den"/><SP WIDTH="16" VPOS="474" HPOS="563"/>
							<String ID="string_99" HPOS="579" VPOS="473" WIDTH="58" HEIGHT="22" WC="0.96" CONTENT="form"/><SP WIDTH="17" VPOS="473" HPOS="637"/>
							<String ID="string_100" HPOS="654" VPOS="473" WIDTH="24" HEIGHT="22" WC="0.93" CONTENT="af"/><SP WIDTH="13" VPOS="473" HPOS="678"/>
							<String ID="string_101" HPOS="691" VPOS="473" WIDTH="138" HEIGHT="28" WC="0.90" CONTENT="förbättring"/><SP WIDTH="15" VPOS="473" HPOS="829"/>
							<String ID="string_102" HPOS="844" VPOS="473" WIDTH="7" HEIGHT="20" WC="0.93" CONTENT="i"/><SP WIDTH="17" VPOS="473" HPOS="851"/>
							<String ID="string_103" HPOS="868" VPOS="472" WIDTH="54" HEIGHT="22" WC="0.93" CONTENT="folk-"/>
						</TextLine>
						<TextLine ID="line_12" HPOS="99" VPOS="502" WIDTH="824" HEIGHT="30">
							<String ID="string_104" HPOS="99" VPOS="503" WIDTH="163" HEIGHT="22" WC="0.92" CONTENT="skollärarenas"/><SP WIDTH="17" VPOS="503" HPOS="262"/>
							<String ID="string_105" HPOS="279" VPOS="503" WIDTH="112" HEIGHT="29" WC="0.96" CONTENT="ställning,"/><SP WIDTH="10" VPOS="503" HPOS="391"/>
							<String ID="string_106" HPOS="401" VPOS="510" WIDTH="48" HEIGHT="15" WC="0.93" CONTENT="som"/><SP WIDTH="10" VPOS="510" HPOS="449"/>
							<String ID="string_107" HPOS="459" VPOS="503" WIDTH="108" HEIGHT="22" WC="0.92" CONTENT="utskottet"/><SP WIDTH="11" VPOS="503" HPOS="567"/>
							<String ID="string_108" HPOS="578" VPOS="503" WIDTH="102" HEIGHT="27" WC="0.92" CONTENT="föreslär,"/><SP WIDTH="12" VPOS="503" HPOS="680"/>
							<String ID="string_109" HPOS="692" VPOS="506" WIDTH="25" HEIGHT="19" WC="0.96" CONTENT="är"/><SP WIDTH="11" VPOS="506" HPOS="717"/>
							<String ID="string_110" HPOS="728" VPOS="503" WIDTH="49" HEIGHT="26" WC="0.97" CONTENT="den,"/><SP WIDTH="12" VPOS="503" HPOS="777"/>
							<String ID="string_111" HPOS="789" VPOS="509" WIDTH="48" HEIGHT="16" WC="0.97" CONTENT="som"/><SP WIDTH="9" VPOS="509" HPOS="837"/>
							<String ID="string_112" HPOS="846" VPOS="502" WIDTH="77" HEIGHT="22" WC="0.97" CONTENT="främst"/>
						</TextLine>
						<TextLine ID="line_13" HPOS="99" VPOS="530" WIDTH="824" HEIGHT="31">
							<String ID="string_113" HPOS="99" VPOS="533" WIDTH="43" HEIGHT="22" WC="0.96" CONTENT="bör"/><SP WIDTH="15" VPOS="533" HPOS="142"/>
							<String ID="string_114" HPOS="157" VPOS="533" WIDTH="90" HEIGHT="22" WC="0.95" CONTENT="komma"/><SP WIDTH="15" VPOS="533" HPOS="247"/>
							<String ID="string_115" HPOS="262" VPOS="533" WIDTH="8" HEIGHT="21" WC="0.93" CONTENT="i"/><SP WIDTH="15" VPOS="533" HPOS="270"/>
							<String ID="string_116" HPOS="285" VPOS="532" WIDTH="74" HEIGHT="29" WC="0.92" CONTENT="fräga."/><SP WIDTH="31" VPOS="532" HPOS="359"/>
							<String ID="string_117" HPOS="390" VPOS="533" WIDTH="41" HEIGHT="22" WC="0.93" CONTENT="Att"/><SP WIDTH="14" VPOS="533" HPOS="431"/>
							<String ID="string_118" HPOS="445" VPOS="533" WIDTH="212" HEIGHT="22" WC="0.93" CONTENT="folkskollärarenas"/><SP WIDTH="15" VPOS="533" HPOS="657"/>
							<String ID="string_119" HPOS="672" VPOS="533" WIDTH="107" HEIGHT="28" WC="0.83" CONTENT="ställning"/><SP WIDTH="10" VPOS="533" HPOS="779"/>
							<String ID="string_120" HPOS="789" VPOS="540" WIDTH="37" HEIGHT="15" WC="0.96" CONTENT="om"/><SP WIDTH="11" VPOS="540" HPOS="826"/>
							<String ID="string_121" HPOS="837" VPOS="530" WIDTH="86" HEIGHT="31" WC="0.96" CONTENT="möjligt"/>
						</TextLine>
						<TextLine ID="line_14" HPOS="99" VPOS="562" WIDTH="824" HEIGHT="28">
							<String ID="string_122" HPOS="99" VPOS="563" WIDTH="42" HEIGHT="22" WC="0.93" CONTENT="bör"/><SP WIDTH="15" VPOS="563" HPOS="141"/>
							<String ID="string_123" HPOS="156" VPOS="562" WIDTH="129" HEIGHT="27" WC="0.88" CONTENT="förbättras,"/><SP WIDTH="18" VPOS="562" HPOS="285"/>
							<String ID="string_124" HPOS="303" VPOS="563" WIDTH="76" HEIGHT="22" WC="0.92" CONTENT="derom"/><SP WIDTH="16" VPOS="563" HPOS="379"/>
							<String ID="string_125" HPOS="395" VPOS="563" WIDTH="64" HEIGHT="22" WC="0.96" CONTENT="torde"/><SP WIDTH="17" VPOS="563" HPOS="459"/>
							<String ID="string_126" HPOS="476" VPOS="563" WIDTH="27" HEIGHT="22" WC="0.96" CONTENT="de"/><SP WIDTH="16" VPOS="563" HPOS="503"/>
							<String ID="string_127" HPOS="519" VPOS="563" WIDTH="70" HEIGHT="27" WC="0.93" CONTENT="flesta,"/><SP WIDTH="17" VPOS="563" HPOS="589"/>
							<String ID="string_128" HPOS="606" VPOS="563" WIDTH="86" HEIGHT="22" WC="0.92" CONTENT="kanske"/><SP WIDTH="16" VPOS="563" HPOS="692"/>
							<String ID="string_129" HPOS="708" VPOS="563" WIDTH="49" HEIGHT="27" WC="0.96" CONTENT="alla,"/><SP WIDTH="12" VPOS="563" HPOS="757"/>
							<String ID="string_130" HPOS="769" VPOS="563" WIDTH="7" HEIGHT="21" WC="0.96" CONTENT="i"/><SP WIDTH="12" VPOS="563" HPOS="776"/>
							<String ID="string_131" HPOS="788" VPOS="563" WIDTH="61" HEIGHT="21" WC="0.93" CONTENT="detta"/><SP WIDTH="10" VPOS="563" HPOS="849"/>
							<String ID="string_132" HPOS="859" VPOS="562" WIDTH="64" HEIGHT="22" WC="0.93" CONTENT="ständ"/>
						</TextLine>
						<TextLine ID="line_15" HPOS="99" VPOS="600" WIDTH="129" HEIGHT="15">
							<String ID="string_133" HPOS="99" VPOS="600" WIDTH="55" HEIGHT="14" WC="0.93" CONTENT="vara"/><SP WIDTH="16" VPOS="600" HPOS="154"/>
							<String ID="string_134" HPOS="170" VPOS="600" WIDTH="58" HEIGHT="15" WC="0.93" CONTENT="ense."/>
						</TextLine>
					</TextBlock>
					<TextBlock ID="block_3" HPOS="99" VPOS="623" WIDTH="827" HEIGHT="894">
						<TextLine ID="line_16" HPOS="172" VPOS="623" WIDTH="750" HEIGHT="29">
							<String ID="string_135" HPOS="172" VPOS="623" WIDTH="44" HEIGHT="22" WC="0.96" CONTENT="Det"/><SP WIDTH="19" VPOS="623" HPOS="216"/>
							<String ID="string_136" HPOS="235" VPOS="626" WIDTH="26" HEIGHT="18" WC="0.96" CONTENT="är"/><SP WIDTH="20" VPOS="626" HPOS="261"/>
							<String ID="string_137" HPOS="281" VPOS="623" WIDTH="58" HEIGHT="21" WC="0.96" CONTENT="dock"/><SP WIDTH="16" VPOS="623" HPOS="339"/>
							<String ID="string_138" HPOS="355" VPOS="624" WIDTH="7" HEIGHT="20" WC="0.93" CONTENT="i"/><SP WIDTH="17" VPOS="624" HPOS="362"/>
							<String ID="string_139" HPOS="379" VPOS="630" WIDTH="28" HEIGHT="15" WC="0.93" CONTENT="en"/><SP WIDTH="20" VPOS="630" HPOS="407"/>
							<String ID="string_140" HPOS="427" VPOS="624" WIDTH="78" HEIGHT="27" WC="0.92" CONTENT="punkt,"/><SP WIDTH="17" VPOS="624" HPOS="505"/>
							<String ID="string_141" HPOS="522" VPOS="630" WIDTH="47" HEIGHT="14" WC="0.96" CONTENT="som"/><SP WIDTH="14" VPOS="630" HPOS="569"/>
							<String ID="string_142" HPOS="583" VPOS="624" WIDTH="42" HEIGHT="28" WC="0.93" CONTENT="jag"/><SP WIDTH="15" VPOS="624" HPOS="625"/>
							<String ID="string_143" HPOS="640" VPOS="623" WIDTH="50" HEIGHT="21" WC="0.92" CONTENT="icke"/><SP WIDTH="15" VPOS="623" HPOS="690"/>
							<String ID="string_144" HPOS="705" VPOS="623" WIDTH="45" HEIGHT="21" WC="0.93" CONTENT="kan"/><SP WIDTH="16" VPOS="623" HPOS="750"/>
							<String ID="string_145" HPOS="766" VPOS="630" WIDTH="53" HEIGHT="14" WC="0.92" CONTENT="anse"/><SP WIDTH="24" VPOS="630" HPOS="819"/>
							<String ID="string_146" HPOS="843" VPOS="624" WIDTH="32" HEIGHT="20" WC="0.93" CONTENT="att"/><SP WIDTH="15" VPOS="624" HPOS="875"/>
							<String ID="string_147" HPOS="890" VPOS="623" WIDTH="32" HEIGHT="20" WC="0.92" CONTENT="ut-"/>
						</TextLine>
						<TextLine ID="line_17" HPOS="99" VPOS="652" WIDTH="825" HEIGHT="29">
							<String ID="string_148" HPOS="99" VPOS="653" WIDTH="83" HEIGHT="21" WC="0.96" CONTENT="skottet"/><SP WIDTH="23" VPOS="653" HPOS="182"/>
							<String ID="string_149" HPOS="205" VPOS="653" WIDTH="37" HEIGHT="21" WC="0.93" CONTENT="väl"/><SP WIDTH="24" VPOS="653" HPOS="242"/>
							<String ID="string_150" HPOS="266" VPOS="653" WIDTH="118" HEIGHT="21" WC="0.96" CONTENT="motiverat"/><SP WIDTH="23" VPOS="653" HPOS="384"/>
							<String ID="string_151" HPOS="407" VPOS="653" WIDTH="39" HEIGHT="21" WC="0.96" CONTENT="sitt"/><SP WIDTH="23" VPOS="653" HPOS="446"/>
							<String ID="string_152" HPOS="469" VPOS="652" WIDTH="87" HEIGHT="29" WC="0.95" CONTENT="förslag"/><SP WIDTH="23" VPOS="652" HPOS="556"/>
							<String ID="string_153" HPOS="579" VPOS="654" WIDTH="42" HEIGHT="20" WC="0.52" CONTENT="och"/><SP WIDTH="17" VPOS="654" HPOS="621"/>
							<String ID="string_154" HPOS="638" VPOS="653" WIDTH="6" HEIGHT="21" WC="0.96" CONTENT="i"/><SP WIDTH="17" VPOS="653" HPOS="644"/>
							<String ID="string_155" HPOS="661" VPOS="653" WIDTH="86" HEIGHT="21" WC="0.96" CONTENT="hvilket"/><SP WIDTH="19" VPOS="653" HPOS="747"/>
							<String ID="string_156" HPOS="766" VPOS="652" WIDTH="104" HEIGHT="22" WC="0.96" CONTENT="afseende"/><SP WIDTH="14" VPOS="652" HPOS="870"/>
							<String ID="string_157" HPOS="884" VPOS="652" WIDTH="40" HEIGHT="28" WC="0.96" CONTENT="jag"/>
						</TextLine>
						<TextLine ID="line_18" HPOS="100" VPOS="682" WIDTH="823" HEIGHT="29">
							<String ID="string_158" HPOS="100" VPOS="682" WIDTH="71" HEIGHT="22" WC="0.96" CONTENT="skulle"/><SP WIDTH="15" VPOS="682" HPOS="171"/>
							<String ID="string_159" HPOS="186" VPOS="690" WIDTH="55" HEIGHT="14" WC="0.93" CONTENT="vara"/><SP WIDTH="15" VPOS="690" HPOS="241"/>
							<String ID="string_160" HPOS="256" VPOS="683" WIDTH="105" HEIGHT="28" WC="0.92" CONTENT="benägen"/><SP WIDTH="16" VPOS="683" HPOS="361"/>
							<String ID="string_161" HPOS="377" VPOS="684" WIDTH="32" HEIGHT="20" WC="0.93" CONTENT="att"/><SP WIDTH="16" VPOS="684" HPOS="409"/>
							<String ID="string_162" HPOS="425" VPOS="682" WIDTH="124" HEIGHT="22" WC="0.93" CONTENT="framställa"/><SP WIDTH="16" VPOS="682" HPOS="549"/>
							<String ID="string_163" HPOS="565" VPOS="684" WIDTH="31" HEIGHT="20" WC="0.96" CONTENT="ett"/><SP WIDTH="16" VPOS="684" HPOS="596"/>
							<String ID="string_164" HPOS="612" VPOS="683" WIDTH="6" HEIGHT="21" WC="0.93" CONTENT="i"/><SP WIDTH="12" VPOS="683" HPOS="618"/>
							<String ID="string_165" HPOS="630" VPOS="684" WIDTH="75" HEIGHT="27" WC="0.92" CONTENT="nägon"/><SP WIDTH="11" VPOS="684" HPOS="705"/>
							<String ID="string_166" HPOS="716" VPOS="684" WIDTH="52" HEIGHT="20" WC="0.93" CONTENT="män"/><SP WIDTH="12" VPOS="684" HPOS="768"/>
							<String ID="string_167" HPOS="780" VPOS="682" WIDTH="49" HEIGHT="22" WC="0.93" CONTENT="frän"/><SP WIDTH="10" VPOS="682" HPOS="829"/>
							<String ID="string_168" HPOS="839" VPOS="682" WIDTH="84" HEIGHT="22" WC="0.92" CONTENT="utskot-"/>
						</TextLine>
						<TextLine ID="line_19" HPOS="99" VPOS="712" WIDTH="825" HEIGHT="29">
							<String ID="string_169" HPOS="99" VPOS="714" WIDTH="44" HEIGHT="20" WC="0.90" CONTENT="tets"/><SP WIDTH="22" VPOS="714" HPOS="143"/>
							<String ID="string_170" HPOS="165" VPOS="712" WIDTH="119" HEIGHT="22" WC="0.92" CONTENT="afvikande"/><SP WIDTH="22" VPOS="712" HPOS="284"/>
							<String ID="string_171" HPOS="306" VPOS="712" WIDTH="93" HEIGHT="29" WC="0.92" CONTENT="förslag."/><SP WIDTH="32" VPOS="712" HPOS="399"/>
							<String ID="string_172" HPOS="431" VPOS="713" WIDTH="114" HEIGHT="21" WC="0.91" CONTENT="Utskottet"/><SP WIDTH="18" VPOS="713" HPOS="545"/>
							<String ID="string_173" HPOS="563" VPOS="713" WIDTH="42" HEIGHT="21" WC="0.96" CONTENT="har"/><SP WIDTH="23" VPOS="713" HPOS="605"/>
							<String ID="string_174" HPOS="628" VPOS="713" WIDTH="114" HEIGHT="28" WC="0.93" CONTENT="nämligen"/><SP WIDTH="15" VPOS="713" HPOS="742"/>
							<String ID="string_175" HPOS="757" VPOS="712" WIDTH="120" HEIGHT="28" WC="0.93" CONTENT="föreslagit"/><SP WIDTH="15" VPOS="712" HPOS="877"/>
							<String ID="string_176" HPOS="892" VPOS="713" WIDTH="32" HEIGHT="20" WC="0.96" CONTENT="att"/>
						</TextLine>
						<TextLine ID="line_20" HPOS="101" VPOS="741" WIDTH="822" HEIGHT="30">
							<String ID="string_177" HPOS="101" VPOS="749" WIDTH="28" HEIGHT="15" WC="0.90" CONTENT="en"/><SP WIDTH="24" VPOS="749" HPOS="129"/>
							<String ID="string_178" HPOS="153" VPOS="742" WIDTH="244" HEIGHT="29" WC="0.90" CONTENT="aflöningsförhöjning"/><SP WIDTH="24" VPOS="742" HPOS="397"/>
							<String ID="string_179" HPOS="421" VPOS="742" WIDTH="25" HEIGHT="22" WC="0.95" CONTENT="af"/><SP WIDTH="21" VPOS="742" HPOS="446"/>
							<String ID="string_180" HPOS="467" VPOS="743" WIDTH="65" HEIGHT="27" WC="0.75" CONTENT="20%,"/><SP WIDTH="23" VPOS="743" HPOS="532"/>
							<String ID="string_181" HPOS="555" VPOS="742" WIDTH="25" HEIGHT="22" WC="0.93" CONTENT="af"/><SP WIDTH="13" VPOS="742" HPOS="580"/>
							<String ID="string_182" HPOS="593" VPOS="743" WIDTH="67" HEIGHT="21" WC="0.96" CONTENT="lönen"/><SP WIDTH="16" VPOS="743" HPOS="660"/>
							<String ID="string_183" HPOS="676" VPOS="742" WIDTH="70" HEIGHT="22" WC="0.96" CONTENT="skulle"/><SP WIDTH="15" VPOS="742" HPOS="746"/>
							<String ID="string_184" HPOS="761" VPOS="742" WIDTH="91" HEIGHT="22" WC="0.93" CONTENT="komma"/><SP WIDTH="16" VPOS="742" HPOS="852"/>
							<String ID="string_185" HPOS="868" VPOS="741" WIDTH="55" HEIGHT="22" WC="0.93" CONTENT="folk-"/>
						</TextLine>
						<TextLine ID="line_21" HPOS="100" VPOS="772" WIDTH="824" HEIGHT="29">
							<String ID="string_186" HPOS="100" VPOS="772" WIDTH="152" HEIGHT="22" WC="0.92" CONTENT="skollärarena"/><SP WIDTH="22" VPOS="772" HPOS="252"/>
							<String ID="string_187" HPOS="274" VPOS="772" WIDTH="35" HEIGHT="22" WC="0.93" CONTENT="till"/><SP WIDTH="21" VPOS="772" HPOS="309"/>
							<String ID="string_188" HPOS="330" VPOS="773" WIDTH="59" HEIGHT="28" WC="0.93" CONTENT="godo"/><SP WIDTH="21" VPOS="773" HPOS="389"/>
							<String ID="string_189" HPOS="410" VPOS="772" WIDTH="67" HEIGHT="22" WC="0.92" CONTENT="hvart"/><SP WIDTH="15" VPOS="772" HPOS="477"/>
							<String ID="string_190" HPOS="492" VPOS="772" WIDTH="68" HEIGHT="23" WC="0.96" CONTENT="femte"/><SP WIDTH="17" VPOS="772" HPOS="560"/>
							<String ID="string_191" HPOS="577" VPOS="774" WIDTH="30" HEIGHT="25" WC="0.96" CONTENT="år,"/><SP WIDTH="17" VPOS="774" HPOS="607"/>
							<String ID="string_192" HPOS="624" VPOS="772" WIDTH="46" HEIGHT="22" WC="0.96" CONTENT="tills"/><SP WIDTH="16" VPOS="772" HPOS="670"/>
							<String ID="string_193" HPOS="686" VPOS="772" WIDTH="58" HEIGHT="22" WC="0.96" CONTENT="efter"/><SP WIDTH="16" VPOS="772" HPOS="744"/>
							<String ID="string_194" HPOS="760" VPOS="773" WIDTH="29" HEIGHT="20" WC="0.93" CONTENT="20"/><SP WIDTH="18" VPOS="773" HPOS="789"/>
							<String ID="string_195" HPOS="807" VPOS="773" WIDTH="34" HEIGHT="20" WC="0.93" CONTENT="års"/><SP WIDTH="16" VPOS="773" HPOS="841"/>
							<String ID="string_196" HPOS="857" VPOS="772" WIDTH="67" HEIGHT="27" WC="0.92" CONTENT="tjenst"/>
						</TextLine>
						<TextLine ID="line_22" HPOS="100" VPOS="802" WIDTH="824" HEIGHT="28">
							<String ID="string_197" HPOS="100" VPOS="802" WIDTH="123" HEIGHT="22" WC="0.95" CONTENT="maximum"/><SP WIDTH="24" VPOS="802" HPOS="223"/>
							<String ID="string_198" HPOS="247" VPOS="802" WIDTH="70" HEIGHT="22" WC="0.93" CONTENT="skulle"/><SP WIDTH="24" VPOS="802" HPOS="317"/>
							<String ID="string_199" HPOS="341" VPOS="804" WIDTH="87" HEIGHT="26" WC="0.95" CONTENT="uppnås"/><SP WIDTH="23" VPOS="804" HPOS="428"/>
							<String ID="string_200" HPOS="451" VPOS="803" WIDTH="52" HEIGHT="21" WC="0.96" CONTENT="med"/><SP WIDTH="24" VPOS="803" HPOS="503"/>
							<String ID="string_201" HPOS="527" VPOS="803" WIDTH="85" HEIGHT="27" WC="0.12" CONTENT="80%,"/><SP WIDTH="-20" VPOS="803" HPOS="612"/>
							<String ID="string_202" HPOS="592" VPOS="798" WIDTH="26" HEIGHT="37" WC="0.12" CONTENT=":s"/><SP WIDTH="15" VPOS="798" HPOS="618"/>
							<String ID="string_203" HPOS="633" VPOS="802" WIDTH="138" HEIGHT="28" WC="0.96" CONTENT="förhöjning,"/><SP WIDTH="23" VPOS="802" HPOS="771"/>
							<String ID="string_204" HPOS="794" VPOS="802" WIDTH="40" HEIGHT="22" WC="0.92" CONTENT="och"/><SP WIDTH="17" VPOS="802" HPOS="834"/>
							<String ID="string_205" HPOS="851" VPOS="803" WIDTH="73" HEIGHT="20" WC="0.95" CONTENT="såsom"/>
						</TextLine>
						<TextLine ID="line_23" HPOS="100" VPOS="831" WIDTH="823" HEIGHT="29">
							<String ID="string_206" HPOS="100" VPOS="832" WIDTH="70" HEIGHT="21" WC="0.92" CONTENT="motiv"/><SP WIDTH="15" VPOS="832" HPOS="170"/>
							<String ID="string_207" HPOS="185" VPOS="831" WIDTH="79" HEIGHT="23" WC="0.91" CONTENT="härför"/><SP WIDTH="16" VPOS="831" HPOS="264"/>
							<String ID="string_208" HPOS="280" VPOS="835" WIDTH="65" HEIGHT="25" WC="0.93" CONTENT="säger"/><SP WIDTH="16" VPOS="835" HPOS="345"/>
							<String ID="string_209" HPOS="361" VPOS="832" WIDTH="114" HEIGHT="26" WC="0.92" CONTENT="utskottet,"/><SP WIDTH="18" VPOS="832" HPOS="475"/>
							<String ID="string_210" HPOS="493" VPOS="834" WIDTH="32" HEIGHT="20" WC="0.93" CONTENT="att"/><SP WIDTH="18" VPOS="834" HPOS="525"/>
							<String ID="string_211" HPOS="543" VPOS="832" WIDTH="125" HEIGHT="28" WC="0.92" CONTENT="»familjens"/><SP WIDTH="15" VPOS="832" HPOS="668"/>
							<String ID="string_212" HPOS="683" VPOS="832" WIDTH="118" HEIGHT="22" WC="0.92" CONTENT="underhäll"/><SP WIDTH="16" VPOS="832" HPOS="801"/>
							<String ID="string_213" HPOS="817" VPOS="832" WIDTH="41" HEIGHT="21" WC="0.93" CONTENT="och"/><SP WIDTH="16" VPOS="832" HPOS="858"/>
							<String ID="string_214" HPOS="874" VPOS="831" WIDTH="49" HEIGHT="21" WC="0.91" CONTENT="bar-"/>
						</TextLine>
						<TextLine ID="line_24" HPOS="99" VPOS="861" WIDTH="824" HEIGHT="30">
							<String ID="string_215" HPOS="99" VPOS="869" WIDTH="56" HEIGHT="14" WC="0.96" CONTENT="nens"/><SP WIDTH="16" VPOS="869" HPOS="155"/>
							<String ID="string_216" HPOS="171" VPOS="861" WIDTH="130" HEIGHT="30" WC="0.96" CONTENT="uppfostran"/><SP WIDTH="16" VPOS="861" HPOS="301"/>
							<String ID="string_217" HPOS="317" VPOS="862" WIDTH="66" HEIGHT="21" WC="0.96" CONTENT="ställa"/><SP WIDTH="16" VPOS="862" HPOS="383"/>
							<String ID="string_218" HPOS="399" VPOS="861" WIDTH="117" HEIGHT="23" WC="0.96" CONTENT="efterhand"/><SP WIDTH="17" VPOS="861" HPOS="516"/>
							<String ID="string_219" HPOS="533" VPOS="862" WIDTH="39" HEIGHT="22" WC="0.96" CONTENT="allt"/><SP WIDTH="16" VPOS="862" HPOS="572"/>
							<String ID="string_220" HPOS="588" VPOS="863" WIDTH="71" HEIGHT="21" WC="0.91" CONTENT="större"/><SP WIDTH="8" VPOS="863" HPOS="659"/>
							<String ID="string_221" HPOS="667" VPOS="861" WIDTH="53" HEIGHT="22" WC="0.91" CONTENT="kraf"/><SP WIDTH="7" VPOS="861" HPOS="720"/>
							<String ID="string_222" HPOS="727" VPOS="863" WIDTH="29" HEIGHT="27" WC="0.96" CONTENT="pä"/><SP WIDTH="10" VPOS="863" HPOS="756"/>
							<String ID="string_223" HPOS="766" VPOS="862" WIDTH="56" HEIGHT="21" WC="0.96" CONTENT="hans"/><SP WIDTH="11" VPOS="862" HPOS="822"/>
							<String ID="string_224" HPOS="833" VPOS="862" WIDTH="90" HEIGHT="28" WC="0.96" CONTENT="budget,"/>
						</TextLine>
						<TextLine ID="line_25" HPOS="100" VPOS="891" WIDTH="824" HEIGHT="30">
							<String ID="string_225" HPOS="100" VPOS="892" WIDTH="45" HEIGHT="21" WC="0.86" CONTENT="tills"/><SP WIDTH="23" VPOS="892" HPOS="145"/>
							<String ID="string_226" HPOS="168" VPOS="892" WIDTH="111" HEIGHT="28" WC="0.96" CONTENT="slutligen,"/><SP WIDTH="25" VPOS="892" HPOS="279"/>
							<String ID="string_227" HPOS="304" VPOS="893" WIDTH="113" HEIGHT="20" WC="0.96" CONTENT="måhända"/><SP WIDTH="16" VPOS="893" HPOS="417"/>
							<String ID="string_228" HPOS="433" VPOS="892" WIDTH="7" HEIGHT="21" WC="0.93" CONTENT="i"/><SP WIDTH="15" VPOS="892" HPOS="440"/>
							<String ID="string_229" HPOS="455" VPOS="893" WIDTH="79" HEIGHT="28" WC="0.96" CONTENT="regeln"/><SP WIDTH="13" VPOS="893" HPOS="534"/>
							<String ID="string_230" HPOS="547" VPOS="893" WIDTH="47" HEIGHT="27" WC="0.96" CONTENT="just"/><SP WIDTH="16" VPOS="893" HPOS="594"/>
							<String ID="string_231" HPOS="610" VPOS="891" WIDTH="57" HEIGHT="23" WC="0.96" CONTENT="efter"/><SP WIDTH="15" VPOS="891" HPOS="667"/>
							<String ID="string_232" HPOS="682" VPOS="893" WIDTH="30" HEIGHT="20" WC="0.93" CONTENT="20"/><SP WIDTH="16" VPOS="893" HPOS="712"/>
							<String ID="string_233" HPOS="728" VPOS="893" WIDTH="34" HEIGHT="20" WC="0.93" CONTENT="års"/><SP WIDTH="16" VPOS="893" HPOS="762"/>
							<String ID="string_234" HPOS="778" VPOS="892" WIDTH="74" HEIGHT="27" WC="0.92" CONTENT="tjenst,"/><SP WIDTH="17" VPOS="892" HPOS="852"/>
							<String ID="string_235" HPOS="869" VPOS="891" WIDTH="55" HEIGHT="21" WC="0.96" CONTENT="hans"/>
						</TextLine>
						<TextLine ID="line_26" HPOS="99" VPOS="921" WIDTH="825" HEIGHT="29">
							<String ID="string_236" HPOS="99" VPOS="921" WIDTH="95" HEIGHT="29" WC="0.93" CONTENT="utgifter"/><SP WIDTH="15" VPOS="921" HPOS="194"/>
							<String ID="string_237" HPOS="209" VPOS="922" WIDTH="50" HEIGHT="21" WC="0.92" CONTENT="icke"/><SP WIDTH="16" VPOS="922" HPOS="259"/>
							<String ID="string_238" HPOS="275" VPOS="922" WIDTH="78" HEIGHT="28" WC="0.93" CONTENT="längre"/><SP WIDTH="17" VPOS="922" HPOS="353"/>
							<String ID="string_239" HPOS="370" VPOS="922" WIDTH="65" HEIGHT="28" WC="0.92" CONTENT="stiga,"/><SP WIDTH="16" VPOS="922" HPOS="435"/>
							<String ID="string_240" HPOS="451" VPOS="923" WIDTH="55" HEIGHT="20" WC="0.93" CONTENT="utan"/><SP WIDTH="16" VPOS="923" HPOS="506"/>
							<String ID="string_241" HPOS="522" VPOS="929" WIDTH="91" HEIGHT="14" WC="0.92" CONTENT="snarare"/><SP WIDTH="13" VPOS="929" HPOS="613"/>
							<String ID="string_242" HPOS="626" VPOS="922" WIDTH="98" HEIGHT="21" WC="0.93" CONTENT="minskas"/><SP WIDTH="12" VPOS="922" HPOS="724"/>
							<String ID="string_243" HPOS="736" VPOS="929" WIDTH="80" HEIGHT="21" WC="0.93" CONTENT="genom"/><SP WIDTH="12" VPOS="929" HPOS="816"/>
							<String ID="string_244" HPOS="828" VPOS="921" WIDTH="96" HEIGHT="22" WC="0.89" CONTENT="barnens"/>
						</TextLine>
						<TextLine ID="line_27" HPOS="99" VPOS="951" WIDTH="826" HEIGHT="29">
							<String ID="string_245" HPOS="99" VPOS="951" WIDTH="110" HEIGHT="28" WC="0.87" CONTENT="börjande"/><SP WIDTH="17" VPOS="951" HPOS="209"/>
							<String ID="string_246" HPOS="226" VPOS="951" WIDTH="105" HEIGHT="29" WC="0.96" CONTENT="förmåga"/><SP WIDTH="15" VPOS="951" HPOS="331"/>
							<String ID="string_247" HPOS="346" VPOS="952" WIDTH="34" HEIGHT="21" WC="0.93" CONTENT="till"/><SP WIDTH="16" VPOS="952" HPOS="380"/>
							<String ID="string_248" HPOS="396" VPOS="951" WIDTH="212" HEIGHT="29" WC="0.44" CONTENT="själfförsörjning&lt;."/><SP WIDTH="32" VPOS="951" HPOS="608"/>
							<String ID="string_249" HPOS="640" VPOS="951" WIDTH="42" HEIGHT="22" WC="0.96" CONTENT="Om"/><SP WIDTH="16" VPOS="951" HPOS="682"/>
							<String ID="string_250" HPOS="698" VPOS="959" WIDTH="52" HEIGHT="14" WC="0.93" CONTENT="man"/><SP WIDTH="15" VPOS="959" HPOS="750"/>
							<String ID="string_251" HPOS="765" VPOS="951" WIDTH="110" HEIGHT="22" WC="0.95" CONTENT="betänker"/><SP WIDTH="18" VPOS="951" HPOS="875"/>
							<String ID="string_252" HPOS="893" VPOS="952" WIDTH="32" HEIGHT="20" WC="0.96" CONTENT="att"/>
						</TextLine>
						<TextLine ID="line_28" HPOS="99" VPOS="981" WIDTH="825" HEIGHT="29">
							<String ID="string_253" HPOS="99" VPOS="981" WIDTH="186" HEIGHT="22" WC="0.92" CONTENT="folkskollärarne"/><SP WIDTH="16" VPOS="981" HPOS="285"/>
							<String ID="string_254" HPOS="301" VPOS="982" WIDTH="7" HEIGHT="21" WC="0.93" CONTENT="i"/><SP WIDTH="16" VPOS="982" HPOS="308"/>
							<String ID="string_255" HPOS="324" VPOS="982" WIDTH="106" HEIGHT="21" WC="0.96" CONTENT="medeltal"/><SP WIDTH="15" VPOS="982" HPOS="430"/>
							<String ID="string_256" HPOS="445" VPOS="983" WIDTH="96" HEIGHT="27" WC="0.96" CONTENT="uppnått"/><SP WIDTH="16" VPOS="983" HPOS="541"/>
							<String ID="string_257" HPOS="557" VPOS="989" WIDTH="28" HEIGHT="14" WC="0.93" CONTENT="en"/><SP WIDTH="16" VPOS="989" HPOS="585"/>
							<String ID="string_258" HPOS="601" VPOS="982" WIDTH="62" HEIGHT="21" WC="0.95" CONTENT="ålder"/><SP WIDTH="16" VPOS="982" HPOS="663"/>
							<String ID="string_259" HPOS="679" VPOS="981" WIDTH="25" HEIGHT="22" WC="0.96" CONTENT="af"/><SP WIDTH="13" VPOS="981" HPOS="704"/>
							<String ID="string_260" HPOS="717" VPOS="983" WIDTH="27" HEIGHT="20" WC="0.96" CONTENT="25"/><SP WIDTH="17" VPOS="983" HPOS="744"/>
							<String ID="string_261" HPOS="761" VPOS="983" WIDTH="31" HEIGHT="25" WC="0.96" CONTENT="är,"/><SP WIDTH="17" VPOS="983" HPOS="792"/>
							<String ID="string_262" HPOS="809" VPOS="981" WIDTH="29" HEIGHT="21" WC="0.96" CONTENT="dä"/><SP WIDTH="15" VPOS="981" HPOS="838"/>
							<String ID="string_263" HPOS="853" VPOS="981" WIDTH="28" HEIGHT="21" WC="0.93" CONTENT="de"/><SP WIDTH="11" VPOS="981" HPOS="881"/>
							<String ID="string_264" HPOS="892" VPOS="981" WIDTH="32" HEIGHT="20" WC="0.92" CONTENT="in-"/>
						</TextLine>
						<TextLine ID="line_29" HPOS="99" VPOS="1010" WIDTH="825" HEIGHT="30">
							<String ID="string_265" HPOS="99" VPOS="1011" WIDTH="65" HEIGHT="22" WC="0.93" CONTENT="träda"/><SP WIDTH="17" VPOS="1011" HPOS="164"/>
							<String ID="string_266" HPOS="181" VPOS="1012" WIDTH="7" HEIGHT="21" WC="0.93" CONTENT="i"/><SP WIDTH="15" VPOS="1012" HPOS="188"/>
							<String ID="string_267" HPOS="203" VPOS="1012" WIDTH="68" HEIGHT="27" WC="0.90" CONTENT="tjenst"/><SP WIDTH="16" VPOS="1012" HPOS="271"/>
							<String ID="string_268" HPOS="287" VPOS="1025" WIDTH="27" HEIGHT="2" WC="0.93" CONTENT="—"/><SP WIDTH="18" VPOS="1025" HPOS="314"/>
							<String ID="string_269" HPOS="332" VPOS="1013" WIDTH="73" HEIGHT="20" WC="0.92" CONTENT="säsom"/><SP WIDTH="22" VPOS="1013" HPOS="405"/>
							<String ID="string_270" HPOS="427" VPOS="1011" WIDTH="67" HEIGHT="22" WC="0.90" CONTENT="äfven"/><SP WIDTH="16" VPOS="1011" HPOS="494"/>
							<String ID="string_271" HPOS="510" VPOS="1011" WIDTH="100" HEIGHT="29" WC="0.93" CONTENT="framgär"/><SP WIDTH="16" VPOS="1011" HPOS="610"/>
							<String ID="string_272" HPOS="626" VPOS="1011" WIDTH="25" HEIGHT="22" WC="0.96" CONTENT="af"/><SP WIDTH="13" VPOS="1011" HPOS="651"/>
							<String ID="string_273" HPOS="664" VPOS="1011" WIDTH="164" HEIGHT="28" WC="0.96" CONTENT="motiveringen"/><SP WIDTH="16" VPOS="1011" HPOS="828"/>
							<String ID="string_274" HPOS="844" VPOS="1010" WIDTH="25" HEIGHT="22" WC="0.97" CONTENT="af"/><SP WIDTH="13" VPOS="1010" HPOS="869"/>
							<String ID="string_275" HPOS="882" VPOS="1011" WIDTH="42" HEIGHT="21" WC="0.96" CONTENT="den"/>
						</TextLine>
						<TextLine ID="line_30" HPOS="100" VPOS="1040" WIDTH="823" HEIGHT="29">
							<String ID="string_276" HPOS="100" VPOS="1040" WIDTH="73" HEIGHT="23" WC="0.93" CONTENT="första"/><SP WIDTH="16" VPOS="1040" HPOS="173"/>
							<String ID="string_277" HPOS="189" VPOS="1041" WIDTH="166" HEIGHT="22" WC="0.93" CONTENT="reservationen"/><SP WIDTH="10" VPOS="1041" HPOS="355"/>
							<String ID="string_278" HPOS="365" VPOS="1055" WIDTH="34" HEIGHT="13" WC="0.83" CONTENT="—,"/><SP WIDTH="10" VPOS="1055" HPOS="399"/>
							<String ID="string_279" HPOS="409" VPOS="1042" WIDTH="42" HEIGHT="21" WC="0.83" CONTENT="och"/><SP WIDTH="16" VPOS="1042" HPOS="451"/>
							<String ID="string_280" HPOS="467" VPOS="1042" WIDTH="35" HEIGHT="21" WC="0.96" CONTENT="till"/><SP WIDTH="17" VPOS="1042" HPOS="502"/>
							<String ID="string_281" HPOS="519" VPOS="1041" WIDTH="64" HEIGHT="22" WC="0.96" CONTENT="dessa"/><SP WIDTH="15" VPOS="1041" HPOS="583"/>
							<String ID="string_282" HPOS="598" VPOS="1043" WIDTH="28" HEIGHT="20" WC="0.93" CONTENT="25"/><SP WIDTH="18" VPOS="1043" HPOS="626"/>
							<String ID="string_283" HPOS="644" VPOS="1041" WIDTH="111" HEIGHT="28" WC="0.92" CONTENT="ärlägger"/><SP WIDTH="9" VPOS="1041" HPOS="755"/>
							<String ID="string_284" HPOS="764" VPOS="1042" WIDTH="29" HEIGHT="20" WC="0.93" CONTENT="20"/><SP WIDTH="11" VPOS="1042" HPOS="793"/>
							<String ID="string_285" HPOS="804" VPOS="1042" WIDTH="35" HEIGHT="20" WC="0.93" CONTENT="års"/><SP WIDTH="11" VPOS="1042" HPOS="839"/>
							<String ID="string_286" HPOS="850" VPOS="1041" WIDTH="73" HEIGHT="28" WC="0.92" CONTENT="tjenst,"/>
						</TextLine>
						<TextLine ID="line_31" HPOS="100" VPOS="1070" WIDTH="824" HEIGHT="27">
							<String ID="string_287" HPOS="100" VPOS="1071" WIDTH="91" HEIGHT="22" WC="0.96" CONTENT="komma"/><SP WIDTH="23" VPOS="1071" HPOS="191"/>
							<String ID="string_288" HPOS="214" VPOS="1071" WIDTH="21" HEIGHT="22" WC="0.96" CONTENT="vi"/><SP WIDTH="24" VPOS="1071" HPOS="235"/>
							<String ID="string_289" HPOS="259" VPOS="1071" WIDTH="35" HEIGHT="21" WC="0.96" CONTENT="till"/><SP WIDTH="21" VPOS="1071" HPOS="294"/>
							<String ID="string_290" HPOS="315" VPOS="1077" WIDTH="27" HEIGHT="16" WC="0.92" CONTENT="en"/><SP WIDTH="22" VPOS="1077" HPOS="342"/>
							<String ID="string_291" HPOS="364" VPOS="1071" WIDTH="62" HEIGHT="22" WC="0.92" CONTENT="älder"/><SP WIDTH="20" VPOS="1071" HPOS="426"/>
							<String ID="string_292" HPOS="446" VPOS="1071" WIDTH="26" HEIGHT="21" WC="0.96" CONTENT="af"/><SP WIDTH="17" VPOS="1071" HPOS="472"/>
							<String ID="string_293" HPOS="489" VPOS="1073" WIDTH="30" HEIGHT="20" WC="0.96" CONTENT="45"/><SP WIDTH="16" VPOS="1073" HPOS="519"/>
							<String ID="string_294" HPOS="535" VPOS="1073" WIDTH="31" HEIGHT="24" WC="0.93" CONTENT="är,"/><SP WIDTH="18" VPOS="1073" HPOS="566"/>
							<String ID="string_295" HPOS="584" VPOS="1071" WIDTH="42" HEIGHT="22" WC="0.96" CONTENT="och"/><SP WIDTH="16" VPOS="1071" HPOS="626"/>
							<String ID="string_296" HPOS="642" VPOS="1071" WIDTH="38" HEIGHT="22" WC="0.96" CONTENT="vid"/><SP WIDTH="16" VPOS="1071" HPOS="680"/>
							<String ID="string_297" HPOS="696" VPOS="1072" WIDTH="73" HEIGHT="21" WC="0.93" CONTENT="denna"/><SP WIDTH="16" VPOS="1072" HPOS="769"/>
							<String ID="string_298" HPOS="785" VPOS="1071" WIDTH="62" HEIGHT="21" WC="0.92" CONTENT="älder"/><SP WIDTH="14" VPOS="1071" HPOS="847"/>
							<String ID="string_299" HPOS="861" VPOS="1070" WIDTH="63" HEIGHT="22" WC="0.96" CONTENT="torde"/>
						</TextLine>
						<TextLine ID="line_32" HPOS="100" VPOS="1101" WIDTH="825" HEIGHT="28">
							<String ID="string_300" HPOS="100" VPOS="1108" WIDTH="52" HEIGHT="14" WC="0.93" CONTENT="man"/><SP WIDTH="17" VPOS="1108" HPOS="152"/>
							<String ID="string_301" HPOS="169" VPOS="1101" WIDTH="49" HEIGHT="22" WC="0.96" CONTENT="icke"/><SP WIDTH="15" VPOS="1101" HPOS="218"/>
							<String ID="string_302" HPOS="233" VPOS="1101" WIDTH="76" HEIGHT="21" WC="0.93" CONTENT="kunna"/><SP WIDTH="16" VPOS="1101" HPOS="309"/>
							<String ID="string_303" HPOS="325" VPOS="1104" WIDTH="55" HEIGHT="25" WC="0.96" CONTENT="säga"/><SP WIDTH="16" VPOS="1104" HPOS="380"/>
							<String ID="string_304" HPOS="396" VPOS="1102" WIDTH="33" HEIGHT="21" WC="0.95" CONTENT="att"/><SP WIDTH="15" VPOS="1102" HPOS="429"/>
							<String ID="string_305" HPOS="444" VPOS="1101" WIDTH="7" HEIGHT="21" WC="0.93" CONTENT="i"/><SP WIDTH="16" VPOS="1101" HPOS="451"/>
							<String ID="string_306" HPOS="467" VPOS="1101" WIDTH="78" HEIGHT="28" WC="0.95" CONTENT="regeln"/><SP WIDTH="16" VPOS="1101" HPOS="545"/>
							<String ID="string_307" HPOS="561" VPOS="1101" WIDTH="86" HEIGHT="22" WC="0.96" CONTENT="barnen"/><SP WIDTH="16" VPOS="1101" HPOS="647"/>
							<String ID="string_308" HPOS="663" VPOS="1101" WIDTH="64" HEIGHT="28" WC="0.95" CONTENT="börja"/><SP WIDTH="17" VPOS="1101" HPOS="727"/>
							<String ID="string_309" HPOS="744" VPOS="1101" WIDTH="76" HEIGHT="21" WC="0.93" CONTENT="kunna"/><SP WIDTH="11" VPOS="1101" HPOS="820"/>
							<String ID="string_310" HPOS="831" VPOS="1101" WIDTH="94" HEIGHT="27" WC="0.96" CONTENT="bidraga"/>
						</TextLine>
						<TextLine ID="line_33" HPOS="99" VPOS="1130" WIDTH="826" HEIGHT="30">
							<String ID="string_311" HPOS="99" VPOS="1131" WIDTH="35" HEIGHT="21" WC="0.93" CONTENT="till"/><SP WIDTH="24" VPOS="1131" HPOS="134"/>
							<String ID="string_312" HPOS="158" VPOS="1130" WIDTH="112" HEIGHT="29" WC="0.92" CONTENT="familjens"/><SP WIDTH="23" VPOS="1130" HPOS="270"/>
							<String ID="string_313" HPOS="293" VPOS="1130" WIDTH="106" HEIGHT="30" WC="0.92" CONTENT="förmäga"/><SP WIDTH="22" VPOS="1130" HPOS="399"/>
							<String ID="string_314" HPOS="421" VPOS="1130" WIDTH="25" HEIGHT="22" WC="0.93" CONTENT="af"/><SP WIDTH="19" VPOS="1130" HPOS="446"/>
							<String ID="string_315" HPOS="465" VPOS="1131" WIDTH="196" HEIGHT="29" WC="0.91" CONTENT="själfförsörjning,"/><SP WIDTH="16" VPOS="1131" HPOS="661"/>
							<String ID="string_316" HPOS="677" VPOS="1132" WIDTH="53" HEIGHT="20" WC="0.97" CONTENT="utan"/><SP WIDTH="17" VPOS="1132" HPOS="730"/>
							<String ID="string_317" HPOS="747" VPOS="1131" WIDTH="37" HEIGHT="21" WC="0.96" CONTENT="det"/><SP WIDTH="16" VPOS="1131" HPOS="784"/>
							<String ID="string_318" HPOS="800" VPOS="1133" WIDTH="24" HEIGHT="19" WC="0.93" CONTENT="är"/><SP WIDTH="16" VPOS="1133" HPOS="824"/>
							<String ID="string_319" HPOS="840" VPOS="1130" WIDTH="85" HEIGHT="22" WC="0.93" CONTENT="kanske"/>
						</TextLine>
						<TextLine ID="line_34" HPOS="100" VPOS="1160" WIDTH="825" HEIGHT="29">
							<String ID="string_320" HPOS="100" VPOS="1168" WIDTH="92" HEIGHT="15" WC="0.92" CONTENT="snarare"/><SP WIDTH="21" VPOS="1168" HPOS="192"/>
							<String ID="string_321" HPOS="213" VPOS="1161" WIDTH="46" HEIGHT="28" WC="0.96" CONTENT="just"/><SP WIDTH="22" VPOS="1161" HPOS="259"/>
							<String ID="string_322" HPOS="281" VPOS="1161" WIDTH="39" HEIGHT="21" WC="0.96" CONTENT="vid"/><SP WIDTH="25" VPOS="1161" HPOS="320"/>
							<String ID="string_323" HPOS="345" VPOS="1162" WIDTH="73" HEIGHT="21" WC="0.96" CONTENT="denna"/><SP WIDTH="21" VPOS="1162" HPOS="418"/>
							<String ID="string_324" HPOS="439" VPOS="1161" WIDTH="41" HEIGHT="27" WC="0.96" CONTENT="tid,"/><SP WIDTH="25" VPOS="1161" HPOS="480"/>
							<String ID="string_325" HPOS="505" VPOS="1168" WIDTH="47" HEIGHT="15" WC="0.92" CONTENT="som"/><SP WIDTH="23" VPOS="1168" HPOS="552"/>
							<String ID="string_326" HPOS="575" VPOS="1160" WIDTH="126" HEIGHT="29" WC="0.92" CONTENT="utgifterna"/><SP WIDTH="19" VPOS="1160" HPOS="701"/>
							<String ID="string_327" HPOS="720" VPOS="1164" WIDTH="38" HEIGHT="18" WC="0.91" CONTENT="äro"/><SP WIDTH="19" VPOS="1164" HPOS="758"/>
							<String ID="string_328" HPOS="777" VPOS="1162" WIDTH="72" HEIGHT="20" WC="0.93" CONTENT="störst."/><SP WIDTH="32" VPOS="1162" HPOS="849"/>
							<String ID="string_329" HPOS="881" VPOS="1160" WIDTH="44" HEIGHT="28" WC="0.96" CONTENT="Jag"/>
						</TextLine>
						<TextLine ID="line_35" HPOS="100" VPOS="1190" WIDTH="824" HEIGHT="29">
							<String ID="string_330" HPOS="100" VPOS="1190" WIDTH="72" HEIGHT="22" WC="0.93" CONTENT="skulle"/><SP WIDTH="24" VPOS="1190" HPOS="172"/>
							<String ID="string_331" HPOS="196" VPOS="1190" WIDTH="79" HEIGHT="22" WC="0.96" CONTENT="derför"/><SP WIDTH="24" VPOS="1190" HPOS="275"/>
							<String ID="string_332" HPOS="299" VPOS="1198" WIDTH="70" HEIGHT="21" WC="0.96" CONTENT="gerna"/><SP WIDTH="23" VPOS="1198" HPOS="369"/>
							<String ID="string_333" HPOS="392" VPOS="1198" WIDTH="30" HEIGHT="20" WC="0.96" CONTENT="se,"/><SP WIDTH="18" VPOS="1198" HPOS="422"/>
							<String ID="string_334" HPOS="440" VPOS="1192" WIDTH="31" HEIGHT="20" WC="0.96" CONTENT="att"/><SP WIDTH="18" VPOS="1192" HPOS="471"/>
							<String ID="string_335" HPOS="489" VPOS="1191" WIDTH="38" HEIGHT="21" WC="0.93" CONTENT="det"/><SP WIDTH="15" VPOS="1191" HPOS="527"/>
							<String ID="string_336" HPOS="542" VPOS="1198" WIDTH="53" HEIGHT="14" WC="0.96" CONTENT="vore"/><SP WIDTH="17" VPOS="1198" HPOS="595"/>
							<String ID="string_337" HPOS="612" VPOS="1191" WIDTH="87" HEIGHT="28" WC="0.96" CONTENT="möjligt"/><SP WIDTH="16" VPOS="1191" HPOS="699"/>
							<String ID="string_338" HPOS="715" VPOS="1192" WIDTH="33" HEIGHT="20" WC="0.93" CONTENT="att"/><SP WIDTH="14" VPOS="1192" HPOS="748"/>
							<String ID="string_339" HPOS="762" VPOS="1190" WIDTH="115" HEIGHT="22" WC="0.90" CONTENT="utsträcka"/><SP WIDTH="14" VPOS="1190" HPOS="877"/>
							<String ID="string_340" HPOS="891" VPOS="1192" WIDTH="33" HEIGHT="19" WC="0.91" CONTENT="ut-"/>
						</TextLine>
						<TextLine ID="line_36" HPOS="101" VPOS="1220" WIDTH="823" HEIGHT="29">
							<String ID="string_341" HPOS="101" VPOS="1220" WIDTH="93" HEIGHT="22" WC="0.92" CONTENT="skottets"/><SP WIDTH="26" VPOS="1220" HPOS="194"/>
							<String ID="string_342" HPOS="220" VPOS="1220" WIDTH="88" HEIGHT="29" WC="0.95" CONTENT="förslag"/><SP WIDTH="16" VPOS="1220" HPOS="308"/>
							<String ID="string_343" HPOS="324" VPOS="1221" WIDTH="7" HEIGHT="21" WC="0.93" CONTENT="i"/><SP WIDTH="16" VPOS="1221" HPOS="331"/>
							<String ID="string_344" HPOS="347" VPOS="1222" WIDTH="75" HEIGHT="27" WC="0.92" CONTENT="nägon"/><SP WIDTH="23" VPOS="1222" HPOS="422"/>
							<String ID="string_345" HPOS="445" VPOS="1222" WIDTH="53" HEIGHT="20" WC="0.96" CONTENT="män"/><SP WIDTH="16" VPOS="1222" HPOS="498"/>
							<String ID="string_346" HPOS="514" VPOS="1221" WIDTH="85" HEIGHT="28" WC="0.93" CONTENT="längre,"/><SP WIDTH="18" VPOS="1221" HPOS="599"/>
							<String ID="string_347" HPOS="617" VPOS="1221" WIDTH="20" HEIGHT="21" WC="0.92" CONTENT="d."/><SP WIDTH="17" VPOS="1221" HPOS="637"/>
							<String ID="string_348" HPOS="654" VPOS="1228" WIDTH="20" HEIGHT="14" WC="0.97" CONTENT="v."/><SP WIDTH="18" VPOS="1228" HPOS="674"/>
							<String ID="string_349" HPOS="692" VPOS="1228" WIDTH="15" HEIGHT="14" WC="0.96" CONTENT="s."/><SP WIDTH="18" VPOS="1228" HPOS="707"/>
							<String ID="string_350" HPOS="725" VPOS="1222" WIDTH="30" HEIGHT="24" WC="0.96" CONTENT="sä,"/><SP WIDTH="17" VPOS="1222" HPOS="755"/>
							<String ID="string_351" HPOS="772" VPOS="1222" WIDTH="32" HEIGHT="20" WC="0.93" CONTENT="att"/><SP WIDTH="15" VPOS="1222" HPOS="804"/>
							<String ID="string_352" HPOS="819" VPOS="1220" WIDTH="105" HEIGHT="22" WC="0.92" CONTENT="folkskol-"/>
						</TextLine>
						<TextLine ID="line_37" HPOS="100" VPOS="1250" WIDTH="825" HEIGHT="28">
							<String ID="string_353" HPOS="100" VPOS="1250" WIDTH="89" HEIGHT="22" WC="0.92" CONTENT="lärarne"/><SP WIDTH="21" VPOS="1250" HPOS="189"/>
							<String ID="string_354" HPOS="210" VPOS="1250" WIDTH="71" HEIGHT="22" WC="0.96" CONTENT="skulle"/><SP WIDTH="20" VPOS="1250" HPOS="281"/>
							<String ID="string_355" HPOS="301" VPOS="1251" WIDTH="92" HEIGHT="21" WC="0.96" CONTENT="komma"/><SP WIDTH="15" VPOS="1251" HPOS="393"/>
							<String ID="string_356" HPOS="408" VPOS="1251" WIDTH="8" HEIGHT="21" WC="0.93" CONTENT="i"/><SP WIDTH="17" VPOS="1251" HPOS="416"/>
							<String ID="string_357" HPOS="433" VPOS="1251" WIDTH="130" HEIGHT="27" WC="0.92" CONTENT="ätnjutande"/><SP WIDTH="18" VPOS="1251" HPOS="563"/>
							<String ID="string_358" HPOS="581" VPOS="1250" WIDTH="24" HEIGHT="22" WC="0.97" CONTENT="af"/><SP WIDTH="14" VPOS="1250" HPOS="605"/>
							<String ID="string_359" HPOS="619" VPOS="1258" WIDTH="28" HEIGHT="14" WC="0.93" CONTENT="en"/><SP WIDTH="16" VPOS="1258" HPOS="647"/>
							<String ID="string_360" HPOS="663" VPOS="1250" WIDTH="182" HEIGHT="28" WC="0.92" CONTENT="löneförhöjning"/><SP WIDTH="16" VPOS="1250" HPOS="845"/>
							<String ID="string_361" HPOS="861" VPOS="1250" WIDTH="64" HEIGHT="21" WC="0.91" CONTENT="hvart"/>
						</TextLine>
						<TextLine ID="line_38" HPOS="100" VPOS="1279" WIDTH="825" HEIGHT="30">
							<String ID="string_362" HPOS="100" VPOS="1279" WIDTH="68" HEIGHT="23" WC="0.96" CONTENT="femte"/><SP WIDTH="24" VPOS="1279" HPOS="168"/>
							<String ID="string_363" HPOS="192" VPOS="1282" WIDTH="24" HEIGHT="20" WC="0.96" CONTENT="år"/><SP WIDTH="21" VPOS="1282" HPOS="216"/>
							<String ID="string_364" HPOS="237" VPOS="1280" WIDTH="24" HEIGHT="22" WC="0.96" CONTENT="af"/><SP WIDTH="21" VPOS="1280" HPOS="261"/>
							<String ID="string_365" HPOS="282" VPOS="1281" WIDTH="74" HEIGHT="28" WC="0.50" CONTENT="20%),"/><SP WIDTH="23" VPOS="1281" HPOS="356"/>
							<String ID="string_366" HPOS="379" VPOS="1280" WIDTH="45" HEIGHT="22" WC="0.96" CONTENT="tills"/><SP WIDTH="22" VPOS="1280" HPOS="424"/>
							<String ID="string_367" HPOS="446" VPOS="1280" WIDTH="57" HEIGHT="22" WC="0.96" CONTENT="efter"/><SP WIDTH="16" VPOS="1280" HPOS="503"/>
							<String ID="string_368" HPOS="519" VPOS="1282" WIDTH="28" HEIGHT="20" WC="0.93" CONTENT="25"/><SP WIDTH="18" VPOS="1282" HPOS="547"/>
							<String ID="string_369" HPOS="565" VPOS="1282" WIDTH="35" HEIGHT="20" WC="0.92" CONTENT="års"/><SP WIDTH="16" VPOS="1282" HPOS="600"/>
							<String ID="string_370" HPOS="616" VPOS="1280" WIDTH="68" HEIGHT="28" WC="0.93" CONTENT="tjenst"/><SP WIDTH="16" VPOS="1280" HPOS="684"/>
							<String ID="string_371" HPOS="700" VPOS="1280" WIDTH="139" HEIGHT="28" WC="0.89" CONTENT="grundlönen"/><SP WIDTH="16" VPOS="1280" HPOS="839"/>
							<String ID="string_372" HPOS="855" VPOS="1279" WIDTH="70" HEIGHT="21" WC="0.96" CONTENT="skulle"/>
						</TextLine>
						<TextLine ID="line_39" HPOS="99" VPOS="1310" WIDTH="826" HEIGHT="28">
							<String ID="string_373" HPOS="99" VPOS="1317" WIDTH="55" HEIGHT="14" WC="0.93" CONTENT="vara"/><SP WIDTH="22" VPOS="1317" HPOS="154"/>
							<String ID="string_374" HPOS="176" VPOS="1310" WIDTH="92" HEIGHT="28" WC="0.96" CONTENT="förhöjd"/><SP WIDTH="21" VPOS="1310" HPOS="268"/>
							<String ID="string_375" HPOS="289" VPOS="1310" WIDTH="52" HEIGHT="22" WC="0.96" CONTENT="med"/><SP WIDTH="26" VPOS="1310" HPOS="341"/>
							<String ID="string_376" HPOS="367" VPOS="1311" WIDTH="42" HEIGHT="21" WC="0.90" CONTENT="100"/><SP WIDTH="8" VPOS="1311" HPOS="409"/>
							<String ID="string_377" HPOS="417" VPOS="1311" WIDTH="36" HEIGHT="27" WC="0.36" CONTENT="%/,."/><SP WIDTH="33" VPOS="1311" HPOS="453"/>
							<String ID="string_378" HPOS="486" VPOS="1310" WIDTH="38" HEIGHT="22" WC="0.93" CONTENT="Ett"/><SP WIDTH="16" VPOS="1310" HPOS="524"/>
							<String ID="string_379" HPOS="540" VPOS="1310" WIDTH="79" HEIGHT="22" WC="0.96" CONTENT="sådant"/><SP WIDTH="16" VPOS="1310" HPOS="619"/>
							<String ID="string_380" HPOS="635" VPOS="1310" WIDTH="105" HEIGHT="22" WC="0.95" CONTENT="sakernas"/><SP WIDTH="15" VPOS="1310" HPOS="740"/>
							<String ID="string_381" HPOS="755" VPOS="1310" WIDTH="106" HEIGHT="25" WC="0.95" CONTENT="tillstånd,"/><SP WIDTH="18" VPOS="1310" HPOS="861"/>
							<String ID="string_382" HPOS="879" VPOS="1316" WIDTH="46" HEIGHT="14" WC="0.96" CONTENT="som"/>
						</TextLine>
						<TextLine ID="line_40" HPOS="101" VPOS="1338" WIDTH="824" HEIGHT="28">
							<String ID="string_383" HPOS="101" VPOS="1340" WIDTH="28" HEIGHT="20" WC="0.96" CONTENT="dä"/><SP WIDTH="17" VPOS="1340" HPOS="129"/>
							<String ID="string_384" HPOS="146" VPOS="1340" WIDTH="71" HEIGHT="22" WC="0.93" CONTENT="skulle"/><SP WIDTH="23" VPOS="1340" HPOS="217"/>
							<String ID="string_385" HPOS="240" VPOS="1340" WIDTH="95" HEIGHT="26" WC="0.96" CONTENT="inträda,"/><SP WIDTH="17" VPOS="1340" HPOS="335"/>
							<String ID="string_386" HPOS="352" VPOS="1347" WIDTH="53" HEIGHT="15" WC="0.96" CONTENT="vore"/><SP WIDTH="16" VPOS="1347" HPOS="405"/>
							<String ID="string_387" HPOS="421" VPOS="1340" WIDTH="37" HEIGHT="21" WC="0.93" CONTENT="väl"/><SP WIDTH="19" VPOS="1340" HPOS="458"/>
							<String ID="string_388" HPOS="477" VPOS="1340" WIDTH="243" HEIGHT="22" WC="0.76" CONTENT="öfverensstämmande"/><SP WIDTH="16" VPOS="1340" HPOS="720"/>
							<String ID="string_389" HPOS="736" VPOS="1340" WIDTH="51" HEIGHT="21" WC="0.93" CONTENT="med"/><SP WIDTH="15" VPOS="1340" HPOS="787"/>
							<String ID="string_390" HPOS="802" VPOS="1339" WIDTH="61" HEIGHT="21" WC="0.93" CONTENT="hvad"/><SP WIDTH="16" VPOS="1339" HPOS="863"/>
							<String ID="string_391" HPOS="879" VPOS="1338" WIDTH="46" HEIGHT="22" WC="0.92" CONTENT="för-"/>
						</TextLine>
						<TextLine ID="line_41" HPOS="99" VPOS="1368" WIDTH="826" HEIGHT="30">
							<String ID="string_392" HPOS="99" VPOS="1369" WIDTH="143" HEIGHT="27" WC="0.91" CONTENT="hällandena,"/><SP WIDTH="17" VPOS="1369" HPOS="242"/>
							<String ID="string_393" HPOS="259" VPOS="1370" WIDTH="7" HEIGHT="21" WC="0.96" CONTENT="i"/><SP WIDTH="16" VPOS="1370" HPOS="266"/>
							<String ID="string_394" HPOS="282" VPOS="1370" WIDTH="101" HEIGHT="28" WC="0.96" CONTENT="enlighet"/><SP WIDTH="16" VPOS="1370" HPOS="383"/>
							<String ID="string_395" HPOS="399" VPOS="1370" WIDTH="51" HEIGHT="21" WC="0.93" CONTENT="med"/><SP WIDTH="24" VPOS="1370" HPOS="450"/>
							<String ID="string_396" HPOS="474" VPOS="1370" WIDTH="60" HEIGHT="22" WC="0.92" CONTENT="hvad"/><SP WIDTH="21" VPOS="1370" HPOS="534"/>
							<String ID="string_397" HPOS="555" VPOS="1369" WIDTH="113" HEIGHT="29" WC="0.95" CONTENT="professor"/><SP WIDTH="20" VPOS="1369" HPOS="668"/>
							<String ID="string_398" HPOS="688" VPOS="1369" WIDTH="121" HEIGHT="22" WC="0.93" CONTENT="Bonsdorff"/><SP WIDTH="14" VPOS="1369" HPOS="809"/>
							<String ID="string_399" HPOS="823" VPOS="1368" WIDTH="102" HEIGHT="26" WC="0.93" CONTENT="anförde,"/>
						</TextLine>
						<TextLine ID="line_42" HPOS="100" VPOS="1398" WIDTH="826" HEIGHT="29">
							<String ID="string_400" HPOS="100" VPOS="1406" WIDTH="67" HEIGHT="21" WC="0.88" CONTENT="synas"/><SP WIDTH="19" VPOS="1406" HPOS="167"/>
							<String ID="string_401" HPOS="186" VPOS="1406" WIDTH="55" HEIGHT="15" WC="0.95" CONTENT="vara"/><SP WIDTH="16" VPOS="1406" HPOS="241"/>
							<String ID="string_402" HPOS="257" VPOS="1400" WIDTH="7" HEIGHT="20" WC="0.93" CONTENT="i"/><SP WIDTH="17" VPOS="1400" HPOS="264"/>
							<String ID="string_403" HPOS="281" VPOS="1400" WIDTH="116" HEIGHT="26" WC="0.92" CONTENT="Preussen,"/><SP WIDTH="25" VPOS="1400" HPOS="397"/>
							<String ID="string_404" HPOS="422" VPOS="1400" WIDTH="39" HEIGHT="21" WC="0.93" CONTENT="der"/><SP WIDTH="23" VPOS="1400" HPOS="461"/>
							<String ID="string_405" HPOS="484" VPOS="1399" WIDTH="200" HEIGHT="22" WC="0.92" CONTENT="folkskollärarena"/><SP WIDTH="22" VPOS="1399" HPOS="684"/>
							<String ID="string_406" HPOS="706" VPOS="1399" WIDTH="49" HEIGHT="21" WC="0.92" CONTENT="icke"/><SP WIDTH="21" VPOS="1399" HPOS="755"/>
							<String ID="string_407" HPOS="776" VPOS="1398" WIDTH="50" HEIGHT="22" WC="0.93" CONTENT="frän"/><SP WIDTH="20" VPOS="1398" HPOS="826"/>
							<String ID="string_408" HPOS="846" VPOS="1398" WIDTH="80" HEIGHT="28" WC="0.87" CONTENT="början"/>
						</TextLine>
						<TextLine ID="line_43" HPOS="100" VPOS="1428" WIDTH="826" HEIGHT="29">
							<String ID="string_409" HPOS="100" VPOS="1436" WIDTH="51" HEIGHT="15" WC="0.96" CONTENT="men"/><SP WIDTH="21" VPOS="1436" HPOS="151"/>
							<String ID="string_410" HPOS="172" VPOS="1429" WIDTH="38" HEIGHT="22" WC="0.96" CONTENT="väl"/><SP WIDTH="21" VPOS="1429" HPOS="210"/>
							<String ID="string_411" HPOS="231" VPOS="1429" WIDTH="60" HEIGHT="22" WC="0.96" CONTENT="efter"/><SP WIDTH="21" VPOS="1429" HPOS="291"/>
							<String ID="string_412" HPOS="312" VPOS="1436" WIDTH="28" HEIGHT="15" WC="0.96" CONTENT="en"/><SP WIDTH="20" VPOS="1436" HPOS="340"/>
							<String ID="string_413" HPOS="360" VPOS="1430" WIDTH="80" HEIGHT="27" WC="0.91" CONTENT="längre"/><SP WIDTH="18" VPOS="1430" HPOS="440"/>
							<String ID="string_414" HPOS="458" VPOS="1429" WIDTH="117" HEIGHT="28" WC="0.91" CONTENT="tjenstetid"/><SP WIDTH="15" VPOS="1429" HPOS="575"/>
							<String ID="string_415" HPOS="590" VPOS="1430" WIDTH="77" HEIGHT="27" WC="0.96" CONTENT="intaga"/><SP WIDTH="16" VPOS="1430" HPOS="667"/>
							<String ID="string_416" HPOS="683" VPOS="1436" WIDTH="28" HEIGHT="15" WC="0.96" CONTENT="en"/><SP WIDTH="15" VPOS="1436" HPOS="711"/>
							<String ID="string_417" HPOS="726" VPOS="1428" WIDTH="112" HEIGHT="29" WC="0.87" CONTENT="betydligt"/><SP WIDTH="15" VPOS="1428" HPOS="838"/>
							<String ID="string_418" HPOS="853" VPOS="1428" WIDTH="73" HEIGHT="22" WC="0.75" CONTENT="bättre"/>
						</TextLine>
						<TextLine ID="line_44" HPOS="100" VPOS="1459" WIDTH="825" HEIGHT="28">
							<String ID="string_419" HPOS="100" VPOS="1459" WIDTH="108" HEIGHT="28" WC="0.96" CONTENT="ställning"/><SP WIDTH="16" VPOS="1459" HPOS="208"/>
							<String ID="string_420" HPOS="224" VPOS="1462" WIDTH="28" HEIGHT="18" WC="0.96" CONTENT="än"/><SP WIDTH="16" VPOS="1462" HPOS="252"/>
							<String ID="string_421" HPOS="268" VPOS="1459" WIDTH="40" HEIGHT="22" WC="0.96" CONTENT="hos"/><SP WIDTH="17" VPOS="1459" HPOS="308"/>
							<String ID="string_422" HPOS="325" VPOS="1466" WIDTH="41" HEIGHT="15" WC="0.95" CONTENT="oss."/><SP WIDTH="32" VPOS="1466" HPOS="366"/>
							<String ID="string_423" HPOS="398" VPOS="1459" WIDTH="45" HEIGHT="28" WC="0.96" CONTENT="Jag"/><SP WIDTH="15" VPOS="1459" HPOS="443"/>
							<String ID="string_424" HPOS="458" VPOS="1459" WIDTH="42" HEIGHT="22" WC="0.93" CONTENT="har"/><SP WIDTH="16" VPOS="1459" HPOS="500"/>
							<String ID="string_425" HPOS="516" VPOS="1459" WIDTH="49" HEIGHT="22" WC="0.92" CONTENT="icke"/><SP WIDTH="16" VPOS="1459" HPOS="565"/>
							<String ID="string_426" HPOS="581" VPOS="1459" WIDTH="86" HEIGHT="22" WC="0.93" CONTENT="kunnat"/><SP WIDTH="14" VPOS="1459" HPOS="667"/>
							<String ID="string_427" HPOS="681" VPOS="1459" WIDTH="94" HEIGHT="21" WC="0.92" CONTENT="anställa"/><SP WIDTH="10" VPOS="1459" HPOS="775"/>
							<String ID="string_428" HPOS="785" VPOS="1460" WIDTH="75" HEIGHT="27" WC="0.92" CONTENT="nägon"/><SP WIDTH="11" VPOS="1460" HPOS="860"/>
							<String ID="string_429" HPOS="871" VPOS="1465" WIDTH="54" HEIGHT="21" WC="0.92" CONTENT="nog-"/>
						</TextLine>
						<TextLine ID="line_45" HPOS="99" VPOS="1488" WIDTH="827" HEIGHT="29">
							<String ID="string_430" HPOS="99" VPOS="1495" WIDTH="74" HEIGHT="22" WC="0.96" CONTENT="grann"/><SP WIDTH="23" VPOS="1495" HPOS="173"/>
							<String ID="string_431" HPOS="196" VPOS="1489" WIDTH="127" HEIGHT="28" WC="0.95" CONTENT="beräkning"/><SP WIDTH="22" VPOS="1489" HPOS="323"/>
							<String ID="string_432" HPOS="345" VPOS="1488" WIDTH="70" HEIGHT="27" WC="0.93" CONTENT="öfver,"/><SP WIDTH="16" VPOS="1488" HPOS="415"/>
							<String ID="string_433" HPOS="431" VPOS="1489" WIDTH="57" HEIGHT="21" WC="0.96" CONTENT="huru"/><SP WIDTH="21" VPOS="1489" HPOS="488"/>
							<String ID="string_434" HPOS="509" VPOS="1490" WIDTH="46" HEIGHT="20" WC="0.93" CONTENT="stor"/><SP WIDTH="21" VPOS="1490" HPOS="555"/>
							<String ID="string_435" HPOS="576" VPOS="1489" WIDTH="105" HEIGHT="21" WC="0.92" CONTENT="tillskotts"/><SP WIDTH="17" VPOS="1489" HPOS="681"/>
							<String ID="string_436" HPOS="698" VPOS="1495" WIDTH="85" HEIGHT="15" WC="0.96" CONTENT="summa"/><SP WIDTH="16" VPOS="1495" HPOS="783"/>
							<String ID="string_437" HPOS="799" VPOS="1489" WIDTH="32" HEIGHT="21" WC="0.93" CONTENT="ett"/><SP WIDTH="16" VPOS="1489" HPOS="831"/>
							<String ID="string_438" HPOS="847" VPOS="1488" WIDTH="79" HEIGHT="21" WC="0.96" CONTENT="sådant"/>
						</TextLine>
					</TextBlock>
				</ComposedBlock>
			</PrintSpace>
		</Page>
	</Layout>
</alto>
