1109 1792
199 85 44 20 368
436 85 124 23 Pappissääty
574 85 85 18 Maalisk.
673 86 24 17 20
711 92 18 16 p.
743 86 45 17 1900

199 140 39 20 net
253 138 66 28 yksin
335 139 76 21 voivat
426 139 91 22 muiden
534 140 80 21 asioita
631 139 56 28 ajaa.
720 139 34 22 On
771 139 124 22 todellakin
912 140 115 21 ehdotettu

199 168 110 22 sellainen
333 169 116 27 epäkohta,
471 170 46 21 että
539 170 98 20 voidaan
652 169 108 28 pakottaa
776 169 147 22 asianosaisia
938 170 87 27 käyitä-

199 201 67 18 mään
288 198 65 28 yksin
374 206 58 14 vaan
455 199 272 28 asianajajayhdistyksen
755 199 94 28 jäseniä,
873 200 71 21 mutta
965 199 62 21 näitä

201 228 20 22 ei
237 228 38 22 voi
291 230 77 20 vasten
384 229 82 21 heidän
481 229 120 21 tahtoansa
617 229 108 28 pakottaa
741 229 71 21 asiata
829 229 109 28 ajamaan.

272 287 120 23 Professori
409 289 137 21 Hermanson:
571 289 44 21 Till
631 288 56 22 först
703 289 41 21 ber
756 289 42 28 jag
814 290 33 20 att
862 291 115 26 gentemot
988 288 38 22 fri-

199 318 66 21 herre
281 318 91 22 Palmen
388 318 26 22 fä
427 318 125 27 framhälla,
565 320 33 20 att
606 319 41 27 jag
658 318 37 22 för
706 319 69 28 ingen
787 318 35 22 del
833 319 48 28 lagt
892 318 134 28 hufvudvig-

198 349 38 20 ten
252 349 31 27 pä
297 348 106 22 utlandet.
435 348 44 28 Jag
495 350 71 20 måste
583 351 56 25 säga
657 350 33 20 att
701 348 61 22 detta
772 349 115 21 uttalande
899 348 26 22 af
933 348 93 22 friherre

199 377 93 22 Palmen
307 377 108 23 förvänar
431 378 47 28 mig
493 380 30 26 pä
539 378 37 22 det
593 378 56 22 allra
664 378 86 28 högsta.
782 378 45 28 Jag
842 378 41 22 ber
899 380 33 20 att
947 378 78 22 friher-

200 414 40 15 ren
265 410 24 18 är
313 408 43 28 god
381 408 40 22 och
444 408 59 22 läser
519 415 82 21 genom
618 409 189 27 stenogrammen.
839 408 35 22 En
890 410 46 20 stor
952 408 34 22 del
1004 407 25 22 af

199 438 51 20 mitt
275 438 142 28 andragande
442 438 52 28 gick
518 440 24 19 ut
558 440 30 26 pä
604 439 33 20 att
657 438 54 26 visa,
733 438 57 21 huru
807 438 38 22 det
859 446 31 13 nu
903 438 122 22 bestående

199 468 239 28 rättegängsväsendet
454 467 93 22 faktiskt
563 468 102 21 kommer
681 469 33 20 att
729 468 71 22 varda
816 468 81 28 dyrare
913 468 41 22 och
968 468 57 28 jem-

199 497 37 21 väl
257 498 45 20 kan
321 505 54 14 vara
391 498 83 28 egnadt
490 499 33 20 att
537 499 50 20 tära
603 499 30 27 pä
649 499 84 21 rättens
749 498 74 28 helgd.
856 498 38 21 Att
908 498 42 28 jag
964 498 60 26 sade,

199 528 33 20 att
251 527 22 21 vi
293 528 67 21 ocksä
383 527 37 22 för
443 528 113 21 utlandets
572 528 58 21 skull
646 529 71 20 mäste
733 528 66 21 ställa
815 529 25 20 sä
855 528 40 26 till,
913 530 32 19 att
960 529 64 20 rätts-

199 557 135 29 skipningen
357 558 43 21 blir
423 558 70 21 snabb
517 558 42 21 och
583 558 72 26 säker,
673 565 40 14 var
729 557 136 29 fullkomligt
881 558 143 28 berättigadt,

179 608 9 8 .
199 588 24 26 ty
247 594 46 21 nog
315 587 100 22 kommer
439 588 38 21 det
500 589 33 20 att
555 588 66 21 kosta
637 594 36 15 oss
689 588 57 28 dyrt,
763 595 37 14 om
816 588 144 28 utlänningar
975 588 49 21 icke

199 616 69 22 hafva
291 616 128 23 förtroende
441 617 37 22 för
497 624 42 20 oss,
555 620 42 18 när
613 618 28 21 de
657 618 70 21 inläta
742 618 35 28 sig
793 618 51 21 med
861 624 35 15 oss
912 618 6 20 i
936 618 88 22 affärer.

273 647 52 21 Man
340 648 41 20 har
395 648 48 28 lagt
459 648 97 28 mycken
571 648 50 28 vigt
635 648 30 28 pä
681 649 32 20 att
724 648 41 20 här
776 650 25 18 är
811 647 66 29 fräga
888 654 36 15 om
936 649 31 20 ett
978 655 46 14 mo-

199 677 68 28 nopol
291 677 41 21 och
355 678 93 21 sålunda
472 678 49 21 sökt
545 680 56 26 göra
617 678 62 21 detta
694 677 127 29 lagförslag
836 678 46 21 helt
898 677 125 29 förhatligt.

199 706 43 22 Om
258 706 65 29 fräga
338 714 53 15 vore
406 708 57 21 blott
479 708 77 21 derom
573 708 32 20 att
621 714 53 14 man
692 708 71 21 skulle
774 707 63 28 gifva
849 714 28 15 en
889 708 55 21 eller
954 709 70 27 nägra

199 736 102 22 enskilda
324 744 105 21 personer
452 738 109 27 rättighet
584 738 33 20 att
638 736 73 22 drifva
731 744 27 15 en
774 737 45 21 viss
835 738 87 28 näring,
940 739 24 20 sä
980 738 44 21 läte

200 766 61 22 detta
285 769 54 26 säga
360 767 40 28 sig,
423 774 52 15 men
495 767 40 21 här
552 770 25 18 är
593 766 66 29 fräga
674 774 36 14 om
725 767 127 29 nägonting
867 774 68 15 mera.
967 767 56 27 Den,

199 803 47 15 som
270 797 41 21 har
334 798 44 20 rätt
398 798 33 20 att
450 797 111 28 uppträda
577 798 73 20 såsom
667 796 124 27 sakförare,
809 800 24 18 är
849 797 127 28 berättigad
992 798 32 20 att

199 827 54 27 taga
278 826 134 22 domstolens
436 827 31 21 tid
492 827 42 21 och
559 827 105 28 åtgärder
680 827 7 21 i
703 827 108 28 anspråk;
828 827 45 21 han
888 827 46 21 kan
949 826 75 22 fordra

199 858 32 19 att
247 855 26 22 fä
289 856 164 29 invändningar
469 856 114 29 pröfvade,
601 858 33 20 att
650 856 27 22 fä
693 857 86 21 vittnen
796 857 76 26 hörda,
889 857 43 21 och
948 857 75 21 ätskil-

198 886 47 28 liga
262 886 69 21 andra
347 887 104 28 ätgärder
467 886 26 22 af
506 887 107 22 domaren
629 887 114 28 vidtagna.
776 886 43 22 Det
837 889 24 19 är
877 887 86 22 säledes
974 887 50 21 icke

198 917 77 27 nägon
298 916 54 22 liten
375 917 112 28 rättighet,
513 923 48 15 som
581 917 43 21 den
643 916 40 27 fär,
700 917 92 21 hvilken
808 917 41 20 har
864 918 45 20 rätt
924 918 32 20 att
972 916 52 22 föra

199 953 86 14 annans
308 947 61 20 talan
392 947 38 21 vid
455 947 101 26 domstol,
582 947 42 21 och
640 947 49 21 icke
705 947 45 21 kan
763 947 42 28 jag
820 946 62 22 finna
898 948 32 19 att
946 947 37 21 det
1000 949 24 18 är

198 976 127 28 nägonting
340 977 157 28 oberättigadt,
515 978 33 20 att
564 983 53 15 man
633 976 86 21 fordrar
730 977 61 21 vissa
801 977 139 28 egenskaper
951 978 73 20 säsom

198 1005 187 29 förutsättningar
407 1005 38 23 för
460 1006 214 29 tilleodonjutandet
690 1006 25 21 af
728 1007 70 20 sådan
814 1007 50 20 rätt.
896 1006 44 21 För
956 1006 68 28 öfrigt

200 1038 25 19 är
241 1035 38 22 det
296 1035 49 22 icke
361 1036 70 21 heller
447 1036 91 22 alldeles
554 1036 139 28 berättigadt
709 1038 32 19 att
756 1036 47 21 tala
819 1043 36 14 om
872 1036 110 28 monopol,
995 1049 27 2 —

198 1065 114 28 nämligen
337 1067 29 27 pä
389 1066 37 21 det
449 1067 50 25 sätt,
523 1073 49 14 som
594 1066 42 21 här
659 1066 59 21 skett
734 1079 35 13 —,
786 1067 25 26 ty
827 1066 67 28 lagen
910 1069 66 25 säger
991 1067 33 20 att

198 1095 227 29 sakförareförening
441 1096 49 21 icke
506 1095 35 22 fär
556 1097 54 20 utan
627 1096 125 28 synnerligt
768 1095 48 22 skäl
832 1098 71 25 vägra
919 1095 43 22 den
973 1102 50 21 per-

199 1132 47 19 son,
263 1132 48 15 som
327 1125 64 28 eljest
407 1129 24 18 är
447 1126 136 28 kompetent,
601 1125 87 22 inträde
704 1126 8 20 i
728 1125 137 28 föreningen
881 1125 42 22 och
939 1125 83 26 vidare,

199 1156 32 20 att
248 1155 49 26 den,
315 1156 22 20 ät
353 1155 91 22 hvilken
459 1155 99 22 tillträde
573 1156 98 27 vägrats,
689 1158 24 18 är
728 1155 128 28 berättigad
873 1156 32 20 att
921 1154 103 23 deröfver

198 1185 70 28 klaga
286 1185 41 21 hos
342 1185 90 21 hofrätt.
464 1185 51 22 Men
532 1185 37 22 det
585 1188 25 18 är
626 1185 137 28 fullkomligt
778 1185 138 28 berättigadt
932 1186 32 20 att
979 1184 44 22 for-

199 1214 46 27 dra,
263 1216 32 19 att
311 1221 28 15 en
353 1222 87 21 person,
457 1215 91 22 hvilken
564 1215 122 28 uppträder
702 1215 50 21 med
769 1215 84 21 sädana
869 1215 95 28 anspräk
976 1221 47 15 som

199 1251 27 14 en
243 1243 122 28 sakförare,
382 1245 56 21 skall
454 1244 122 22 innehafva
586 1245 84 28 nödiga
681 1244 187 26 kvalifikationer,
880 1245 79 20 liksom
971 1251 53 14 man

198 1274 46 21 kan
261 1273 25 22 af
299 1274 49 27 den,
366 1281 47 15 som
429 1275 66 21 söker
511 1281 28 15 en
554 1275 75 27 tjenst,
649 1273 76 23 fordra
736 1276 33 19 att
779 1275 45 20 han
835 1274 56 21 skall
903 1273 121 22 innehafva

199 1303 133 29 kompetens
349 1304 79 21 dertill.
446 1317 26 3 —
489 1305 53 21 Man
558 1305 41 20 har
614 1303 103 23 betviflat
733 1305 32 20 att
782 1304 137 21 inrättandet
933 1303 25 22 af
973 1304 49 21 sak-

197 1333 212 29 förareföreningar
429 1335 30 27 pä
479 1334 72 28 grund
568 1333 25 22 af
606 1334 39 28 lag
660 1334 57 21 skall
732 1334 77 21 kunna
824 1333 70 22 verka
910 1333 37 22 för
963 1333 61 22 detta

197 1363 112 22 ändamäl.
341 1363 44 29 Jag
409 1364 110 21 erkänner
534 1363 38 22 för
587 1364 47 21 min
650 1364 36 21 del
702 1371 71 20 gerna
789 1365 32 20 att
837 1363 73 22 denna
926 1365 96 20 omstän-

198 1393 79 28 dighet
297 1393 122 28 ingalunda
435 1395 86 20 ensamt
537 1393 37 22 för
590 1393 35 28 sig
640 1393 45 22 kan
701 1393 69 22 verka
787 1393 43 22 det.
861 1393 52 22 Men
930 1393 37 22 det
982 1393 41 21 fin-

197 1429 40 15 nes
254 1423 30 21 all
300 1423 121 28 anledning
438 1425 32 20 att
485 1425 90 26 antaga,
592 1425 33 20 att
640 1422 266 29 sakförareföreningens
922 1423 42 21 och
974 1422 48 22 hof-

197 1454 86 20 rättens
305 1453 96 21 kontroll
425 1453 57 21 skall
504 1453 75 21 kunna
603 1452 77 23 utöfva
704 1454 75 27 någon
805 1453 108 21 inverkan
935 1453 7 20 i
962 1453 62 21 detta

197 1481 112 23 afseende.
