1109 1759
188 91 43 21 328
419 92 124 23 Pappissääty
556 92 86 19 Maalisk.
657 93 21 17 16
691 98 17 17 p.
723 94 46 17 1900

189 145 44 21 alla
257 146 106 21 områden
386 147 64 27 tagas
467 146 7 21 i
490 146 98 28 anspråk
611 146 45 22 alla
680 147 27 21 de
731 146 92 26 krafter,
848 153 47 14 som
916 149 39 19 äro
970 146 44 21 till-

188 175 115 29 gängliga.

261 211 78 22 Säsom
359 212 41 28 jag
422 213 70 21 redan
516 212 112 26 framhöll,
651 212 45 22 kan
718 213 41 28 jag
774 212 51 22 icke
841 212 8 21 i
865 212 82 22 minsta
962 213 52 21 män

189 240 78 22 befara
291 242 32 20 att
339 248 26 15 en
382 242 69 22 sådan
467 242 237 28 lagstiftningsätgärd
720 242 72 22 skulle
807 242 66 22 locka
889 242 125 22 kvinnorna

191 270 47 22 frän
255 271 64 21 deras
336 270 21 22 af
373 273 94 20 naturen
484 272 51 22 dem
551 272 64 28 gifna
630 271 97 29 uppgift,
743 274 56 19 utan
815 272 44 21 kan
876 272 43 21 den
936 272 78 21 endast

188 301 70 20 verka
282 301 84 21 derhän
382 303 32 20 att
430 302 103 21 enskilda
548 302 103 26 kvinnor,
668 302 77 21 hvilka
761 302 73 21 skulle
851 309 58 21 egna
925 302 35 28 sig
978 301 36 22 för

189 329 172 30 ifrägavarande
384 332 149 26 verksamhet,
558 331 71 22 skulle
653 331 76 22 kunna
752 331 72 22 blifva
840 332 110 21 använda.
981 331 32 28 Ty

189 360 36 21 det
249 360 72 22 finnes
342 361 25 28 ju
391 362 32 21 ett
446 362 91 27 mycket
561 361 75 22 enkelt
652 362 42 21 och
710 362 75 21 säkert
801 361 111 29 regulativ
928 361 39 22 för
982 362 32 21 att

188 390 50 21 icke
261 391 95 21 kvinnor
371 391 7 21 i
395 393 70 20 större
488 391 157 28 utsträckning
669 391 71 22 skulle
763 391 72 22 blifva
859 391 103 22 använda
985 392 29 27 pä

188 420 90 27 platser,
301 421 39 21 der
363 421 27 21 de
414 421 49 22 icke
486 421 76 29 lämpa
586 421 41 28 sig.
659 421 68 22 Detta
751 421 112 28 regulativ
879 421 74 28 ligger
967 421 47 21 helt

189 450 75 21 enkelt
280 451 47 21 deri
343 452 32 20 att
391 451 28 22 de
434 451 179 28 valberättigade
629 451 50 22 icke
695 452 60 27 välja
772 452 57 21 dem.
862 451 48 22 Och
927 458 34 15 om
983 452 31 20 ett

188 480 94 29 misstag
297 481 71 21 skulle
384 480 67 23 hafva
462 481 75 22 blifvit
548 481 121 28 begånget,
682 488 36 15 om
730 489 28 14 en
769 481 85 28 gvinna
864 481 72 22 skulle
946 480 68 22 hafva

188 509 75 22 blifvit
279 511 52 20 vald
346 511 34 21 till
397 512 31 21 ett
443 511 110 28 uppdrag,
569 511 87 22 hvilket
672 511 45 22 hon
733 511 78 22 visade
827 511 35 28 sig
878 511 50 22 icke
944 511 70 28 lämp-

188 539 33 28 lig
241 541 33 20 att
296 539 61 29 fylla,
382 541 119 28 äterväljes
524 541 45 22 hon
585 541 57 22 icke.
675 541 52 22 Men
743 548 82 21 genom
842 541 171 28 ifrägavarande

187 569 234 30 lagstiftningsätgärd
437 571 108 22 bereddes
562 570 93 23 tillfälle
666 572 33 21 att
709 571 106 28 begagna
826 571 27 21 de
864 570 91 27 krafter,
967 578 46 15 som

188 599 108 29 möjligen
312 600 75 22 kunna
402 600 79 22 finnas.
513 601 54 22 Som
583 601 78 28 sagdt:
676 601 41 28 jag
732 603 47 20 tror
795 601 50 21 icke
861 602 33 20 att
905 601 108 28 åtgärden

187 629 72 22 skulle
279 629 71 22 hafva
373 631 46 21 stor
441 631 116 28 betydelse
573 630 38 22 för
627 631 44 22 den
687 632 114 21 närmaste
817 630 127 27 framtiden,
962 637 51 15 men

187 666 53 15 man
256 659 45 22 kan
317 659 66 23 äfven
398 661 53 28 nöja
467 661 35 28 sig
517 661 53 21 med
586 668 27 15 en
630 661 56 22 liten
701 661 66 26 vinst,
786 661 39 21 der
841 668 51 14 man
909 661 50 21 icke
970 661 44 21 kan

188 691 56 20 ernä
260 691 59 20 stora
335 690 89 22 sädana.

259 731 44 29 Jag
326 735 25 18 är
369 731 63 23 öfver
453 732 85 22 hufvud
554 733 113 21 förvissad
683 740 37 14 om
737 734 32 20 att
785 739 53 14 man
854 733 7 21 i
878 732 136 29 angelägen-

187 761 70 27 heter,
274 762 83 21 sädana
373 769 48 15 som
437 763 74 21 denna
526 763 42 21 och
585 763 70 21 andra
672 763 118 26 likartade,
802 762 45 21 kan
858 762 40 21 lita
908 762 36 21 till
953 769 60 15 men-

186 791 88 22 niskors
290 791 105 29 förmäga
411 793 32 21 att
458 793 96 21 bedöma
571 792 166 27 förhällanden,
755 793 32 20 att
803 792 84 21 handla
898 792 62 22 klokt
972 792 42 22 och

187 821 194 29 ändamälsenligt,
406 821 67 23 äfven
497 822 39 22 der
557 822 28 22 de
601 822 50 22 icke
667 829 83 22 genom
766 822 39 29 lag
821 825 38 19 äro
876 821 138 29 förpliktade

187 851 55 22 eller
266 851 91 22 bundna
380 851 37 22 för
439 852 79 28 hvarje
543 853 56 28 steg,
616 859 48 14 som
681 852 27 22 de
725 852 64 22 skola
804 853 60 27 taga.
896 851 39 22 Att
951 852 62 21 kvin-

186 887 79 20 norna,
281 882 25 21 sä
321 883 61 20 snart
398 882 27 22 de
441 881 75 22 blifvit
532 882 142 29 berättigade
691 883 32 20 att
739 889 60 22 egna
815 882 35 28 sig
861 883 23 20 ät
895 883 32 20 ett
938 881 76 22 arbete

186 911 8 20 i
215 911 38 22 det
274 911 123 22 allmännas
420 912 74 27 tjenst,
511 912 72 22 skulle
598 912 76 21 lemna
690 912 35 21 sin
740 911 115 29 naturliga
870 911 95 29 uppgift,
982 914 30 23 är,

186 947 48 15 som
258 941 71 28 sagdt,
353 941 50 22 icke
425 943 32 20 att
472 943 74 20 vänta.
579 941 50 29 Nog
648 945 25 18 är
690 942 37 21 det
743 941 72 22 andra
831 941 42 22 och
889 941 124 28 mäktigare

186 970 92 27 krafter,
302 977 47 16 som
373 971 124 22 bestämma
512 971 107 22 kvinnors
636 972 42 21 och
694 974 105 19 männers
815 971 61 22 olika
891 971 122 22 arbetsom-

185 1000 72 22 räden
273 1003 27 19 än
317 1001 198 29 bestämningarna
532 1001 7 22 i
556 1009 27 14 en
600 1001 25 22 af
639 1008 35 15 oss
691 1001 77 22 stiftad
784 1001 44 28 lag.

258 1042 36 21 Då
308 1043 93 21 sålunda
418 1043 44 22 alla
478 1043 147 22 medlemmar
640 1044 8 21 i
664 1043 115 26 utskottet,
796 1043 52 21 med
864 1043 116 28 undantag
990 1042 26 21 af

186 1079 34 19 en,
238 1073 73 21 ansett
326 1074 32 20 att
377 1074 32 20 ett
419 1073 246 28 lagstiftningsarbete
656 1068 14 38 i
674 1073 75 22 denna
760 1073 102 27 riktning
873 1072 41 22 bör
924 1073 90 21 komma

186 1101 8 22 i
210 1101 72 29 fräga,
307 1109 27 15 en
353 1103 131 28 utveckling
507 1103 26 22 af
554 1102 174 23 förhällandena
751 1109 44 22 ega
812 1109 55 19 rum,
884 1101 77 29 frägar
974 1102 41 28 jag

185 1131 56 29 mig:
258 1135 25 18 är
299 1132 37 21 det
353 1132 29 21 dä
397 1133 88 28 möjligt
501 1134 32 20 att
549 1133 51 22 med
616 1132 41 22 full
668 1133 106 21 säkerhet
785 1133 30 26 pä
829 1131 97 22 förhand
936 1131 78 22 utreda

186 1161 42 22 och
252 1162 58 21 sluta
332 1162 35 28 sig
390 1162 41 27 till,
451 1163 77 21 hvilka
549 1162 26 22 af
587 1163 28 21 de
631 1162 146 22 kommunala
792 1162 132 28 uppdragen
940 1161 75 28 lämpa

186 1191 35 28 sig
236 1191 38 22 för
289 1192 102 26 kvinnor,
408 1193 77 21 hvilka
501 1193 50 21 icke
566 1195 56 26 göra
633 1193 44 26 det,
689 1193 33 20 att
731 1193 30 28 pä
772 1191 100 22 förhand
883 1191 132 22 skematiskt

185 1221 88 28 stadga,
289 1221 34 22 till
338 1221 77 22 hvilka
431 1221 26 22 af
470 1223 64 21 dessa
549 1222 104 29 uppdrag
668 1229 53 14 man
737 1221 58 22 skall
810 1221 73 22 tilläta
899 1223 33 20 att
950 1221 64 22 kvin-

185 1257 42 15 nor
238 1251 77 28 väljas,
323 1251 35 22 till
368 1251 78 22 hvilka
456 1252 65 21 icke?
545 1252 32 21 Är
593 1252 37 21 det
645 1252 50 21 icke
710 1252 59 21 både
785 1251 92 22 säkrare
888 1251 42 22 och
940 1251 74 21 bättre

185 1282 31 20 att
233 1281 76 22 lemna
325 1281 61 22 detta
401 1281 113 22 beroende
525 1283 30 27 på
565 1281 322 22 kommunalmedlemmarnas
898 1281 60 28 goda
968 1287 46 15 om-

184 1311 67 22 döme
263 1311 47 22 -och
326 1310 163 23 erfarenheten.
521 1311 76 22 Under
613 1312 86 21 sådana
715 1311 194 28 omständigheter
919 1311 46 21 kan
974 1311 40 28 jag

184 1340 52 22 icke
252 1341 91 22 komma
359 1341 34 21 till
409 1343 70 20 annat
493 1341 94 22 resultat
602 1344 29 19 än
648 1343 39 24 att,
704 1348 37 15 om
756 1342 77 27 någon
849 1339 163 30 lagstiftnings-

185 1371 82 28 åtgärd
290 1371 57 21 skall
369 1371 92 22 komma
476 1371 7 21 i
499 1370 71 29 fråga,
588 1371 130 22 densamma
733 1371 48 22 helt
798 1370 75 22 enkelt
888 1370 42 21 bör
946 1371 29 27 gå
990 1371 23 20 ut

185 1401 29 27 på
230 1401 34 20 att
280 1400 101 29 aflägsna
396 1401 38 22 det
450 1401 85 26 hinder,
553 1408 48 15 som
617 1400 133 27 förefinnes,
768 1401 33 20 att
814 1400 61 27 välja
885 1400 86 21 kvinna
980 1399 34 22 till

184 1430 145 21 kommunala
352 1431 109 28 uppdrag.
492 1431 45 28 Jag
560 1431 71 22 skulle
655 1430 81 22 derför
758 1431 56 20 utan
835 1431 32 20 att
890 1429 82 28 frångå
987 1429 27 22 de

184 1459 189 29 betänkligheter,
390 1466 48 15 som
452 1460 41 28 jag
507 1461 96 27 tidigare
620 1460 129 26 framhållit,
781 1463 69 18 förena
865 1459 48 28 mig
929 1466 36 14 om
980 1461 34 19 ut-

184 1489 95 22 skottets
295 1489 94 29 förslag.
