<?xml version="1.0" encoding="UTF-8"?>
<alto xmlns="http://www.loc.gov/standards/alto/ns-v3#" xmlns:xlink="http://www.w3.org/1999/xlink" xmlns:xsi="http://www.w3.org/2001/XMLSchema-instance" xsi:schemaLocation="http://www.loc.gov/standards/alto/ns-v3# http://www.loc.gov/alto/v3/alto-3-0.xsd">
	<Description>
		<MeasurementUnit>pixel</MeasurementUnit>
		<sourceImageInformation>
			<fileName>/tmp/tess_j52fhhh0_input.PNG</fileName>
		</sourceImageInformation>
		<OCRProcessing ID="OCR_0">
			<ocrProcessingStep>
				<processingSoftware>
					<softwareName>tesseract 5.3.4</softwareName>
				</processingSoftware>
			</ocrProcessingStep>
		</OCRProcessing>
	</Description>
	<Layout>
		<Page WIDTH="1100" HEIGHT="1795" PHYSICAL_IMG_NR="0" ID="page_0">
			<PrintSpace HPOS="0" VPOS="0" WIDTH="1100" HEIGHT="1795">
				<ComposedBlock ID="cblock_0" HPOS="197" VPOS="92" WIDTH="598" HEIGHT="23">
					<TextBlock ID="block_0" HPOS="197" VPOS="92" WIDTH="598" HEIGHT="23">
						<TextLine ID="line_0" HPOS="197" VPOS="92" WIDTH="598" HEIGHT="23">
							<String ID="string_0" HPOS="197" VPOS="93" WIDTH="28" HEIGHT="21" WC="0.96" CONTENT="82"/><SP WIDTH="199" VPOS="93" HPOS="225"/>
							<String ID="string_1" HPOS="424" VPOS="92" WIDTH="126" HEIGHT="23" WC="0.90" CONTENT="Pappissääty"/><SP WIDTH="12" VPOS="92" HPOS="550"/>
							<String ID="string_2" HPOS="562" VPOS="92" WIDTH="82" HEIGHT="19" WC="0.90" CONTENT="Helmik."/><SP WIDTH="14" VPOS="92" HPOS="644"/>
							<String ID="string_3" HPOS="658" VPOS="93" WIDTH="22" HEIGHT="17" WC="0.92" CONTENT="10"/><SP WIDTH="12" VPOS="93" HPOS="680"/>
							<String ID="string_4" HPOS="692" VPOS="94" WIDTH="43" HEIGHT="21" WC="0.90" CONTENT="p:nä"/><SP WIDTH="14" VPOS="94" HPOS="735"/>
							<String ID="string_5" HPOS="749" VPOS="93" WIDTH="46" HEIGHT="18" WC="0.96" CONTENT="1900"/>
						</TextLine>
					</TextBlock>
				</ComposedBlock>
				<ComposedBlock ID="cblock_1" HPOS="190" VPOS="146" WIDTH="838" HEIGHT="1372">
					<TextBlock ID="block_1" HPOS="196" VPOS="146" WIDTH="831" HEIGHT="112">
						<TextLine ID="line_1" HPOS="196" VPOS="146" WIDTH="831" HEIGHT="29">
							<String ID="string_6" HPOS="196" VPOS="146" WIDTH="114" HEIGHT="22" WC="0.96" CONTENT="sannolikt"/><SP WIDTH="15" VPOS="146" HPOS="310"/>
							<String ID="string_7" HPOS="325" VPOS="149" WIDTH="31" HEIGHT="24" WC="0.96" CONTENT="är,"/><SP WIDTH="17" VPOS="149" HPOS="356"/>
							<String ID="string_8" HPOS="373" VPOS="148" WIDTH="33" HEIGHT="20" WC="0.93" CONTENT="att"/><SP WIDTH="16" VPOS="148" HPOS="406"/>
							<String ID="string_9" HPOS="422" VPOS="147" WIDTH="172" HEIGHT="22" WC="0.91" CONTENT="sabbatsbudets"/><SP WIDTH="15" VPOS="147" HPOS="594"/>
							<String ID="string_10" HPOS="609" VPOS="147" WIDTH="152" HEIGHT="22" WC="0.91" CONTENT="missaktande"/><SP WIDTH="16" VPOS="147" HPOS="761"/>
							<String ID="string_11" HPOS="777" VPOS="147" WIDTH="67" HEIGHT="28" WC="0.96" CONTENT="utgör"/><SP WIDTH="15" VPOS="147" HPOS="844"/>
							<String ID="string_12" HPOS="859" VPOS="153" WIDTH="29" HEIGHT="15" WC="0.96" CONTENT="en"/><SP WIDTH="14" VPOS="153" HPOS="888"/>
							<String ID="string_13" HPOS="902" VPOS="146" WIDTH="70" HEIGHT="22" WC="0.93" CONTENT="bland"/><SP WIDTH="16" VPOS="146" HPOS="972"/>
							<String ID="string_14" HPOS="988" VPOS="153" WIDTH="39" HEIGHT="14" WC="0.92" CONTENT="an-"/>
						</TextLine>
						<TextLine ID="line_2" HPOS="196" VPOS="175" WIDTH="831" HEIGHT="30">
							<String ID="string_15" HPOS="196" VPOS="177" WIDTH="149" HEIGHT="28" WC="0.96" CONTENT="ledningarna"/><SP WIDTH="19" VPOS="177" HPOS="345"/>
							<String ID="string_16" HPOS="364" VPOS="177" WIDTH="34" HEIGHT="21" WC="0.94" CONTENT="till"/><SP WIDTH="17" VPOS="177" HPOS="398"/>
							<String ID="string_17" HPOS="415" VPOS="177" WIDTH="27" HEIGHT="21" WC="0.93" CONTENT="de"/><SP WIDTH="12" VPOS="177" HPOS="442"/>
							<String ID="string_18" HPOS="454" VPOS="177" WIDTH="137" HEIGHT="28" WC="0.92" CONTENT="beklagliga,"/><SP WIDTH="11" VPOS="177" HPOS="591"/>
							<String ID="string_19" HPOS="602" VPOS="178" WIDTH="48" HEIGHT="20" WC="0.96" CONTENT="mot"/><SP WIDTH="8" VPOS="178" HPOS="650"/>
							<String ID="string_20" HPOS="658" VPOS="177" WIDTH="30" HEIGHT="21" WC="0.96" CONTENT="all"/><SP WIDTH="8" VPOS="177" HPOS="688"/>
							<String ID="string_21" HPOS="696" VPOS="176" WIDTH="205" HEIGHT="29" WC="0.93" CONTENT="samhällsordning"/><SP WIDTH="7" VPOS="176" HPOS="901"/>
							<String ID="string_22" HPOS="908" VPOS="175" WIDTH="119" HEIGHT="29" WC="0.90" CONTENT="fiendtliga"/>
						</TextLine>
						<TextLine ID="line_3" HPOS="196" VPOS="206" WIDTH="830" HEIGHT="29">
							<String ID="string_23" HPOS="196" VPOS="206" WIDTH="188" HEIGHT="29" WC="0.92" CONTENT="missriktningar,"/><SP WIDTH="17" VPOS="206" HPOS="384"/>
							<String ID="string_24" HPOS="401" VPOS="213" WIDTH="48" HEIGHT="15" WC="0.96" CONTENT="som"/><SP WIDTH="15" VPOS="213" HPOS="449"/>
							<String ID="string_25" HPOS="464" VPOS="207" WIDTH="72" HEIGHT="21" WC="0.96" CONTENT="under"/><SP WIDTH="16" VPOS="207" HPOS="536"/>
							<String ID="string_26" HPOS="552" VPOS="213" WIDTH="79" HEIGHT="16" WC="0.96" CONTENT="senare"/><SP WIDTH="15" VPOS="213" HPOS="631"/>
							<String ID="string_27" HPOS="646" VPOS="207" WIDTH="58" HEIGHT="22" WC="0.93" CONTENT="tider"/><SP WIDTH="16" VPOS="207" HPOS="704"/>
							<String ID="string_28" HPOS="720" VPOS="206" WIDTH="119" HEIGHT="22" WC="0.90" CONTENT="framträdt"/><SP WIDTH="14" VPOS="206" HPOS="839"/>
							<String ID="string_29" HPOS="853" VPOS="206" WIDTH="70" HEIGHT="21" WC="0.96" CONTENT="bland"/><SP WIDTH="12" VPOS="206" HPOS="923"/>
							<String ID="string_30" HPOS="935" VPOS="206" WIDTH="27" HEIGHT="22" WC="0.93" CONTENT="de"/><SP WIDTH="14" VPOS="206" HPOS="962"/>
							<String ID="string_31" HPOS="976" VPOS="213" WIDTH="16" HEIGHT="14" WC="0.91" CONTENT="s."/><SP WIDTH="11" VPOS="213" HPOS="992"/>
							<String ID="string_32" HPOS="1003" VPOS="206" WIDTH="23" HEIGHT="21" WC="0.91" CONTENT="k."/>
						</TextLine>
						<TextLine ID="line_4" HPOS="198" VPOS="236" WIDTH="262" HEIGHT="22">
							<String ID="string_33" HPOS="198" VPOS="236" WIDTH="123" HEIGHT="22" WC="0.96" CONTENT="arbetande"/><SP WIDTH="15" VPOS="236" HPOS="321"/>
							<String ID="string_34" HPOS="336" VPOS="236" WIDTH="124" HEIGHT="22" WC="0.96" CONTENT="klasserna."/>
						</TextLine>
					</TextBlock>
					<TextBlock ID="block_2" HPOS="195" VPOS="265" WIDTH="832" HEIGHT="388">
						<TextLine ID="line_5" HPOS="269" VPOS="265" WIDTH="758" HEIGHT="30">
							<String ID="string_35" HPOS="269" VPOS="265" WIDTH="39" HEIGHT="22" WC="0.96" CONTENT="Att"/><SP WIDTH="21" VPOS="265" HPOS="308"/>
							<String ID="string_36" HPOS="329" VPOS="266" WIDTH="42" HEIGHT="21" WC="0.96" CONTENT="här"/><SP WIDTH="23" VPOS="266" HPOS="371"/>
							<String ID="string_37" HPOS="394" VPOS="266" WIDTH="50" HEIGHT="22" WC="0.96" CONTENT="icke"/><SP WIDTH="24" VPOS="266" HPOS="444"/>
							<String ID="string_38" HPOS="468" VPOS="266" WIDTH="40" HEIGHT="22" WC="0.95" CONTENT="alls"/><SP WIDTH="25" VPOS="266" HPOS="508"/>
							<String ID="string_39" HPOS="533" VPOS="269" WIDTH="25" HEIGHT="19" WC="0.96" CONTENT="är"/><SP WIDTH="22" VPOS="269" HPOS="558"/>
							<String ID="string_40" HPOS="580" VPOS="266" WIDTH="66" HEIGHT="29" WC="0.96" CONTENT="fråga"/><SP WIDTH="23" VPOS="266" HPOS="646"/>
							<String ID="string_41" HPOS="669" VPOS="273" WIDTH="36" HEIGHT="15" WC="0.95" CONTENT="om"/><SP WIDTH="17" VPOS="273" HPOS="705"/>
							<String ID="string_42" HPOS="722" VPOS="268" WIDTH="31" HEIGHT="21" WC="0.96" CONTENT="ett"/><SP WIDTH="16" VPOS="268" HPOS="753"/>
							<String ID="string_43" HPOS="769" VPOS="273" WIDTH="83" HEIGHT="22" WC="0.96" CONTENT="genom"/><SP WIDTH="15" VPOS="273" HPOS="852"/>
							<String ID="string_44" HPOS="867" VPOS="267" WIDTH="60" HEIGHT="27" WC="0.95" CONTENT="yttre"/><SP WIDTH="15" VPOS="267" HPOS="927"/>
							<String ID="string_45" HPOS="942" VPOS="265" WIDTH="85" HEIGHT="29" WC="0.95" CONTENT="lagbud"/>
						</TextLine>
						<TextLine ID="line_6" HPOS="198" VPOS="295" WIDTH="828" HEIGHT="30">
							<String ID="string_46" HPOS="198" VPOS="296" WIDTH="164" HEIGHT="21" WC="0.89" CONTENT="åstadkommet"/><SP WIDTH="15" VPOS="296" HPOS="362"/>
							<String ID="string_47" HPOS="377" VPOS="296" WIDTH="113" HEIGHT="29" WC="0.92" CONTENT="helgande"/><SP WIDTH="16" VPOS="296" HPOS="490"/>
							<String ID="string_48" HPOS="506" VPOS="295" WIDTH="26" HEIGHT="22" WC="0.96" CONTENT="af"/><SP WIDTH="12" VPOS="295" HPOS="532"/>
							<String ID="string_49" HPOS="544" VPOS="297" WIDTH="76" HEIGHT="28" WC="0.96" CONTENT="någon"/><SP WIDTH="16" VPOS="297" HPOS="620"/>
							<String ID="string_50" HPOS="636" VPOS="296" WIDTH="46" HEIGHT="22" WC="0.96" CONTENT="viss"/><SP WIDTH="16" VPOS="296" HPOS="682"/>
							<String ID="string_51" HPOS="698" VPOS="297" WIDTH="45" HEIGHT="28" WC="0.96" CONTENT="dag"/><SP WIDTH="15" VPOS="297" HPOS="743"/>
							<String ID="string_52" HPOS="758" VPOS="297" WIDTH="8" HEIGHT="20" WC="0.96" CONTENT="i"/><SP WIDTH="15" VPOS="297" HPOS="766"/>
							<String ID="string_53" HPOS="781" VPOS="296" WIDTH="88" HEIGHT="22" WC="0.96" CONTENT="veckan"/><SP WIDTH="11" VPOS="296" HPOS="869"/>
							<String ID="string_54" HPOS="880" VPOS="296" WIDTH="64" HEIGHT="21" WC="0.96" CONTENT="torde"/><SP WIDTH="10" VPOS="296" HPOS="944"/>
							<String ID="string_55" HPOS="954" VPOS="295" WIDTH="21" HEIGHT="28" WC="0.93" CONTENT="ej"/><SP WIDTH="12" VPOS="295" HPOS="975"/>
							<String ID="string_56" HPOS="987" VPOS="295" WIDTH="39" HEIGHT="22" WC="0.93" CONTENT="be-"/>
						</TextLine>
						<TextLine ID="line_7" HPOS="196" VPOS="325" WIDTH="830" HEIGHT="29">
							<String ID="string_57" HPOS="196" VPOS="325" WIDTH="69" HEIGHT="22" WC="0.92" CONTENT="höfva"/><SP WIDTH="16" VPOS="325" HPOS="265"/>
							<String ID="string_58" HPOS="281" VPOS="326" WIDTH="104" HEIGHT="21" WC="0.96" CONTENT="särskildt"/><SP WIDTH="15" VPOS="326" HPOS="385"/>
							<String ID="string_59" HPOS="400" VPOS="326" WIDTH="104" HEIGHT="27" WC="0.96" CONTENT="betonas;"/><SP WIDTH="17" VPOS="326" HPOS="504"/>
							<String ID="string_60" HPOS="521" VPOS="326" WIDTH="22" HEIGHT="22" WC="0.96" CONTENT="vi"/><SP WIDTH="16" VPOS="326" HPOS="543"/>
							<String ID="string_61" HPOS="559" VPOS="327" WIDTH="53" HEIGHT="21" WC="0.96" CONTENT="veta"/><SP WIDTH="16" VPOS="327" HPOS="612"/>
							<String ID="string_62" HPOS="628" VPOS="327" WIDTH="32" HEIGHT="20" WC="0.96" CONTENT="att"/><SP WIDTH="15" VPOS="327" HPOS="660"/>
							<String ID="string_63" HPOS="675" VPOS="327" WIDTH="110" HEIGHT="21" WC="0.96" CONTENT="sabbaten"/><SP WIDTH="16" VPOS="327" HPOS="785"/>
							<String ID="string_64" HPOS="801" VPOS="329" WIDTH="26" HEIGHT="18" WC="0.96" CONTENT="är"/><SP WIDTH="15" VPOS="329" HPOS="827"/>
							<String ID="string_65" HPOS="842" VPOS="326" WIDTH="65" HEIGHT="28" WC="0.96" CONTENT="gjord"/><SP WIDTH="11" VPOS="326" HPOS="907"/>
							<String ID="string_66" HPOS="918" VPOS="325" WIDTH="36" HEIGHT="22" WC="0.93" CONTENT="för"/><SP WIDTH="10" VPOS="325" HPOS="954"/>
							<String ID="string_67" HPOS="964" VPOS="332" WIDTH="62" HEIGHT="15" WC="0.91" CONTENT="men-"/>
						</TextLine>
						<TextLine ID="line_8" HPOS="196" VPOS="355" WIDTH="831" HEIGHT="29">
							<String ID="string_68" HPOS="196" VPOS="355" WIDTH="93" HEIGHT="22" WC="0.92" CONTENT="niskans"/><SP WIDTH="21" VPOS="355" HPOS="289"/>
							<String ID="string_69" HPOS="310" VPOS="356" WIDTH="64" HEIGHT="26" WC="0.96" CONTENT="skull,"/><SP WIDTH="25" VPOS="356" HPOS="374"/>
							<String ID="string_70" HPOS="399" VPOS="356" WIDTH="50" HEIGHT="21" WC="0.93" CONTENT="icke"/><SP WIDTH="23" VPOS="356" HPOS="449"/>
							<String ID="string_71" HPOS="472" VPOS="356" WIDTH="133" HEIGHT="22" WC="0.92" CONTENT="menniskan"/><SP WIDTH="23" VPOS="356" HPOS="605"/>
							<String ID="string_72" HPOS="628" VPOS="355" WIDTH="36" HEIGHT="23" WC="0.93" CONTENT="för"/><SP WIDTH="20" VPOS="355" HPOS="664"/>
							<String ID="string_73" HPOS="684" VPOS="356" WIDTH="127" HEIGHT="22" WC="0.92" CONTENT="sabbatens."/><SP WIDTH="32" VPOS="356" HPOS="811"/>
							<String ID="string_74" HPOS="843" VPOS="356" WIDTH="53" HEIGHT="21" WC="0.95" CONTENT="Men"/><SP WIDTH="15" VPOS="356" HPOS="896"/>
							<String ID="string_75" HPOS="911" VPOS="356" WIDTH="116" HEIGHT="28" WC="0.96" CONTENT="gentemot"/>
						</TextLine>
						<TextLine ID="line_9" HPOS="197" VPOS="385" WIDTH="829" HEIGHT="30">
							<String ID="string_76" HPOS="197" VPOS="385" WIDTH="58" HEIGHT="27" WC="0.96" CONTENT="dem,"/><SP WIDTH="17" VPOS="385" HPOS="255"/>
							<String ID="string_77" HPOS="272" VPOS="392" WIDTH="48" HEIGHT="15" WC="0.96" CONTENT="som"/><SP WIDTH="23" VPOS="392" HPOS="320"/>
							<String ID="string_78" HPOS="343" VPOS="385" WIDTH="7" HEIGHT="22" WC="0.96" CONTENT="i"/><SP WIDTH="24" VPOS="385" HPOS="350"/>
							<String ID="string_79" HPOS="374" VPOS="385" WIDTH="82" HEIGHT="22" WC="0.96" CONTENT="förbud"/><SP WIDTH="21" VPOS="385" HPOS="456"/>
							<String ID="string_80" HPOS="477" VPOS="387" WIDTH="47" HEIGHT="20" WC="0.94" CONTENT="mot"/><SP WIDTH="19" VPOS="387" HPOS="524"/>
							<String ID="string_81" HPOS="543" VPOS="386" WIDTH="77" HEIGHT="22" WC="0.96" CONTENT="arbete"/><SP WIDTH="18" VPOS="386" HPOS="620"/>
							<String ID="string_82" HPOS="638" VPOS="387" WIDTH="30" HEIGHT="27" WC="0.96" CONTENT="på"/><SP WIDTH="15" VPOS="387" HPOS="668"/>
							<String ID="string_83" HPOS="683" VPOS="386" WIDTH="87" HEIGHT="29" WC="0.96" CONTENT="söndag"/><SP WIDTH="15" VPOS="386" HPOS="770"/>
							<String ID="string_84" HPOS="785" VPOS="393" WIDTH="24" HEIGHT="14" WC="0.96" CONTENT="se"/><SP WIDTH="16" VPOS="393" HPOS="809"/>
							<String ID="string_85" HPOS="825" VPOS="386" WIDTH="79" HEIGHT="22" WC="0.96" CONTENT="endast"/><SP WIDTH="16" VPOS="386" HPOS="904"/>
							<String ID="string_86" HPOS="920" VPOS="392" WIDTH="28" HEIGHT="15" WC="0.93" CONTENT="en"/><SP WIDTH="16" VPOS="392" HPOS="948"/>
							<String ID="string_87" HPOS="964" VPOS="392" WIDTH="62" HEIGHT="21" WC="0.93" CONTENT="gam-"/>
						</TextLine>
						<TextLine ID="line_10" HPOS="196" VPOS="415" WIDTH="830" HEIGHT="29">
							<String ID="string_88" HPOS="196" VPOS="415" WIDTH="200" HEIGHT="29" WC="0.92" CONTENT="maltestamentlig"/><SP WIDTH="14" VPOS="415" HPOS="396"/>
							<String ID="string_89" HPOS="410" VPOS="416" WIDTH="103" HEIGHT="28" WC="0.96" CONTENT="ordning,"/><SP WIDTH="17" VPOS="416" HPOS="513"/>
							<String ID="string_90" HPOS="530" VPOS="416" WIDTH="134" HEIGHT="21" WC="0.96" CONTENT="tillhörande"/><SP WIDTH="16" VPOS="416" HPOS="664"/>
							<String ID="string_91" HPOS="680" VPOS="423" WIDTH="28" HEIGHT="14" WC="0.93" CONTENT="en"/><SP WIDTH="16" VPOS="423" HPOS="708"/>
							<String ID="string_92" HPOS="724" VPOS="415" WIDTH="155" HEIGHT="23" WC="0.92" CONTENT="öfvervunnen"/><SP WIDTH="11" VPOS="415" HPOS="879"/>
							<String ID="string_93" HPOS="890" VPOS="415" WIDTH="136" HEIGHT="28" WC="0.96" CONTENT="ståndpunkt"/>
						</TextLine>
						<TextLine ID="line_11" HPOS="197" VPOS="444" WIDTH="830" HEIGHT="29">
							<String ID="string_94" HPOS="197" VPOS="445" WIDTH="42" HEIGHT="21" WC="0.96" CONTENT="och"/><SP WIDTH="17" VPOS="445" HPOS="239"/>
							<String ID="string_95" HPOS="256" VPOS="444" WIDTH="78" HEIGHT="23" WC="0.95" CONTENT="derför"/><SP WIDTH="16" VPOS="444" HPOS="334"/>
							<String ID="string_96" HPOS="350" VPOS="445" WIDTH="92" HEIGHT="22" WC="0.93" CONTENT="alldeles"/><SP WIDTH="17" VPOS="445" HPOS="442"/>
							<String ID="string_97" HPOS="459" VPOS="446" WIDTH="197" HEIGHT="27" WC="0.92" CONTENT="ändamålsvidrig,"/><SP WIDTH="17" VPOS="446" HPOS="656"/>
							<String ID="string_98" HPOS="673" VPOS="447" WIDTH="37" HEIGHT="20" WC="0.96" CONTENT="må"/><SP WIDTH="16" VPOS="447" HPOS="710"/>
							<String ID="string_99" HPOS="726" VPOS="446" WIDTH="44" HEIGHT="21" WC="0.93" CONTENT="den"/><SP WIDTH="15" VPOS="446" HPOS="770"/>
							<String ID="string_100" HPOS="785" VPOS="452" WIDTH="117" HEIGHT="21" WC="0.90" CONTENT="gensagan"/><SP WIDTH="11" VPOS="452" HPOS="902"/>
							<String ID="string_101" HPOS="913" VPOS="445" WIDTH="41" HEIGHT="21" WC="0.96" CONTENT="här"/><SP WIDTH="10" VPOS="445" HPOS="954"/>
							<String ID="string_102" HPOS="964" VPOS="444" WIDTH="63" HEIGHT="21" WC="0.96" CONTENT="finna"/>
						</TextLine>
						<TextLine ID="line_12" HPOS="196" VPOS="474" WIDTH="830" HEIGHT="29">
							<String ID="string_103" HPOS="196" VPOS="474" WIDTH="66" HEIGHT="29" WC="0.96" CONTENT="plats,"/><SP WIDTH="17" VPOS="474" HPOS="262"/>
							<String ID="string_104" HPOS="279" VPOS="475" WIDTH="32" HEIGHT="21" WC="0.96" CONTENT="att"/><SP WIDTH="16" VPOS="475" HPOS="311"/>
							<String ID="string_105" HPOS="327" VPOS="475" WIDTH="44" HEIGHT="21" WC="0.96" CONTENT="den"/><SP WIDTH="17" VPOS="475" HPOS="371"/>
							<String ID="string_106" HPOS="388" VPOS="475" WIDTH="98" HEIGHT="28" WC="0.93" CONTENT="dyrbara"/><SP WIDTH="15" VPOS="475" HPOS="486"/>
							<String ID="string_107" HPOS="501" VPOS="474" WIDTH="95" HEIGHT="28" WC="0.92" CONTENT="förmon,"/><SP WIDTH="17" VPOS="474" HPOS="596"/>
							<String ID="string_108" HPOS="613" VPOS="476" WIDTH="121" HEIGHT="21" WC="0.96" CONTENT="samvetets"/><SP WIDTH="19" VPOS="476" HPOS="734"/>
							<String ID="string_109" HPOS="753" VPOS="474" WIDTH="68" HEIGHT="23" WC="0.96" CONTENT="frihet"/><SP WIDTH="15" VPOS="474" HPOS="821"/>
							<String ID="string_110" HPOS="836" VPOS="474" WIDTH="51" HEIGHT="22" WC="0.96" CONTENT="från"/><SP WIDTH="10" VPOS="474" HPOS="887"/>
							<String ID="string_111" HPOS="897" VPOS="476" WIDTH="59" HEIGHT="27" WC="0.93" CONTENT="yttre"/><SP WIDTH="11" VPOS="476" HPOS="956"/>
							<String ID="string_112" HPOS="967" VPOS="474" WIDTH="59" HEIGHT="22" WC="0.92" CONTENT="tvin-"/>
						</TextLine>
						<TextLine ID="line_13" HPOS="196" VPOS="504" WIDTH="830" HEIGHT="29">
							<String ID="string_113" HPOS="196" VPOS="505" WIDTH="75" HEIGHT="28" WC="0.96" CONTENT="gande"/><SP WIDTH="15" VPOS="505" HPOS="271"/>
							<String ID="string_114" HPOS="286" VPOS="505" WIDTH="51" HEIGHT="26" WC="0.95" CONTENT="bud,"/><SP WIDTH="17" VPOS="505" HPOS="337"/>
							<String ID="string_115" HPOS="354" VPOS="511" WIDTH="49" HEIGHT="15" WC="0.93" CONTENT="som"/><SP WIDTH="15" VPOS="511" HPOS="403"/>
							<String ID="string_116" HPOS="418" VPOS="504" WIDTH="137" HEIGHT="23" WC="0.91" CONTENT="förvärfvats"/><SP WIDTH="15" VPOS="504" HPOS="555"/>
							<String ID="string_117" HPOS="570" VPOS="506" WIDTH="24" HEIGHT="21" WC="0.96" CONTENT="åt"/><SP WIDTH="16" VPOS="506" HPOS="594"/>
							<String ID="string_118" HPOS="610" VPOS="505" WIDTH="37" HEIGHT="22" WC="0.96" CONTENT="det"/><SP WIDTH="15" VPOS="505" HPOS="647"/>
							<String ID="string_119" HPOS="662" VPOS="512" WIDTH="46" HEIGHT="21" WC="0.96" CONTENT="nya"/><SP WIDTH="15" VPOS="512" HPOS="708"/>
							<String ID="string_120" HPOS="723" VPOS="504" WIDTH="133" HEIGHT="23" WC="0.96" CONTENT="förbundets"/><SP WIDTH="16" VPOS="504" HPOS="856"/>
							<String ID="string_121" HPOS="872" VPOS="504" WIDTH="154" HEIGHT="27" WC="0.96" CONTENT="medlemmar,"/>
						</TextLine>
						<TextLine ID="line_14" HPOS="196" VPOS="533" WIDTH="830" HEIGHT="30">
							<String ID="string_122" HPOS="196" VPOS="534" WIDTH="50" HEIGHT="22" WC="0.96" CONTENT="icke"/><SP WIDTH="16" VPOS="534" HPOS="246"/>
							<String ID="string_123" HPOS="262" VPOS="533" WIDTH="72" HEIGHT="23" WC="0.95" CONTENT="finnes"/><SP WIDTH="16" VPOS="533" HPOS="334"/>
							<String ID="string_124" HPOS="350" VPOS="535" WIDTH="35" HEIGHT="21" WC="0.96" CONTENT="till"/><SP WIDTH="15" VPOS="535" HPOS="385"/>
							<String ID="string_125" HPOS="400" VPOS="534" WIDTH="36" HEIGHT="23" WC="0.96" CONTENT="för"/><SP WIDTH="16" VPOS="534" HPOS="436"/>
							<String ID="string_126" HPOS="452" VPOS="536" WIDTH="33" HEIGHT="20" WC="0.93" CONTENT="att"/><SP WIDTH="15" VPOS="536" HPOS="485"/>
							<String ID="string_127" HPOS="500" VPOS="535" WIDTH="106" HEIGHT="28" WC="0.90" CONTENT="upplossa"/><SP WIDTH="14" VPOS="535" HPOS="606"/>
							<String ID="string_128" HPOS="620" VPOS="535" WIDTH="61" HEIGHT="22" WC="0.96" CONTENT="hvad"/><SP WIDTH="15" VPOS="535" HPOS="681"/>
							<String ID="string_129" HPOS="696" VPOS="542" WIDTH="49" HEIGHT="15" WC="0.96" CONTENT="som"/><SP WIDTH="16" VPOS="542" HPOS="745"/>
							<String ID="string_130" HPOS="761" VPOS="538" WIDTH="25" HEIGHT="18" WC="0.96" CONTENT="är"/><SP WIDTH="15" VPOS="538" HPOS="786"/>
							<String ID="string_131" HPOS="801" VPOS="535" WIDTH="117" HEIGHT="28" WC="0.94" CONTENT="gudomlig"/><SP WIDTH="11" VPOS="535" HPOS="918"/>
							<String ID="string_132" HPOS="929" VPOS="534" WIDTH="97" HEIGHT="28" WC="0.96" CONTENT="ordning"/>
						</TextLine>
						<TextLine ID="line_15" HPOS="196" VPOS="563" WIDTH="829" HEIGHT="30">
							<String ID="string_133" HPOS="196" VPOS="564" WIDTH="55" HEIGHT="22" WC="0.96" CONTENT="eller"/><SP WIDTH="16" VPOS="564" HPOS="251"/>
							<String ID="string_134" HPOS="267" VPOS="563" WIDTH="36" HEIGHT="23" WC="0.96" CONTENT="för"/><SP WIDTH="15" VPOS="563" HPOS="303"/>
							<String ID="string_135" HPOS="318" VPOS="565" WIDTH="32" HEIGHT="20" WC="0.93" CONTENT="att"/><SP WIDTH="15" VPOS="565" HPOS="350"/>
							<String ID="string_136" HPOS="365" VPOS="565" WIDTH="91" HEIGHT="28" WC="0.91" CONTENT="lössäga"/><SP WIDTH="16" VPOS="565" HPOS="456"/>
							<String ID="string_137" HPOS="472" VPOS="565" WIDTH="37" HEIGHT="21" WC="0.96" CONTENT="det"/><SP WIDTH="15" VPOS="565" HPOS="509"/>
							<String ID="string_138" HPOS="524" VPOS="565" WIDTH="130" HEIGHT="28" WC="0.96" CONTENT="borgerliga"/><SP WIDTH="16" VPOS="565" HPOS="654"/>
							<String ID="string_139" HPOS="670" VPOS="565" WIDTH="119" HEIGHT="22" WC="0.96" CONTENT="samhället"/><SP WIDTH="13" VPOS="565" HPOS="789"/>
							<String ID="string_140" HPOS="802" VPOS="564" WIDTH="50" HEIGHT="22" WC="0.96" CONTENT="från"/><SP WIDTH="11" VPOS="564" HPOS="852"/>
							<String ID="string_141" HPOS="863" VPOS="563" WIDTH="118" HEIGHT="30" WC="0.96" CONTENT="uppgiften"/><SP WIDTH="11" VPOS="563" HPOS="981"/>
							<String ID="string_142" HPOS="992" VPOS="565" WIDTH="33" HEIGHT="20" WC="0.96" CONTENT="att"/>
						</TextLine>
						<TextLine ID="line_16" HPOS="195" VPOS="593" WIDTH="831" HEIGHT="30">
							<String ID="string_143" HPOS="195" VPOS="595" WIDTH="71" HEIGHT="21" WC="0.96" CONTENT="verka"/><SP WIDTH="23" VPOS="595" HPOS="266"/>
							<String ID="string_144" HPOS="289" VPOS="593" WIDTH="33" HEIGHT="22" WC="0.96" CONTENT="för"/><SP WIDTH="25" VPOS="593" HPOS="322"/>
							<String ID="string_145" HPOS="347" VPOS="595" WIDTH="75" HEIGHT="21" WC="0.96" CONTENT="denna"/><SP WIDTH="20" VPOS="595" HPOS="422"/>
							<String ID="string_146" HPOS="442" VPOS="595" WIDTH="98" HEIGHT="28" WC="0.93" CONTENT="ordning"/><SP WIDTH="24" VPOS="595" HPOS="540"/>
							<String ID="string_147" HPOS="564" VPOS="608" WIDTH="27" HEIGHT="3" WC="0.91" CONTENT="—"/><SP WIDTH="17" VPOS="608" HPOS="591"/>
							<String ID="string_148" HPOS="608" VPOS="595" WIDTH="73" HEIGHT="22" WC="0.92" CONTENT="sävidt"/><SP WIDTH="16" VPOS="595" HPOS="681"/>
							<String ID="string_149" HPOS="697" VPOS="595" WIDTH="38" HEIGHT="22" WC="0.96" CONTENT="det"/><SP WIDTH="15" VPOS="595" HPOS="735"/>
							<String ID="string_150" HPOS="750" VPOS="595" WIDTH="130" HEIGHT="28" WC="0.96" CONTENT="borgerliga"/><SP WIDTH="16" VPOS="595" HPOS="880"/>
							<String ID="string_151" HPOS="896" VPOS="594" WIDTH="130" HEIGHT="22" WC="0.96" CONTENT="samhällets"/>
						</TextLine>
						<TextLine ID="line_17" HPOS="196" VPOS="624" WIDTH="296" HEIGHT="29">
							<String ID="string_152" HPOS="196" VPOS="624" WIDTH="74" HEIGHT="21" WC="0.87" CONTENT="medel"/><SP WIDTH="17" VPOS="624" HPOS="270"/>
							<String ID="string_153" HPOS="287" VPOS="624" WIDTH="72" HEIGHT="21" WC="0.92" CONTENT="dertill"/><SP WIDTH="17" VPOS="624" HPOS="359"/>
							<String ID="string_154" HPOS="376" VPOS="631" WIDTH="59" HEIGHT="22" WC="0.96" CONTENT="egna"/><SP WIDTH="15" VPOS="631" HPOS="435"/>
							<String ID="string_155" HPOS="450" VPOS="625" WIDTH="42" HEIGHT="28" WC="0.96" CONTENT="sig."/>
						</TextLine>
					</TextBlock>
					<TextBlock ID="block_3" HPOS="194" VPOS="653" WIDTH="834" HEIGHT="269">
						<TextLine ID="line_18" HPOS="268" VPOS="653" WIDTH="760" HEIGHT="30">
							<String ID="string_156" HPOS="268" VPOS="654" WIDTH="51" HEIGHT="21" WC="0.96" CONTENT="Kan"/><SP WIDTH="16" VPOS="654" HPOS="319"/>
							<String ID="string_157" HPOS="335" VPOS="654" WIDTH="38" HEIGHT="22" WC="0.96" CONTENT="det"/><SP WIDTH="15" VPOS="654" HPOS="373"/>
							<String ID="string_158" HPOS="388" VPOS="661" WIDTH="30" HEIGHT="14" WC="0.95" CONTENT="nu"/><SP WIDTH="16" VPOS="661" HPOS="418"/>
							<String ID="string_159" HPOS="434" VPOS="661" WIDTH="64" HEIGHT="15" WC="0.93" CONTENT="anses"/><SP WIDTH="16" VPOS="661" HPOS="498"/>
							<String ID="string_160" HPOS="514" VPOS="656" WIDTH="35" HEIGHT="20" WC="0.88" CONTENT="tör"/><SP WIDTH="16" VPOS="656" HPOS="549"/>
							<String ID="string_161" HPOS="565" VPOS="655" WIDTH="83" HEIGHT="22" WC="0.97" CONTENT="statens"/><SP WIDTH="16" VPOS="655" HPOS="648"/>
							<String ID="string_162" HPOS="664" VPOS="655" WIDTH="130" HEIGHT="28" WC="0.96" CONTENT="skyldighet"/><SP WIDTH="16" VPOS="655" HPOS="794"/>
							<String ID="string_163" HPOS="810" VPOS="655" WIDTH="33" HEIGHT="21" WC="0.96" CONTENT="att"/><SP WIDTH="15" VPOS="655" HPOS="843"/>
							<String ID="string_164" HPOS="858" VPOS="661" WIDTH="82" HEIGHT="22" WC="0.93" CONTENT="genom"/><SP WIDTH="17" VPOS="661" HPOS="940"/>
							<String ID="string_165" HPOS="957" VPOS="653" WIDTH="71" HEIGHT="22" WC="0.88" CONTENT="ända-"/>
						</TextLine>
						<TextLine ID="line_19" HPOS="195" VPOS="683" WIDTH="831" HEIGHT="30">
							<String ID="string_166" HPOS="195" VPOS="684" WIDTH="134" HEIGHT="28" WC="0.92" CONTENT="mälsenliga"/><SP WIDTH="15" VPOS="684" HPOS="329"/>
							<String ID="string_167" HPOS="344" VPOS="683" WIDTH="83" HEIGHT="22" WC="0.92" CONTENT="förbud"/><SP WIDTH="15" VPOS="683" HPOS="427"/>
							<String ID="string_168" HPOS="442" VPOS="685" WIDTH="118" HEIGHT="21" WC="0.92" CONTENT="motverka"/><SP WIDTH="15" VPOS="685" HPOS="560"/>
							<String ID="string_169" HPOS="575" VPOS="685" WIDTH="85" HEIGHT="21" WC="0.92" CONTENT="sädana"/><SP WIDTH="15" VPOS="685" HPOS="660"/>
							<String ID="string_170" HPOS="675" VPOS="685" WIDTH="199" HEIGHT="28" WC="0.96" CONTENT="omständigheter,"/><SP WIDTH="12" VPOS="685" HPOS="874"/>
							<String ID="string_171" HPOS="886" VPOS="691" WIDTH="48" HEIGHT="15" WC="0.93" CONTENT="som"/><SP WIDTH="10" VPOS="691" HPOS="934"/>
							<String ID="string_172" HPOS="944" VPOS="683" WIDTH="82" HEIGHT="22" WC="0.92" CONTENT="hindra"/>
						</TextLine>
						<TextLine ID="line_20" HPOS="195" VPOS="713" WIDTH="831" HEIGHT="29">
							<String ID="string_173" HPOS="195" VPOS="713" WIDTH="147" HEIGHT="29" WC="0.92" CONTENT="hvilodagens"/><SP WIDTH="16" VPOS="713" HPOS="342"/>
							<String ID="string_174" HPOS="358" VPOS="715" WIDTH="148" HEIGHT="21" WC="0.92" CONTENT="användande"/><SP WIDTH="16" VPOS="715" HPOS="506"/>
							<String ID="string_175" HPOS="522" VPOS="713" WIDTH="35" HEIGHT="23" WC="0.96" CONTENT="för"/><SP WIDTH="15" VPOS="713" HPOS="557"/>
							<String ID="string_176" HPOS="572" VPOS="715" WIDTH="50" HEIGHT="21" WC="0.93" CONTENT="dess"/><SP WIDTH="16" VPOS="715" HPOS="622"/>
							<String ID="string_177" HPOS="638" VPOS="715" WIDTH="111" HEIGHT="26" WC="0.92" CONTENT="ändamäl,"/><SP WIDTH="18" VPOS="715" HPOS="749"/>
							<String ID="string_178" HPOS="767" VPOS="715" WIDTH="25" HEIGHT="21" WC="0.96" CONTENT="sä"/><SP WIDTH="15" VPOS="715" HPOS="792"/>
							<String ID="string_179" HPOS="807" VPOS="717" WIDTH="25" HEIGHT="19" WC="0.96" CONTENT="är"/><SP WIDTH="16" VPOS="717" HPOS="832"/>
							<String ID="string_180" HPOS="848" VPOS="714" WIDTH="38" HEIGHT="22" WC="0.96" CONTENT="det"/><SP WIDTH="14" VPOS="714" HPOS="886"/>
							<String ID="string_181" HPOS="900" VPOS="715" WIDTH="25" HEIGHT="20" WC="0.96" CONTENT="sä"/><SP WIDTH="11" VPOS="715" HPOS="925"/>
							<String ID="string_182" HPOS="936" VPOS="713" WIDTH="90" HEIGHT="29" WC="0.96" CONTENT="mycket"/>
						</TextLine>
						<TextLine ID="line_21" HPOS="195" VPOS="743" WIDTH="829" HEIGHT="30">
							<String ID="string_183" HPOS="195" VPOS="750" WIDTH="49" HEIGHT="15" WC="0.94" CONTENT="mer"/><SP WIDTH="24" VPOS="750" HPOS="244"/>
							<String ID="string_184" HPOS="268" VPOS="743" WIDTH="49" HEIGHT="22" WC="0.96" CONTENT="dess"/><SP WIDTH="23" VPOS="743" HPOS="317"/>
							<String ID="string_185" HPOS="340" VPOS="744" WIDTH="136" HEIGHT="29" WC="0.96" CONTENT="skyldighet,"/><SP WIDTH="18" VPOS="744" HPOS="476"/>
							<String ID="string_186" HPOS="494" VPOS="745" WIDTH="32" HEIGHT="20" WC="0.93" CONTENT="att"/><SP WIDTH="16" VPOS="745" HPOS="526"/>
							<String ID="string_187" HPOS="542" VPOS="745" WIDTH="50" HEIGHT="21" WC="0.93" CONTENT="icke"/><SP WIDTH="15" VPOS="745" HPOS="592"/>
							<String ID="string_188" HPOS="607" VPOS="745" WIDTH="39" HEIGHT="21" WC="0.97" CONTENT="vid"/><SP WIDTH="16" VPOS="745" HPOS="646"/>
							<String ID="string_189" HPOS="662" VPOS="745" WIDTH="48" HEIGHT="21" WC="0.96" CONTENT="sina"/><SP WIDTH="16" VPOS="745" HPOS="710"/>
							<String ID="string_190" HPOS="726" VPOS="751" WIDTH="60" HEIGHT="22" WC="0.93" CONTENT="egna"/><SP WIDTH="15" VPOS="751" HPOS="786"/>
							<String ID="string_191" HPOS="801" VPOS="744" WIDTH="150" HEIGHT="29" WC="0.93" CONTENT="inrättningar"/><SP WIDTH="17" VPOS="744" HPOS="951"/>
							<String ID="string_192" HPOS="968" VPOS="751" WIDTH="56" HEIGHT="21" WC="0.92" CONTENT="upp-"/>
						</TextLine>
						<TextLine ID="line_22" HPOS="195" VPOS="773" WIDTH="829" HEIGHT="30">
							<String ID="string_193" HPOS="195" VPOS="773" WIDTH="107" HEIGHT="22" WC="0.74" CONTENT="rätthälla"/><SP WIDTH="19" VPOS="773" HPOS="302"/>
							<String ID="string_194" HPOS="321" VPOS="781" WIDTH="28" HEIGHT="14" WC="0.96" CONTENT="en"/><SP WIDTH="15" VPOS="781" HPOS="349"/>
							<String ID="string_195" HPOS="364" VPOS="774" WIDTH="104" HEIGHT="28" WC="0.95" CONTENT="ordning,"/><SP WIDTH="17" VPOS="774" HPOS="468"/>
							<String ID="string_196" HPOS="485" VPOS="781" WIDTH="48" HEIGHT="15" WC="0.93" CONTENT="som"/><SP WIDTH="15" VPOS="781" HPOS="533"/>
							<String ID="string_197" HPOS="548" VPOS="775" WIDTH="91" HEIGHT="28" WC="0.96" CONTENT="tvingar"/><SP WIDTH="16" VPOS="775" HPOS="639"/>
							<String ID="string_198" HPOS="655" VPOS="775" WIDTH="27" HEIGHT="21" WC="0.96" CONTENT="de"/><SP WIDTH="16" VPOS="775" HPOS="682"/>
							<String ID="string_199" HPOS="698" VPOS="775" WIDTH="8" HEIGHT="20" WC="0.96" CONTENT="i"/><SP WIDTH="16" VPOS="775" HPOS="706"/>
							<String ID="string_200" HPOS="722" VPOS="775" WIDTH="51" HEIGHT="21" WC="0.93" CONTENT="dess"/><SP WIDTH="15" VPOS="775" HPOS="773"/>
							<String ID="string_201" HPOS="788" VPOS="774" WIDTH="68" HEIGHT="28" WC="0.93" CONTENT="tjenst"/><SP WIDTH="16" VPOS="774" HPOS="856"/>
							<String ID="string_202" HPOS="872" VPOS="774" WIDTH="103" HEIGHT="21" WC="0.92" CONTENT="anstälda"/><SP WIDTH="17" VPOS="774" HPOS="975"/>
							<String ID="string_203" HPOS="992" VPOS="775" WIDTH="32" HEIGHT="20" WC="0.96" CONTENT="att"/>
						</TextLine>
						<TextLine ID="line_23" HPOS="196" VPOS="803" WIDTH="831" HEIGHT="30">
							<String ID="string_204" HPOS="196" VPOS="803" WIDTH="105" HEIGHT="22" WC="0.93" CONTENT="använda"/><SP WIDTH="19" VPOS="803" HPOS="301"/>
							<String ID="string_205" HPOS="320" VPOS="803" WIDTH="67" HEIGHT="22" WC="0.92" CONTENT="äfven"/><SP WIDTH="24" VPOS="803" HPOS="387"/>
							<String ID="string_206" HPOS="411" VPOS="804" WIDTH="137" HEIGHT="29" WC="0.92" CONTENT="hvilodagen"/><SP WIDTH="18" VPOS="804" HPOS="548"/>
							<String ID="string_207" HPOS="566" VPOS="805" WIDTH="34" HEIGHT="20" WC="0.93" CONTENT="till"/><SP WIDTH="20" VPOS="805" HPOS="600"/>
							<String ID="string_208" HPOS="620" VPOS="804" WIDTH="133" HEIGHT="29" WC="0.92" CONTENT="ansträngdt"/><SP WIDTH="16" VPOS="804" HPOS="753"/>
							<String ID="string_209" HPOS="769" VPOS="804" WIDTH="83" HEIGHT="22" WC="0.96" CONTENT="arbete."/><SP WIDTH="32" VPOS="804" HPOS="852"/>
							<String ID="string_210" HPOS="884" VPOS="804" WIDTH="47" HEIGHT="21" WC="0.95" CONTENT="Hos"/><SP WIDTH="16" VPOS="804" HPOS="931"/>
							<String ID="string_211" HPOS="947" VPOS="811" WIDTH="35" HEIGHT="14" WC="0.97" CONTENT="oss"/><SP WIDTH="18" VPOS="811" HPOS="982"/>
							<String ID="string_212" HPOS="1000" VPOS="806" WIDTH="27" HEIGHT="19" WC="0.96" CONTENT="är"/>
						</TextLine>
						<TextLine ID="line_24" HPOS="196" VPOS="833" WIDTH="829" HEIGHT="29">
							<String ID="string_213" HPOS="196" VPOS="833" WIDTH="74" HEIGHT="22" WC="0.93" CONTENT="denna"/><SP WIDTH="21" VPOS="833" HPOS="270"/>
							<String ID="string_214" HPOS="291" VPOS="833" WIDTH="167" HEIGHT="29" WC="0.96" CONTENT="omständighet"/><SP WIDTH="19" VPOS="833" HPOS="458"/>
							<String ID="string_215" HPOS="477" VPOS="835" WIDTH="25" HEIGHT="20" WC="0.96" CONTENT="sä"/><SP WIDTH="15" VPOS="835" HPOS="502"/>
							<String ID="string_216" HPOS="517" VPOS="834" WIDTH="91" HEIGHT="28" WC="0.96" CONTENT="mycket"/><SP WIDTH="15" VPOS="834" HPOS="608"/>
							<String ID="string_217" HPOS="623" VPOS="841" WIDTH="48" HEIGHT="15" WC="0.92" CONTENT="mer"/><SP WIDTH="15" VPOS="841" HPOS="671"/>
							<String ID="string_218" HPOS="686" VPOS="834" WIDTH="173" HEIGHT="26" WC="0.86" CONTENT="beaktansvärd,"/><SP WIDTH="17" VPOS="834" HPOS="859"/>
							<String ID="string_219" HPOS="876" VPOS="841" WIDTH="48" HEIGHT="14" WC="0.96" CONTENT="som"/><SP WIDTH="16" VPOS="841" HPOS="924"/>
							<String ID="string_220" HPOS="940" VPOS="834" WIDTH="85" HEIGHT="21" WC="0.96" CONTENT="allmän"/>
						</TextLine>
						<TextLine ID="line_25" HPOS="194" VPOS="863" WIDTH="832" HEIGHT="29">
							<String ID="string_221" HPOS="194" VPOS="863" WIDTH="45" HEIGHT="28" WC="0.93" CONTENT="lag,"/><SP WIDTH="24" VPOS="863" HPOS="239"/>
							<String ID="string_222" HPOS="263" VPOS="863" WIDTH="92" HEIGHT="22" WC="0.92" CONTENT="hvilken"/><SP WIDTH="24" VPOS="863" HPOS="355"/>
							<String ID="string_223" HPOS="379" VPOS="863" WIDTH="22" HEIGHT="22" WC="0.96" CONTENT="vi"/><SP WIDTH="21" VPOS="863" HPOS="401"/>
							<String ID="string_224" HPOS="422" VPOS="863" WIDTH="26" HEIGHT="28" WC="0.96" CONTENT="ju"/><SP WIDTH="24" VPOS="863" HPOS="448"/>
							<String ID="string_225" HPOS="472" VPOS="864" WIDTH="44" HEIGHT="21" WC="0.93" CONTENT="alla"/><SP WIDTH="23" VPOS="864" HPOS="516"/>
							<String ID="string_226" HPOS="539" VPOS="864" WIDTH="71" HEIGHT="21" WC="0.91" CONTENT="önska"/><SP WIDTH="14" VPOS="864" HPOS="610"/>
							<String ID="string_227" HPOS="624" VPOS="864" WIDTH="62" HEIGHT="22" WC="0.92" CONTENT="hälla"/><SP WIDTH="15" VPOS="864" HPOS="686"/>
							<String ID="string_228" HPOS="701" VPOS="864" WIDTH="8" HEIGHT="21" WC="0.93" CONTENT="i"/><SP WIDTH="16" VPOS="864" HPOS="709"/>
							<String ID="string_229" HPOS="725" VPOS="864" WIDTH="76" HEIGHT="28" WC="0.88" CONTENT="helgd,"/><SP WIDTH="16" VPOS="864" HPOS="801"/>
							<String ID="string_230" HPOS="817" VPOS="864" WIDTH="40" HEIGHT="21" WC="0.93" CONTENT="vill"/><SP WIDTH="15" VPOS="864" HPOS="857"/>
							<String ID="string_231" HPOS="872" VPOS="863" WIDTH="154" HEIGHT="29" WC="0.93" CONTENT="upprätthälla"/>
						</TextLine>
						<TextLine ID="line_26" HPOS="194" VPOS="893" WIDTH="362" HEIGHT="29">
							<String ID="string_232" HPOS="194" VPOS="893" WIDTH="150" HEIGHT="27" WC="0.93" CONTENT="grundsatsen"/><SP WIDTH="16" VPOS="893" HPOS="344"/>
							<String ID="string_233" HPOS="360" VPOS="900" WIDTH="37" HEIGHT="14" WC="0.93" CONTENT="om"/><SP WIDTH="15" VPOS="900" HPOS="397"/>
							<String ID="string_234" HPOS="412" VPOS="893" WIDTH="144" HEIGHT="29" WC="0.91" CONTENT="hvilodagen."/>
						</TextLine>
					</TextBlock>
					<TextBlock ID="block_4" HPOS="192" VPOS="922" WIDTH="832" HEIGHT="536">
						<TextLine ID="line_27" HPOS="267" VPOS="922" WIDTH="757" HEIGHT="30">
							<String ID="string_235" HPOS="267" VPOS="922" WIDTH="52" HEIGHT="22" WC="0.92" CONTENT="Man"/><SP WIDTH="23" VPOS="922" HPOS="319"/>
							<String ID="string_236" HPOS="342" VPOS="922" WIDTH="117" HEIGHT="28" WC="0.88" CONTENT="invänder,"/><SP WIDTH="21" VPOS="922" HPOS="459"/>
							<String ID="string_237" HPOS="480" VPOS="924" WIDTH="32" HEIGHT="20" WC="0.96" CONTENT="att"/><SP WIDTH="16" VPOS="924" HPOS="512"/>
							<String ID="string_238" HPOS="528" VPOS="930" WIDTH="28" HEIGHT="15" WC="0.97" CONTENT="en"/><SP WIDTH="16" VPOS="930" HPOS="556"/>
							<String ID="string_239" HPOS="572" VPOS="924" WIDTH="70" HEIGHT="21" WC="0.93" CONTENT="större"/><SP WIDTH="13" VPOS="924" HPOS="642"/>
							<String ID="string_240" HPOS="655" VPOS="923" WIDTH="164" HEIGHT="29" WC="0.92" CONTENT="inskränkning"/><SP WIDTH="17" VPOS="923" HPOS="819"/>
							<String ID="string_241" HPOS="836" VPOS="922" WIDTH="25" HEIGHT="22" WC="0.93" CONTENT="af"/><SP WIDTH="10" VPOS="922" HPOS="861"/>
							<String ID="string_242" HPOS="871" VPOS="923" WIDTH="153" HEIGHT="28" WC="0.92" CONTENT="jernvägstra-"/>
						</TextLine>
						<TextLine ID="line_28" HPOS="194" VPOS="951" WIDTH="830" HEIGHT="31">
							<String ID="string_243" HPOS="194" VPOS="951" WIDTH="62" HEIGHT="23" WC="0.92" CONTENT="fiken"/><SP WIDTH="22" VPOS="951" HPOS="256"/>
							<String ID="string_244" HPOS="278" VPOS="952" WIDTH="70" HEIGHT="22" WC="0.93" CONTENT="under"/><SP WIDTH="16" VPOS="952" HPOS="348"/>
							<String ID="string_245" HPOS="364" VPOS="953" WIDTH="141" HEIGHT="28" WC="0.92" CONTENT="söndagarne"/><SP WIDTH="16" VPOS="953" HPOS="505"/>
							<String ID="string_246" HPOS="521" VPOS="960" WIDTH="53" HEIGHT="15" WC="0.92" CONTENT="vore"/><SP WIDTH="16" VPOS="960" HPOS="574"/>
							<String ID="string_247" HPOS="590" VPOS="954" WIDTH="88" HEIGHT="28" WC="0.92" CONTENT="ogörlig"/><SP WIDTH="16" VPOS="954" HPOS="678"/>
							<String ID="string_248" HPOS="694" VPOS="954" WIDTH="7" HEIGHT="20" WC="0.93" CONTENT="i"/><SP WIDTH="16" VPOS="954" HPOS="701"/>
							<String ID="string_249" HPOS="717" VPOS="954" WIDTH="113" HEIGHT="21" WC="0.93" CONTENT="anseende"/><SP WIDTH="15" VPOS="954" HPOS="830"/>
							<String ID="string_250" HPOS="845" VPOS="953" WIDTH="34" HEIGHT="21" WC="0.96" CONTENT="till"/><SP WIDTH="17" VPOS="953" HPOS="879"/>
							<String ID="string_251" HPOS="896" VPOS="953" WIDTH="27" HEIGHT="21" WC="0.93" CONTENT="de"/><SP WIDTH="16" VPOS="953" HPOS="923"/>
							<String ID="string_252" HPOS="939" VPOS="952" WIDTH="85" HEIGHT="29" WC="0.93" CONTENT="svärig-"/>
						</TextLine>
						<TextLine ID="line_29" HPOS="194" VPOS="982" WIDTH="830" HEIGHT="30">
							<String ID="string_253" HPOS="194" VPOS="982" WIDTH="71" HEIGHT="26" WC="0.94" CONTENT="heter,"/><SP WIDTH="24" VPOS="982" HPOS="265"/>
							<String ID="string_254" HPOS="289" VPOS="989" WIDTH="28" HEIGHT="15" WC="0.92" CONTENT="en"/><SP WIDTH="22" VPOS="989" HPOS="317"/>
							<String ID="string_255" HPOS="339" VPOS="983" WIDTH="104" HEIGHT="27" WC="0.92" CONTENT="päyrkad"/><SP WIDTH="15" VPOS="983" HPOS="443"/>
							<String ID="string_256" HPOS="458" VPOS="982" WIDTH="132" HEIGHT="30" WC="0.92" CONTENT="förändring"/><SP WIDTH="16" VPOS="982" HPOS="590"/>
							<String ID="string_257" HPOS="606" VPOS="984" WIDTH="71" HEIGHT="21" WC="0.93" CONTENT="skulle"/><SP WIDTH="15" VPOS="984" HPOS="677"/>
							<String ID="string_258" HPOS="692" VPOS="982" WIDTH="109" HEIGHT="23" WC="0.91" CONTENT="medföra."/><SP WIDTH="32" VPOS="982" HPOS="801"/>
							<String ID="string_259" HPOS="833" VPOS="983" WIDTH="52" HEIGHT="21" WC="0.96" CONTENT="Men"/><SP WIDTH="17" VPOS="983" HPOS="885"/>
							<String ID="string_260" HPOS="902" VPOS="983" WIDTH="73" HEIGHT="21" WC="0.93" CONTENT="denna"/><SP WIDTH="15" VPOS="983" HPOS="975"/>
							<String ID="string_261" HPOS="990" VPOS="982" WIDTH="34" HEIGHT="22" WC="0.93" CONTENT="in-"/>
						</TextLine>
						<TextLine ID="line_30" HPOS="194" VPOS="1012" WIDTH="830" HEIGHT="29">
							<String ID="string_262" HPOS="194" VPOS="1012" WIDTH="117" HEIGHT="28" WC="0.92" CONTENT="vändning"/><SP WIDTH="22" VPOS="1012" HPOS="311"/>
							<String ID="string_263" HPOS="333" VPOS="1013" WIDTH="73" HEIGHT="21" WC="0.92" CONTENT="mäste"/><SP WIDTH="24" VPOS="1013" HPOS="406"/>
							<String ID="string_264" HPOS="430" VPOS="1012" WIDTH="90" HEIGHT="22" WC="0.91" CONTENT="förfalla"/><SP WIDTH="22" VPOS="1012" HPOS="520"/>
							<String ID="string_265" HPOS="542" VPOS="1012" WIDTH="60" HEIGHT="22" WC="0.96" CONTENT="inför"/><SP WIDTH="16" VPOS="1012" HPOS="602"/>
							<String ID="string_266" HPOS="618" VPOS="1013" WIDTH="36" HEIGHT="22" WC="0.93" CONTENT="det"/><SP WIDTH="17" VPOS="1013" HPOS="654"/>
							<String ID="string_267" HPOS="671" VPOS="1012" WIDTH="94" HEIGHT="27" WC="0.92" CONTENT="faktum,"/><SP WIDTH="17" VPOS="1012" HPOS="765"/>
							<String ID="string_268" HPOS="782" VPOS="1014" WIDTH="33" HEIGHT="20" WC="0.96" CONTENT="att"/><SP WIDTH="19" VPOS="1014" HPOS="815"/>
							<String ID="string_269" HPOS="834" VPOS="1013" WIDTH="3" HEIGHT="21" WC="0.96" CONTENT="i"/><SP WIDTH="16" VPOS="1013" HPOS="837"/>
							<String ID="string_270" HPOS="853" VPOS="1012" WIDTH="110" HEIGHT="29" WC="0.94" CONTENT="England,"/><SP WIDTH="21" VPOS="1012" HPOS="963"/>
							<String ID="string_271" HPOS="984" VPOS="1012" WIDTH="40" HEIGHT="22" WC="0.96" CONTENT="der"/>
						</TextLine>
						<TextLine ID="line_31" HPOS="192" VPOS="1041" WIDTH="832" HEIGHT="30">
							<String ID="string_272" HPOS="192" VPOS="1041" WIDTH="206" HEIGHT="29" WC="0.90" CONTENT="jernvägstrafiken"/><SP WIDTH="21" VPOS="1041" HPOS="398"/>
							<String ID="string_273" HPOS="419" VPOS="1045" WIDTH="25" HEIGHT="19" WC="0.96" CONTENT="är"/><SP WIDTH="23" VPOS="1045" HPOS="444"/>
							<String ID="string_274" HPOS="467" VPOS="1044" WIDTH="25" HEIGHT="20" WC="0.93" CONTENT="sä"/><SP WIDTH="22" VPOS="1044" HPOS="492"/>
							<String ID="string_275" HPOS="514" VPOS="1042" WIDTH="104" HEIGHT="29" WC="0.95" CONTENT="ofantligt"/><SP WIDTH="16" VPOS="1042" HPOS="618"/>
							<String ID="string_276" HPOS="634" VPOS="1043" WIDTH="91" HEIGHT="28" WC="0.96" CONTENT="mycket"/><SP WIDTH="15" VPOS="1043" HPOS="725"/>
							<String ID="string_277" HPOS="740" VPOS="1044" WIDTH="72" HEIGHT="20" WC="0.96" CONTENT="större"/><SP WIDTH="15" VPOS="1044" HPOS="812"/>
							<String ID="string_278" HPOS="827" VPOS="1045" WIDTH="29" HEIGHT="19" WC="0.96" CONTENT="än"/><SP WIDTH="15" VPOS="1045" HPOS="856"/>
							<String ID="string_279" HPOS="871" VPOS="1043" WIDTH="41" HEIGHT="21" WC="0.96" CONTENT="hos"/><SP WIDTH="16" VPOS="1043" HPOS="912"/>
							<String ID="string_280" HPOS="928" VPOS="1049" WIDTH="42" HEIGHT="20" WC="0.95" CONTENT="oss,"/><SP WIDTH="16" VPOS="1049" HPOS="970"/>
							<String ID="string_281" HPOS="986" VPOS="1049" WIDTH="38" HEIGHT="15" WC="0.96" CONTENT="om"/>
						</TextLine>
						<TextLine ID="line_32" HPOS="194" VPOS="1072" WIDTH="829" HEIGHT="29">
							<String ID="string_282" HPOS="194" VPOS="1072" WIDTH="141" HEIGHT="28" WC="0.92" CONTENT="söndagarne"/><SP WIDTH="24" VPOS="1072" HPOS="335"/>
							<String ID="string_283" HPOS="359" VPOS="1072" WIDTH="51" HEIGHT="22" WC="0.93" CONTENT="icke"/><SP WIDTH="18" VPOS="1072" HPOS="410"/>
							<String ID="string_284" HPOS="428" VPOS="1072" WIDTH="117" HEIGHT="22" WC="0.86" CONTENT="befordras"/><SP WIDTH="15" VPOS="1072" HPOS="545"/>
							<String ID="string_285" HPOS="560" VPOS="1074" WIDTH="72" HEIGHT="27" WC="0.95" CONTENT="några"/><SP WIDTH="16" VPOS="1074" HPOS="632"/>
							<String ID="string_286" HPOS="648" VPOS="1073" WIDTH="102" HEIGHT="28" WC="0.96" CONTENT="godståg,"/><SP WIDTH="18" VPOS="1073" HPOS="750"/>
							<String ID="string_287" HPOS="768" VPOS="1073" WIDTH="42" HEIGHT="21" WC="0.96" CONTENT="och"/><SP WIDTH="16" VPOS="1073" HPOS="810"/>
							<String ID="string_288" HPOS="826" VPOS="1074" WIDTH="34" HEIGHT="20" WC="0.93" CONTENT="att"/><SP WIDTH="12" VPOS="1074" HPOS="860"/>
							<String ID="string_289" HPOS="872" VPOS="1072" WIDTH="86" HEIGHT="28" WC="0.92" CONTENT="jemväl"/><SP WIDTH="15" VPOS="1072" HPOS="958"/>
							<String ID="string_290" HPOS="973" VPOS="1078" WIDTH="50" HEIGHT="22" WC="0.93" CONTENT="per-"/>
						</TextLine>
						<TextLine ID="line_33" HPOS="194" VPOS="1102" WIDTH="829" HEIGHT="28">
							<String ID="string_291" HPOS="194" VPOS="1102" WIDTH="121" HEIGHT="28" WC="0.92" CONTENT="sontägens"/><SP WIDTH="24" VPOS="1102" HPOS="315"/>
							<String ID="string_292" HPOS="339" VPOS="1102" WIDTH="62" HEIGHT="21" WC="0.88" CONTENT="antal"/><SP WIDTH="23" VPOS="1102" HPOS="401"/>
							<String ID="string_293" HPOS="424" VPOS="1105" WIDTH="26" HEIGHT="19" WC="0.96" CONTENT="är"/><SP WIDTH="21" VPOS="1105" HPOS="450"/>
							<String ID="string_294" HPOS="471" VPOS="1102" WIDTH="87" HEIGHT="22" WC="0.96" CONTENT="mindre"/><SP WIDTH="26" VPOS="1102" HPOS="558"/>
							<String ID="string_295" HPOS="584" VPOS="1105" WIDTH="28" HEIGHT="19" WC="0.96" CONTENT="än"/><SP WIDTH="22" VPOS="1105" HPOS="612"/>
							<String ID="string_296" HPOS="634" VPOS="1103" WIDTH="72" HEIGHT="21" WC="0.93" CONTENT="under"/><SP WIDTH="14" VPOS="1103" HPOS="706"/>
							<String ID="string_297" HPOS="720" VPOS="1102" WIDTH="164" HEIGHT="28" WC="0.91" CONTENT="hvardagarne."/><SP WIDTH="32" VPOS="1102" HPOS="884"/>
							<String ID="string_298" HPOS="916" VPOS="1102" WIDTH="38" HEIGHT="21" WC="0.95" CONTENT="Mä"/><SP WIDTH="14" VPOS="1102" HPOS="954"/>
							<String ID="string_299" HPOS="968" VPOS="1109" WIDTH="55" HEIGHT="14" WC="0.96" CONTENT="man"/>
						</TextLine>
						<TextLine ID="line_34" HPOS="193" VPOS="1131" WIDTH="830" HEIGHT="30">
							<String ID="string_300" HPOS="193" VPOS="1131" WIDTH="58" HEIGHT="21" WC="0.96" CONTENT="blott"/><SP WIDTH="15" VPOS="1131" HPOS="251"/>
							<String ID="string_301" HPOS="266" VPOS="1132" WIDTH="54" HEIGHT="27" WC="0.96" CONTENT="taga"/><SP WIDTH="14" VPOS="1132" HPOS="320"/>
							<String ID="string_302" HPOS="334" VPOS="1132" WIDTH="56" HEIGHT="21" WC="0.96" CONTENT="reda"/><SP WIDTH="14" VPOS="1132" HPOS="390"/>
							<String ID="string_303" HPOS="404" VPOS="1133" WIDTH="30" HEIGHT="27" WC="0.96" CONTENT="pä"/><SP WIDTH="15" VPOS="1133" HPOS="434"/>
							<String ID="string_304" HPOS="449" VPOS="1132" WIDTH="56" HEIGHT="21" WC="0.93" CONTENT="huru"/><SP WIDTH="16" VPOS="1132" HPOS="505"/>
							<String ID="string_305" HPOS="521" VPOS="1131" WIDTH="170" HEIGHT="23" WC="0.96" CONTENT="förhållandena"/><SP WIDTH="16" VPOS="1131" HPOS="691"/>
							<String ID="string_306" HPOS="707" VPOS="1132" WIDTH="40" HEIGHT="22" WC="0.93" CONTENT="der"/><SP WIDTH="16" VPOS="1132" HPOS="747"/>
							<String ID="string_307" HPOS="763" VPOS="1135" WIDTH="38" HEIGHT="19" WC="0.95" CONTENT="äro"/><SP WIDTH="14" VPOS="1135" HPOS="801"/>
							<String ID="string_308" HPOS="815" VPOS="1132" WIDTH="106" HEIGHT="29" WC="0.95" CONTENT="ordnade;"/><SP WIDTH="13" VPOS="1132" HPOS="921"/>
							<String ID="string_309" HPOS="934" VPOS="1132" WIDTH="41" HEIGHT="21" WC="0.96" CONTENT="och"/><SP WIDTH="11" VPOS="1132" HPOS="975"/>
							<String ID="string_310" HPOS="986" VPOS="1138" WIDTH="37" HEIGHT="15" WC="0.96" CONTENT="om"/>
						</TextLine>
						<TextLine ID="line_35" HPOS="193" VPOS="1161" WIDTH="828" HEIGHT="29">
							<String ID="string_311" HPOS="193" VPOS="1163" WIDTH="29" HEIGHT="19" WC="0.95" CONTENT="än"/><SP WIDTH="24" VPOS="1163" HPOS="222"/>
							<String ID="string_312" HPOS="246" VPOS="1161" WIDTH="28" HEIGHT="21" WC="0.96" CONTENT="de"/><SP WIDTH="23" VPOS="1161" HPOS="274"/>
							<String ID="string_313" HPOS="297" VPOS="1161" WIDTH="40" HEIGHT="21" WC="0.96" CONTENT="hos"/><SP WIDTH="20" VPOS="1161" HPOS="337"/>
							<String ID="string_314" HPOS="357" VPOS="1168" WIDTH="35" HEIGHT="15" WC="0.96" CONTENT="oss"/><SP WIDTH="19" VPOS="1168" HPOS="392"/>
							<String ID="string_315" HPOS="411" VPOS="1162" WIDTH="122" HEIGHT="22" WC="0.96" CONTENT="bestående"/><SP WIDTH="15" VPOS="1162" HPOS="533"/>
							<String ID="string_316" HPOS="548" VPOS="1162" WIDTH="50" HEIGHT="22" WC="0.96" CONTENT="icke"/><SP WIDTH="16" VPOS="1162" HPOS="598"/>
							<String ID="string_317" HPOS="614" VPOS="1165" WIDTH="38" HEIGHT="19" WC="0.96" CONTENT="äro"/><SP WIDTH="17" VPOS="1165" HPOS="652"/>
							<String ID="string_318" HPOS="669" VPOS="1162" WIDTH="116" HEIGHT="22" WC="0.96" CONTENT="desamma"/><SP WIDTH="15" VPOS="1162" HPOS="785"/>
							<String ID="string_319" HPOS="800" VPOS="1169" WIDTH="48" HEIGHT="15" WC="0.96" CONTENT="som"/><SP WIDTH="16" VPOS="1169" HPOS="848"/>
							<String ID="string_320" HPOS="864" VPOS="1162" WIDTH="28" HEIGHT="22" WC="0.95" CONTENT="de"/><SP WIDTH="16" VPOS="1162" HPOS="892"/>
							<String ID="string_321" HPOS="908" VPOS="1161" WIDTH="113" HEIGHT="29" WC="0.96" CONTENT="engelska,"/>
						</TextLine>
						<TextLine ID="line_36" HPOS="193" VPOS="1190" WIDTH="830" HEIGHT="30">
							<String ID="string_322" HPOS="193" VPOS="1191" WIDTH="25" HEIGHT="21" WC="0.96" CONTENT="så"/><SP WIDTH="16" VPOS="1191" HPOS="218"/>
							<String ID="string_323" HPOS="234" VPOS="1190" WIDTH="57" HEIGHT="22" WC="0.96" CONTENT="skall"/><SP WIDTH="16" VPOS="1190" HPOS="291"/>
							<String ID="string_324" HPOS="307" VPOS="1191" WIDTH="38" HEIGHT="21" WC="0.96" CONTENT="det"/><SP WIDTH="16" VPOS="1191" HPOS="345"/>
							<String ID="string_325" HPOS="361" VPOS="1191" WIDTH="58" HEIGHT="22" WC="0.96" CONTENT="dock"/><SP WIDTH="16" VPOS="1191" HPOS="419"/>
							<String ID="string_326" HPOS="435" VPOS="1192" WIDTH="49" HEIGHT="22" WC="0.96" CONTENT="icke"/><SP WIDTH="16" VPOS="1192" HPOS="484"/>
							<String ID="string_327" HPOS="500" VPOS="1192" WIDTH="52" HEIGHT="22" WC="0.96" CONTENT="med"/><SP WIDTH="16" VPOS="1192" HPOS="552"/>
							<String ID="string_328" HPOS="568" VPOS="1192" WIDTH="40" HEIGHT="28" WC="0.96" CONTENT="fog"/><SP WIDTH="15" VPOS="1192" HPOS="608"/>
							<String ID="string_329" HPOS="623" VPOS="1192" WIDTH="77" HEIGHT="22" WC="0.96" CONTENT="kunna"/><SP WIDTH="14" VPOS="1192" HPOS="700"/>
							<String ID="string_330" HPOS="714" VPOS="1193" WIDTH="77" HEIGHT="27" WC="0.96" CONTENT="påstås"/><SP WIDTH="15" VPOS="1193" HPOS="791"/>
							<String ID="string_331" HPOS="806" VPOS="1199" WIDTH="56" HEIGHT="14" WC="0.96" CONTENT="vara"/><SP WIDTH="15" VPOS="1199" HPOS="862"/>
							<String ID="string_332" HPOS="877" VPOS="1192" WIDTH="103" HEIGHT="28" WC="0.96" CONTENT="omöjligt"/><SP WIDTH="10" VPOS="1192" HPOS="980"/>
							<String ID="string_333" HPOS="990" VPOS="1192" WIDTH="33" HEIGHT="20" WC="0.96" CONTENT="att"/>
						</TextLine>
						<TextLine ID="line_37" HPOS="192" VPOS="1220" WIDTH="830" HEIGHT="30">
							<String ID="string_334" HPOS="192" VPOS="1220" WIDTH="42" HEIGHT="22" WC="0.95" CONTENT="här"/><SP WIDTH="23" VPOS="1220" HPOS="234"/>
							<String ID="string_335" HPOS="257" VPOS="1220" WIDTH="67" HEIGHT="22" WC="0.96" CONTENT="träffa"/><SP WIDTH="22" VPOS="1220" HPOS="324"/>
							<String ID="string_336" HPOS="346" VPOS="1222" WIDTH="30" HEIGHT="27" WC="0.96" CONTENT="på"/><SP WIDTH="16" VPOS="1222" HPOS="376"/>
							<String ID="string_337" HPOS="392" VPOS="1222" WIDTH="192" HEIGHT="28" WC="0.92" CONTENT="ändamålsenliga"/><SP WIDTH="14" VPOS="1222" HPOS="584"/>
							<String ID="string_338" HPOS="598" VPOS="1223" WIDTH="102" HEIGHT="27" WC="0.92" CONTENT="utvägar."/><SP WIDTH="32" VPOS="1223" HPOS="700"/>
							<String ID="string_339" HPOS="732" VPOS="1222" WIDTH="113" HEIGHT="21" WC="0.92" CONTENT="Särskildt"/><SP WIDTH="14" VPOS="1222" HPOS="845"/>
							<String ID="string_340" HPOS="859" VPOS="1222" WIDTH="42" HEIGHT="21" WC="0.93" CONTENT="bör"/><SP WIDTH="15" VPOS="1222" HPOS="901"/>
							<String ID="string_341" HPOS="916" VPOS="1221" WIDTH="106" HEIGHT="21" WC="0.92" CONTENT="framhål-"/>
						</TextLine>
						<TextLine ID="line_38" HPOS="192" VPOS="1250" WIDTH="830" HEIGHT="30">
							<String ID="string_342" HPOS="192" VPOS="1250" WIDTH="41" HEIGHT="26" WC="0.95" CONTENT="las,"/><SP WIDTH="17" VPOS="1250" HPOS="233"/>
							<String ID="string_343" HPOS="250" VPOS="1251" WIDTH="34" HEIGHT="21" WC="0.96" CONTENT="att"/><SP WIDTH="15" VPOS="1251" HPOS="284"/>
							<String ID="string_344" HPOS="299" VPOS="1250" WIDTH="28" HEIGHT="22" WC="0.96" CONTENT="de"/><SP WIDTH="15" VPOS="1250" HPOS="327"/>
							<String ID="string_345" HPOS="342" VPOS="1250" WIDTH="70" HEIGHT="29" WC="0.92" CONTENT="långa"/><SP WIDTH="12" VPOS="1250" HPOS="412"/>
							<String ID="string_346" HPOS="424" VPOS="1251" WIDTH="295" HEIGHT="29" WC="0.92" CONTENT="jernvägssträckningarna"/><SP WIDTH="16" VPOS="1251" HPOS="719"/>
							<String ID="string_347" HPOS="735" VPOS="1252" WIDTH="41" HEIGHT="21" WC="0.96" CONTENT="hos"/><SP WIDTH="16" VPOS="1252" HPOS="776"/>
							<String ID="string_348" HPOS="792" VPOS="1258" WIDTH="35" HEIGHT="15" WC="0.95" CONTENT="oss"/><SP WIDTH="11" VPOS="1258" HPOS="827"/>
							<String ID="string_349" HPOS="838" VPOS="1252" WIDTH="50" HEIGHT="21" WC="0.96" CONTENT="icke"/><SP WIDTH="10" VPOS="1252" HPOS="888"/>
							<String ID="string_350" HPOS="898" VPOS="1252" WIDTH="82" HEIGHT="27" WC="0.96" CONTENT="utgöra"/><SP WIDTH="10" VPOS="1252" HPOS="980"/>
							<String ID="string_351" HPOS="990" VPOS="1252" WIDTH="32" HEIGHT="20" WC="0.96" CONTENT="ett"/>
						</TextLine>
						<TextLine ID="line_39" HPOS="194" VPOS="1280" WIDTH="827" HEIGHT="30">
							<String ID="string_352" HPOS="194" VPOS="1280" WIDTH="82" HEIGHT="21" WC="0.96" CONTENT="sådant"/><SP WIDTH="15" VPOS="1280" HPOS="276"/>
							<String ID="string_353" HPOS="291" VPOS="1280" WIDTH="87" HEIGHT="27" WC="0.96" CONTENT="hinder,"/><SP WIDTH="17" VPOS="1280" HPOS="378"/>
							<String ID="string_354" HPOS="395" VPOS="1288" WIDTH="48" HEIGHT="14" WC="0.96" CONTENT="som"/><SP WIDTH="17" VPOS="1288" HPOS="443"/>
							<String ID="string_355" HPOS="460" VPOS="1281" WIDTH="20" HEIGHT="28" WC="0.96" CONTENT="ej"/><SP WIDTH="16" VPOS="1281" HPOS="480"/>
							<String ID="string_356" HPOS="496" VPOS="1282" WIDTH="71" HEIGHT="21" WC="0.93" CONTENT="skulle"/><SP WIDTH="16" VPOS="1282" HPOS="567"/>
							<String ID="string_357" HPOS="583" VPOS="1281" WIDTH="123" HEIGHT="22" WC="0.92" CONTENT="förefinnas"/><SP WIDTH="12" VPOS="1281" HPOS="706"/>
							<String ID="string_358" HPOS="718" VPOS="1282" WIDTH="7" HEIGHT="21" WC="0.96" CONTENT="i"/><SP WIDTH="10" VPOS="1282" HPOS="725"/>
							<String ID="string_359" HPOS="735" VPOS="1281" WIDTH="113" HEIGHT="29" WC="0.96" CONTENT="England."/><SP WIDTH="17" VPOS="1281" HPOS="848"/>
							<String ID="string_360" HPOS="865" VPOS="1281" WIDTH="9" HEIGHT="21" WC="0.96" CONTENT="I"/><SP WIDTH="12" VPOS="1281" HPOS="874"/>
							<String ID="string_361" HPOS="886" VPOS="1281" WIDTH="71" HEIGHT="28" WC="0.96" CONTENT="sagda"/><SP WIDTH="11" VPOS="1281" HPOS="957"/>
							<String ID="string_362" HPOS="968" VPOS="1280" WIDTH="53" HEIGHT="22" WC="0.96" CONTENT="land"/>
						</TextLine>
						<TextLine ID="line_40" HPOS="192" VPOS="1309" WIDTH="830" HEIGHT="30">
							<String ID="string_363" HPOS="192" VPOS="1311" WIDTH="68" HEIGHT="27" WC="0.92" CONTENT="utgör"/><SP WIDTH="16" VPOS="1311" HPOS="260"/>
							<String ID="string_364" HPOS="276" VPOS="1309" WIDTH="112" HEIGHT="23" WC="0.91" CONTENT="afståndet"/><SP WIDTH="15" VPOS="1309" HPOS="388"/>
							<String ID="string_365" HPOS="403" VPOS="1311" WIDTH="83" HEIGHT="21" WC="0.96" CONTENT="mellan"/><SP WIDTH="16" VPOS="1311" HPOS="486"/>
							<String ID="string_366" HPOS="502" VPOS="1311" WIDTH="93" HEIGHT="22" WC="0.96" CONTENT="London"/><SP WIDTH="16" VPOS="1311" HPOS="595"/>
							<String ID="string_367" HPOS="611" VPOS="1312" WIDTH="42" HEIGHT="21" WC="0.96" CONTENT="och"/><SP WIDTH="15" VPOS="1312" HPOS="653"/>
							<String ID="string_368" HPOS="668" VPOS="1311" WIDTH="119" HEIGHT="22" WC="0.96" CONTENT="Inverness"/><SP WIDTH="16" VPOS="1311" HPOS="787"/>
							<String ID="string_369" HPOS="803" VPOS="1312" WIDTH="45" HEIGHT="20" WC="0.96" CONTENT="580"/><SP WIDTH="16" VPOS="1312" HPOS="848"/>
							<String ID="string_370" HPOS="864" VPOS="1310" WIDTH="107" HEIGHT="29" WC="0.96" CONTENT="engelska"/><SP WIDTH="10" VPOS="1310" HPOS="971"/>
							<String ID="string_371" HPOS="981" VPOS="1310" WIDTH="41" HEIGHT="22" WC="0.96" CONTENT="mil"/>
						</TextLine>
						<TextLine ID="line_41" HPOS="192" VPOS="1339" WIDTH="829" HEIGHT="30">
							<String ID="string_372" HPOS="192" VPOS="1339" WIDTH="88" HEIGHT="22" WC="0.96" CONTENT="således"/><SP WIDTH="15" VPOS="1339" HPOS="280"/>
							<String ID="string_373" HPOS="295" VPOS="1339" WIDTH="64" HEIGHT="22" WC="0.96" CONTENT="öfver"/><SP WIDTH="16" VPOS="1339" HPOS="359"/>
							<String ID="string_374" HPOS="375" VPOS="1341" WIDTH="44" HEIGHT="20" WC="0.96" CONTENT="920"/><SP WIDTH="15" VPOS="1341" HPOS="419"/>
							<String ID="string_375" HPOS="434" VPOS="1341" WIDTH="124" HEIGHT="26" WC="0.96" CONTENT="kilometer,"/><SP WIDTH="17" VPOS="1341" HPOS="558"/>
							<String ID="string_376" HPOS="575" VPOS="1342" WIDTH="43" HEIGHT="21" WC="0.96" CONTENT="och"/><SP WIDTH="14" VPOS="1342" HPOS="618"/>
							<String ID="string_377" HPOS="632" VPOS="1341" WIDTH="145" HEIGHT="28" WC="0.96" CONTENT="naturligtvis"/><SP WIDTH="10" VPOS="1341" HPOS="777"/>
							<String ID="string_378" HPOS="787" VPOS="1342" WIDTH="67" HEIGHT="27" WC="0.93" CONTENT="utgör"/><SP WIDTH="10" VPOS="1342" HPOS="854"/>
							<String ID="string_379" HPOS="864" VPOS="1340" WIDTH="112" HEIGHT="22" WC="0.92" CONTENT="afståndet"/><SP WIDTH="10" VPOS="1340" HPOS="976"/>
							<String ID="string_380" HPOS="986" VPOS="1340" WIDTH="35" HEIGHT="21" WC="0.96" CONTENT="till"/>
						</TextLine>
						<TextLine ID="line_42" HPOS="193" VPOS="1369" WIDTH="827" HEIGHT="30">
							<String ID="string_381" HPOS="193" VPOS="1369" WIDTH="140" HEIGHT="22" WC="0.96" CONTENT="sistnämnda"/><SP WIDTH="15" VPOS="1369" HPOS="333"/>
							<String ID="string_382" HPOS="348" VPOS="1371" WIDTH="35" HEIGHT="20" WC="0.96" CONTENT="ort"/><SP WIDTH="16" VPOS="1371" HPOS="383"/>
							<String ID="string_383" HPOS="399" VPOS="1369" WIDTH="50" HEIGHT="22" WC="0.96" CONTENT="från"/><SP WIDTH="16" VPOS="1369" HPOS="449"/>
							<String ID="string_384" HPOS="465" VPOS="1370" WIDTH="95" HEIGHT="22" WC="0.96" CONTENT="hamnar"/><SP WIDTH="14" VPOS="1370" HPOS="560"/>
							<String ID="string_385" HPOS="574" VPOS="1371" WIDTH="85" HEIGHT="21" WC="0.96" CONTENT="sådana"/><SP WIDTH="16" VPOS="1371" HPOS="659"/>
							<String ID="string_386" HPOS="675" VPOS="1377" WIDTH="48" HEIGHT="16" WC="0.93" CONTENT="som"/><SP WIDTH="16" VPOS="1377" HPOS="723"/>
							<String ID="string_387" HPOS="739" VPOS="1371" WIDTH="188" HEIGHT="28" WC="0.91" CONTENT="Queenborough,"/><SP WIDTH="9" VPOS="1371" HPOS="927"/>
							<String ID="string_388" HPOS="936" VPOS="1370" WIDTH="84" HEIGHT="26" WC="0.96" CONTENT="Dover,"/>
						</TextLine>
						<TextLine ID="line_43" HPOS="192" VPOS="1398" WIDTH="829" HEIGHT="31">
							<String ID="string_389" HPOS="192" VPOS="1398" WIDTH="164" HEIGHT="29" WC="0.93" CONTENT="Southampton"/><SP WIDTH="23" VPOS="1398" HPOS="356"/>
							<String ID="string_390" HPOS="379" VPOS="1407" WIDTH="29" HEIGHT="14" WC="0.91" CONTENT="m."/><SP WIDTH="25" VPOS="1407" HPOS="408"/>
							<String ID="string_391" HPOS="433" VPOS="1399" WIDTH="22" HEIGHT="22" WC="0.94" CONTENT="fl."/><SP WIDTH="25" VPOS="1399" HPOS="455"/>
							<String ID="string_392" HPOS="480" VPOS="1403" WIDTH="59" HEIGHT="18" WC="0.96" CONTENT="ännu"/><SP WIDTH="24" VPOS="1403" HPOS="539"/>
							<String ID="string_393" HPOS="563" VPOS="1407" WIDTH="54" HEIGHT="20" WC="0.93" CONTENT="mer,"/><SP WIDTH="24" VPOS="1407" HPOS="617"/>
							<String ID="string_394" HPOS="641" VPOS="1401" WIDTH="119" HEIGHT="21" WC="0.91" CONTENT="hvarutom"/><SP WIDTH="15" VPOS="1401" HPOS="760"/>
							<String ID="string_395" HPOS="775" VPOS="1401" WIDTH="97" HEIGHT="28" WC="0.93" CONTENT="jernväg"/><SP WIDTH="14" VPOS="1401" HPOS="872"/>
							<String ID="string_396" HPOS="886" VPOS="1400" WIDTH="64" HEIGHT="21" WC="0.96" CONTENT="torde"/><SP WIDTH="15" VPOS="1400" HPOS="950"/>
							<String ID="string_397" HPOS="965" VPOS="1406" WIDTH="56" HEIGHT="15" WC="0.96" CONTENT="vara"/>
						</TextLine>
						<TextLine ID="line_44" HPOS="192" VPOS="1428" WIDTH="731" HEIGHT="30">
							<String ID="string_398" HPOS="192" VPOS="1428" WIDTH="86" HEIGHT="29" WC="0.96" CONTENT="dragen"/><SP WIDTH="15" VPOS="1428" HPOS="278"/>
							<String ID="string_399" HPOS="293" VPOS="1428" WIDTH="68" HEIGHT="23" WC="0.96" CONTENT="äfven"/><SP WIDTH="15" VPOS="1428" HPOS="361"/>
							<String ID="string_400" HPOS="376" VPOS="1429" WIDTH="35" HEIGHT="22" WC="0.96" CONTENT="till"/><SP WIDTH="16" VPOS="1429" HPOS="411"/>
							<String ID="string_401" HPOS="427" VPOS="1431" WIDTH="59" HEIGHT="20" WC="0.96" CONTENT="orter"/><SP WIDTH="15" VPOS="1431" HPOS="486"/>
							<String ID="string_402" HPOS="501" VPOS="1437" WIDTH="53" HEIGHT="14" WC="0.96" CONTENT="norr"/><SP WIDTH="16" VPOS="1437" HPOS="554"/>
							<String ID="string_403" HPOS="570" VPOS="1437" WIDTH="36" HEIGHT="15" WC="0.96" CONTENT="om"/><SP WIDTH="16" VPOS="1437" HPOS="606"/>
							<String ID="string_404" HPOS="622" VPOS="1430" WIDTH="117" HEIGHT="22" WC="0.95" CONTENT="Inverness"/><SP WIDTH="18" VPOS="1430" HPOS="739"/>
							<String ID="string_405" HPOS="757" VPOS="1430" WIDTH="16" HEIGHT="28" WC="0.96" CONTENT="(i"/><SP WIDTH="16" VPOS="1430" HPOS="773"/>
							<String ID="string_406" HPOS="789" VPOS="1430" WIDTH="134" HEIGHT="27" WC="0.95" CONTENT="Skottland.)"/>
						</TextLine>
					</TextBlock>
					<TextBlock ID="block_5" HPOS="190" VPOS="1458" WIDTH="836" HEIGHT="60">
						<TextLine ID="line_45" HPOS="263" VPOS="1458" WIDTH="758" HEIGHT="31">
							<String ID="string_407" HPOS="263" VPOS="1458" WIDTH="40" HEIGHT="21" WC="0.93" CONTENT="Att"/><SP WIDTH="22" VPOS="1458" HPOS="303"/>
							<String ID="string_408" HPOS="325" VPOS="1459" WIDTH="165" HEIGHT="28" WC="0.91" CONTENT="godstrafikens"/><SP WIDTH="17" VPOS="1459" HPOS="490"/>
							<String ID="string_409" HPOS="507" VPOS="1460" WIDTH="133" HEIGHT="22" WC="0.96" CONTENT="inställande"/><SP WIDTH="15" VPOS="1460" HPOS="640"/>
							<String ID="string_410" HPOS="655" VPOS="1461" WIDTH="71" HEIGHT="21" WC="0.93" CONTENT="under"/><SP WIDTH="16" VPOS="1461" HPOS="726"/>
							<String ID="string_411" HPOS="742" VPOS="1460" WIDTH="142" HEIGHT="29" WC="0.92" CONTENT="söndagarne"/><SP WIDTH="16" VPOS="1460" HPOS="884"/>
							<String ID="string_412" HPOS="900" VPOS="1459" WIDTH="71" HEIGHT="22" WC="0.93" CONTENT="skulle"/><SP WIDTH="15" VPOS="1459" HPOS="971"/>
							<String ID="string_413" HPOS="986" VPOS="1458" WIDTH="35" HEIGHT="23" WC="0.92" CONTENT="fö-"/>
						</TextLine>
						<TextLine ID="line_46" HPOS="190" VPOS="1488" WIDTH="836" HEIGHT="30">
							<String ID="string_414" HPOS="190" VPOS="1488" WIDTH="95" HEIGHT="21" WC="0.91" CONTENT="ranleda"/><SP WIDTH="21" VPOS="1488" HPOS="285"/>
							<String ID="string_415" HPOS="306" VPOS="1490" WIDTH="70" HEIGHT="27" WC="0.96" CONTENT="något"/><SP WIDTH="16" VPOS="1490" HPOS="376"/>
							<String ID="string_416" HPOS="392" VPOS="1489" WIDTH="73" HEIGHT="22" WC="0.95" CONTENT="ökade"/><SP WIDTH="15" VPOS="1489" HPOS="465"/>
							<String ID="string_417" HPOS="480" VPOS="1489" WIDTH="120" HEIGHT="22" WC="0.96" CONTENT="kostnader"/><SP WIDTH="15" VPOS="1489" HPOS="600"/>
							<String ID="string_418" HPOS="615" VPOS="1490" WIDTH="46" HEIGHT="21" WC="0.96" CONTENT="kan"/><SP WIDTH="15" VPOS="1490" HPOS="661"/>
							<String ID="string_419" HPOS="676" VPOS="1490" WIDTH="144" HEIGHT="28" WC="0.96" CONTENT="naturligtvis"/><SP WIDTH="16" VPOS="1490" HPOS="820"/>
							<String ID="string_420" HPOS="836" VPOS="1490" WIDTH="50" HEIGHT="21" WC="0.93" CONTENT="icke"/><SP WIDTH="15" VPOS="1490" HPOS="886"/>
							<String ID="string_421" HPOS="901" VPOS="1489" WIDTH="125" HEIGHT="22" WC="0.91" CONTENT="bestridas.."/>
						</TextLine>
					</TextBlock>
				</ComposedBlock>
			</PrintSpace>
		</Page>
	</Layout>
</alto>
