1109 1809
188 99 44 21 530
429 100 125 23 Pappissääty
568 100 77 19 Huhtik.
659 101 23 17 10
694 106 16 17 p.
725 101 47 17 1900

187 152 127 28 hällanden,
329 160 49 15 som
393 154 41 22 här
449 154 69 22 hafva
533 154 94 27 berörts,
644 154 88 29 egnade
748 156 33 20 att
797 154 86 29 ingifva
894 154 68 29 djupa
976 154 38 22 be-

187 182 110 28 kymmer,
313 184 49 22 icke
378 184 68 22 minst
462 184 78 22 derför
555 185 34 21 att
604 184 43 22 den
664 184 179 22 administrativa
858 184 98 27 makten,
977 183 38 23 för

188 214 32 20 att
235 212 77 23 kunna
326 212 56 29 fylla
396 214 34 21 sin
446 214 88 28 viktiga
548 214 91 29 uppgift
654 214 8 22 i
678 215 32 21 ett
725 214 60 27 land,
799 214 96 22 framför
905 214 39 22 allt
955 212 59 24 kräf-

187 249 40 18 ver
250 244 34 20 att
306 243 76 22 kunna
404 244 87 28 ätnjuta
513 243 83 23 folkets
617 244 101 29 aktning,
735 244 43 22 och
794 244 38 22 det
847 244 44 22 blir
906 245 61 21 svärt
982 245 32 20 att

187 272 115 22 bibehälla
324 273 44 22 den
383 274 84 28 nödiga
482 274 125 28 aktningen
623 273 63 23 inför
700 274 64 22 fakta
779 274 85 22 sädana
879 281 49 15 som
942 274 70 25 dessa,

187 301 81 22 liksom
292 303 36 21 det
350 306 26 18 är
398 305 62 20 svårt
478 305 32 20 att
525 303 116 22 bibehålla
655 303 120 29 tillbörligt
791 303 71 22 allvar
877 303 61 22 inför
953 303 61 22 detta

187 331 114 28 fyratiotal
324 332 26 22 af
367 333 100 28 hemliga
482 333 168 30 presscirkulär,
666 340 49 15 som
730 333 62 22 inom
807 335 33 20 ett
855 335 25 20 är
896 333 116 22 utfärdats.

258 373 45 30 Jag
324 374 42 21 har
388 375 61 22 velat
472 375 49 22 litet
543 375 135 29 utförligare
702 375 120 22 framhälla
839 375 73 22 denna
928 375 48 22 sida
991 374 25 22 af

187 403 114 28 följderna
323 403 25 22 af
368 405 172 28 pressregimen,
561 405 102 26 emedan,
680 406 74 21 säsom
767 405 41 29 jag
824 405 69 22 redan
908 405 103 29 päpekat,

187 433 108 22 utskottet
310 434 79 22 endast
404 435 172 28 antydningsvis
592 435 76 22 berört
682 435 50 22 den.
756 435 33 22 På
800 435 40 22 sid.
851 436 29 21 22
891 435 7 21 i
908 435 104 22 utskotts-

187 463 150 22 betänkandet
362 467 64 26 säges
443 465 118 28 angående
576 465 304 28 tidningsindragningarna:
914 465 46 28 »Ty
974 471 38 22 ge-

187 500 53 15 nom
256 493 64 22 dessa
334 494 42 21 har
392 494 74 22 denna
478 493 134 30 befolkning
621 494 76 22 blifvit
708 494 105 23 afskuren
824 494 48 23 från
884 495 38 22 det
932 501 81 22 genom

186 523 192 29 tidningspressen
401 523 141 24 förmedlade
559 525 92 28 andliga
666 525 134 22 sambandet
815 525 52 22 med
882 525 44 22 den
941 524 72 29 öfriga

187 553 99 27 verlden,
310 553 113 23 beröfvats
447 556 32 20 ett
502 554 136 29 oumbärligt
661 555 74 22 medel
758 554 38 22 för
815 555 35 21 sin
865 555 91 28 andliga
971 555 42 21 och

188 583 144 22 ekonomiska
354 584 131 29 utveckling
508 585 64 26 samt,
595 585 8 20 i
624 584 108 22 afsaknad
752 583 26 23 af
792 584 27 22 de
834 591 82 22 genom
931 584 81 22 tidnin-

187 619 72 22 garna
282 613 90 29 spridda
394 614 102 21 enskilda
516 614 43 22 och
576 613 116 30 offentliga
708 614 184 27 meddelandena,
908 615 67 21 mötts
990 613 26 23 af

187 643 139 28 svårigheter
347 645 33 21 att
395 643 97 30 fullgöra
508 644 49 21 sina
572 644 183 29 medborgerliga
770 644 72 22 värf«.
873 644 51 22 Men
940 644 73 22 denna

187 673 45 21 sats
248 675 26 19 är
290 673 36 23 det
342 673 58 22 enda
415 674 96 22 rörande
527 674 45 22 den
588 674 50 21 sida
653 652 30 43 af
691 673 87 30 frägan,
793 674 41 29 jag
849 674 82 22 berört.

258 714 46 29 Jag
326 714 92 24 förenar
440 715 48 29 mig
511 715 38 22 för
572 715 69 30 öfrigt
656 716 34 21 till
705 716 45 21 alla
766 715 62 23 delar
844 723 36 14 om
896 715 116 22 utskottets

188 744 147 23 betänkande.

259 809 123 24 Professori
398 812 88 21 Donner:
518 811 45 29 Jag
578 811 42 22 har
635 811 81 29 begärt
731 811 65 22 ordet
811 811 49 22 icke
871 811 38 22 för
919 813 33 20 att
961 811 51 22 med

187 840 72 28 några
274 847 46 21 nya
334 841 49 21 skäl
398 841 79 28 belysa
493 841 27 22 de
536 841 90 26 skador,
643 841 44 22 den
703 841 130 22 nuvarande
848 841 164 29 pressregimen

188 869 158 22 åstadkommit
362 871 7 21 i
384 872 51 21 vårt
454 871 59 26 land,
534 872 55 21 utan
604 870 39 23 för
658 872 33 21 att
706 871 136 27 konstatera,
858 871 105 22 hurusom
978 872 34 21 ut-

187 899 83 22 skottet
290 907 82 21 genom
395 901 49 21 sina
464 901 155 28 välgrundade
638 901 43 22 och
699 901 37 22 väl
752 901 131 22 framstälda
898 901 49 21 skäl
962 900 50 22 full-

187 929 100 29 ständigt
300 931 122 21 motsvarat
435 931 44 22 den
492 931 114 21 allmänna
616 931 122 28 meningen
754 931 7 21 i
778 932 50 20 vårt
842 931 59 21 land.
933 930 79 22 Denna

189 959 136 27 instämmer,
342 960 71 22 skulle
426 961 42 28 jag
482 960 38 22 för
535 961 48 21 min
599 961 37 21 del
650 961 42 26 tro,
709 961 7 21 i
732 961 79 28 hvarje
825 960 25 22 af
858 961 28 22 de
896 960 117 22 bestämda

188 989 138 27 uttalanden,
338 991 23 20 åt
376 990 78 21 hvilka
469 990 108 22 utskottet
592 989 67 30 gifvit
674 991 97 27 uttryck,
788 990 68 22 bland
872 992 68 20 annat
956 990 6 21 i
978 992 33 20 ut-

188 1018 95 22 skottets
302 1019 121 27 uttalande,
444 1021 34 20 att
496 1020 43 22 den
554 1020 133 28 preventiva
702 1027 116 19 censuren,
834 1021 74 21 såsom
924 1020 43 22 den
982 1027 29 14 nu

188 1048 146 27 handhafves,
355 1049 75 22 blifvit
450 1057 28 14 en
496 1049 204 29 bildningsfientlig
716 1050 130 22 institution.
878 1050 56 21 Vårt
948 1050 64 21 lands

188 1078 116 29 menighet
318 1079 46 21 kan
380 1079 50 22 icke
445 1079 57 22 fatta
517 1080 38 21 det
571 1081 50 25 sätt,
638 1081 30 27 på
682 1080 87 22 hvilket
785 1087 108 14 censuren
903 1079 108 22 handhaf-

188 1114 45 20 ves,
255 1109 140 22 annorlunda
416 1112 28 19 än
466 1111 73 20 såsom
555 1109 153 22 innebärande
724 1117 29 14 en
769 1109 100 22 sträfvan
884 1110 32 21 att
932 1109 79 22 under-

187 1137 81 28 trycka
286 1138 78 28 hvarje
386 1138 28 22 fri
435 1139 126 22 diskussion
583 1139 42 22 och
646 1139 78 28 hvarje
739 1141 77 26 yttran
832 1139 26 22 af
870 1138 28 23 fri
914 1138 96 29 öfverty-

187 1167 69 28 gelse.

259 1197 114 22 Utskottet
388 1197 130 24 framhäller
532 1199 79 22 vidare
627 1200 33 21 att
678 1199 74 22 denna
763 1205 80 16 censur
853 1199 69 22 sedan
933 1199 78 28 ingän-

186 1233 44 21 gen
247 1226 27 22 af
291 1227 94 22 sistlidet
401 1229 25 20 är
441 1228 139 22 handhafves
599 1229 64 22 »med
679 1235 28 15 en
722 1229 172 27 hänsynslöshet
910 1229 41 21 och
966 1229 45 21 bri-

187 1257 80 21 stande
282 1257 60 22 blick
358 1257 38 22 för
411 1259 61 21 hvad
487 1259 88 21 landets
590 1259 39 21 väl
644 1259 42 21 och
702 1259 66 21 bästa
783 1257 85 28 kräfva,
885 1265 48 15 som
949 1258 63 29 djupt

186 1285 83 23 kränkt
284 1286 80 23 folkets
380 1288 135 21 rättskänsla
525 1289 43 21 och
579 1287 90 30 ingifvit
680 1288 62 22 detta
752 1288 118 28 allvarliga
880 1288 132 28 bekymmer

186 1315 39 22 för
240 1315 142 24 framtiden«<.
415 1317 48 22 Och
479 1318 74 21 denna
568 1318 132 26 institution,
717 1317 113 22 fortsätter
842 1318 112 26 utskottet,
966 1319 46 20 står

186 1345 8 21 i
209 1345 56 22 strid
281 1347 51 21 med
347 1347 153 28 grundlagens
515 1347 149 27 föreskrifter,
681 1348 95 21 emedan
792 1347 181 22 handhafvandet
989 1347 25 22 af

186 1381 109 17 censuren
316 1376 51 22 sker
383 1384 83 21 genom
482 1384 27 15 en
526 1377 96 22 särskild
637 1377 138 22 konsultativ
791 1377 90 26 komit6,
898 1384 47 15 som
961 1378 49 21 icke

185 1404 77 23 bestär
285 1405 25 22 af
328 1406 72 22 finske
421 1410 53 18 män
497 1407 43 22 och
554 1407 69 22 hvars
640 1407 96 22 domslut
751 1407 51 22 icke
818 1407 57 22 blott
890 1407 51 26 kan,
957 1409 54 20 utan

186 1447 27 2 —
227 1435 43 28 jag
292 1436 39 21 vill
354 1436 97 29 tillägga
470 1437 38 22 det
523 1450 28 3 —
568 1438 71 21 mäste
661 1437 91 22 komma
773 1438 32 20 att
827 1437 87 28 grunda
932 1437 35 28 sig
981 1438 30 27 pä

185 1464 138 29 bristfälliga
346 1466 43 21 och
412 1467 34 20 till
470 1467 42 21 och
535 1467 52 21 med
611 1467 97 28 oriktiga
724 1466 190 29 öfversättningar
930 1465 24 22 af
967 1467 44 21 den

185 1494 128 27 periodiska
328 1503 103 20 pressens
447 1497 137 21 uttalanden.
615 1496 189 22 Handhafvandet
820 1496 25 21 af
858 1503 108 15 censuren
981 1498 29 26 pä
