1106 1806
179 95 54 34 446
417 98 126 24 Pappissääty
556 98 87 19 Maalisk.
656 100 24 16 30
692 104 18 18 p.
724 100 47 17 1900

184 152 45 29 Jag
245 160 65 14 anser
326 152 74 22 dertör
418 160 28 15 en
462 153 70 21 sådan
542 153 144 29 bestämning
698 152 118 30 angående
827 152 106 30 fredning
943 160 47 15 som
1001 152 13 28 $

184 182 126 22 innehåller
324 190 55 14 vara
394 183 94 29 omöjlig
504 184 34 20 att
553 182 155 23 efterkomma.

260 213 26 21 16
306 212 13 29 $
335 213 124 22 innehåller
476 212 67 22 äfven
558 213 176 29 bestämningar,
752 220 48 14 som
816 220 67 21 synas
899 213 47 29 mig
961 219 54 15 vara

185 242 87 22 mindre
296 242 92 29 möjliga
411 244 33 20 att
460 242 155 22 efterkomma.
648 242 45 22 Det
707 242 65 22 torde
788 242 55 22 falla
858 243 35 28 sig
907 242 108 29 temligen

185 272 103 28 omöjligt
311 273 32 21 att
363 274 108 27 uppmäta
486 272 46 22 alla
547 273 65 21 dessa
627 272 76 27 fiskar,
719 272 79 22 hvilka
812 272 55 29 ingå
882 273 7 21 i
906 273 27 22 de
949 272 65 28 brag-

185 302 47 26 der,
248 309 49 14 som
317 302 52 22 med
384 302 79 29 lagens
478 302 102 22 tillstånd
596 306 39 18 äro
651 304 91 25 utsatta,
758 302 43 22 och
817 302 106 22 särskildt
938 306 24 18 är
978 302 37 22 det

185 332 33 21 att
233 332 79 21 märka
327 333 33 21 att
374 332 30 22 all
419 332 140 29 krokfångst,
576 340 48 14 som
640 332 114 22 användes
768 332 47 28 just
830 332 39 22 för
887 332 64 22 dessa
961 332 52 21 fisk-

185 362 55 28 slag,
265 361 88 23 utöfvar
374 362 38 22 det
432 362 124 28 inflytande
572 364 30 27 på
618 362 44 22 den
677 362 50 27 fisk,
744 369 48 15 som
808 362 57 22 skall
881 362 85 28 fångas,
983 363 32 20 att

186 392 44 21 den
245 392 139 22 omedelbart
400 392 45 22 dör.
478 392 44 22 Det
538 392 72 22 skulle
626 392 29 22 då
666 392 61 28 gälla
738 393 32 21 att
780 392 90 22 utkasta
880 392 52 22 hela
943 392 72 21 denna

185 420 76 30 fångst
284 421 25 22 af
328 422 142 28 undermålig
493 429 53 15 men
562 422 132 22 användbar
710 425 41 25 gös
768 423 32 20 att
816 423 75 21 ruttna
906 422 7 21 i
929 423 86 20 vattnet

185 452 43 21 och
244 450 98 30 förpesta
358 452 130 22 detsamma.

258 481 44 22 Det
317 481 71 23 finnes
404 489 28 15 en
448 482 144 29 bestämning
607 482 7 21 i
631 482 62 22 detta
708 481 88 30 förslag
800 477 41 39 till
844 481 169 30 fiskeristadga,

185 518 49 15 som
246 511 42 29 jag
303 511 33 22 för
352 512 46 21 min
414 512 67 22 andel
496 519 66 15 anser
577 519 56 14 vara
649 512 43 22 den
708 512 56 21 allra
780 512 127 29 viktigaste,
924 512 42 22 och
978 512 37 22 det

185 544 26 19 är
226 541 173 29 bestämningen
414 549 38 15 om
468 542 215 28 fredningsområde.
715 542 177 28 Bestämningen
902 542 78 21 härom
991 545 25 18 är

184 572 127 28 någonting
326 573 51 27 nytt
392 572 43 22 och
450 572 127 28 någonting
593 572 60 29 godt.
685 571 45 29 Jag
744 573 48 20 tror
808 573 39 25 att,
859 571 48 22 ifall
919 572 42 21 den
972 572 43 21 blir

185 603 45 20 rätt
252 601 136 22 formulerad
411 602 42 21 och
477 603 103 21 kommer
602 602 34 21 till
660 603 44 20 rätt
728 602 151 28 användning,
901 602 43 21 den
959 602 56 21 skall

185 631 71 28 skapa
279 631 59 29 goda
360 632 114 28 garantier
497 631 35 22 för
548 633 32 20 att
596 631 155 22 fiskstammen
767 632 50 22 icke
832 632 58 21 blott
905 631 56 22 skall
977 632 37 21 be-

185 668 66 15 varas
274 662 54 21 utan
351 661 7 22 i
378 662 46 28 hög
440 662 56 29 grad
511 662 101 21 tillväxa.
644 661 52 22 Men
712 661 67 22 äfven
796 662 27 21 de
840 661 174 29 bestämningar,

186 697 48 16 som
252 691 117 28 angående
386 691 209 29 fredningsområde
611 691 144 22 förekomma
770 692 4 21 i
785 691 182 29 fiskeristadgan,
979 699 36 20 sy-

185 727 41 15 nas
242 721 48 28 mig
304 729 55 14 vara
373 723 70 27 något
459 721 143 22 öfverdrifna.
634 721 40 22 Att
690 722 80 28 stadga
786 723 33 20 att
834 721 67 22 minst
915 723 34 27 !/,,
961 721 54 22 eller

184 751 68 28 högst
272 753 24 26 !/;
313 751 25 22 af
352 751 38 22 det
405 751 141 27 fiskevatten,
563 759 47 14 som
627 751 65 28 lyder
708 751 72 22 under
796 759 28 14 en
834 751 113 29 lägenhet,
959 751 56 22 skall

186 781 114 21 användas
310 781 35 21 till
354 781 216 29 fredningsområde,
580 784 25 19 är
613 781 50 22 icke
672 781 86 29 nödigt,
767 781 50 22 icke
825 781 71 22 heller
904 781 7 21 i
923 781 44 22 alla
976 781 40 22 fall

185 811 95 28 möjligt.
312 811 44 22 Det
370 811 73 22 finnes
459 811 141 27 fiskevatten,
618 818 48 15 som
681 811 50 22 icke
743 814 39 19 äro
792 811 109 28 lämpliga
911 811 34 22 till
956 811 58 22 fred-

185 841 175 28 ningsområden
376 841 6 21 i
398 841 42 22 och
465 841 37 22 för
522 841 86 22 fisklek.
642 841 41 22 Om
700 848 30 14 nu
746 841 67 28 lagen
829 841 136 22 bestämmer
983 842 32 21 att

184 870 80 28 hvarje
288 870 134 23 fiskevatten
446 872 71 21 måste
534 871 66 22 äfven
616 871 115 22 innehålla
747 872 32 21 ett
794 871 81 21 sådant
889 870 125 29 frednings-

185 900 93 22 område
293 900 39 22 för
347 900 87 27 fisklek,
452 904 25 18 är
493 901 61 22 detta
566 908 28 15 en
607 901 150 28 bestämning,
769 907 48 15 som
828 901 85 28 knappt
924 903 25 19 är
959 901 55 28 möj-

185 930 33 28 lig
234 931 33 20 att
282 929 141 30 förverkliga
438 931 42 22 och
496 937 47 15 som
560 931 7 21 i
583 931 79 28 hvarje
678 930 39 22 fall
733 930 120 23 medförde
864 931 68 28 ingen
943 931 70 28 nytta.

258 960 44 28 Jag
324 961 39 21 vill
379 961 51 21 icke
445 962 100 27 upptaga
560 961 63 21 tiden
638 961 52 21 med
705 960 56 22 flera
777 961 181 28 anmärkningar,
976 963 38 19 än-

186 989 57 22 dock
267 991 83 28 många
373 991 84 21 sådana
480 997 54 15 vore
553 992 33 20 att
601 991 132 28 ytterligare
749 993 61 26 göra.
843 990 44 29 Jag
902 991 41 21 ber
958 991 57 21 blott

185 1020 39 26 att,
240 1020 61 21 hvad
314 1020 40 28 jag
369 1027 30 14 nu
415 1021 84 26 nämnt,
516 1021 69 21 måtte
601 1019 24 22 få
641 1019 81 29 åtfölja
737 1021 109 22 remissen
861 1020 34 21 till
905 1020 108 22 vederbö-

185 1049 71 22 rande
272 1050 90 21 utskott.
393 1050 45 29 Jag
453 1051 47 20 tror
516 1051 32 20 att
564 1050 22 21 vi
601 1049 99 22 behöfva
716 1057 28 15 en
763 1057 31 21 ny
804 1050 158 29 fiskeristadga
973 1050 41 21 och

185 1080 33 20 att
242 1079 72 27 fisket,
339 1081 44 20 rätt
406 1080 95 21 ordnadt
524 1080 7 21 i
554 1081 52 20 vårt
620 1080 60 26 land,
697 1080 45 21 kan
758 1079 72 22 blifva
845 1087 28 14 en
889 1079 26 22 af
927 1080 87 21 landets

185 1108 126 23 förnämsta
333 1109 177 27 inkomstkällor,
533 1117 52 14 men
606 1109 42 29 jag
669 1111 47 20 tror
739 1111 33 20 att
788 1110 43 21 den
847 1110 102 28 ordning,
967 1117 48 14 som

184 1138 152 23 förevarande
358 1138 158 30 fiskeristadga
534 1140 40 21 vill
595 1139 161 27 åstadkomma,
774 1140 50 21 icke
839 1146 54 15 vore
908 1139 106 22 tillfreds-

184 1169 117 21 ställande.
332 1169 70 22 Måtte
418 1169 38 22 det
471 1169 78 28 lyckas
565 1169 108 22 utskottet
689 1171 33 20 att
737 1171 25 20 så
777 1169 113 22 behandla
905 1169 110 29 förslaget

184 1198 34 21 till
234 1198 158 29 fiskeristadga
407 1201 33 19 att
456 1199 73 22 denna
545 1200 37 21 må
596 1199 73 22 blifva
683 1199 35 22 till
733 1199 89 28 verklig
838 1200 64 27 nytta
916 1199 37 22 för
965 1200 49 20 vårt

184 1228 60 27 land,
256 1235 52 15 men
319 1229 50 22 icke
380 1229 114 22 innehålla
505 1229 153 22 omotiverade
669 1229 42 22 och
722 1229 107 28 omöjliga
837 1229 175 28 bestämningar.

257 1288 101 21 Provasti
382 1289 78 22 Wallin:
481 1288 56 22 Olisi
557 1289 133 21 minullakin
706 1289 201 28 yksityiskohdissa
923 1289 90 21 muistu-

184 1318 101 21 tettavaa
306 1319 48 20 tätä
376 1318 165 22 lakiehdotusta
563 1320 100 25 vastaan,
685 1319 95 21 eritoten
796 1319 55 20 mitä
865 1318 60 22 tulee
940 1318 72 22 kalas-

183 1347 97 22 tukseen
296 1347 199 28 Pohjois-Suomen
504 1348 140 28 juoksevissa
655 1348 91 27 vesissä,
758 1349 72 20 mutta
841 1348 45 21 kun
897 1349 47 20 tätä
955 1349 58 21 ehkä

184 1377 114 21 voitaisiin
320 1377 62 28 pitää
396 1378 116 27 jonakuna
527 1378 183 28 itsekkäisyyden
726 1378 145 26 ilmauksena,
888 1378 48 21 niin
949 1378 64 28 jätän

184 1413 40 15 sen
247 1407 155 22 mieluummin
424 1408 95 21 sikseen.
551 1407 45 22 Sen
620 1408 86 27 yleisen
729 1408 156 21 toivomuksen
900 1408 113 28 pyytäisin

183 1436 119 22 kuitenkin
318 1437 68 22 saada
401 1437 123 22 lausutuksi
536 1437 178 22 asianomaiselle
725 1437 172 26 valiokunnalle,
911 1438 46 21 että
966 1438 48 21 tätä

183 1466 166 22 lakiehdotusta
372 1467 149 22 harkittaessa
544 1467 153 22 vältettäköön
722 1467 56 22 niitä
801 1467 141 28 erehdyksiä,
957 1467 57 28 joita

184 1497 166 27 metsästyslain
374 1497 94 22 suhteen
490 1497 160 22 valitettavasti
674 1504 29 15 on
726 1497 70 28 tehty,
814 1498 46 21 että
875 1498 53 20 näet
943 1497 70 21 lakiin
