1098 1750
301 92 43 18 Läh.
359 93 51 18 kesk.
426 99 28 12 an.
469 99 28 11 n:v
512 94 19 16 21
547 93 153 23 keisaripitäjistä
878 94 33 19 101

161 147 183 27 Lääninprovasti
366 148 124 22 Johansson:
522 147 60 22 Minä
603 147 124 28 puolestani
750 154 27 14 en
794 147 35 21 voi
846 147 70 27 yhtyä

90 176 114 22 edellisten
226 177 107 28 puhujain
353 177 150 22 lausuntoihin
519 178 60 20 tässä
595 177 88 21 asiassa.
710 176 40 22 Jos
766 177 148 27 myönnetään

90 208 46 20 että
151 208 60 20 tämä
228 207 46 21 asia
290 213 28 15 on
336 207 93 22 kirkolle
445 207 85 26 tärkeä,
546 207 102 21 niinkuin
665 214 22 14 se
704 214 35 18 on,
756 206 48 22 niin
820 206 96 21 minusta

90 244 28 14 on
134 236 115 28 nykyaika
265 236 66 22 aivan
347 237 95 21 sovelias
459 237 62 21 asian
537 236 213 22 valiokunnassakin
761 236 153 28 pohtimiseen.

90 266 27 21 Ei
138 266 35 22 ole
192 266 75 28 paljon
283 267 116 27 pyydetty,
415 267 35 28 jos
466 267 122 21 tahdotaan
605 266 61 22 asiaa
681 266 197 22 tarkastettavaksi
892 265 24 27 ja

90 296 161 26 tutkittavaksi,
268 296 125 22 voidaanko
407 296 88 29 jotakin
512 298 61 20 tässä
588 296 73 22 tehdä.

161 326 64 21 Juuri
242 326 116 22 viimeisen
374 326 99 28 puhujan
488 326 168 22 huomauttama
673 326 130 21 asianhaara
820 326 96 20 todistaa

91 356 51 22 ettei
160 356 34 21 ole
210 356 107 28 kysymys
336 356 110 22 »vanhain
457 356 164 28 rajapyykkien
634 356 174 26 siirtämisestä»;
821 355 95 21 minusta

91 393 23 15 se
130 386 91 21 tosiasia
237 387 45 21 että
297 386 85 22 korkea
396 386 107 28 hallitsija
520 386 111 22 äskettäin
647 393 28 14 on
692 386 131 27 myöntänyt
836 384 79 22 omalle

91 416 144 21 sisämaiselle
248 416 149 22 hallitukselle
408 416 175 21 ratkaisuvallan
594 417 59 20 tässä
665 416 89 25 asiassa,
766 415 95 21 osoittaa
872 416 43 20 että

90 447 47 19 tätä
161 446 61 21 asiaa
245 446 66 20 aivan
332 446 69 28 hyvin
425 446 112 21 voitaisiin
557 446 121 26 hallitsijan
695 445 99 22 oikeutta
810 445 106 21 loukkaa-

91 477 70 19 matta
174 476 25 27 ja
214 476 81 21 ketään
311 476 168 21 loukkaamatta
495 477 61 20 ottaa
571 476 174 21 käsiteltäväksi.
772 474 143 22 Anomuksen

92 505 84 28 tekijän
195 506 112 20 esittämät
322 506 102 21 numerot
441 506 100 28 puhuvat
557 506 75 21 selvää
647 505 75 21 kieltä.
755 505 68 21 Tässä
840 511 28 14 on
884 505 32 20 to-

93 535 56 21 della
175 535 108 22 olemassa
305 536 137 21 semmoinen
464 536 117 28 epäkohta,
599 536 53 28 joka
670 535 48 21 olisi
735 535 132 27 korjattava,
882 534 34 27 jos

93 572 28 15 on
143 565 140 22 mahdollista
302 565 114 28 korjausta
436 565 98 22 toimeen
556 566 73 21 saada.
661 565 39 22 Jos
717 564 138 22 sanottaisiin
872 564 43 21 että

93 597 60 20 tämä
175 595 46 22 asia
243 595 19 22 ei
285 595 33 22 ole
335 595 95 22 kirkolle
446 595 84 26 tärkeä,
547 595 73 22 silloin
637 595 97 21 minusta
749 595 48 21 olisi
814 593 102 29 myöskin

91 625 142 28 johtopäätös
249 625 60 22 selvä
325 626 44 21 että
385 632 39 15 sen
438 625 56 22 voisi
502 625 71 28 jättää
586 625 159 22 valiokuntaan
755 625 161 23 lähettämättä,

94 657 69 19 mutta
179 655 46 21 kun
240 655 80 22 kerran
337 657 151 26 myönnetään
504 657 46 20 että
566 655 46 22 asia
629 662 27 15 on
667 655 84 25 tärkeä,
764 655 45 20 niin
821 654 96 21 minusta

94 685 110 22 ainakaan
223 685 18 22 ei
259 692 23 15 se
300 685 59 21 kärsi
379 685 83 21 mitään
483 685 50 21 siitä
551 686 46 21 että
616 685 128 21 valiokunta
761 691 38 14 saa
810 691 38 14 sen
860 683 57 21 käsi-

94 715 157 21 teltäväkseen.
283 715 56 21 Olen
359 715 51 21 siitä
426 722 76 14 varma
520 715 52 21 ettei
589 722 22 14 se
628 715 60 21 siellä
707 714 83 21 mitään
807 713 110 22 vahinkoa

93 746 68 25 tuota,
186 752 58 14 vaan
267 752 28 14 on
319 745 140 28 päinvastoin
483 746 90 27 päässyt
595 745 141 28 tarpeellisen
755 743 120 28 käsittelyn
894 743 23 28 ja

93 775 118 21 tutkinnon
233 775 108 21 alaiseksi.
375 775 113 21 Hartaasti
510 775 104 21 toivoisin
631 776 46 20 että
693 774 46 21 asia
755 773 78 22 menisi
849 773 69 21 valio-

94 805 107 26 kuntaan;
226 805 61 27 kyllä
311 805 61 21 siellä
397 805 96 21 voidaan
514 805 66 20 saada
603 804 60 21 esille
685 804 60 21 asiaa
767 803 114 28 puoltavat
895 803 24 27 ja

96 835 136 20 vastustavat
248 834 80 28 puolet.

166 893 121 23 Professori
305 895 87 22 Donner:
424 895 44 27 Jag
488 895 98 28 medger,
604 896 32 19 att
651 893 214 22 tidsförhällandena
882 895 37 18 äro

95 924 83 21 sådana
202 925 30 20 att
257 931 27 14 en
304 925 93 27 petition
419 924 25 21 af
461 925 61 20 detta
546 923 58 28 syfte
620 923 106 28 möjligen
744 923 49 21 icke
809 923 44 20 kan
870 922 48 21 leda

95 954 33 21 till
151 954 121 21 önskvärdt
297 954 91 21 resultat
409 955 41 20 och
468 956 32 19 att
519 954 90 28 frägans
626 953 142 28 upptagande
785 953 49 21 icke
850 951 70 22 heller

95 991 29 14 nu
140 983 57 22 hade
213 984 49 21 bort
280 984 44 21 ske.
351 984 124 21 Petitionen
492 987 25 18 är
532 984 68 21 likväl
617 983 25 22 af
656 983 42 22 den
714 982 132 29 principiela
856 982 63 27 bety-

96 1013 65 26 delse,
180 1015 38 20 'att
237 1014 35 21 det
292 1015 72 20 såsom
382 1014 46 28 mig
444 1021 66 20 synes
526 1021 53 14 vore
596 1015 57 20 orätt
670 1014 31 20 att
718 1013 48 20 icke
783 1011 137 22 öfverlemna

96 1043 41 22 den
154 1043 34 22 till
203 1043 138 29 behandling
358 1044 5 21 i
381 1044 90 25 utskott,
488 1043 66 22 äfven
571 1050 36 15 om
624 1043 106 21 utskottet
746 1042 70 21 skulle
831 1042 89 21 komma

95 1073 33 21 till
145 1073 36 22 det
198 1073 91 22 resultat
305 1075 31 20 att
353 1075 29 27 på
399 1074 72 28 grund
488 1073 25 21 af
526 1072 214 22 tidsförhällandena
756 1079 27 14 en
802 1071 118 22 framställ-

95 1103 56 28 ning
166 1103 6 21 i
189 1105 76 20 ämnet
281 1103 48 22 icke
346 1103 69 22 borde
432 1106 66 25 göras
514 1103 34 21 till
565 1103 62 21 Hans
643 1103 108 27 Majestät.
784 1101 135 22 Behandlin-

96 1140 44 21 gen
157 1133 5 21 i
178 1133 106 22 utskottet
301 1133 71 22 skulle
389 1133 55 22 dock
462 1133 79 22 utreda
557 1132 90 29 frägans
661 1132 115 27 betydelse
788 1131 42 22 och
841 1137 79 15 sanno-

96 1163 40 21 likt
155 1163 119 21 framhålla
293 1163 113 29 åtskilliga
426 1163 145 28 synpunkter,
587 1163 77 21 hvilka
680 1162 49 22 icke
746 1162 5 20 i
769 1161 151 29 petitionsme-

96 1193 100 21 morialet
221 1192 144 22 förekomma.
398 1194 33 26 Tv
455 1200 36 14 om
514 1194 34 20 det
575 1200 62 14 anses
654 1192 124 28 principielt
796 1191 78 28 riktigt
890 1192 30 19 att

96 1223 69 21 redan
184 1223 6 21 i
208 1223 42 21 den
267 1223 143 21 kommunala
427 1223 216 28 sjelfförvaltningen
661 1222 26 21 de
704 1221 143 22 kommunala
864 1227 57 14 sam-

97 1252 88 22 hällena
208 1252 79 28 sjelfva
310 1254 48 20 utse
381 1253 27 21 de
430 1252 159 25 funktionärer,
611 1259 45 15 som
679 1255 37 18 äro
738 1250 34 22 för
794 1251 128 21 densamma

97 1282 148 28 nödvändiga,
270 1284 24 20 så
318 1290 67 20 synes
409 1283 35 21 det
470 1283 52 28 mig,
544 1284 72 20 såsom
637 1289 35 14 om
690 1282 35 21 det
743 1282 6 20 i
766 1282 37 20 det
818 1280 105 28 kyrkliga

96 1312 132 26 samfundet,
246 1312 39 22 der
301 1312 38 22 det
355 1312 48 22 icke
420 1315 25 18 är
461 1312 64 28 fråga
537 1319 36 15 om
585 1312 176 21 administration
773 1311 42 21 och
826 1310 96 27 tillämp-

97 1342 55 28 ning
171 1342 24 21 af
211 1342 70 28 lagar,
301 1344 53 19 utan
374 1349 36 14 om
427 1349 27 15 en
471 1342 216 22 lärareverksamhet
702 1340 35 22 för
752 1340 171 28 törsamlingens

97 1372 151 26 medlemmar,
273 1379 52 15 vore
348 1373 25 20 så
402 1372 89 28 mycket
519 1379 47 14 mer
588 1371 125 29 principielt
734 1370 83 28 riktigt,
838 1370 32 21 att
889 1369 33 25 de,

97 1402 75 20 hvilka
197 1402 61 21 skola
282 1402 90 21 komma
392 1402 5 20 i
418 1402 130 27 åtnjutande
565 1401 24 21 af
603 1402 73 20 denna
692 1400 166 28 undervisning,
875 1400 48 20 utse

97 1432 84 20 sådana
204 1438 111 21 personer,
341 1432 33 20 till
396 1432 75 20 hvilka
497 1432 27 20 de
547 1431 68 21 hafva
635 1431 36 21 det
691 1431 79 22 största
790 1428 133 23 törtroende.

97 1461 47 22 Och
161 1461 29 21 då
205 1461 110 28 yrkandet
331 1461 50 21 icke
397 1462 41 27 går
454 1463 24 19 ut
495 1461 69 28 derpå
580 1462 30 20 att
628 1461 43 21 alla
685 1460 123 28 imperiella
826 1459 97 28 pastorat

98 1491 69 22 skulle
192 1490 127 23 förvandlas
343 1491 33 21 till
401 1491 171 25 konsistoriella,
592 1492 57 25 utan
665 1490 57 21 blott
743 1490 68 28 derpå
833 1490 29 20 att
888 1488 34 21 det
