1103 1789
270 83 60 18 Ltvm.
343 88 29 13 n:o
386 83 10 18 1
410 82 51 19 lukk.
472 82 22 23 ja
506 82 41 18 urk.
560 82 151 23 palkkauksesta.
863 83 42 20 163

78 137 85 29 pitäjää
177 136 236 27 ulkoseurakunnasta,
431 143 28 14 on
471 136 77 21 mikäli
559 136 143 21 mahdollista.
712 135 129 27 vältettävä,
855 136 50 21 eikä

79 173 67 16 oman
161 166 157 21 seurakunnan
333 166 148 21 kirkkoherra
499 166 35 21 ole
550 165 98 22 missään
663 165 116 22 suhteessa
791 165 115 28 pidettävä

77 196 99 29 jäävinä.

152 255 153 22 Kirkkoherra
321 256 107 21 Forsman:
459 255 45 28 Jag
520 255 41 21 ber
577 256 33 20 att
625 254 26 22 fä
666 254 61 22 fästa
737 255 167 28 uppmärksam-

80 286 68 21 heten
163 285 39 22 vid
218 292 28 15 en
261 285 122 28 svärighet,
400 292 49 15 som
464 285 46 21 kan
521 285 138 28 uppkomma
669 285 38 21 vid
717 284 189 29 genomförandet

81 315 25 22 af
118 315 196 28 löneregleringen
329 315 8 21 i
353 314 199 29 församlingarna.
570 314 13 29 &
601 315 9 20 1
629 315 7 20 i
652 315 44 21 den
711 314 132 29 föreslagna
858 313 46 23 för-

81 345 125 28 ordningen
233 345 91 28 stadgar
340 346 32 20 att
388 345 145 28 regleringen
548 344 42 22 bör
605 343 147 30 genomföras
767 344 61 22 inom
836 339 14 38 5
873 345 31 20 är.

80 375 70 21 Detta
170 375 71 21 skulle
262 375 69 21 också
351 381 55 15 vara
427 374 95 29 möjligt,
540 381 36 14 om
592 374 108 22 utskottet
715 374 58 21 hade
789 374 117 21 bibehållit

81 405 44 21 den
149 405 60 28 gång
232 404 38 21 för
292 404 152 29 regleringen,
466 411 48 14 som
536 403 72 22 finnes
624 403 103 23 faststäld
742 404 7 21 i
765 403 13 29 $
794 405 13 20 2
825 403 24 22 af
862 404 43 21 den

81 434 84 29 nädiga
185 434 172 29 propositionen.
390 434 132 22 Emellertid
543 433 95 22 föreslär
658 434 108 21 utskottet
787 435 32 20 att
833 433 71 29 regle-

81 465 81 28 ringen
181 464 71 21 skulle
268 464 132 21 verkställas
417 463 25 22 af
455 463 165 29 församlingen
636 465 14 20 å
664 464 169 27 kyrkostämma
848 465 56 19 samt

82 495 33 20 att
130 496 141 26 guvernören
291 493 78 22 endast
391 494 57 28 egde
468 495 44 20 rätt
534 495 33 20 att
588 493 107 28 antingen
716 493 47 22 helt
779 493 42 22 och
836 493 70 22 hället

82 523 79 28 afböja
184 524 55 21 eller
262 523 147 22 oförändradt
432 523 120 29 godkänna
572 523 173 28 församlingens
760 523 79 22 beslut.
870 523 35 21 Nu

82 554 75 21 kunde
175 561 53 14 man
251 553 125 22 emellertid
396 553 70 22 tänka
487 553 35 28 sig
543 554 33 21 att
599 560 28 15 en
642 552 133 29 församling
790 553 54 22 flere
859 555 45 19 sär-

82 583 73 22 skilda
176 585 86 26 gänger
277 582 135 23 framställer
428 583 84 22 sädana
527 583 92 28 förslag,
636 590 47 15 som
700 585 140 26 guvernören
855 583 49 21 icke

83 620 65 15 anser
163 613 36 28 sig
214 613 76 21 kunna
304 612 117 27 fastställa,
439 613 42 21 och
497 613 87 22 säledes
595 613 71 22 skulle
677 613 143 28 regleringen
830 613 75 21 kunna

82 642 110 29 fördröjas
215 643 53 21 vida
290 642 88 23 utofver
394 643 13 21 5
425 644 29 20 år.
486 643 46 28 Jag
554 643 41 21 ber
616 642 77 22 derför
709 642 27 22 få
766 642 90 27 föreslå,
873 643 32 20 att

82 673 109 22 utskottet
206 673 38 21 vid
260 673 167 28 omredigering
443 672 25 22 af
481 672 174 29 ifrågavarande
671 673 12 28 &
694 673 69 28 måtte
773 674 54 27 taga
839 672 66 21 också

84 703 73 21 denna
173 703 166 28 omständighet
354 703 7 21 1
377 703 155 21 betraktande.

154 762 153 21 Kirkkoherra
330 763 125 21 Vartiainen:
486 762 62 21 Minä
568 762 114 28 pyytäisin
698 762 68 21 saada
784 762 121 21 kannattaa

83 792 147 21 kirkkoherra
251 792 125 21 Hannulaa.
408 791 35 22 On
466 792 138 28 tarpeellista
620 793 45 20 että
680 792 60 27 hyvä
755 792 45 21 väli
817 799 28 14 on
861 791 43 22 ole-

83 829 74 14 massa
172 822 163 21 kirkkoherran
348 822 25 27 ja
388 821 104 22 lukkarin
508 821 54 22 sekä
573 822 156 21 seurakunnan
742 821 82 26 välillä,
836 822 70 20 mutta

84 852 53 21 ihan
153 859 77 14 varma
246 859 29 14 on
297 853 51 25 että,
367 852 36 27 jos
425 859 67 14 oman
513 852 156 21 seurakunnan
685 852 147 21 kirkkoherra
847 851 59 21 tulee

83 881 210 28 puheenjohtajaksi
315 881 105 22 lukkarin
443 881 99 28 palkkaa
562 881 182 28 järjestettäessä,
767 881 139 22 useimmissa

83 911 140 28 tapauksissa
242 911 74 22 hänen
331 911 87 21 välinsä
431 911 209 28 jommankumman
656 911 81 22 kanssa
752 911 117 22 huononee
882 911 24 27 ja

84 941 52 21 siitä
159 948 28 14 on
210 941 65 21 viran
296 941 159 22 toimitukselle
479 941 92 21 haittaa.
603 941 115 28 Pyytäisin
739 941 44 26 siis,
805 940 101 21 niinkuin

85 971 84 26 sanoin,
186 971 123 21 kannattaa
324 971 149 22 kirkkoherra
488 971 122 21 Hannulan
626 971 117 21 ehdotusta
759 972 46 20 että
815 971 91 21 vieraan

85 1001 156 21 seurakunnan
256 1001 149 21 kirkkoherra
421 1001 163 21 määrättäisiin
602 1001 215 28 puheenjohtajaksi.

157 1059 121 22 Professori
301 1061 135 21 Hermanson:
468 1060 45 29 Jag
533 1060 41 21 ber
590 1061 32 20 att
638 1059 22 22 få
675 1060 136 21 understöda
825 1059 81 28 kyrko-

85 1090 85 21 herden
186 1090 119 21 Forsmans
320 1089 92 29 förslag.
444 1090 62 21 Hans
523 1090 149 28 anmärkning
683 1093 30 23 är,
728 1097 65 20 synes
805 1090 38 21 det
853 1089 53 27 mig,

86 1120 92 21 alldeles
193 1120 76 28 riktig,
286 1120 42 21 och
341 1120 171 21 konsekvensen
528 1119 25 21 af
566 1120 130 21 densamma
712 1122 30 24 är,
759 1121 32 19 att
802 1126 105 22 paragra-

85 1149 38 22 fen
138 1149 42 22 bör
196 1150 173 21 äterremitteras
385 1149 34 21 till
435 1150 108 21 utskottet
558 1149 52 21 med
626 1149 111 22 anmodan
752 1149 34 21 till
801 1149 106 21 utskottet

86 1180 32 20 att
135 1179 140 28 omredigera
298 1178 135 29 paragrafen
449 1180 24 20 sä
490 1180 32 20 att
537 1179 51 21 icke
604 1179 118 28 stridighet
737 1179 83 21 mellan
839 1180 8 19 1
866 1178 41 21 och

86 1210 13 20 2
116 1209 27 28 88
158 1210 98 27 uppstår.
272 1222 30 2 —
317 1209 52 21 Med
385 1209 123 28 anledning
524 1208 26 22 af
563 1209 27 21 de
606 1209 126 27 yttranden,
745 1216 48 14 som
806 1207 102 29 afgäfvos

85 1239 72 21 under
171 1239 250 27 principdiskussionen,
439 1239 71 21 skulle
524 1238 41 28 jag
580 1238 38 22 för
634 1238 46 22 min
697 1239 35 21 del
747 1238 69 22 hafva
831 1239 77 20 väntat

86 1268 47 28 mig
154 1270 32 20 ett
205 1268 101 28 yrkande
327 1270 29 27 pä
372 1270 33 20 att
420 1268 89 22 ständet
525 1268 50 22 icke
588 1268 71 22 skulle
675 1268 76 22 skrida
765 1268 35 21 till
815 1267 93 29 gransk-

86 1298 55 28 ning
155 1298 24 21 af
189 1297 254 29 författningsförslaget
454 1298 7 21 i
473 1298 75 28 detalj,
560 1299 54 20 utan
625 1300 33 19 att
665 1298 51 22 hela
723 1297 109 29 förslaget
839 1298 69 20 måtte

87 1328 173 22 äterremitteras
270 1328 35 21 till
312 1328 108 22 utskottet
430 1327 36 23 för
474 1329 33 20 att
515 1328 126 21 omarbetas
649 1329 30 27 pä
687 1328 139 28 grundvalen
835 1326 24 22 af
866 1326 43 22 den

87 1358 147 28 grundsatsen
243 1359 32 20 att
283 1358 137 21 klockarena
428 1358 63 21 skola
500 1357 23 22 fä
532 1364 28 15 en
569 1357 59 22 efter
636 1358 103 21 nutidens
751 1356 158 22 förhällanden

87 1388 42 21 och
144 1388 98 27 kyrkans
258 1387 54 21 kraf
324 1388 91 28 lämpad
431 1388 112 28 ordentlig
560 1387 104 29 aflöning.
696 1388 35 20 En
747 1388 69 20 sädan
827 1386 81 29 grund-

86 1418 47 26 sats
149 1417 71 21 skulle
235 1416 69 22 hafva
318 1416 61 22 kräft
395 1424 28 15 en
440 1417 157 28 omarbetning
613 1416 25 22 af
650 1424 48 14 mer
714 1420 28 18 än
759 1424 27 14 en
796 1415 112 30 paragraf.

87 1447 35 21 Då
145 1454 30 14 nu
199 1448 31 20 ett
253 1447 79 21 sådant
355 1447 101 27 yrkande
480 1447 50 21 icke
550 1446 75 22 blifvit
640 1446 125 22 framstäldt
780 1446 35 22 för
831 1446 78 27 detalj-

86 1476 169 28 granskningen
271 1477 42 21 och
329 1476 38 22 det
383 1477 6 21 i
406 1476 122 22 allmänhet
544 1479 25 19 är
584 1477 80 27 ytterst
680 1478 61 20 svårt
756 1478 32 19 att
804 1476 7 21 i
822 1483 29 14 en
863 1474 46 22 för-
