1109 1761
319 100 50 18 Lvm.
383 105 29 12 n:o
426 101 11 16 6
450 99 242 24 asianajajayhdistyksistä
875 100 43 20 357

163 153 44 22 Det
224 153 103 22 anfördes
343 154 68 21 också
427 154 32 21 att
475 160 28 15 en
518 153 82 22 redbar
616 160 80 21 person
715 153 156 28 tilläfventyrs,
883 160 36 14 om

92 183 151 30 lagförslaget
258 183 6 21 i
281 183 65 28 fråga
361 183 74 22 blefve
451 183 44 28 lag,
512 183 75 22 kunde
603 183 110 22 komma
700 179 15 38 i
729 183 43 22 den
783 183 134 28 belägenhe-

91 216 39 19 ten
154 214 32 21 att
202 213 45 21 han
262 213 49 22 icke
327 213 62 28 finge
407 214 82 27 någon,
506 220 48 14 som
571 212 77 23 drefve
664 213 56 21 hans
736 213 46 21 sak.
814 213 106 21 Deremot

91 247 26 18 är
133 244 33 21 att
180 243 113 28 påminna,
310 243 32 21 att
357 243 120 28 ingenting
491 243 93 21 hindrar
598 243 84 21 honom
698 244 33 20 att
741 242 54 28 själf
803 241 72 22 drifva
886 242 34 21 sin

92 273 47 26 sak,
164 273 42 22 och
226 279 36 14 om
277 273 45 20 han
338 273 71 21 skulle
424 272 99 22 behöfva
537 273 90 21 biträde
643 272 25 21 af
681 279 28 15 en
723 272 106 28 juridiskt
844 272 76 21 bildad

92 302 125 26 sakförare,
241 302 77 26 skulle,
343 302 70 28 enligt
429 303 13 20 3
463 302 12 28 8
491 302 7 21 i
518 301 115 29 förslaget,
651 309 28 15 en
695 302 25 21 af
734 302 86 21 enskild
837 301 84 22 anlitad

92 339 81 21 person
189 332 76 21 kunna
280 332 111 28 uppträda
406 339 47 15 som
470 331 125 27 sakförare,
611 334 42 19 när
669 332 124 21 domstolen
809 332 38 21 det
861 332 58 20 tillå-

92 364 40 20 ter.
165 362 45 22 Det
225 362 72 21 heter:
317 362 57 21 »Vill
390 362 70 21 sådan
476 369 81 21 person
573 362 7 21 i
597 362 97 21 enskildt
709 362 46 20 mål
770 361 54 22 föra
835 368 85 14 annans

92 392 68 27 talan,
177 391 78 30 pröfve
271 392 73 21 rätten
360 398 36 15 om
413 392 36 21 det
465 392 83 21 tillåtas
565 393 58 20 må».
655 391 74 22 Också
744 391 91 22 utanför
846 390 75 22 sakfö-

93 422 156 27 rareförening
265 422 91 21 stående
371 422 45 20 kan
433 422 92 25 således,
542 424 42 18 när
600 422 38 21 det
653 422 50 21 icke
720 424 25 18 är
761 420 64 29 fråga
841 427 36 15 om
893 427 28 15 en

93 451 162 28 yrkesmässigt
277 450 93 22 utöfvad
394 451 131 28 advokatyr,
541 451 112 28 uppträda
668 451 8 21 i
692 451 102 21 enskilda
810 451 45 20 mål
870 450 52 22 med

94 481 107 21 domstols
217 481 105 26 tillstånd,
339 481 42 21 och
397 482 55 20 våra
468 481 121 21 domstolar
605 480 68 22 hafva
689 487 46 22 nog
745 481 93 26 bevisat,
851 482 32 20 att
894 480 27 21 de

94 511 49 22 icke
160 510 97 29 oskäligt
271 511 81 21 hindra
367 512 75 27 någon
458 510 50 22 från
524 512 33 20 att
572 511 111 28 uppträda
698 517 48 15 som
762 510 122 22 sakförare.

166 541 32 20 På
214 540 64 22 dessa
293 541 48 20 skäl
357 541 42 21 och
411 541 28 21 de
450 541 104 28 grunder,
567 548 48 14 som
626 540 87 22 anförts
725 540 25 21 af
757 539 166 30 professorerna

94 570 123 22 Danielson
232 571 41 20 och
289 570 98 26 Donner,
403 571 72 21 skulle
488 571 41 27 jag
544 570 39 22 för
598 571 47 20 min
661 571 36 21 del
712 571 57 27 yrka
780 571 30 27 på
821 571 31 20 att
863 571 59 20 stån-

95 600 38 22 det
143 600 50 21 icke
204 601 69 20 måtte
283 599 100 22 förkasta
393 600 111 28 förslaget
514 601 55 20 utan
580 600 76 22 skrida
663 600 34 21 till
708 600 213 28 detaljgranskning.

167 658 121 23 Professori
305 659 90 23 Palmén:
411 659 176 23 Oikeusreformi
603 667 29 14 on
648 661 93 27 tarpeen
752 660 89 21 meidän
851 666 72 14 maas-

96 696 94 20 samme,
214 690 43 20 sitä
279 690 61 20 asiaa
363 691 64 20 useat
446 690 91 28 juristit,
559 690 77 28 joiden
660 690 188 27 arvostelukykyä
864 689 60 21 minä

95 720 95 21 suuresti
212 719 137 27 kunnioitan,
374 721 53 20 ovat
448 720 48 21 niin
517 720 96 21 monasti
627 720 25 27 ja
667 719 165 22 vakuuttavasti
849 719 74 21 esittä-

96 750 59 26 neet,
172 749 54 22 ettei
233 749 102 21 Aminulla
350 749 57 21 siinä
422 750 90 21 kohden
529 750 35 21 ole
580 750 152 21 vähintäkään
749 750 65 27 syytä
825 749 98 28 epäilyk-

97 780 49 20 siin.
178 779 65 28 Enpä
265 779 124 27 myöskään
411 780 38 21 voi
472 780 60 20 tässä
547 780 91 21 kohden
654 780 87 20 asettua
756 779 49 21 sille
820 778 105 22 kannalle

96 810 47 20 että
165 809 105 27 nykyiset
289 809 131 22 valtiolliset
437 810 46 21 olot
499 809 88 22 olisivat
604 811 90 19 esteenä
709 808 148 22 uudistuksiin
872 808 52 28 ryh-

95 839 122 28 tymiselle;
241 839 52 28 päin
314 839 88 21 vastoin
421 846 30 14 ne
474 839 140 21 kehoittavat
637 839 78 26 siihen,
741 839 48 21 sillä
805 839 55 21 mitä
874 839 50 27 tyy-

97 869 163 27 dyttävämmät
283 869 46 20 olot
352 876 148 14 maassamme
517 871 58 24 ovat,
598 869 43 20 sitä
660 869 148 20 varmemmin
828 868 97 21 voimme

96 898 56 21 niitä
176 898 120 28 ulkoapäin
319 899 106 21 tulevista
445 899 165 21 vaikutuksista
625 898 99 28 suojella.
756 898 63 21 Tällä
835 905 27 14 en
878 898 47 21 kui-

96 928 99 21 tenkaan
210 928 68 21 tahdo
294 935 69 15 sanoa
378 929 145 27 yhdistyväni
539 928 139 21 muutamain
693 928 115 21 edellisten
819 927 107 29 puhujain

97 958 89 26 kanssa,
208 957 64 28 jotka
295 958 95 21 eritoten
414 958 186 21 ulkomaalaisten
620 958 84 21 tähden
719 958 86 28 pitävät
819 957 108 22 tärkeänä

98 988 46 21 että
167 987 90 22 meidän
281 988 232 21 oikeuslaitoksemme
531 988 62 21 tulisi
608 988 91 28 hyvään
713 988 76 21 tilaan.
821 987 62 21 Minä
899 994 28 15 en

98 1020 114 25 ymmärrä
235 1019 78 20 muuta
331 1018 55 21 kuin
401 1019 47 20 että
463 1025 24 14 se
503 1018 115 28 kysymys,
635 1017 144 22 havaitseeko
793 1017 55 28 joku
863 1017 63 21 ulko-

99 1047 128 22 maalainen
241 1047 90 22 meidän
347 1048 236 21 oikeuslaitoksemme
598 1047 103 28 hyväksi,
717 1048 61 28 pitää
794 1047 43 22 sitä
852 1053 74 16 enem-

98 1080 53 18 män
174 1077 32 21 tai
224 1077 135 22 vähemmän
379 1078 172 27 tyydyttävänä,
569 1085 29 14 on
616 1077 167 22 vähäarvoinen
798 1077 130 22 verrattuna

99 1107 78 26 siihen,
199 1107 35 28 jos
250 1107 130 28 kymmenet
395 1107 110 22 tuhannet
520 1108 31 21 tai
568 1107 116 28 miljoonat
699 1107 143 22 suomalaiset
857 1107 70 21 kärsi-

99 1138 44 20 vät.
170 1137 111 21 Maamme
304 1137 75 22 omain
402 1137 152 22 kansalaisten
570 1137 108 22 kannalta
697 1137 61 21 minä
773 1137 38 21 siis
827 1137 101 21 katselen

99 1168 48 19 tätä
162 1167 67 20 asiaa.

171 1196 72 21 Mutta
258 1196 45 21 kun
324 1196 169 22 oikeusreformi
509 1197 60 21 tulee
585 1197 172 27 kysymykseen,
773 1196 107 22 tahtoisin
895 1197 33 20 to-

101 1226 98 21 dellakin
215 1226 44 21 olla
274 1233 79 15 varma
368 1227 46 21 että
436 1234 23 14 se
475 1227 67 21 keino
556 1226 25 28 ja
596 1233 29 15 ne
641 1226 170 28 välikappaleet,
826 1226 64 28 joilla
905 1232 24 14 se

100 1262 105 22 pannaan
225 1256 105 26 toimeen,
353 1256 89 22 olisivat
459 1256 181 22 asianmukaiset.
671 1256 69 21 Tässä
755 1256 111 28 tarjotaan
882 1255 46 21 kei-

100 1286 53 27 noja
168 1286 82 26 meillä,
265 1286 65 27 jotka
345 1293 74 15 emme
435 1286 36 22 ole
486 1286 73 28 kyllin
575 1286 118 22 onnelliset
704 1287 46 20 että
761 1286 169 21 omistaisimme

100 1315 171 22 ammattitietoa
292 1316 25 27 ja
337 1316 71 21 taitoa
431 1316 90 25 asiassa,
539 1316 77 22 meillä
640 1322 29 15 on
692 1317 41 26 nyt
749 1315 137 22 ensimäinen
901 1315 28 21 ti-

100 1345 84 21 laisuus
206 1345 71 21 tutkia
293 1345 68 21 asiaa.
393 1345 70 22 Sama
477 1346 109 28 kysymys
602 1346 30 21 oli
647 1346 58 21 tosin
721 1346 62 21 esillä
801 1346 56 20 1897
873 1351 56 15 vuo-

101 1375 44 21 den
168 1375 168 28 valtiopäivillä,
361 1377 72 20 mutta
455 1382 100 15 samassa
573 1376 46 21 kun
635 1376 68 28 pidän
718 1375 105 28 täydessä
838 1381 93 15 arvossa

101 1404 56 22 niitä
172 1405 122 27 päätöksiä,
313 1404 66 28 jotka
394 1405 99 22 Suomen
509 1405 80 28 säädyt
604 1405 91 22 tekevät
708 1405 25 28 ja
748 1405 73 21 silloin
837 1404 93 26 tekivät,

100 1434 93 28 pyydän
216 1434 117 22 kuitenkin
358 1435 69 21 saada
450 1435 79 21 lausua
545 1437 52 24 että,
614 1435 46 21 kun
676 1435 47 21 asia
737 1435 60 21 tulee
813 1434 118 28 valtiopäi-

102 1464 52 21 väin
169 1464 134 21 viimeisellä
318 1464 100 27 viikolla,
433 1465 80 27 jolloin
528 1465 76 21 tuskin
620 1465 90 20 kukaan
725 1464 54 22 ehtii
790 1465 77 20 muuta
877 1464 53 21 kuin

101 1493 82 22 kerran
206 1493 120 22 lukemaan
347 1494 125 22 mietinnön
493 1494 26 28 ja
542 1494 125 26 asetuksen,
691 1494 48 21 niin
761 1501 28 14 on
804 1494 65 27 tietty
886 1494 46 21 että
