1106 1795
304 94 51 17 Lvm.
368 99 30 12 n:o
410 94 11 17 6
435 92 243 24 asianajajayhdistyksistä
863 93 42 20 383

78 156 54 15 man
147 149 8 20 i
170 149 33 20 ett
218 148 78 21 sådant
312 147 40 22 fall
367 147 8 22 i
391 147 100 28 enlighet
502 147 52 22 med
565 147 28 22 de
603 147 110 21 moderna
723 146 184 29 processlagarna

79 179 71 22 skulle
165 177 91 22 förfara.
280 177 43 22 Om
339 178 32 21 ett
386 177 74 28 dylikt
475 176 39 22 fall
529 176 140 23 förekomme
686 177 7 20 i
708 176 113 26 brottmål,
836 175 70 22 skulle

81 207 124 24 domstolen
220 207 106 22 förordna
341 208 75 27 någon
432 207 98 22 advokat
546 208 33 20 att
588 206 90 22 biträda
688 206 152 28 brottslingar.
864 205 43 22 Om

77 239 41 28 jag
139 238 51 21 icke
210 237 87 22 minnes
317 238 65 25 orätt,
402 237 73 21 finnes
497 237 37 21 det
555 237 69 21 också
639 236 8 21 i
662 237 15 20 4
693 236 13 28 &
723 235 25 22 af
760 235 147 22 förevarande

79 268 85 28 förslag
184 268 32 21 ett
236 267 123 28 stadgande
380 267 84 26 derom,
487 267 32 21 att
537 266 98 22 medlem
651 265 25 22 af
689 265 218 28 saktörareförening

80 301 26 19 är
126 297 90 28 skyldig
237 298 32 20 att
289 298 53 20 utan
362 297 118 28 betalning
501 297 7 20 i
528 297 150 28 rättegången
693 296 90 21 biträda
798 294 35 23 för
849 294 59 30 groft

80 328 61 21 brott
161 327 112 26 anklagad
294 333 87 22 person,
402 333 47 15 som
466 327 19 27 ej
504 325 54 29 själf
570 325 85 22 förmår
670 326 95 21 bekosta
781 326 78 21 sådant
874 325 33 21 bi-

80 357 70 26 träde,
168 358 58 20 samt
241 358 71 20 såsom
329 355 128 30 fullmäktig
472 356 76 28 hjelpa
564 355 67 22 äfven
647 363 75 14 annan
733 355 107 22 medellös
851 356 56 28 part.

81 388 53 21 Men
149 388 33 21 att
197 387 37 21 det
249 387 50 21 icke
314 386 8 21 i
338 393 28 14 en
380 386 38 22 hel
428 384 221 30 sakförareförening
660 385 72 22 skulle
743 385 72 22 finnas
827 387 80 27 någon,

82 424 48 15 som
153 418 66 27 åtoge
241 417 35 28 sig
296 418 33 20 att
345 416 73 22 drifva
433 423 29 15 en
477 416 48 27 sak,
541 416 93 22 hvilken
649 416 50 21 icke
714 422 54 15 vore
784 416 125 28 uppenbart

82 447 89 28 oriktig,
188 447 37 21 det
240 447 45 20 kan
298 446 41 29 jag
354 446 50 21 icke
419 453 72 21 gerna
506 447 41 20 tro.
579 446 52 21 Icke
647 446 72 21 heller
734 446 71 21 skulle
819 445 40 28 jag
874 444 35 22 för

82 477 47 21 min
144 477 36 21 del
196 477 76 20 kunna
287 477 29 28 gå
331 477 24 20 in
370 477 30 27 på
415 477 32 20 att
463 477 54 20 utan
532 475 79 22 vidare
627 475 46 21 låta
688 475 94 22 domstol
795 475 54 22 eller
859 475 49 21 sak-

82 506 178 28 föraretörening
278 506 82 29 ålägga
376 513 27 14 en
419 505 88 22 enskild
523 505 98 22 advokat
637 506 32 20 att
685 506 68 27 åtaga
768 505 35 28 sig
819 511 28 15 en
862 505 46 26 sak,

83 544 47 14 som
147 537 72 21 denne
234 535 73 22 finner
321 535 127 29 uppenbart
463 535 131 28 orättrådig,
618 535 35 21 En
663 535 117 28 uppenbar
791 535 118 28 brottsling

83 567 43 21 kan
142 573 53 14 man
210 566 63 21 alltid
289 565 106 22 försvara.
424 565 53 22 Man
493 565 45 21 kan
553 565 116 28 nämligen
685 564 119 22 framhålla
820 565 27 21 de
863 571 46 15 om-

83 596 159 29 ständigheter,
261 603 47 14 som
323 597 54 20 utan
393 595 137 28 sanningens
547 595 166 21 åsidosättande
729 595 76 20 kunna
821 593 88 23 anföras

83 627 35 20 till
138 625 88 23 försvar
245 625 35 22 för
300 626 89 26 honom,
410 627 55 20 utan
485 626 32 20 att
538 632 53 14 man
611 624 36 22 för
667 625 44 21 den
727 625 57 21 skull
800 625 40 21 vill
855 627 56 25 göra

83 657 83 21 honom
190 655 106 28 skuldlös;
319 662 52 15 men
392 656 32 20 att
445 655 38 21 det
503 655 50 21 icke
574 655 71 21 skulle
665 654 74 21 finnas
760 655 81 28 någon,
863 661 47 14 som

84 687 66 28 åtoge
166 685 35 29 sig
216 692 28 15 en
259 686 47 26 sak,
322 685 91 22 hvilken
428 684 109 28 förtjenar
553 685 33 21 att
601 683 120 28 försvaras,
739 684 36 21 det
786 687 25 18 är
823 685 30 21 ett
864 683 45 27 fall,

84 723 48 14 som
145 716 41 27 jag
201 715 49 22 icke
265 717 47 20 tror
326 716 33 20 att
374 722 52 14 man
442 714 109 22 behöfver
566 713 85 23 befara.

156 787 153 21 Kirkkoherra
338 786 104 27 Bergroth:
477 786 87 22 Luulen
590 787 46 20 että
661 782 250 32 korporatsioonihenki

85 817 90 22 meidän
195 823 87 14 maassa
302 823 29 14 on
349 816 98 28 joksikin
470 816 79 21 vahva.
581 815 127 28 Ajatellaan
729 817 46 20 että
794 816 116 27 kymmen-

86 847 70 21 kunta
175 846 105 22 henkilöä
293 846 100 28 jossakin
409 845 285 29 hovioikeuskaupungissa
710 852 29 15 on
755 845 156 22 muodostanut

86 876 276 28 asianajajayhdistyksen.
388 875 59 22 Joku
463 875 149 28 yhdistyksen
625 875 109 28 jäsenistä
749 877 87 20 saattaa
852 876 61 21 ottaa

85 907 55 21 liian
154 906 77 29 paljon
252 906 102 28 palkkaa.
386 905 52 22 Kun
459 906 48 21 asia
523 905 108 22 esitetään
650 905 169 28 yhdistykselle,
836 905 36 21 voi
889 911 23 15 se

86 937 78 20 katsoa
187 937 47 20 että
253 935 177 29 puheenalainen
452 935 124 28 asianajaja
597 942 30 15 on
647 936 88 21 ottanut
763 935 150 22 kohtuullisen

86 966 90 29 palkan.
200 965 135 28 Maksajasta
350 967 48 20 taas
414 972 29 15 on
459 965 76 22 selvää
551 967 46 20 että
612 965 46 21 hän
673 965 69 21 vaatii
755 965 55 21 liian
830 964 81 29 paljon.

88 995 62 22 Siinä
173 995 43 22 sitä
239 995 79 22 ollaan.
349 995 152 28 Yhdistyksen
521 995 88 28 jäsenet
631 995 78 21 voivat
731 1001 69 15 sanoa
822 995 92 21 etteivät

87 1026 67 21 tahdo
178 1025 51 28 ajaa
250 1025 98 22 tällaista
370 1025 67 21 asiaa.
469 1025 115 21 Tulemme
607 1025 117 21 tällaiseen
748 1025 107 21 mutkaan
875 1031 39 14 sen

88 1056 77 21 kautta
181 1056 45 21 että
242 1056 122 21 asetumme
378 1055 113 26 kannalle,
505 1055 56 28 joka
576 1061 28 15 on
620 1054 129 22 mahdoton.

161 1126 121 23 Professori
303 1128 134 21 Hermanson:
468 1127 10 20 1
500 1128 32 20 ett
551 1126 41 22 fall
612 1127 85 26 sädant,
715 1133 48 15 som
779 1127 37 21 det
832 1126 82 28 kyrko-

92 1157 84 22 herden
196 1157 110 28 Bergroth
317 1156 137 27 förutsätter,
471 1163 52 15 men
539 1163 48 15 som
600 1157 41 28 jag
656 1157 50 21 icke
722 1158 47 20 tror
784 1156 57 21 skall
857 1155 57 22 före-

89 1187 97 26 komma,
207 1187 41 21 har
263 1188 50 27 part
328 1188 97 27 utvägen
443 1187 32 21 att
491 1186 54 29 själf
557 1187 75 21 lemna
647 1187 24 20 in
687 1187 34 20 sin
737 1185 65 22 skrift
817 1186 34 21 till
867 1185 46 22 hof-

90 1218 79 25 rätten,
191 1217 42 21 och
253 1217 49 21 icke
318 1219 38 19 äro
380 1218 55 20 vära
451 1216 122 22 domstolar
588 1217 25 20 sä
627 1215 132 22 handfallna
774 1217 33 20 att
823 1216 27 21 de
866 1215 49 22 icke

90 1247 75 20 kunna
181 1247 54 21 reda
250 1247 35 28 sig
300 1247 7 20 i
324 1253 27 15 en
367 1247 69 20 sädan
453 1246 46 21 sak.

162 1311 121 22 Professori
307 1312 116 21 Danielson:
457 1311 82 22 Onhan
562 1311 179 22 asianomaisella
763 1311 154 22 semmoisessa

91 1342 151 28 tapauksessa,
266 1342 59 27 josta
350 1341 147 22 kirkkoherra
520 1341 112 28 Bergroth
657 1341 76 28 puhui,
758 1341 159 21 mahdollisuus

92 1371 98 22 hankkia
210 1371 122 28 asianajaja
353 1371 99 22 muualta
467 1370 124 23 Suomesta.
623 1371 114 22 Tuleehan
753 1370 164 29 asianajajayh-

92 1401 109 28 distyksiä
216 1401 102 22 olemaan
333 1401 138 21 muuallakin
482 1401 54 21 kuin
547 1401 58 21 siinä
615 1401 158 28 kaupungissa,
783 1401 61 28 jossa
855 1400 62 21 mah-

94 1431 106 21 dollisesti
216 1431 137 21 tämmöinen
368 1438 81 21 rengas
465 1431 101 27 syntyisi.
593 1431 53 21 Että
661 1432 48 20 taas
725 1431 96 28 syntyisi
837 1437 80 21 rengas

92 1461 141 21 lakimiesten
255 1461 83 21 kesken
360 1461 61 20 halki
442 1461 59 21 koko
523 1467 74 20 maan,
617 1462 80 19 tuntuu
717 1461 133 21 kerrassaan
871 1459 48 22 niin

93 1490 184 22 mahdottomalta
293 1491 60 20 etten
368 1490 43 21 sitä
426 1490 37 22 voi
478 1490 77 21 uskoa.
