1103 1764
332 96 228 19 Pankkivaltuusmiesten
572 97 95 18 kertomus
858 96 37 22 141

71 150 84 23 tähden
175 150 99 22 Suomen
295 150 87 22 Pankki
403 157 67 15 eroaa
489 150 92 22 muiden
601 150 90 22 maiden
709 150 118 28 pankeista
842 149 57 22 siinä

70 181 91 22 kohden
185 182 47 20 että
256 187 24 15 se
300 180 61 29 pitää
382 180 187 22 vararahastonsa
584 187 150 21 suurempana
748 180 54 22 kuin
821 179 77 22 kanta-

71 211 112 22 rahaston.
206 210 98 22 Muualla
319 217 29 15 on
364 210 53 22 ihan
432 210 118 22 vastainen
566 210 122 28 menettely
704 211 108 20 sääntönä
822 209 75 28 syistä,

69 240 74 29 joihin
161 242 60 20 tässä
242 247 29 15 on
291 241 141 27 tarpeetonta
452 240 86 22 viitata.
570 240 100 21 Luulisin
686 241 52 25 että,
754 239 84 22 vaikka
852 239 47 21 asia

72 270 21 22 ei
115 270 35 22 ole
168 270 69 22 kovin
252 270 85 26 tärkeä,
354 270 115 22 meilläkin
485 270 50 22 olisi
551 271 66 27 syytä
633 270 79 28 siirtyä
726 269 73 22 siihen
814 270 84 20 menet-

71 300 86 28 telyyn.
192 300 113 22 Varmaan
334 300 162 21 vararahaston
526 299 170 22 kohottaminen
726 299 174 21 kantarahastoa

72 329 133 29 ylemmäksi
224 336 102 15 suuressa
344 330 88 21 määrin
451 336 29 15 on
499 330 110 28 syntynyt
627 336 39 15 sen
681 329 80 21 kautta
776 330 46 20 että
837 328 61 22 vähi-

71 359 71 23 tellen
160 366 29 15 on
209 360 42 21 sitä
267 360 120 27 enennetty
404 359 51 22 eikä
471 359 35 22 ole
521 359 103 22 tahdottu
640 360 144 20 vartavasten
799 359 100 21 muuttaa

73 389 151 28 ohjesääntöä,
239 389 61 28 jossa
315 389 161 21 vararahaston
489 389 49 28 ylin
548 389 49 28 raja
607 389 21 21 ei
639 389 35 21 ole
686 390 118 26 määrätty.
829 388 71 22 Mutta

73 419 47 22 kun
140 421 41 26 nyt
201 419 116 22 kuitenkin
335 419 60 28 juuri
415 419 257 29 pankkivaltuusmiehet
692 419 130 21 ehdottavat
837 425 61 15 muu-

73 448 74 22 toksia
167 449 166 28 ohjesääntöön,
349 449 49 21 niin
413 456 28 14 en
456 452 121 25 ymmärrä,
594 448 161 22 minkätähden
770 448 21 22 ei
807 448 93 22 samalla

74 478 90 22 voitaisi
179 478 104 28 myöskin
298 480 101 20 muuttaa
418 479 26 21 18
460 479 104 28 pykälää,
578 478 55 28 joka
648 481 92 19 määrää
754 478 145 22 kantarahas-

74 510 39 20 ton
133 508 134 27 suuruuden,
286 508 63 29 joten
371 508 38 22 siis
430 515 28 16 ne
473 508 113 27 lisävarat,
601 508 64 29 jotka
680 510 42 27 nyt
736 508 100 22 tulisivat
851 508 48 22 siir-

75 539 116 22 rettäviksi
213 539 84 28 pankin
320 539 144 26 rahastoihin,
486 539 131 28 joutuisivat
639 539 190 22 kantarahastoon
849 538 51 22 eikä

75 569 181 21 vararahastoon.

148 627 121 23 Professori
292 629 88 22 Donner:
413 628 34 22 De
469 628 139 29 föregäende
627 628 68 22 ärade
715 628 112 22 talarenas
843 629 56 20 utta-

75 657 82 23 landen
165 658 75 21 kunde
248 658 37 21 väl
294 657 62 30 gifva
366 658 123 29 anledning
499 658 35 21 till
544 658 79 29 längre
634 658 160 29 utläggningar
805 657 94 23 rörande

76 687 101 22 bankens
196 687 107 29 ställning
322 688 43 21 och
387 688 50 22 dess
452 687 144 23 förhällande
616 688 35 21 till
666 688 158 26 allmänheten,
848 694 51 16 men

73 717 42 29 jag
129 717 41 22 vill
185 716 93 23 försöka
293 718 121 21 inskränka
430 718 47 28 mig
492 718 34 21 till
542 719 71 28 nägra
629 717 23 22 fä
667 718 157 29 antydningar.

149 747 42 22 Om
207 755 52 14 man
275 747 115 22 betraktar
406 747 107 22 Finlands
529 747 76 22 Banks
619 748 143 21 verksamhet
776 747 72 22 under
863 747 37 22 det

76 778 88 21 senaste
184 777 117 26 ärtiondet,
318 779 25 20 sä
358 777 113 29 afspeglar
487 778 74 21 denna
576 777 143 22 verksamhet
734 777 43 22 den
793 777 38 22 för
846 778 55 21 vära

77 805 158 24 förhällanden
254 806 104 30 ofantligt
376 808 77 21 starka
473 807 146 22 ekonomiska
633 807 137 29 utveckling,
787 814 48 15 som
851 807 48 22 der-

76 836 71 22 under
167 836 123 29 försiggätt
306 837 6 21 i
328 838 50 21 värt
394 837 59 22 land.
485 837 85 22 Nästan
585 837 79 28 hvarje
679 837 70 22 tabell
765 837 7 22 i
788 836 111 23 bankfull-

77 866 110 29 mäktiges
207 866 120 23 berättelse
348 870 24 18 är
392 868 30 27 pä
443 867 38 21 sitt
497 868 44 21 sätt
557 868 31 21 ett
603 867 90 28 uttryck
709 867 38 22 för
763 867 136 22 densamma.

78 895 114 22 Granskar
213 903 53 15 man
281 898 15 20 t.
313 903 35 16 ex.
364 896 196 29 framställningen
576 904 36 15 om
628 897 106 28 beloppet
749 896 25 23 af
787 897 27 22 de
830 896 69 22 utelö-

77 925 74 29 pande
167 926 110 27 sedlarna,
293 926 73 23 finner
381 934 53 14 man
449 928 33 20 att
498 927 154 22 sedelstocken
667 927 63 28 stigit
745 926 50 23 frän
811 928 32 20 ett
861 926 39 22 be-

79 956 52 28 lopp
147 955 26 22 af
185 957 72 27 nägra
272 957 43 21 och
330 957 30 21 40
376 957 103 28 miljoner
495 957 34 21 till
545 956 64 23 öfver
625 957 29 21 70
668 957 110 28 miljoner.
810 956 89 29 Nägon-

78 987 62 27 gäng
155 986 42 21 har
213 986 43 22 den
272 986 62 29 stigit
350 987 58 21 ända
423 986 35 22 till
474 986 63 22 öfver
553 988 30 20 80
598 987 108 28 miljoner.
734 987 68 22 Detta
814 990 26 18 är
851 986 48 22 icke

78 1017 87 20 ensamt
188 1022 29 15 en
239 1015 58 29 följd
318 1016 66 22 deraf
402 1018 32 20 att
454 1016 90 22 banken
563 1016 72 22 skulle
658 1016 68 22 hafva
741 1017 109 21 utsträckt
866 1016 34 22 sin

77 1045 102 29 utläning
199 1046 41 21 och
262 1046 129 28 derigenom
411 1045 66 23 afsett
496 1046 57 22 blott
573 1046 42 22 och
638 1046 51 22 bart
705 1054 27 14 en
748 1048 70 20 större
834 1046 65 26 vinst,

77 1076 54 20 utan
148 1075 73 22 denna
236 1076 104 28 stegrade
356 1076 103 28 utläning
474 1076 41 21 har
531 1075 54 29 själf
597 1076 59 22 varit
666 1083 28 15 en
705 1076 130 28 nödvändig
845 1075 56 29 följd

78 1104 25 22 af
121 1104 185 23 förhällandenas
326 1113 56 21 egen
401 1106 131 28 utveckling
552 1106 7 21 i
574 1108 51 19 värt
646 1106 59 26 land,
722 1106 26 22 af
760 1106 44 22 den
820 1106 81 21 snabbt

77 1134 138 22 tillväxande
231 1135 109 22 industrin
356 1136 42 21 och
415 1136 27 21 de
458 1134 152 24 förbindelser
625 1137 49 21 värt
690 1136 53 22 land
753 1136 41 22 har
805 1136 52 22 med
867 1136 32 21 ut-

78 1164 84 26 landet,
179 1164 44 22 den
239 1167 79 27 export
333 1172 47 15 som
397 1167 39 27 egt
451 1172 49 15 rum
517 1166 42 21 och
575 1166 28 21 de
618 1166 120 21 utländska
747 1166 95 26 valutor,
853 1172 48 15 som

78 1194 108 28 erbjudits
203 1194 89 23 banken
308 1195 34 21 till
358 1195 93 22 inlösen.
476 1195 33 22 Ur
524 1196 62 21 detta
601 1195 142 23 förhållande
754 1195 100 29 framgår
869 1194 32 22 äf-

79 1230 43 16 ven
137 1224 199 29 nödvändigheten
351 1224 36 23 för
402 1225 91 22 banken
509 1226 32 20 att
557 1226 100 28 ständigt
672 1226 51 21 med
740 1226 42 21 den
798 1224 103 30 stigande

78 1254 99 22 rörelsen
193 1253 83 23 föröka
291 1255 38 21 sitt
344 1256 52 27 eget
411 1255 93 28 kapital.
531 1254 31 22 Så
577 1256 72 21 måste
664 1255 39 22 ske
719 1256 7 20 i
742 1257 50 20 vårt
802 1255 60 26 land,
873 1256 29 27 på

78 1290 86 15 samma
187 1285 43 20 sätt
253 1291 48 15 som
325 1285 37 21 det
385 1285 59 21 skett
459 1284 8 22 i
483 1285 71 21 andra
574 1285 85 21 länder.
689 1285 29 22 Vi
733 1284 98 23 behöfva
846 1284 57 22 blott

78 1313 75 21 erinra
176 1320 35 15 oss
235 1313 100 29 Sverige.
367 1314 44 22 För
434 1315 39 21 två
494 1316 13 20 a
526 1316 35 20 tre
582 1314 117 22 årtionden
715 1315 68 21 sedan
799 1314 104 29 utgjorde

78 1343 96 21 svenska
195 1343 148 23 riksbankens
362 1343 129 29 grundfond
509 1345 29 21 25
559 1344 104 28 miljoner
682 1345 48 26 och,
747 1352 36 14 om
796 1345 42 28 jag
853 1344 50 22 icke

77 1372 88 22 minnes
181 1374 64 26 orätt,
262 1373 160 23 reservfonden
438 1375 13 19 5
467 1374 114 29 miljoner;
597 1381 94 15 numera
706 1374 67 22 hafva
790 1375 28 21 de
829 1373 74 23 blifvit

78 1402 157 23 fördubblade.
267 1403 99 22 Sålunda
385 1405 71 20 måste
478 1403 67 23 äfven
561 1404 107 22 Finlands
684 1405 64 21 Bank
764 1405 140 21 konsekvent

78 1432 55 22 söka
152 1433 32 21 att
204 1432 80 23 föröka
303 1434 38 21 sitt
360 1435 52 27 eget
432 1433 86 29 kapital
537 1441 82 22 genom
635 1434 133 29 afläggande
784 1433 26 23 af
823 1441 28 14 en
868 1433 35 22 del

79 1460 26 23 af
116 1462 96 27 vinsten,
228 1463 59 22 helst
302 1465 25 20 så
342 1465 46 20 stor
404 1463 36 22 del
457 1463 26 22 af
497 1464 74 21 denna
585 1471 49 14 som
649 1464 94 28 möjligt,
760 1463 36 23 för
806 1465 33 20 att
849 1463 54 22 ban-

78 1491 44 22 ken
138 1491 58 22 dock
212 1492 8 21 i
234 1494 77 27 någon
326 1494 59 25 mån,
402 1493 8 21 i
423 1493 136 28 jemnbredd
575 1493 52 22 med
642 1493 73 29 öfriga
729 1494 89 28 privata
833 1493 70 22 bank-
