1103 1784
317 97 51 17 Lvm.
381 102 30 12 n:o
424 98 11 15 9
448 96 157 22 painoasetuksen
619 95 151 19 muuttamisesta
844 118 4 4 .
875 96 43 20 527

96 150 114 22 kettäisiin
226 152 118 20 antamaan
362 150 164 21 valiokunnalle
542 151 90 20 sanotut
647 150 152 28 kiertokirjeet
808 150 25 27 ja
842 149 77 25 tiedot,

97 180 20 22 ei
133 180 135 21 kuitenkaan
285 180 34 21 ole
335 180 84 21 mitään
435 181 114 20 vastausta
564 181 85 20 saatu«.
674 180 69 20 Tämä
759 186 29 15 on
802 179 116 28 epäkohta,

95 210 53 28 joka
172 209 90 21 ainakin
285 210 77 21 minun
379 210 160 21 käsittääkseni
556 209 70 21 vaatii
641 209 101 28 säätyjen
759 209 105 21 erinäistä
878 208 41 22 toi-

97 239 143 28 menpidettä.
271 239 52 21 Kun
337 239 121 26 hallitusta,
472 239 55 28 joka
546 246 27 14 on
591 239 142 28 Hallitsijalle
747 239 82 27 jätetty
844 238 75 22 oikeu-

97 270 43 21 den
153 269 25 28 ja
193 269 186 21 vanhurskauden
394 269 160 28 ylläpitämistä
565 270 86 25 varten,
662 269 74 21 hänen
747 269 173 21 tahtomattansa

94 300 25 26 ja
141 299 166 21 tietämättänsä
329 299 111 21 häiritään
463 299 101 26 toimilla,
586 299 65 27 jotka
666 299 60 21 eivät
742 299 35 21 ole
792 298 126 22 kohtuuden

97 329 50 21 eikä
164 328 96 22 laillisen
276 329 169 21 oikeudenkaan
462 329 116 26 mukaisia,
594 336 30 14 on
639 329 86 21 kansan
738 329 25 27 ja
779 335 38 15 sen
834 328 85 22 edusta-

95 358 48 28 jain
163 359 144 28 luopumaton
322 358 143 22 velvollisuus
481 359 54 21 sekä
550 358 128 28 Hallitsijaa
694 360 45 20 että
754 358 96 22 itseänsä
866 358 53 22 koh-

97 390 52 20 taan
171 389 90 21 koettaa
284 388 67 22 saada
374 390 77 20 nämät
474 388 82 22 häiriöt
579 388 128 28 Hallitsijan
723 388 91 22 selvään
829 388 89 22 tietoon.

97 418 90 22 Meidän
203 418 171 27 Hallitsijamme
391 418 19 22 ei
427 425 39 14 asu
482 418 90 22 meidän
588 418 211 22 keskuudessamme
811 418 50 21 eikä
871 425 48 15 sen-

97 447 83 22 tähden
196 448 36 21 voi
248 448 88 21 meidän
353 448 119 27 olojamme
487 450 84 24 tuntea,
586 448 24 28 ja
627 455 22 14 se
665 448 97 26 henkilö,
771 448 71 27 jonka
853 447 66 22 varsi-

97 478 93 21 naisena
212 478 121 21 tehtävänä
356 485 28 14 on
407 478 89 21 hänelle
520 478 125 21 esiintuoda
663 478 86 21 kansan
764 477 155 25 toivomukset,

97 507 85 21 hänkin
205 514 28 15 on
257 507 74 22 meille
354 508 79 26 vieras,
457 508 51 21 eikä
528 508 38 21 siis
582 508 89 27 kykene
687 515 66 14 oman
769 507 150 22 kokemuksen

97 537 83 28 nojalla
203 537 131 22 esittämään
357 537 88 22 meidän
469 537 163 29 tarpeitamme.
663 537 58 22 Näin
744 537 59 22 ollen
821 544 29 15 on
864 537 54 21 tuiki

97 567 136 28 tarpeellista
249 569 46 20 että
309 567 144 28 Hallitsijalle
469 568 98 21 saadaan
586 567 166 22 erinäiskohdin
763 567 90 22 selvästi
863 567 56 21 ilmi-

97 597 104 21 tuoduksi
214 604 29 15 ne
253 597 160 28 toimenpiteet,
422 597 65 28 jotka
499 597 82 22 sotivat
591 597 89 22 meidän
691 597 119 22 lakiamme
821 598 98 20 vastaan.

98 627 70 21 Mutta
192 634 39 15 sen
253 627 73 22 ohella
342 634 28 15 on
386 627 155 28 säädyillekin,
558 627 77 22 selvän
651 627 137 22 ehdotuksen
804 627 117 22 tekemistä

98 658 84 25 varten,
207 657 169 21 välttämätöntä
391 657 111 22 tarkkaan
516 657 76 26 tietää,
609 657 141 22 minkälaiset
765 664 29 15 ne
809 657 111 21 hankkeet

98 688 52 19 ovat
165 687 73 26 olleet,
253 687 56 28 joita
327 688 93 20 vastaan
436 687 28 21 he
479 687 125 28 kääntyvät
619 687 128 28 Hallitsijan
761 687 101 28 puoleen.
894 687 26 20 Ei

99 716 34 22 ole
149 717 122 27 myöskään
287 717 100 28 säätyjen
405 724 69 14 arvon
498 717 111 21 mukaista
634 718 45 21 että
702 717 124 28 tyydytään
846 723 74 22 perus-

97 746 111 22 tuslakien
223 747 83 27 nojalla
321 747 94 28 tehtyyn
431 749 123 26 pyyntöön,
567 747 71 28 johon
649 747 19 21 ei
680 747 35 21 ole
725 747 66 21 tullut
801 747 118 21 vastausta.

98 775 44 22 Sen
163 776 105 28 johdosta
283 777 107 21 katsoisin
405 777 162 28 tarpeelliseksi
585 778 46 20 että
647 777 99 21 mietintö
762 776 159 22 lähetettäisiin

98 806 96 21 takaisin
216 807 165 21 valiokunnalle
397 807 49 20 sillä
461 807 178 26 vaatimuksella,
657 808 45 20 että
716 807 136 25 valiokunta,
867 806 54 28 joka

98 843 29 14 on
144 836 133 21 ilmoittanut
293 837 46 20 että
353 843 23 14 se
387 843 28 14 on
434 837 96 21 turhaan
540 838 113 27 pyytänyt
662 837 69 20 saada
741 837 88 20 sanotut
839 836 81 21 kierto-

98 865 80 29 kirjeet
199 866 24 28 ja
241 866 75 26 tiedot,
333 866 45 21 lain
394 867 149 21 turvaamalla
558 867 99 21 keinolla
671 866 92 21 hankkii
779 869 67 18 nämä
861 866 58 21 itsel-

98 896 62 21 lensä
181 896 24 28 ja
229 896 74 22 niiden
326 896 83 28 nojalla
432 897 132 21 selvemmin
578 896 24 28 ja
618 896 166 22 erinäiskohdin
799 896 78 21 lausuu
892 902 28 15 ne

99 926 132 28 epäkohdat,
253 926 68 28 joissa
341 926 121 22 tahdotaan
480 928 143 26 parannusta,
637 927 24 27 ja
678 926 40 21 sitä
735 928 99 24 suuntaa,
851 926 69 20 mihin

98 957 47 19 tätä
159 958 135 26 parannusta
309 956 128 21 tahdotaan.

171 1016 118 21 Professori
315 1016 112 27 Runeberg:
459 1016 45 28 Jag
528 1016 92 22 förenar
643 1016 47 28 mig
706 1016 5 21 i
729 1016 43 21 alla
794 1016 60 21 delar
870 1015 51 21 med

98 1045 156 28 lagutskottets
275 1046 86 28 förslag
382 1046 33 21 till
432 1046 67 21 kläm.
532 1046 44 28 Jag
592 1046 41 21 har
649 1046 49 21 icke
713 1046 70 21 heller
799 1047 73 26 nägon
889 1045 31 21 in-

98 1075 116 29 vändning
230 1077 30 19 att
277 1078 54 25 göra
347 1077 47 20 mot
409 1076 28 21 de
453 1076 38 21 väl
506 1076 116 28 grundade
639 1076 75 26 motiv,
732 1076 50 21 med
798 1075 76 21 hvilka
888 1076 32 20 ut-

99 1105 82 21 skottet
196 1106 74 20 stöder
286 1106 72 21 denna
374 1105 67 21 kläm.
474 1106 71 21 Dessa
561 1106 69 21 motiv
648 1108 37 19 äro
702 1106 67 20 också
785 1105 25 22 af
823 1105 43 21 den
880 1106 39 24 art,

99 1136 31 20 att
146 1136 47 20 mot
209 1135 50 21 dem
274 1135 85 28 knappt
374 1136 45 20 kan
435 1138 67 26 göras
519 1137 75 26 någon
606 1136 139 28 invändning
756 1134 25 22 af
789 1136 74 27 någon
874 1142 46 14 som

98 1164 85 22 känner
207 1165 40 21 och
271 1164 83 22 förstår
374 1166 42 20 den
432 1166 189 27 rättsåskådning,
639 1172 47 14 som
702 1168 25 18 är
743 1166 48 20 vårt
807 1164 57 22 folks
880 1164 41 22 och

98 1196 29 26 på
142 1194 92 22 hvilken
249 1196 40 20 vår
305 1195 215 29 samhällsbyggnad
536 1198 24 18 är
576 1194 74 29 fogad.
672 1195 52 21 Men
738 1195 39 28 jag
793 1196 41 20 har
850 1195 70 21 ansett

98 1224 47 28 mig
160 1224 56 22 böra
231 1225 51 21 med
297 1226 71 26 några
384 1225 39 21 ord
440 1225 54 28 ingå
510 1227 29 26 på
555 1226 32 20 ett
600 1224 148 27 förhållande,
760 1225 85 21 hvilket
856 1231 65 21 synes

98 1254 47 28 mig
162 1261 55 14 vara
233 1254 25 21 af
270 1254 129 28 betydande
414 1255 49 27 vigt
479 1254 37 22 för
532 1255 140 21 bedömande
688 1254 25 22 af
726 1255 27 21 de
769 1255 89 27 följder,
874 1260 47 15 som

99 1290 27 14 en
142 1284 69 21 sådan
227 1284 134 28 prässregim
378 1284 106 27 medfört,
501 1292 47 14 som
564 1285 122 27 tillämpats
702 1285 69 21 under
787 1286 74 20 senast
875 1283 46 21 för-

97 1313 70 21 flutna
191 1315 30 24 år,
246 1314 103 21 särskildt
366 1315 36 20 det
419 1315 51 25 sätt,
487 1316 29 26 på
532 1314 86 21 hvilket
634 1314 236 28 indragningsmakten
886 1313 35 21 til-

98 1343 95 28 lämpats
211 1356 25 3 —
255 1345 30 20 ett
302 1343 148 27 förhållande,
460 1344 88 21 hvilket
563 1344 7 21 i
586 1344 248 21 utskottsbetänkandet
844 1343 78 22 endast

98 1373 6 20 i
121 1372 148 29 förbigående
286 1373 97 22 beröres.

169 1403 200 28 Tidningspressen
386 1404 6 20 i
409 1405 40 20 vår
471 1404 33 21 tid
520 1407 25 18 är
560 1404 50 21 icke
627 1404 83 25 endast,
728 1405 72 20 såsom
815 1403 107 21 utskottet

97 1433 30 27 på
149 1433 40 20 sid.
217 1434 25 19 15
259 1433 5 20 i
281 1433 152 22 betänkandet
449 1433 131 22 framhäller
599 1435 44 20 »ett
659 1434 37 21 det
711 1433 134 28 mäktigaste
860 1432 61 21 vehi-

97 1462 37 21 kel
158 1461 37 22 för
219 1463 112 21 vinnande
347 1463 24 21 af
384 1463 138 28 upplysning
538 1463 42 21 och
596 1463 37 22 för
648 1463 142 28 bildningens
806 1462 116 29 spridning

97 1491 67 22 äfven
185 1492 34 21 till
236 1493 27 20 de
278 1493 85 21 vidaste
381 1493 191 28 samhällslager«.
605 1493 49 21 Den
670 1496 24 17 är
710 1492 91 22 fastmer
818 1493 29 20 ett
865 1499 56 14 sam-
