1103 1786
195 91 29 21 20
450 91 125 23 Pappissääty
587 92 91 18 Tammik.
691 92 23 17 26
727 98 17 16 p.
758 92 46 17 1900

194 143 35 23 för
245 143 156 24 fosterlandets
416 145 44 27 väl,
476 146 43 21 och
534 144 95 24 förvisso
645 146 86 28 hoppas
746 145 173 27 Presteständet,
934 146 32 21 att
977 145 44 22 den

195 174 95 22 endräkt
305 175 68 21 ocksä
387 182 30 14 nu
434 175 57 22 skall
506 175 86 27 vinnas,
609 182 49 15 som
674 178 25 18 är
711 174 100 30 behöflig
821 174 35 23 för
866 174 154 23 ständerarbe-

194 204 33 22 tet
248 204 8 22 i
272 211 28 15 en
315 204 80 22 kritisk
410 205 39 22 tid.
480 205 30 22 Ju
526 212 63 15 mera
604 206 38 22 det
657 206 105 21 mörknat
777 205 50 22 dess
844 205 121 28 dyrbarare
980 205 42 22 har

194 235 40 20 vär
249 234 152 29 rättsordning
415 234 75 22 blifvit
506 242 42 20 oss,
565 235 50 22 dess
631 235 89 22 klarare
736 236 40 21 har
792 235 38 22 det
843 235 60 21 trädt
916 234 57 22 fram
985 233 38 24 för

194 264 49 21 värt
259 264 154 27 medvetande,
431 264 25 22 af
469 265 92 22 hvilken
576 265 94 28 omätlig
680 265 116 28 betydelse
811 265 37 21 det
858 265 65 27 varit,
935 266 30 20 att
977 264 44 23 den

193 294 169 21 vesterländska
377 295 182 28 rättsordningen
573 295 68 28 tidigt
651 301 60 15 vann
722 296 92 20 rottäste
824 294 69 22 bland
907 295 49 21 värt
967 294 54 22 folk.

193 323 89 28 Lagens
305 323 68 29 helgd
393 327 26 18 är
439 325 38 21 det
497 325 98 28 dyrbara
616 323 36 23 arf
669 325 23 21 vi
709 324 117 29 emottagit
842 323 26 22 af
880 325 55 21 våra
950 323 71 28 fäder,

193 353 43 21 och
257 353 74 22 denna
350 354 68 29 helgd
438 354 55 29 vilja
514 355 42 21 och
576 355 77 20 kunna
668 354 50 22 icke
734 354 108 21 Finlands
857 353 162 29 folkrepresen-

193 383 74 22 tanter
288 383 107 29 uppoffra.
428 384 166 22 Presteständet
613 384 86 29 hoppas
720 385 32 21 att
773 384 43 21 den
837 383 57 27 Gud,
911 391 47 15 som
973 383 48 22 ledt

193 413 37 21 det
251 413 73 22 finska
343 413 80 23 folkets
439 414 64 27 öden,
520 415 67 21 ätven
603 421 30 14 nu
649 414 57 21 skall
721 414 76 29 hjelpa
813 421 35 14 oss
865 413 57 22 fram
937 420 82 22 genom

193 442 28 22 de
241 443 146 28 svärigheter,
403 451 47 14 som
467 444 63 29 ligga
544 443 64 22 öfver
624 451 42 20 oss,
683 444 43 21 och
742 444 40 21 ber
798 445 32 20 att
846 443 23 22 fä
884 451 81 21 genom
980 443 41 22 hrr

193 472 135 29 deputerade
344 473 81 29 bringa
440 474 34 21 till
484 473 123 29 höglofliga
618 473 26 22 R.
656 481 19 14 o.
690 473 26 22 A.
729 474 50 22 dess
790 473 161 29 aktningsfulla
961 474 58 21 äter-

192 502 111 29 helsning,
325 503 154 22 inneslutande
498 503 36 29 sig
552 503 7 22 i
574 503 26 22 R.
618 511 18 14 o.
654 503 38 22 A:s
708 504 101 28 vänskap
826 504 41 21 och
883 503 136 22 förtroende.

265 615 94 22 Esitettiin
381 623 108 15 seuraava
510 617 224 22 kansliakomissioonin
753 617 111 28 kirjelmä,
878 617 69 28 jonka
960 616 56 28 julki

192 645 46 22 luki
253 645 120 28 professori
390 646 89 23 Palmén:

263 771 137 28 Eilispäivän
417 772 125 21 istunnossa
557 772 74 22 meille
648 773 98 21 annetun
760 771 148 28 määräyksen
920 771 96 22 mukaan

191 800 96 23 olemme
309 803 100 20 ottaneet
431 802 102 21 kanslian
554 802 161 28 järjestämistä
739 802 109 21 koskevat
869 801 147 29 kysymykset

190 830 163 27 harkittaviksi,
375 831 25 28 ja
420 831 70 22 koska
508 831 70 29 Sääty
594 832 24 28 jo
637 839 29 14 on
682 833 119 27 päättänyt
816 833 62 20 ottaa
893 831 79 22 lehtori
987 831 26 22 A.

189 859 134 30 Almbergin
339 861 132 27 sihteeriksi,
488 862 21 21 ei
525 862 57 21 siinä
597 862 90 21 kohden
700 863 78 20 muuta
788 861 72 22 tointa
870 861 81 22 tarvita
961 861 54 22 kuin

186 890 75 27 jättää
275 891 108 27 kysymys
399 891 73 21 hänen
487 891 125 27 palkkansa
627 891 183 21 määräämisestä
824 891 190 21 Valtiovaliokun-

189 926 46 15 nan
250 920 172 22 ratkaistavaksi
438 921 26 21 V.
480 920 38 22 J:n
533 922 29 20 36
578 921 36 29 8:n
630 921 103 21 mukaan.

262 949 97 23 Suomen
375 950 326 29 Pikakirjoittajayhdistyksen
716 950 103 28 puolesta
834 957 29 15 on
873 950 63 28 tehty
947 950 67 22 ehdo-

188 980 42 26 tus,
253 980 70 27 jonka
346 980 136 28 pyydämme
505 980 200 28 hyväksyttäväksi
728 980 98 29 puoltaa,
848 980 70 22 koska
938 980 20 22 ei
978 980 36 22 ole

189 1009 86 21 mitään
290 1011 65 26 syytä
371 1010 91 28 poiketa
472 1010 24 28 jo
510 1011 191 21 vakaantuneesta.
709 1010 176 28 järjestyksestä.
910 1009 104 23 Saamme

188 1039 39 20 siis
243 1039 156 22 kunnioittaen
415 1040 110 26 ehdottaa,

391 1100 46 21 että
458 1099 70 28 Sääty
546 1100 83 21 näiden
645 1099 163 28 valtiopäivien
824 1099 70 28 ajaksi
910 1099 104 28 päättäisi

332 1130 61 20 ottaa
403 1129 183 28 palvelukseensa
597 1129 328 28 Pikakirjoittajayhdistyksen
936 1129 77 21 ehdot-

331 1159 71 21 tamat
417 1159 192 28 pikakirjoittajat,
626 1159 252 22 filosofiankandidaatti
894 1159 24 20 F.
930 1158 25 22 V.
968 1158 46 22 Ka-

331 1188 78 22 denius
425 1189 148 27 päällikkönä.

259 1247 54 21 Mitä
329 1248 283 28 keskustelupöytäkirjaan
628 1248 65 26 tulee,
711 1254 99 15 saamme
822 1247 105 22 ehdottaa
937 1254 77 15 samaa

187 1276 128 28 järjestystä
334 1278 193 21 noudatettavaksi
547 1278 54 21 kuin
616 1278 168 21 viimeisilläkin
800 1277 167 28 valtiopäivillä,
983 1277 29 21 eli

390 1338 46 20 että
458 1337 160 22 asianomaiset
634 1338 93 27 puhujat
748 1338 79 20 saavat
847 1336 164 29 pikakirjoitus-

329 1366 103 22 kanslian
452 1367 104 21 toimesta
574 1368 145 20 lausuntonsa
736 1366 199 26 tarkastettaviksi,
959 1366 53 22 sekä

329 1398 47 19 että
396 1397 82 21 heidän
498 1397 59 22 tulee
578 1404 72 15 ennen
671 1398 30 20 24
721 1397 87 25 tunnin,
830 1396 46 22 tahi
894 1396 117 22 kiireisim-

329 1428 53 19 män
397 1426 189 28 valtiopäiväajan
600 1427 72 21 tultua
688 1434 74 14 ennen
777 1427 30 20 48
820 1426 79 21 tunnin
910 1426 102 21 kuluttua

326 1456 73 27 jättää
418 1463 28 15 ne
468 1456 115 22 kansliaan
602 1456 97 22 takaisin
718 1456 139 28 korjattuina
873 1456 24 28 ja
918 1455 93 22 oikeiksi

328 1486 186 26 tunnustettuina;
997 1484 2 3 N
