1103 1792
261 82 53 17 Yvm.
327 86 30 13 n:o
371 82 11 16 3
396 80 173 18 luonnonhistorian
584 80 121 23 opetuksesta
852 80 43 21 223

70 136 37 22 det
122 135 203 26 naturalhistorien,
345 134 39 22 vid
399 141 29 15 en
443 133 101 29 följande
559 134 110 29 landtdag
684 134 58 22 skall
758 135 38 21 det
811 134 84 21 kanske

70 165 61 29 gälla
151 164 123 29 geografin,
296 165 42 21 och
360 165 25 21 sä
400 164 45 22 kan
461 171 53 14 man
529 164 104 22 fortsätta
649 164 93 22 dermed
756 164 57 22 huru
829 164 66 27 länge

71 202 52 14 man
139 194 46 22 vill.

142 224 37 22 Må
200 231 52 15 man
268 224 69 22 också
352 224 75 22 erinra
442 224 40 28 sig,
499 224 78 21 hvilka
592 224 142 28 svårigheter
749 224 41 21 hos
806 230 36 15 oss
858 226 37 18 äro

71 254 150 29 förknippade
236 254 52 22 med
303 254 157 28 uppgörandet
476 253 24 22 af
514 261 28 14 en
558 254 180 28 ändamålsenlig
748 252 148 29 lektionsplan

72 298 26 2 —
116 284 139 29 svårigheter
276 285 25 20 så
316 285 66 25 stora,
399 285 33 20 att
448 284 27 21 de
490 284 72 28 knapt
576 283 70 22 hafva
662 284 34 21 sin
712 283 162 28 motsvarighet
889 282 8 21 i

73 315 69 21 andra
164 314 84 22 länder.
280 314 47 21 Hos
351 321 36 14 oss
410 313 120 29 formligen
553 315 82 27 tränga
650 313 35 29 sig
700 313 146 22 läroämnena
861 320 35 14 om

71 345 58 28 plats
153 345 29 28 pä
204 344 211 28 lektionsplanerna.
447 343 45 29 Jag
515 345 47 20 tror
583 343 33 22 ätt
635 344 28 21 de
680 343 56 22 allra
751 343 65 22 flesta
830 343 67 28 peda-

73 381 76 22 goger,
166 373 48 22 ifall
230 374 38 21 det
283 373 66 28 gälde
366 375 32 20 att
414 373 71 22 uttala
500 373 36 28 sig
554 380 36 15 om
602 373 27 22 de
640 374 142 21 närvarande
793 373 104 22 lektions-

74 404 113 28 planerna,
203 404 8 21 i
227 405 32 20 ett
275 403 55 22 eller
346 404 69 21 annat
431 403 105 22 afseende
552 403 50 22 icke
619 403 72 22 skulle
702 410 55 15 vara
768 403 69 28 nöjda
847 402 49 22 med

73 434 60 27 dem;
158 441 51 14 men
231 433 40 28 jag
293 433 72 22 håller
385 433 67 22 äfven
475 432 52 23 före
544 434 32 20 att
592 433 38 22 det
645 433 71 22 under
732 433 165 22 förhandenva-

73 464 69 21 rande
164 463 158 22 förhållanden
342 464 71 21 måste
433 463 115 22 betraktas
564 465 74 20 såsom
655 470 27 15 en
699 463 67 28 dygd,
784 462 47 22 ifall
846 469 50 15 man

73 494 57 21 låter
154 493 65 22 dessa
241 493 175 28 lektionsplaner
439 500 55 14 vara
518 493 87 22 orörda.
637 493 78 22 Skulle
731 493 125 22 emellertid
871 499 27 14 en

75 523 162 28 förmånligare
252 523 107 28 ställning
374 523 77 21 kunna
465 523 95 22 beredas
576 524 23 20 åt
614 523 197 22 naturalhistorien
827 523 7 20 i
845 523 54 20 våra

75 553 80 26 skolor,
171 554 54 20 utan
241 554 33 20 att
290 553 129 28 derigenom
439 553 206 28 lektionsplanerna
660 553 6 21 i
684 553 34 21 sin
733 553 77 22 helhet
825 551 74 22 blefve

75 583 100 22 rubbade
191 583 55 22 eller
261 583 71 21 andra
347 585 82 19 ämnen
445 583 97 26 lidande,
560 583 28 21 då
604 583 125 28 gestaltade
746 583 34 28 sig
791 582 69 22 saken
871 583 28 27 på

76 614 31 21 ett
123 613 75 22 enkelt
214 614 49 20 sätt.
295 613 52 21 Men
363 613 62 21 detta
440 615 25 18 är
481 612 114 28 själffallet
610 619 29 15 en
655 613 138 28 omöjlighet.
822 612 76 21 Tiller-

75 643 85 22 kännes
183 643 196 21 naturalhistorien
403 649 28 15 en
450 641 179 30 fördelaktigare
648 643 107 28 ställning
770 649 81 22 genom
868 643 30 20 att

77 674 74 21 ämnet
171 672 142 28 framskjutes
334 672 35 21 till
385 673 28 21 de
429 673 71 28 högre
515 673 116 21 klasserna
648 673 42 21 och
706 679 82 22 genom
804 673 33 21 att
853 672 46 21 det-

76 710 86 14 samma
184 701 37 22 får
244 702 35 28 sig
301 702 112 22 tilldeladt
433 703 32 21 ett
486 704 70 20 större
578 702 62 22 antal
659 702 96 27 timmar,
772 704 25 20 så
813 703 86 20 måste

77 733 70 21 andra
162 735 81 19 ämnen
258 731 71 22 blifva
344 732 91 21 lidande
452 731 68 22 deraf.
553 731 49 23 Och
615 732 41 28 jag
672 731 84 23 förstår
771 732 57 26 icke,
844 732 56 21 huru

78 769 52 14 man
145 762 57 22 skall
218 762 76 21 kunna
308 769 55 14 vara
378 762 53 21 med
446 769 37 14 om
499 763 33 20 att
547 761 112 22 förskaffa
674 762 59 21 ökad
748 762 117 28 betydelse
878 763 23 20 åt

78 793 69 28 något
162 792 121 26 läroämne,
300 792 36 21 det
353 793 37 20 må
405 799 30 14 nu
450 792 64 28 ligga
530 799 28 15 en
573 792 57 21 huru
647 793 46 20 ömt
709 799 36 14 om
760 792 84 28 hjertat
854 798 46 15 som

78 822 63 26 helst,
165 823 54 20 utan
241 823 33 20 att
293 829 53 14 man
367 821 115 29 samtidigt
497 822 42 21 har
554 822 59 21 klart
629 821 37 22 för
682 822 40 29 sig,
739 822 78 21 hvilka
832 821 69 22 andra

78 852 130 21 läroämnen
225 851 65 22 deraf
302 851 71 22 blifva
388 851 97 22 lidande.
517 851 45 22 Det
578 855 25 18 är
619 853 32 20 att
667 852 101 21 beräkna
784 852 43 21 den
842 851 59 22 vinst

79 889 51 15 man
146 882 45 21 kan
212 881 90 27 erhålla,
322 888 52 15 men
389 881 50 22 icke
456 881 43 22 den
515 881 89 27 förlust,
622 888 48 15 som
686 881 66 23 deraf
764 881 79 29 följer;
860 881 41 22 och

79 912 30 21 då
131 912 38 22 det
191 912 71 28 gäller
283 919 27 14 en
327 912 70 21 sådan
413 911 120 23 företeelse
549 918 48 15 som
613 919 29 15 en
657 912 157 28 lektionsplan,
832 913 69 20 måste

79 942 51 21 med
153 942 154 28 pedagogiska
331 942 48 21 skäl
406 941 42 22 och
471 942 94 21 motskäl
590 943 113 27 noggrant
726 941 92 29 afvägas
841 941 59 21 såväl

79 972 88 21 vinsten
187 978 48 14 som
256 970 117 24 förlusten.
405 972 32 20 På
452 972 74 28 grund
542 971 25 21 af
580 972 44 22 den
640 972 136 28 ståndpunkt
789 972 42 28 jag
846 971 55 21 inta-

80 1002 32 28 git
128 1002 7 20 i
151 1001 74 22 denna
240 1000 65 29 fråga
320 1001 42 22 och
377 1001 92 22 hvilken
482 1002 42 28 jag
539 1009 29 13 nu
585 1001 49 22 haft
649 1004 55 19 äran
715 1002 84 27 antyda
809 1002 45 21 kan
863 1001 40 28 jag

80 1031 141 28 naturligtvis
244 1031 51 22 icke
317 1031 54 28 ingå
394 1032 30 27 på
442 1038 28 15 en
486 1032 141 28 granskning
643 1031 25 21 af
681 1032 43 21 den
740 1032 75 26 tanke,
832 1038 48 14 som
895 1031 6 21 i

81 1061 247 21 utskottsbetänkandet
348 1061 89 26 uttalas,
460 1062 38 25 att,
515 1060 38 23 för
569 1062 113 21 vinnande
698 1061 26 21 af
736 1063 71 20 större
822 1061 80 21 timan-

80 1091 32 21 tal
127 1092 24 20 åt
173 1090 202 27 naturalhistorien,
392 1091 7 21 i
415 1090 93 22 främsta
531 1092 97 21 rummet
650 1092 161 21 matematiken
834 1091 68 21 borde

81 1121 84 27 skjutas
181 1122 23 20 åt
220 1120 63 22 sidan
299 1121 41 21 och
357 1121 62 21 detta
434 1120 126 22 oberoende
577 1120 25 22 af
615 1128 37 14 om
665 1121 38 22 det
714 1121 70 29 gäller
794 1120 109 22 klassiska

81 1150 75 28 lyceer
172 1150 54 22 eller
241 1150 130 28 reallyceer.
403 1150 81 22 Likaså
500 1158 65 14 anser
578 1151 42 28 jag
635 1151 47 28 mig
698 1151 49 21 icke
763 1151 56 21 böra
834 1150 69 22 uttala

82 1180 47 28 mig
144 1180 140 22 beträffande
308 1180 38 22 det
360 1180 118 29 verkligen
493 1182 69 27 något
578 1181 158 28 egendomliga
750 1180 152 29 pedagogiska

81 1217 170 21 resonnemang,
276 1217 47 15 som
347 1210 107 22 anträffas
475 1212 30 26 på
524 1210 260 22 utskottsbetänkandets
802 1212 16 20 4
832 1210 43 22 och
890 1210 13 21 5

82 1240 59 21 sidor
158 1240 42 22 och
216 1240 90 21 hvarest
321 1240 88 22 skilnad
431 1243 65 25 göres
516 1240 83 22 mellan
620 1248 75 14 »mera
713 1241 127 21 abstrakta«
863 1240 39 21 och

82 1277 61 15 mera
162 1270 133 21 »konkreta«
312 1270 130 22 läroämnen
454 1283 26 3 —
493 1272 32 20 ett
541 1277 170 22 resonnemang,
722 1277 48 15 som
786 1271 7 21 i
809 1270 96 28 sanning

83 1300 70 21 skulle
169 1300 75 21 lemna
260 1300 122 28 anledning
397 1300 35 21 till
447 1301 83 27 mänga
546 1300 171 28 invändningar.
749 1300 44 28 Jag
808 1300 40 21 vill
859 1300 46 21 helt

83 1330 75 21 enkelt
172 1329 71 21 uttala
258 1330 48 28 mig
321 1330 85 21 derhän
422 1331 32 20 att
470 1330 41 28 jag
523 1329 115 22 förkastar
650 1330 253 22 utskottsbetänkandet.

153 1359 43 21 Till
212 1359 152 22 betänkandet
379 1362 25 18 är
417 1359 71 29 fogad
504 1366 27 15 en
548 1360 144 26 reservation,
704 1360 51 21 med
765 1360 92 21 hvilken
865 1360 40 27 jag

83 1389 7 21 i
105 1388 126 22 hufvudsak
246 1389 45 21 kan
307 1388 80 22 förena
403 1389 52 29 mig.
487 1389 45 29 Jag
547 1391 47 20 tror
611 1390 57 21 dock
682 1391 33 20 att
728 1390 177 21 reservationens

83 1418 60 22 kläm
166 1418 57 22 hade
247 1419 79 21 vunnit
348 1420 35 27 pä,
408 1418 48 22 ifall
478 1419 43 22 den
542 1419 117 22 stiliserats
674 1420 69 28 nägot
758 1420 90 21 kortare
864 1419 41 21 och

83 1448 130 28 derigenom
229 1448 97 22 enklare.
358 1448 45 29 Jag
417 1450 65 27 tager
498 1449 47 28 mig
561 1448 97 23 friheten
673 1448 85 23 föreslä
773 1450 33 20 att
822 1450 83 27 preste-

83 1478 88 22 ståndet
191 1478 54 22 ville
265 1478 82 22 förena
362 1478 35 29 sig
413 1485 35 15 om
465 1485 28 15 en
508 1479 62 21 kläm
586 1478 25 22 af
624 1478 101 29 följande
740 1479 96 28 lydelse:
857 1478 50 22 »det
