<?xml version="1.0" encoding="UTF-8"?>
<alto xmlns="http://www.loc.gov/standards/alto/ns-v3#" xmlns:xlink="http://www.w3.org/1999/xlink" xmlns:xsi="http://www.w3.org/2001/XMLSchema-instance" xsi:schemaLocation="http://www.loc.gov/standards/alto/ns-v3# http://www.loc.gov/alto/v3/alto-3-0.xsd">
	<Description>
		<MeasurementUnit>pixel</MeasurementUnit>
		<sourceImageInformation>
			<fileName>/tmp/tess_hz2ucj07_input.PNG</fileName>
		</sourceImageInformation>
		<OCRProcessing ID="OCR_0">
			<ocrProcessingStep>
				<processingSoftware>
					<softwareName>tesseract 5.3.4</softwareName>
				</processingSoftware>
			</ocrProcessingStep>
		</OCRProcessing>
	</Description>
	<Layout>
		<Page WIDTH="1095" HEIGHT="1717" PHYSICAL_IMG_NR="0" ID="page_0">
			<PrintSpace HPOS="0" VPOS="0" WIDTH="1095" HEIGHT="1717">
				<ComposedBlock ID="cblock_0" HPOS="194" VPOS="118" WIDTH="562" HEIGHT="27">
					<TextBlock ID="block_0" HPOS="194" VPOS="118" WIDTH="562" HEIGHT="27">
						<TextLine ID="line_0" HPOS="194" VPOS="118" WIDTH="562" HEIGHT="27">
							<String ID="string_0" HPOS="194" VPOS="118" WIDTH="41" HEIGHT="20" WC="0.96" CONTENT="210"/><SP WIDTH="159" VPOS="118" HPOS="235"/>
							<String ID="string_1" HPOS="394" VPOS="124" WIDTH="181" HEIGHT="21" WC="0.90" CONTENT="Borgareståndet"/><SP WIDTH="13" VPOS="124" HPOS="575"/>
							<String ID="string_2" HPOS="588" VPOS="126" WIDTH="57" HEIGHT="16" WC="0.96" CONTENT="1894."/><SP WIDTH="26" VPOS="126" HPOS="645"/>
							<String ID="string_3" HPOS="671" VPOS="126" WIDTH="23" HEIGHT="16" WC="0.96" CONTENT="12"/><SP WIDTH="12" VPOS="126" HPOS="694"/>
							<String ID="string_4" HPOS="706" VPOS="124" WIDTH="50" HEIGHT="18" WC="0.96" CONTENT="febr."/>
						</TextLine>
					</TextBlock>
				</ComposedBlock>
				<GraphicalElement ID="cblock_1" HPOS="164" VPOS="158" WIDTH="823" HEIGHT="6"></GraphicalElement >
				<ComposedBlock ID="cblock_2" HPOS="164" VPOS="204" WIDTH="828" HEIGHT="423">
					<TextBlock ID="block_1" HPOS="164" VPOS="204" WIDTH="828" HEIGHT="423">
						<TextLine ID="line_1" HPOS="164" VPOS="204" WIDTH="827" HEIGHT="28">
							<String ID="string_5" HPOS="164" VPOS="204" WIDTH="59" HEIGHT="27" WC="0.96" CONTENT="barn,"/><SP WIDTH="22" VPOS="204" HPOS="223"/>
							<String ID="string_6" HPOS="245" VPOS="205" WIDTH="39" HEIGHT="20" WC="0.96" CONTENT="och"/><SP WIDTH="23" VPOS="205" HPOS="284"/>
							<String ID="string_7" HPOS="307" VPOS="205" WIDTH="56" HEIGHT="21" WC="0.96" CONTENT="detta"/><SP WIDTH="21" VPOS="205" HPOS="363"/>
							<String ID="string_8" HPOS="384" VPOS="205" WIDTH="69" HEIGHT="26" WC="0.96" CONTENT="äfven,"/><SP WIDTH="16" VPOS="205" HPOS="453"/>
							<String ID="string_9" HPOS="469" VPOS="205" WIDTH="69" HEIGHT="21" WC="0.96" CONTENT="såsom"/><SP WIDTH="17" VPOS="205" HPOS="538"/>
							<String ID="string_10" HPOS="555" VPOS="206" WIDTH="117" HEIGHT="20" WC="0.96" CONTENT="statistiken"/><SP WIDTH="16" VPOS="206" HPOS="672"/>
							<String ID="string_11" HPOS="688" VPOS="206" WIDTH="62" HEIGHT="26" WC="0.96" CONTENT="visar,"/><SP WIDTH="15" VPOS="206" HPOS="750"/>
							<String ID="string_12" HPOS="765" VPOS="206" WIDTH="49" HEIGHT="20" WC="0.95" CONTENT="med"/><SP WIDTH="16" VPOS="206" HPOS="814"/>
							<String ID="string_13" HPOS="830" VPOS="212" WIDTH="26" HEIGHT="14" WC="0.95" CONTENT="en"/><SP WIDTH="16" VPOS="212" HPOS="856"/>
							<String ID="string_14" HPOS="872" VPOS="206" WIDTH="119" HEIGHT="20" WC="0.96" CONTENT="förfärande"/>
						</TextLine>
						<TextLine ID="line_2" HPOS="164" VPOS="221" WIDTH="827" HEIGHT="40">
							<String ID="string_15" HPOS="164" VPOS="233" WIDTH="42" HEIGHT="27" WC="0.96" CONTENT="hög"/><SP WIDTH="13" VPOS="233" HPOS="206"/>
							<String ID="string_16" HPOS="219" VPOS="221" WIDTH="117" HEIGHT="39" WC="0.23" CONTENT="&quot;dödlighet"/><SP WIDTH="23" VPOS="221" HPOS="336"/>
							<String ID="string_17" HPOS="359" VPOS="233" WIDTH="53" HEIGHT="21" WC="0.96" CONTENT="både"/><SP WIDTH="20" VPOS="233" HPOS="412"/>
							<String ID="string_18" HPOS="432" VPOS="234" WIDTH="33" HEIGHT="20" WC="0.96" CONTENT="för"/><SP WIDTH="13" VPOS="234" HPOS="465"/>
							<String ID="string_19" HPOS="478" VPOS="240" WIDTH="47" HEIGHT="14" WC="0.96" CONTENT="mor"/><SP WIDTH="15" VPOS="240" HPOS="525"/>
							<String ID="string_20" HPOS="540" VPOS="234" WIDTH="39" HEIGHT="21" WC="0.96" CONTENT="och"/><SP WIDTH="16" VPOS="234" HPOS="579"/>
							<String ID="string_21" HPOS="595" VPOS="234" WIDTH="70" HEIGHT="21" WC="0.95" CONTENT="foster."/><SP WIDTH="31" VPOS="234" HPOS="665"/>
							<String ID="string_22" HPOS="696" VPOS="234" WIDTH="73" HEIGHT="32" WC="0.93" CONTENT="Enligt"/><SP WIDTH="15" VPOS="234" HPOS="769"/>
							<String ID="string_23" HPOS="784" VPOS="234" WIDTH="146" HEIGHT="27" WC="0.96" CONTENT="beräkningar,"/><SP WIDTH="15" VPOS="234" HPOS="930"/>
							<String ID="string_24" HPOS="945" VPOS="240" WIDTH="46" HEIGHT="15" WC="0.96" CONTENT="som"/>
						</TextLine>
						<TextLine ID="line_3" HPOS="164" VPOS="261" WIDTH="827" HEIGHT="29">
							<String ID="string_25" HPOS="164" VPOS="261" WIDTH="70" HEIGHT="21" WC="0.96" CONTENT="blifvit"/><SP WIDTH="15" VPOS="261" HPOS="234"/>
							<String ID="string_26" HPOS="249" VPOS="262" WIDTH="73" HEIGHT="27" WC="0.96" CONTENT="gjorda"/><SP WIDTH="15" VPOS="262" HPOS="322"/>
							<String ID="string_27" HPOS="337" VPOS="262" WIDTH="22" HEIGHT="20" WC="0.96" CONTENT="af"/><SP WIDTH="14" VPOS="262" HPOS="359"/>
							<String ID="string_28" HPOS="373" VPOS="262" WIDTH="106" HEIGHT="28" WC="0.96" CONTENT="professor"/><SP WIDTH="14" VPOS="262" HPOS="479"/>
							<String ID="string_29" HPOS="493" VPOS="262" WIDTH="130" HEIGHT="35" WC="0.92" CONTENT="Heinricius,"/><SP WIDTH="9" VPOS="262" HPOS="623"/>
							<String ID="string_30" HPOS="632" VPOS="263" WIDTH="102" HEIGHT="21" WC="0.96" CONTENT="infaller"/><SP WIDTH="-6" VPOS="263" HPOS="734"/>
							<String ID="string_31" HPOS="728" VPOS="258" WIDTH="14" HEIGHT="43" WC="0.96" CONTENT="i"/><SP WIDTH="4" VPOS="258" HPOS="742"/>
							<String ID="string_32" HPOS="746" VPOS="262" WIDTH="91" HEIGHT="21" WC="0.96" CONTENT="Finland"/><SP WIDTH="11" VPOS="262" HPOS="837"/>
							<String ID="string_33" HPOS="848" VPOS="262" WIDTH="143" HEIGHT="22" WC="0.96" CONTENT="medelåldern"/>
						</TextLine>
						<TextLine ID="line_4" HPOS="164" VPOS="290" WIDTH="828" HEIGHT="28">
							<String ID="string_34" HPOS="164" VPOS="290" WIDTH="34" HEIGHT="21" WC="0.96" CONTENT="för"/><SP WIDTH="14" VPOS="290" HPOS="198"/>
							<String ID="string_35" HPOS="212" VPOS="290" WIDTH="105" HEIGHT="21" WC="0.93" CONTENT="kvinnans"/><SP WIDTH="16" VPOS="290" HPOS="317"/>
							<String ID="string_36" HPOS="333" VPOS="291" WIDTH="124" HEIGHT="21" WC="0.92" CONTENT="manbarhet"/><SP WIDTH="15" VPOS="291" HPOS="457"/>
							<String ID="string_37" HPOS="472" VPOS="291" WIDTH="35" HEIGHT="21" WC="0.96" CONTENT="vid"/><SP WIDTH="17" VPOS="291" HPOS="507"/>
							<String ID="string_38" HPOS="524" VPOS="292" WIDTH="27" HEIGHT="20" WC="0.96" CONTENT="15"/><SP WIDTH="16" VPOS="292" HPOS="551"/>
							<String ID="string_39" HPOS="567" VPOS="291" WIDTH="23" HEIGHT="21" WC="0.96" CONTENT="år"/><SP WIDTH="15" VPOS="291" HPOS="590"/>
							<String ID="string_40" HPOS="605" VPOS="292" WIDTH="12" HEIGHT="20" WC="0.97" CONTENT="9"/><SP WIDTH="11" VPOS="292" HPOS="617"/>
							<String ID="string_41" HPOS="628" VPOS="291" WIDTH="102" HEIGHT="21" WC="0.96" CONTENT="månader"/><SP WIDTH="10" VPOS="291" HPOS="730"/>
							<String ID="string_42" HPOS="740" VPOS="291" WIDTH="39" HEIGHT="21" WC="0.96" CONTENT="och"/><SP WIDTH="12" VPOS="291" HPOS="779"/>
							<String ID="string_43" HPOS="791" VPOS="292" WIDTH="26" HEIGHT="20" WC="0.96" CONTENT="25"/><SP WIDTH="12" VPOS="292" HPOS="817"/>
							<String ID="string_44" HPOS="829" VPOS="292" WIDTH="70" HEIGHT="26" WC="0.95" CONTENT="dagar,"/><SP WIDTH="11" VPOS="292" HPOS="899"/>
							<String ID="string_45" HPOS="910" VPOS="291" WIDTH="82" HEIGHT="21" WC="0.96" CONTENT="således"/>
						</TextLine>
						<TextLine ID="line_5" HPOS="164" VPOS="319" WIDTH="827" HEIGHT="29">
							<String ID="string_46" HPOS="164" VPOS="319" WIDTH="7" HEIGHT="20" WC="0.96" CONTENT="i"/><SP WIDTH="16" VPOS="319" HPOS="171"/>
							<String ID="string_47" HPOS="187" VPOS="319" WIDTH="36" HEIGHT="21" WC="0.96" CONTENT="det"/><SP WIDTH="22" VPOS="319" HPOS="223"/>
							<String ID="string_48" HPOS="245" VPOS="321" WIDTH="105" HEIGHT="19" WC="0.96" CONTENT="närmaste"/><SP WIDTH="16" VPOS="321" HPOS="350"/>
							<String ID="string_49" HPOS="366" VPOS="320" WIDTH="34" HEIGHT="20" WC="0.96" CONTENT="vid"/><SP WIDTH="18" VPOS="320" HPOS="400"/>
							<String ID="string_50" HPOS="418" VPOS="320" WIDTH="26" HEIGHT="20" WC="0.96" CONTENT="16"/><SP WIDTH="16" VPOS="320" HPOS="444"/>
							<String ID="string_51" HPOS="460" VPOS="320" WIDTH="33" HEIGHT="20" WC="0.96" CONTENT="års"/><SP WIDTH="16" VPOS="320" HPOS="493"/>
							<String ID="string_52" HPOS="509" VPOS="320" WIDTH="64" HEIGHT="20" WC="0.95" CONTENT="ålder."/><SP WIDTH="30" VPOS="320" HPOS="573"/>
							<String ID="string_53" HPOS="603" VPOS="320" WIDTH="37" HEIGHT="20" WC="0.93" CONTENT="Alt"/><SP WIDTH="15" VPOS="320" HPOS="640"/>
							<String ID="string_54" HPOS="655" VPOS="320" WIDTH="156" HEIGHT="27" WC="0.92" CONTENT="äktenskapligt"/><SP WIDTH="15" VPOS="320" HPOS="811"/>
							<String ID="string_55" HPOS="826" VPOS="322" WIDTH="105" HEIGHT="26" WC="0.96" CONTENT="umgänge"/><SP WIDTH="15" VPOS="322" HPOS="931"/>
							<String ID="string_56" HPOS="946" VPOS="320" WIDTH="45" HEIGHT="20" WC="0.95" CONTENT="före"/>
						</TextLine>
						<TextLine ID="line_6" HPOS="165" VPOS="348" WIDTH="826" HEIGHT="28">
							<String ID="string_57" HPOS="165" VPOS="348" WIDTH="70" HEIGHT="20" WC="0.95" CONTENT="denna"/><SP WIDTH="24" VPOS="348" HPOS="235"/>
							<String ID="string_58" HPOS="259" VPOS="348" WIDTH="29" HEIGHT="20" WC="0.95" CONTENT="tid"/><SP WIDTH="22" VPOS="348" HPOS="288"/>
							<String ID="string_59" HPOS="310" VPOS="350" WIDTH="23" HEIGHT="18" WC="0.96" CONTENT="är"/><SP WIDTH="22" VPOS="350" HPOS="333"/>
							<String ID="string_60" HPOS="355" VPOS="348" WIDTH="88" HEIGHT="27" WC="0.96" CONTENT="således,"/><SP WIDTH="22" VPOS="348" HPOS="443"/>
							<String ID="string_61" HPOS="465" VPOS="348" WIDTH="26" HEIGHT="21" WC="0.96" CONTENT="då"/><SP WIDTH="15" VPOS="348" HPOS="491"/>
							<String ID="string_62" HPOS="506" VPOS="348" WIDTH="150" HEIGHT="28" WC="0.96" CONTENT="äktenskapets"/><SP WIDTH="14" VPOS="348" HPOS="656"/>
							<String ID="string_63" HPOS="670" VPOS="348" WIDTH="99" HEIGHT="21" WC="0.96" CONTENT="ändamål"/><SP WIDTH="15" VPOS="348" HPOS="769"/>
							<String ID="string_64" HPOS="784" VPOS="349" WIDTH="47" HEIGHT="21" WC="0.96" CONTENT="icke"/><SP WIDTH="15" VPOS="349" HPOS="831"/>
							<String ID="string_65" HPOS="846" VPOS="349" WIDTH="42" HEIGHT="21" WC="0.96" CONTENT="kan"/><SP WIDTH="16" VPOS="349" HPOS="888"/>
							<String ID="string_66" HPOS="904" VPOS="348" WIDTH="87" HEIGHT="28" WC="0.96" CONTENT="uppnås,"/>
						</TextLine>
						<TextLine ID="line_7" HPOS="164" VPOS="376" WIDTH="827" HEIGHT="28">
							<String ID="string_67" HPOS="164" VPOS="376" WIDTH="55" HEIGHT="21" WC="0.92" CONTENT="både"/><SP WIDTH="23" VPOS="376" HPOS="219"/>
							<String ID="string_68" HPOS="242" VPOS="376" WIDTH="89" HEIGHT="28" WC="0.90" CONTENT="osedligt"/><SP WIDTH="20" VPOS="376" HPOS="331"/>
							<String ID="string_69" HPOS="351" VPOS="377" WIDTH="39" HEIGHT="21" WC="0.93" CONTENT="och"/><SP WIDTH="16" VPOS="377" HPOS="390"/>
							<String ID="string_70" HPOS="406" VPOS="377" WIDTH="140" HEIGHT="27" WC="0.92" CONTENT="ohygieniskt."/><SP WIDTH="30" VPOS="377" HPOS="546"/>
							<String ID="string_71" HPOS="576" VPOS="378" WIDTH="39" HEIGHT="20" WC="0.96" CONTENT="Att"/><SP WIDTH="15" VPOS="378" HPOS="615"/>
							<String ID="string_72" HPOS="630" VPOS="377" WIDTH="71" HEIGHT="21" WC="0.93" CONTENT="därför"/><SP WIDTH="14" VPOS="377" HPOS="701"/>
							<String ID="string_73" HPOS="715" VPOS="377" WIDTH="126" HEIGHT="27" WC="0.92" CONTENT="framskjuta"/><SP WIDTH="15" VPOS="377" HPOS="841"/>
							<String ID="string_74" HPOS="856" VPOS="378" WIDTH="135" HEIGHT="26" WC="0.92" CONTENT="äktenskaps-"/>
						</TextLine>
						<TextLine ID="line_8" HPOS="166" VPOS="405" WIDTH="825" HEIGHT="28">
							<String ID="string_75" HPOS="166" VPOS="405" WIDTH="73" HEIGHT="21" WC="0.93" CONTENT="äldern"/><SP WIDTH="17" VPOS="405" HPOS="239"/>
							<String ID="string_76" HPOS="256" VPOS="405" WIDTH="31" HEIGHT="21" WC="0.96" CONTENT="till"/><SP WIDTH="16" VPOS="405" HPOS="287"/>
							<String ID="string_77" HPOS="303" VPOS="406" WIDTH="25" HEIGHT="20" WC="0.96" CONTENT="16"/><SP WIDTH="16" VPOS="406" HPOS="328"/>
							<String ID="string_78" HPOS="344" VPOS="405" WIDTH="23" HEIGHT="21" WC="0.96" CONTENT="är"/><SP WIDTH="14" VPOS="405" HPOS="367"/>
							<String ID="string_79" HPOS="381" VPOS="406" WIDTH="69" HEIGHT="20" WC="0.96" CONTENT="skulle"/><SP WIDTH="16" VPOS="406" HPOS="450"/>
							<String ID="string_80" HPOS="466" VPOS="406" WIDTH="54" HEIGHT="20" WC="0.96" CONTENT="dock"/><SP WIDTH="16" VPOS="406" HPOS="520"/>
							<String ID="string_81" HPOS="536" VPOS="412" WIDTH="51" HEIGHT="14" WC="0.97" CONTENT="vara"/><SP WIDTH="14" VPOS="412" HPOS="587"/>
							<String ID="string_82" HPOS="601" VPOS="406" WIDTH="43" HEIGHT="20" WC="0.93" CONTENT="lika"/><SP WIDTH="11" VPOS="406" HPOS="644"/>
							<String ID="string_83" HPOS="655" VPOS="406" WIDTH="124" HEIGHT="27" WC="0.93" CONTENT="förkastligt,"/><SP WIDTH="10" VPOS="406" HPOS="779"/>
							<String ID="string_84" HPOS="789" VPOS="412" WIDTH="45" HEIGHT="14" WC="0.96" CONTENT="som"/><SP WIDTH="12" VPOS="412" HPOS="834"/>
							<String ID="string_85" HPOS="846" VPOS="408" WIDTH="30" HEIGHT="19" WC="0.93" CONTENT="att"/><SP WIDTH="10" VPOS="408" HPOS="876"/>
							<String ID="string_86" HPOS="886" VPOS="405" WIDTH="105" HEIGHT="22" WC="0.93" CONTENT="bibehälla"/>
						</TextLine>
						<TextLine ID="line_9" HPOS="166" VPOS="434" WIDTH="825" HEIGHT="28">
							<String ID="string_87" HPOS="166" VPOS="434" WIDTH="162" HEIGHT="28" WC="0.92" CONTENT="bestämningen"/><SP WIDTH="15" VPOS="434" HPOS="328"/>
							<String ID="string_88" HPOS="343" VPOS="441" WIDTH="34" HEIGHT="14" WC="0.96" CONTENT="om"/><SP WIDTH="17" VPOS="441" HPOS="377"/>
							<String ID="string_89" HPOS="394" VPOS="435" WIDTH="26" HEIGHT="20" WC="0.96" CONTENT="15"/><SP WIDTH="16" VPOS="435" HPOS="420"/>
							<String ID="string_90" HPOS="436" VPOS="435" WIDTH="29" HEIGHT="26" WC="0.93" CONTENT="är,"/><SP WIDTH="16" VPOS="435" HPOS="465"/>
							<String ID="string_91" HPOS="481" VPOS="435" WIDTH="89" HEIGHT="20" WC="0.92" CONTENT="emedan"/><SP WIDTH="16" VPOS="435" HPOS="570"/>
							<String ID="string_92" HPOS="586" VPOS="435" WIDTH="144" HEIGHT="27" WC="0.92" CONTENT="vetenskapen"/><SP WIDTH="15" VPOS="435" HPOS="730"/>
							<String ID="string_93" HPOS="745" VPOS="435" WIDTH="36" HEIGHT="26" WC="0.90" CONTENT="lär,"/><SP WIDTH="11" VPOS="435" HPOS="781"/>
							<String ID="string_94" HPOS="792" VPOS="437" WIDTH="30" HEIGHT="19" WC="0.94" CONTENT="att"/><SP WIDTH="11" VPOS="437" HPOS="822"/>
							<String ID="string_95" HPOS="833" VPOS="435" WIDTH="51" HEIGHT="21" WC="0.96" CONTENT="det"/><SP WIDTH="-7" VPOS="435" HPOS="884"/>
							<String ID="string_96" HPOS="877" VPOS="430" WIDTH="10" HEIGHT="37" WC="0.96" CONTENT="i"/><SP WIDTH="8" VPOS="430" HPOS="887"/>
							<String ID="string_97" HPOS="895" VPOS="435" WIDTH="26" HEIGHT="20" WC="0.96" CONTENT="de"/><SP WIDTH="10" VPOS="435" HPOS="921"/>
							<String ID="string_98" HPOS="931" VPOS="435" WIDTH="60" HEIGHT="20" WC="0.96" CONTENT="flesta"/>
						</TextLine>
						<TextLine ID="line_10" HPOS="166" VPOS="463" WIDTH="826" HEIGHT="27">
							<String ID="string_99" HPOS="166" VPOS="463" WIDTH="37" HEIGHT="20" WC="0.93" CONTENT="fall"/><SP WIDTH="23" VPOS="463" HPOS="203"/>
							<String ID="string_100" HPOS="226" VPOS="463" WIDTH="60" HEIGHT="27" WC="0.92" CONTENT="ätgär"/><SP WIDTH="21" VPOS="463" HPOS="286"/>
							<String ID="string_101" HPOS="307" VPOS="463" WIDTH="35" HEIGHT="21" WC="0.92" CONTENT="tvä"/><SP WIDTH="22" VPOS="463" HPOS="342"/>
							<String ID="string_102" HPOS="364" VPOS="463" WIDTH="23" HEIGHT="21" WC="0.93" CONTENT="är"/><SP WIDTH="22" VPOS="463" HPOS="387"/>
							<String ID="string_103" HPOS="409" VPOS="463" WIDTH="47" HEIGHT="21" WC="0.93" CONTENT="frän"/><SP WIDTH="15" VPOS="463" HPOS="456"/>
							<String ID="string_104" HPOS="471" VPOS="463" WIDTH="84" HEIGHT="21" WC="0.92" CONTENT="inträdd"/><SP WIDTH="16" VPOS="463" HPOS="555"/>
							<String ID="string_105" HPOS="571" VPOS="463" WIDTH="125" HEIGHT="22" WC="0.91" CONTENT="manbarhet"/><SP WIDTH="15" VPOS="463" HPOS="696"/>
							<String ID="string_106" HPOS="711" VPOS="463" WIDTH="71" HEIGHT="21" WC="0.92" CONTENT="förrän"/><SP WIDTH="14" VPOS="463" HPOS="782"/>
							<String ID="string_107" HPOS="796" VPOS="464" WIDTH="94" HEIGHT="21" WC="0.92" CONTENT="kvinnan"/><SP WIDTH="16" VPOS="464" HPOS="890"/>
							<String ID="string_108" HPOS="906" VPOS="464" WIDTH="7" HEIGHT="20" WC="0.93" CONTENT="i"/><SP WIDTH="14" VPOS="464" HPOS="913"/>
							<String ID="string_109" HPOS="927" VPOS="463" WIDTH="65" HEIGHT="26" WC="0.92" CONTENT="fysio-"/>
						</TextLine>
						<TextLine ID="line_11" HPOS="165" VPOS="491" WIDTH="826" HEIGHT="28">
							<String ID="string_110" HPOS="165" VPOS="491" WIDTH="78" HEIGHT="28" WC="0.91" CONTENT="logiskt"/><SP WIDTH="23" VPOS="491" HPOS="243"/>
							<String ID="string_111" HPOS="266" VPOS="491" WIDTH="99" HEIGHT="22" WC="0.91" CONTENT="afseende"/><SP WIDTH="15" VPOS="491" HPOS="365"/>
							<String ID="string_112" HPOS="380" VPOS="494" WIDTH="23" HEIGHT="18" WC="0.93" CONTENT="är"/><SP WIDTH="14" VPOS="494" HPOS="403"/>
							<String ID="string_113" HPOS="417" VPOS="499" WIDTH="78" HEIGHT="20" WC="0.93" CONTENT="mogen"/><SP WIDTH="15" VPOS="499" HPOS="495"/>
							<String ID="string_114" HPOS="510" VPOS="492" WIDTH="33" HEIGHT="21" WC="0.93" CONTENT="för"/><SP WIDTH="15" VPOS="492" HPOS="543"/>
							<String ID="string_115" HPOS="558" VPOS="492" WIDTH="144" HEIGHT="27" WC="0.92" CONTENT="äktenskapet."/><SP WIDTH="30" VPOS="492" HPOS="702"/>
							<String ID="string_116" HPOS="732" VPOS="492" WIDTH="41" HEIGHT="27" WC="0.96" CONTENT="Jag"/><SP WIDTH="14" VPOS="492" HPOS="773"/>
							<String ID="string_117" HPOS="787" VPOS="493" WIDTH="38" HEIGHT="20" WC="0.96" CONTENT="har"/><SP WIDTH="16" VPOS="493" HPOS="825"/>
							<String ID="string_118" HPOS="841" VPOS="493" WIDTH="55" HEIGHT="20" WC="0.93" CONTENT="velat"/><SP WIDTH="15" VPOS="493" HPOS="896"/>
							<String ID="string_119" HPOS="911" VPOS="491" WIDTH="80" HEIGHT="28" WC="0.91" CONTENT="päpeka"/>
						</TextLine>
						<TextLine ID="line_12" HPOS="166" VPOS="520" WIDTH="825" HEIGHT="28">
							<String ID="string_120" HPOS="166" VPOS="520" WIDTH="70" HEIGHT="21" WC="0.92" CONTENT="denna"/><SP WIDTH="24" VPOS="520" HPOS="236"/>
							<String ID="string_121" HPOS="260" VPOS="520" WIDTH="154" HEIGHT="27" WC="0.90" CONTENT="omständighet"/><SP WIDTH="23" VPOS="520" HPOS="414"/>
							<String ID="string_122" HPOS="437" VPOS="521" WIDTH="69" HEIGHT="20" WC="0.92" CONTENT="säsom"/><SP WIDTH="23" VPOS="521" HPOS="506"/>
							<String ID="string_123" HPOS="529" VPOS="521" WIDTH="47" HEIGHT="20" WC="0.96" CONTENT="stöd"/><SP WIDTH="23" VPOS="521" HPOS="576"/>
							<String ID="string_124" HPOS="599" VPOS="521" WIDTH="33" HEIGHT="21" WC="0.93" CONTENT="för"/><SP WIDTH="20" VPOS="521" HPOS="632"/>
							<String ID="string_125" HPOS="652" VPOS="521" WIDTH="46" HEIGHT="21" WC="0.93" CONTENT="värt"/><SP WIDTH="14" VPOS="521" HPOS="698"/>
							<String ID="string_126" HPOS="712" VPOS="521" WIDTH="83" HEIGHT="27" WC="0.96" CONTENT="förslag,"/><SP WIDTH="16" VPOS="521" HPOS="795"/>
							<String ID="string_127" HPOS="811" VPOS="523" WIDTH="30" HEIGHT="19" WC="0.93" CONTENT="att"/><SP WIDTH="15" VPOS="523" HPOS="841"/>
							<String ID="string_128" HPOS="856" VPOS="521" WIDTH="135" HEIGHT="26" WC="0.93" CONTENT="äktenskaps-"/>
						</TextLine>
						<TextLine ID="line_13" HPOS="166" VPOS="549" WIDTH="824" HEIGHT="27">
							<String ID="string_129" HPOS="166" VPOS="549" WIDTH="72" HEIGHT="20" WC="0.95" CONTENT="åldern"/><SP WIDTH="18" VPOS="549" HPOS="238"/>
							<String ID="string_130" HPOS="256" VPOS="549" WIDTH="32" HEIGHT="20" WC="0.93" CONTENT="för"/><SP WIDTH="14" VPOS="549" HPOS="288"/>
							<String ID="string_131" HPOS="302" VPOS="549" WIDTH="94" HEIGHT="21" WC="0.96" CONTENT="kvinnan"/><SP WIDTH="15" VPOS="549" HPOS="396"/>
							<String ID="string_132" HPOS="411" VPOS="549" WIDTH="68" HEIGHT="21" WC="0.93" CONTENT="skulle"/><SP WIDTH="16" VPOS="549" HPOS="479"/>
							<String ID="string_133" HPOS="495" VPOS="549" WIDTH="137" HEIGHT="27" WC="0.92" CONTENT="framskjutas"/><SP WIDTH="15" VPOS="549" HPOS="632"/>
							<String ID="string_134" HPOS="647" VPOS="550" WIDTH="31" HEIGHT="20" WC="0.96" CONTENT="till"/><SP WIDTH="17" VPOS="550" HPOS="678"/>
							<String ID="string_135" HPOS="695" VPOS="550" WIDTH="25" HEIGHT="20" WC="0.96" CONTENT="18"/><SP WIDTH="17" VPOS="550" HPOS="720"/>
							<String ID="string_136" HPOS="737" VPOS="549" WIDTH="28" HEIGHT="27" WC="0.84" CONTENT="är,"/><SP WIDTH="11" VPOS="549" HPOS="765"/>
							<String ID="string_137" HPOS="776" VPOS="550" WIDTH="76" HEIGHT="21" WC="0.96" CONTENT="medan"/><SP WIDTH="13" VPOS="550" HPOS="852"/>
							<String ID="string_138" HPOS="865" VPOS="556" WIDTH="49" HEIGHT="15" WC="0.96" CONTENT="man"/><SP WIDTH="13" VPOS="556" HPOS="914"/>
							<String ID="string_139" HPOS="927" VPOS="549" WIDTH="26" HEIGHT="27" WC="0.96" CONTENT="pä"/><SP WIDTH="11" VPOS="549" HPOS="953"/>
							<String ID="string_140" HPOS="964" VPOS="555" WIDTH="26" HEIGHT="15" WC="0.96" CONTENT="en"/>
						</TextLine>
						<TextLine ID="line_14" HPOS="166" VPOS="577" WIDTH="825" HEIGHT="29">
							<String ID="string_141" HPOS="166" VPOS="577" WIDTH="35" HEIGHT="21" WC="0.90" CONTENT="del"/><SP WIDTH="21" VPOS="577" HPOS="201"/>
							<String ID="string_142" HPOS="222" VPOS="577" WIDTH="45" HEIGHT="21" WC="0.90" CONTENT="häll"/><SP WIDTH="21" VPOS="577" HPOS="267"/>
							<String ID="string_143" HPOS="288" VPOS="578" WIDTH="38" HEIGHT="21" WC="0.93" CONTENT="har"/><SP WIDTH="21" VPOS="578" HPOS="326"/>
							<String ID="string_144" HPOS="347" VPOS="578" WIDTH="62" HEIGHT="27" WC="0.93" CONTENT="yrkat"/><SP WIDTH="17" VPOS="578" HPOS="409"/>
							<String ID="string_145" HPOS="426" VPOS="578" WIDTH="28" HEIGHT="27" WC="0.96" CONTENT="pä"/><SP WIDTH="15" VPOS="578" HPOS="454"/>
							<String ID="string_146" HPOS="469" VPOS="580" WIDTH="29" HEIGHT="19" WC="0.96" CONTENT="att"/><SP WIDTH="15" VPOS="580" HPOS="498"/>
							<String ID="string_147" HPOS="513" VPOS="578" WIDTH="71" HEIGHT="21" WC="0.93" CONTENT="denna"/><SP WIDTH="15" VPOS="578" HPOS="584"/>
							<String ID="string_148" HPOS="599" VPOS="578" WIDTH="133" HEIGHT="28" WC="0.93" CONTENT="äldersgräns"/><SP WIDTH="16" VPOS="578" HPOS="732"/>
							<String ID="string_149" HPOS="748" VPOS="579" WIDTH="69" HEIGHT="20" WC="0.93" CONTENT="skulle"/><SP WIDTH="15" VPOS="579" HPOS="817"/>
							<String ID="string_150" HPOS="832" VPOS="578" WIDTH="112" HEIGHT="21" WC="0.93" CONTENT="fastställas"/><SP WIDTH="15" VPOS="578" HPOS="944"/>
							<String ID="string_151" HPOS="959" VPOS="577" WIDTH="32" HEIGHT="22" WC="0.94" CONTENT="till"/>
						</TextLine>
						<TextLine ID="line_15" HPOS="166" VPOS="606" WIDTH="71" HEIGHT="21">
							<String ID="string_152" HPOS="166" VPOS="607" WIDTH="26" HEIGHT="20" WC="0.96" CONTENT="17"/><SP WIDTH="17" VPOS="607" HPOS="192"/>
							<String ID="string_153" HPOS="209" VPOS="606" WIDTH="28" HEIGHT="21" WC="0.86" CONTENT="är."/>
						</TextLine>
					</TextBlock>
				</ComposedBlock>
				<ComposedBlock ID="cblock_3" HPOS="166" VPOS="663" WIDTH="825" HEIGHT="84">
					<TextBlock ID="block_2" HPOS="166" VPOS="663" WIDTH="825" HEIGHT="84">
						<TextLine ID="line_16" HPOS="236" VPOS="663" WIDTH="755" HEIGHT="28">
							<String ID="string_154" HPOS="236" VPOS="663" WIDTH="235" HEIGHT="22" WC="0.91" CONTENT="Petitionsmemorialet"/><SP WIDTH="23" VPOS="663" HPOS="471"/>
							<String ID="string_155" HPOS="494" VPOS="664" WIDTH="144" HEIGHT="21" WC="0.92" CONTENT="remitterades"/><SP WIDTH="23" VPOS="664" HPOS="638"/>
							<String ID="string_156" HPOS="661" VPOS="664" WIDTH="31" HEIGHT="21" WC="0.93" CONTENT="till"/><SP WIDTH="19" VPOS="664" HPOS="692"/>
							<String ID="string_157" HPOS="711" VPOS="664" WIDTH="142" HEIGHT="27" WC="0.92" CONTENT="lagutskottet,"/><SP WIDTH="16" VPOS="664" HPOS="853"/>
							<String ID="string_158" HPOS="869" VPOS="665" WIDTH="38" HEIGHT="20" WC="0.96" CONTENT="och"/><SP WIDTH="16" VPOS="665" HPOS="907"/>
							<String ID="string_159" HPOS="923" VPOS="664" WIDTH="68" HEIGHT="21" WC="0.96" CONTENT="skulle"/>
						</TextLine>
						<TextLine ID="line_17" HPOS="166" VPOS="692" WIDTH="824" HEIGHT="28">
							<String ID="string_160" HPOS="166" VPOS="692" WIDTH="104" HEIGHT="21" WC="0.92" CONTENT="remissen"/><SP WIDTH="16" VPOS="692" HPOS="270"/>
							<String ID="string_161" HPOS="286" VPOS="692" WIDTH="81" HEIGHT="27" WC="0.91" CONTENT="ätföljas"/><SP WIDTH="17" VPOS="692" HPOS="367"/>
							<String ID="string_162" HPOS="384" VPOS="693" WIDTH="21" HEIGHT="20" WC="0.93" CONTENT="af"/><SP WIDTH="15" VPOS="693" HPOS="405"/>
							<String ID="string_163" HPOS="420" VPOS="693" WIDTH="199" HEIGHT="27" WC="0.92" CONTENT="protokollsutdrag,"/><SP WIDTH="14" VPOS="693" HPOS="619"/>
							<String ID="string_164" HPOS="633" VPOS="693" WIDTH="150" HEIGHT="21" WC="0.92" CONTENT="innehällande"/><SP WIDTH="16" VPOS="693" HPOS="783"/>
							<String ID="string_165" HPOS="799" VPOS="693" WIDTH="35" HEIGHT="20" WC="0.96" CONTENT="det"/><SP WIDTH="15" VPOS="693" HPOS="834"/>
							<String ID="string_166" HPOS="849" VPOS="693" WIDTH="21" HEIGHT="20" WC="0.97" CONTENT="af"/><SP WIDTH="12" VPOS="693" HPOS="870"/>
							<String ID="string_167" HPOS="882" VPOS="693" WIDTH="24" HEIGHT="20" WC="0.96" CONTENT="hr"/><SP WIDTH="9" VPOS="693" HPOS="906"/>
							<String ID="string_168" HPOS="915" VPOS="693" WIDTH="75" HEIGHT="20" WC="0.96" CONTENT="Idman"/>
						</TextLine>
						<TextLine ID="line_18" HPOS="166" VPOS="721" WIDTH="243" HEIGHT="26">
							<String ID="string_169" HPOS="166" VPOS="727" WIDTH="29" HEIGHT="14" WC="0.92" CONTENT="nu"/><SP WIDTH="17" VPOS="727" HPOS="195"/>
							<String ID="string_170" HPOS="212" VPOS="721" WIDTH="79" HEIGHT="26" WC="0.91" CONTENT="afgifna"/><SP WIDTH="15" VPOS="721" HPOS="291"/>
							<String ID="string_171" HPOS="306" VPOS="721" WIDTH="103" HEIGHT="26" WC="0.92" CONTENT="yttrande."/>
						</TextLine>
					</TextBlock>
				</ComposedBlock>
				<ComposedBlock ID="cblock_4" HPOS="166" VPOS="858" WIDTH="825" HEIGHT="57">
					<TextBlock ID="block_3" HPOS="166" VPOS="858" WIDTH="825" HEIGHT="57">
						<TextLine ID="line_19" HPOS="234" VPOS="858" WIDTH="757" HEIGHT="37">
							<String ID="string_172" HPOS="234" VPOS="858" WIDTH="35" HEIGHT="21" WC="0.96" CONTENT="Hr"/><SP WIDTH="16" VPOS="858" HPOS="269"/>
							<String ID="string_173" HPOS="285" VPOS="858" WIDTH="158" HEIGHT="21" WC="0.91" CONTENT="Andersson"/><SP WIDTH="22" VPOS="858" HPOS="443"/>
							<String ID="string_174" HPOS="465" VPOS="859" WIDTH="96" HEIGHT="28" WC="0.91" CONTENT="uppläste"/><SP WIDTH="16" VPOS="859" HPOS="561"/>
							<String ID="string_175" HPOS="577" VPOS="861" WIDTH="29" HEIGHT="18" WC="0.96" CONTENT="ett"/><SP WIDTH="15" VPOS="861" HPOS="606"/>
							<String ID="string_176" HPOS="621" VPOS="859" WIDTH="21" HEIGHT="20" WC="0.96" CONTENT="af"/><SP WIDTH="15" VPOS="859" HPOS="642"/>
							<String ID="string_177" HPOS="657" VPOS="859" WIDTH="77" HEIGHT="20" WC="0.93" CONTENT="honom"/><SP WIDTH="15" VPOS="859" HPOS="734"/>
							<String ID="string_178" HPOS="749" VPOS="859" WIDTH="119" HEIGHT="21" WC="0.90" CONTENT="inlämnadt"/><SP WIDTH="15" VPOS="859" HPOS="868"/>
							<String ID="string_179" HPOS="883" VPOS="859" WIDTH="108" HEIGHT="36" WC="0.93" CONTENT="petitions-"/>
						</TextLine>
						<TextLine ID="line_20" HPOS="166" VPOS="887" WIDTH="226" HEIGHT="28">
							<String ID="string_180" HPOS="166" VPOS="887" WIDTH="84" HEIGHT="28" WC="0.93" CONTENT="förslag,"/><SP WIDTH="17" VPOS="887" HPOS="250"/>
							<String ID="string_181" HPOS="267" VPOS="887" WIDTH="125" HEIGHT="27" WC="0.89" CONTENT="sälydande:"/>
						</TextLine>
					</TextBlock>
				</ComposedBlock>
				<ComposedBlock ID="cblock_5" HPOS="380" VPOS="973" WIDTH="396" HEIGHT="28">
					<TextBlock ID="block_4" HPOS="380" VPOS="973" WIDTH="396" HEIGHT="28">
						<TextLine ID="line_21" HPOS="380" VPOS="973" WIDTH="396" HEIGHT="28">
							<String ID="string_182" HPOS="380" VPOS="973" WIDTH="187" HEIGHT="27" WC="0.90" CONTENT="Hyvinarvoisalle"/><SP WIDTH="15" VPOS="973" HPOS="567"/>
							<String ID="string_183" HPOS="582" VPOS="973" WIDTH="194" HEIGHT="28" WC="0.92" CONTENT="porvarissäädylle."/>
						</TextLine>
					</TextBlock>
				</ComposedBlock>
				<ComposedBlock ID="cblock_6" HPOS="164" VPOS="1029" WIDTH="828" HEIGHT="514">
					<TextBlock ID="block_5" HPOS="164" VPOS="1029" WIDTH="828" HEIGHT="514">
						<TextLine ID="line_22" HPOS="235" VPOS="1029" WIDTH="757" HEIGHT="22">
							<String ID="string_184" HPOS="235" VPOS="1029" WIDTH="59" HEIGHT="22" WC="0.91" CONTENT="Kuta"/><SP WIDTH="28" VPOS="1029" HPOS="294"/>
							<String ID="string_185" HPOS="322" VPOS="1032" WIDTH="113" HEIGHT="19" WC="0.96" CONTENT="enemmän"/><SP WIDTH="25" VPOS="1032" HPOS="435"/>
							<String ID="string_186" HPOS="460" VPOS="1030" WIDTH="49" HEIGHT="21" WC="0.96" CONTENT="tällä"/><SP WIDTH="23" VPOS="1030" HPOS="509"/>
							<String ID="string_187" HPOS="532" VPOS="1030" WIDTH="142" HEIGHT="21" WC="0.95" CONTENT="vuosisadalla"/><SP WIDTH="27" VPOS="1030" HPOS="674"/>
							<String ID="string_188" HPOS="701" VPOS="1037" WIDTH="139" HEIGHT="14" WC="0.95" CONTENT="maassamme"/><SP WIDTH="26" VPOS="1037" HPOS="840"/>
							<String ID="string_189" HPOS="866" VPOS="1030" WIDTH="126" HEIGHT="21" WC="0.96" CONTENT="rakennetut"/>
						</TextLine>
						<TextLine ID="line_23" HPOS="165" VPOS="1059" WIDTH="827" HEIGHT="27">
							<String ID="string_190" HPOS="165" VPOS="1059" WIDTH="101" HEIGHT="20" WC="0.96" CONTENT="rautatiet"/><SP WIDTH="14" VPOS="1059" HPOS="266"/>
							<String ID="string_191" HPOS="280" VPOS="1059" WIDTH="20" HEIGHT="26" WC="0.96" CONTENT="ja"/><SP WIDTH="15" VPOS="1059" HPOS="300"/>
							<String ID="string_192" HPOS="315" VPOS="1059" WIDTH="92" HEIGHT="20" WC="0.96" CONTENT="kanavat"/><SP WIDTH="22" VPOS="1059" HPOS="407"/>
							<String ID="string_193" HPOS="429" VPOS="1061" WIDTH="49" HEIGHT="18" WC="0.96" CONTENT="ovat"/><SP WIDTH="17" VPOS="1061" HPOS="478"/>
							<String ID="string_194" HPOS="495" VPOS="1059" WIDTH="143" HEIGHT="27" WC="0.93" CONTENT="helpottaneet"/><SP WIDTH="15" VPOS="1059" HPOS="638"/>
							<String ID="string_195" HPOS="653" VPOS="1059" WIDTH="94" HEIGHT="20" WC="0.92" CONTENT="tavarain"/><SP WIDTH="15" VPOS="1059" HPOS="747"/>
							<String ID="string_196" HPOS="762" VPOS="1059" WIDTH="136" HEIGHT="26" WC="0.93" CONTENT="kuljetuksen"/><SP WIDTH="16" VPOS="1059" HPOS="898"/>
							<String ID="string_197" HPOS="914" VPOS="1059" WIDTH="78" HEIGHT="20" WC="0.89" CONTENT="useim-"/>
						</TextLine>
						<TextLine ID="line_24" HPOS="165" VPOS="1087" WIDTH="827" HEIGHT="21">
							<String ID="string_198" HPOS="165" VPOS="1087" WIDTH="63" HEIGHT="21" WC="0.96" CONTENT="mista"/><SP WIDTH="14" VPOS="1087" HPOS="228"/>
							<String ID="string_199" HPOS="242" VPOS="1093" WIDTH="105" HEIGHT="15" WC="0.96" CONTENT="maamme"/><SP WIDTH="15" VPOS="1093" HPOS="347"/>
							<String ID="string_200" HPOS="362" VPOS="1087" WIDTH="107" HEIGHT="21" WC="0.96" CONTENT="sisäosista"/><SP WIDTH="11" VPOS="1087" HPOS="469"/>
							<String ID="string_201" HPOS="480" VPOS="1094" WIDTH="72" HEIGHT="14" WC="0.96" CONTENT="meren"/><SP WIDTH="12" VPOS="1094" HPOS="552"/>
							<String ID="string_202" HPOS="564" VPOS="1087" WIDTH="95" HEIGHT="21" WC="0.96" CONTENT="rannalla"/><SP WIDTH="11" VPOS="1087" HPOS="659"/>
							<String ID="string_203" HPOS="670" VPOS="1087" WIDTH="77" HEIGHT="21" WC="0.96" CONTENT="oleviin"/><SP WIDTH="11" VPOS="1087" HPOS="747"/>
							<String ID="string_204" HPOS="758" VPOS="1087" WIDTH="82" HEIGHT="20" WC="0.93" CONTENT="suuriin"/><SP WIDTH="10" VPOS="1087" HPOS="840"/>
							<String ID="string_205" HPOS="850" VPOS="1087" WIDTH="142" HEIGHT="21" WC="0.91" CONTENT="liikekeskuk-"/>
						</TextLine>
						<TextLine ID="line_25" HPOS="166" VPOS="1115" WIDTH="826" HEIGHT="28">
							<String ID="string_206" HPOS="166" VPOS="1116" WIDTH="40" HEIGHT="20" WC="0.96" CONTENT="siin"/><SP WIDTH="16" VPOS="1116" HPOS="206"/>
							<String ID="string_207" HPOS="222" VPOS="1116" WIDTH="21" HEIGHT="27" WC="0.96" CONTENT="ja"/><SP WIDTH="17" VPOS="1116" HPOS="243"/>
							<String ID="string_208" HPOS="260" VPOS="1116" WIDTH="60" HEIGHT="21" WC="0.95" CONTENT="sieltä"/><SP WIDTH="23" VPOS="1116" HPOS="320"/>
							<String ID="string_209" HPOS="343" VPOS="1115" WIDTH="123" HEIGHT="22" WC="0.96" CONTENT="ulkomaille"/><SP WIDTH="17" VPOS="1115" HPOS="466"/>
							<String ID="string_210" HPOS="483" VPOS="1117" WIDTH="22" HEIGHT="26" WC="0.96" CONTENT="ja"/><SP WIDTH="15" VPOS="1117" HPOS="505"/>
							<String ID="string_211" HPOS="520" VPOS="1116" WIDTH="51" HEIGHT="21" WC="0.96" CONTENT="kuta"/><SP WIDTH="16" VPOS="1116" HPOS="571"/>
							<String ID="string_212" HPOS="587" VPOS="1118" WIDTH="112" HEIGHT="19" WC="0.96" CONTENT="enemmän"/><SP WIDTH="15" VPOS="1118" HPOS="699"/>
							<String ID="string_213" HPOS="714" VPOS="1118" WIDTH="95" HEIGHT="19" WC="0.96" CONTENT="tuotanto"/><SP WIDTH="16" VPOS="1118" HPOS="809"/>
							<String ID="string_214" HPOS="825" VPOS="1115" WIDTH="77" HEIGHT="21" WC="0.93" CONTENT="näiden"/><SP WIDTH="15" VPOS="1115" HPOS="902"/>
							<String ID="string_215" HPOS="917" VPOS="1116" WIDTH="75" HEIGHT="20" WC="0.91" CONTENT="muka-"/>
						</TextLine>
						<TextLine ID="line_26" HPOS="167" VPOS="1144" WIDTH="825" HEIGHT="28">
							<String ID="string_216" HPOS="167" VPOS="1145" WIDTH="49" HEIGHT="20" WC="0.96" CONTENT="vien"/><SP WIDTH="15" VPOS="1145" HPOS="216"/>
							<String ID="string_217" HPOS="231" VPOS="1144" WIDTH="174" HEIGHT="27" WC="0.96" CONTENT="kulkuneuvojen"/><SP WIDTH="16" VPOS="1144" HPOS="405"/>
							<String ID="string_218" HPOS="421" VPOS="1145" WIDTH="73" HEIGHT="20" WC="0.95" CONTENT="kautta"/><SP WIDTH="15" VPOS="1145" HPOS="494"/>
							<String ID="string_219" HPOS="509" VPOS="1151" WIDTH="27" HEIGHT="14" WC="0.96" CONTENT="on"/><SP WIDTH="16" VPOS="1151" HPOS="536"/>
							<String ID="string_220" HPOS="552" VPOS="1145" WIDTH="89" HEIGHT="26" WC="0.96" CONTENT="elpynyt"/><SP WIDTH="15" VPOS="1145" HPOS="641"/>
							<String ID="string_221" HPOS="656" VPOS="1145" WIDTH="64" HEIGHT="20" WC="0.93" CONTENT="niissä"/><SP WIDTH="16" VPOS="1145" HPOS="720"/>
							<String ID="string_222" HPOS="736" VPOS="1145" WIDTH="183" HEIGHT="27" WC="0.92" CONTENT="paikkakunnissa,"/><SP WIDTH="15" VPOS="1145" HPOS="919"/>
							<String ID="string_223" HPOS="934" VPOS="1144" WIDTH="58" HEIGHT="27" WC="0.96" CONTENT="jotka"/>
						</TextLine>
						<TextLine ID="line_27" HPOS="167" VPOS="1173" WIDTH="825" HEIGHT="27">
							<String ID="string_224" HPOS="167" VPOS="1173" WIDTH="71" HEIGHT="20" WC="0.95" CONTENT="voivat"/><SP WIDTH="24" VPOS="1173" HPOS="238"/>
							<String ID="string_225" HPOS="262" VPOS="1173" WIDTH="55" HEIGHT="20" WC="0.95" CONTENT="näitä"/><SP WIDTH="21" VPOS="1173" HPOS="317"/>
							<String ID="string_226" HPOS="338" VPOS="1173" WIDTH="160" HEIGHT="27" WC="0.96" CONTENT="kulkuneuvoja"/><SP WIDTH="15" VPOS="1173" HPOS="498"/>
							<String ID="string_227" HPOS="513" VPOS="1173" WIDTH="122" HEIGHT="27" WC="0.96" CONTENT="hyväkseen"/><SP WIDTH="16" VPOS="1173" HPOS="635"/>
							<String ID="string_228" HPOS="651" VPOS="1173" WIDTH="91" HEIGHT="27" WC="0.96" CONTENT="käyttää,"/><SP WIDTH="16" VPOS="1173" HPOS="742"/>
							<String ID="string_229" HPOS="758" VPOS="1174" WIDTH="38" HEIGHT="19" WC="0.93" CONTENT="sitä"/><SP WIDTH="15" VPOS="1174" HPOS="796"/>
							<String ID="string_230" HPOS="811" VPOS="1173" WIDTH="181" HEIGHT="21" WC="0.92" CONTENT="tuntuvammaksi"/>
						</TextLine>
						<TextLine ID="line_28" HPOS="165" VPOS="1201" WIDTH="827" HEIGHT="28">
							<String ID="string_231" HPOS="165" VPOS="1202" WIDTH="79" HEIGHT="26" WC="0.95" CONTENT="hyvien"/><SP WIDTH="25" VPOS="1202" HPOS="244"/>
							<String ID="string_232" HPOS="269" VPOS="1201" WIDTH="174" HEIGHT="27" WC="0.95" CONTENT="kulkuneuvojen"/><SP WIDTH="23" VPOS="1201" HPOS="443"/>
							<String ID="string_233" HPOS="466" VPOS="1203" WIDTH="65" HEIGHT="26" WC="0.95" CONTENT="puute"/><SP WIDTH="23" VPOS="1203" HPOS="531"/>
							<String ID="string_234" HPOS="554" VPOS="1208" WIDTH="27" HEIGHT="15" WC="0.95" CONTENT="on"/><SP WIDTH="22" VPOS="1208" HPOS="581"/>
							<String ID="string_235" HPOS="603" VPOS="1202" WIDTH="82" HEIGHT="27" WC="0.95" CONTENT="käynyt"/><SP WIDTH="15" VPOS="1202" HPOS="685"/>
							<String ID="string_236" HPOS="700" VPOS="1201" WIDTH="46" HEIGHT="21" WC="0.96" CONTENT="sille"/><SP WIDTH="16" VPOS="1201" HPOS="746"/>
							<String ID="string_237" HPOS="762" VPOS="1201" WIDTH="82" HEIGHT="27" WC="0.96" CONTENT="laajalle"/><SP WIDTH="16" VPOS="1201" HPOS="844"/>
							<String ID="string_238" HPOS="860" VPOS="1201" WIDTH="67" HEIGHT="26" WC="0.96" CONTENT="alalle,"/><SP WIDTH="16" VPOS="1201" HPOS="927"/>
							<String ID="string_239" HPOS="943" VPOS="1201" WIDTH="49" HEIGHT="27" WC="0.96" CONTENT="joka"/>
						</TextLine>
						<TextLine ID="line_29" HPOS="166" VPOS="1229" WIDTH="826" HEIGHT="28">
							<String ID="string_240" HPOS="166" VPOS="1237" WIDTH="27" HEIGHT="14" WC="0.96" CONTENT="on"/><SP WIDTH="11" VPOS="1237" HPOS="193"/>
							<String ID="string_241" HPOS="204" VPOS="1230" WIDTH="123" HEIGHT="27" WC="0.96" CONTENT="Päijänteen"/><SP WIDTH="14" VPOS="1230" HPOS="327"/>
							<String ID="string_242" HPOS="341" VPOS="1237" WIDTH="79" HEIGHT="14" WC="0.96" CONTENT="suuren"/><SP WIDTH="13" VPOS="1237" HPOS="420"/>
							<String ID="string_243" HPOS="433" VPOS="1230" WIDTH="105" HEIGHT="21" WC="0.96" CONTENT="sisämaan"/><SP WIDTH="10" VPOS="1230" HPOS="538"/>
							<String ID="string_244" HPOS="548" VPOS="1231" WIDTH="73" HEIGHT="26" WC="0.96" CONTENT="järven"/><SP WIDTH="11" VPOS="1231" HPOS="621"/>
							<String ID="string_245" HPOS="632" VPOS="1230" WIDTH="112" HEIGHT="27" WC="0.96" CONTENT="ympärillä"/><SP WIDTH="12" VPOS="1230" HPOS="744"/>
							<String ID="string_246" HPOS="756" VPOS="1231" WIDTH="51" HEIGHT="20" WC="0.96" CONTENT="sekä"/><SP WIDTH="10" VPOS="1231" HPOS="807"/>
							<String ID="string_247" HPOS="817" VPOS="1237" WIDTH="35" HEIGHT="14" WC="0.96" CONTENT="sen"/><SP WIDTH="13" VPOS="1237" HPOS="852"/>
							<String ID="string_248" HPOS="865" VPOS="1231" WIDTH="20" HEIGHT="26" WC="0.97" CONTENT="ja"/><SP WIDTH="9" VPOS="1231" HPOS="885"/>
							<String ID="string_249" HPOS="894" VPOS="1218" WIDTH="98" HEIGHT="33" WC="0.94" CONTENT="Saimaan"/>
						</TextLine>
						<TextLine ID="line_30" HPOS="167" VPOS="1259" WIDTH="825" HEIGHT="26">
							<String ID="string_250" HPOS="167" VPOS="1259" WIDTH="75" HEIGHT="26" WC="0.96" CONTENT="välillä,"/><SP WIDTH="17" VPOS="1259" HPOS="242"/>
							<String ID="string_251" HPOS="259" VPOS="1265" WIDTH="54" HEIGHT="14" WC="0.96" CONTENT="vaan"/><SP WIDTH="14" VPOS="1265" HPOS="313"/>
							<String ID="string_252" HPOS="327" VPOS="1259" WIDTH="52" HEIGHT="26" WC="0.95" CONTENT="jolla"/><SP WIDTH="15" VPOS="1259" HPOS="379"/>
							<String ID="string_253" HPOS="394" VPOS="1259" WIDTH="20" HEIGHT="20" WC="0.96" CONTENT="ei"/><SP WIDTH="16" VPOS="1259" HPOS="414"/>
							<String ID="string_254" HPOS="430" VPOS="1259" WIDTH="33" HEIGHT="20" WC="0.96" CONTENT="ole"/><SP WIDTH="16" VPOS="1259" HPOS="463"/>
							<String ID="string_255" HPOS="479" VPOS="1259" WIDTH="104" HEIGHT="20" WC="0.96" CONTENT="mukavaa"/><SP WIDTH="16" VPOS="1259" HPOS="583"/>
							<String ID="string_256" HPOS="599" VPOS="1259" WIDTH="152" HEIGHT="20" WC="0.96" CONTENT="kulkuneuvoa"/><SP WIDTH="11" VPOS="1259" HPOS="751"/>
							<String ID="string_257" HPOS="762" VPOS="1259" WIDTH="85" HEIGHT="20" WC="0.96" CONTENT="merelle"/><SP WIDTH="12" VPOS="1259" HPOS="847"/>
							<String ID="string_258" HPOS="859" VPOS="1259" WIDTH="46" HEIGHT="20" WC="0.93" CONTENT="eikä"/><SP WIDTH="12" VPOS="1259" HPOS="905"/>
							<String ID="string_259" HPOS="917" VPOS="1259" WIDTH="75" HEIGHT="20" WC="0.88" CONTENT="mihin-"/>
						</TextLine>
						<TextLine ID="line_31" HPOS="165" VPOS="1287" WIDTH="827" HEIGHT="28">
							<String ID="string_260" HPOS="165" VPOS="1287" WIDTH="54" HEIGHT="21" WC="0.96" CONTENT="kään"/><SP WIDTH="17" VPOS="1287" HPOS="219"/>
							<String ID="string_261" HPOS="236" VPOS="1294" WIDTH="91" HEIGHT="14" WC="0.93" CONTENT="suureen"/><SP WIDTH="16" VPOS="1294" HPOS="327"/>
							<String ID="string_262" HPOS="343" VPOS="1287" WIDTH="191" HEIGHT="21" WC="0.92" CONTENT="liikekeskukseen."/><SP WIDTH="23" VPOS="1287" HPOS="534"/>
							<String ID="string_263" HPOS="557" VPOS="1287" WIDTH="83" HEIGHT="21" WC="0.96" CONTENT="Näiden"/><SP WIDTH="8" VPOS="1287" HPOS="640"/>
							<String ID="string_264" HPOS="648" VPOS="1288" WIDTH="98" HEIGHT="27" WC="0.96" CONTENT="seutujen"/><SP WIDTH="14" VPOS="1288" HPOS="746"/>
							<String ID="string_265" HPOS="760" VPOS="1287" WIDTH="50" HEIGHT="21" WC="0.93" CONTENT="sekä"/><SP WIDTH="11" VPOS="1287" HPOS="810"/>
							<String ID="string_266" HPOS="821" VPOS="1287" WIDTH="171" HEIGHT="27" WC="0.87" CONTENT="maaviljelijöille"/>
						</TextLine>
						<TextLine ID="line_32" HPOS="166" VPOS="1316" WIDTH="826" HEIGHT="27">
							<String ID="string_267" HPOS="166" VPOS="1318" WIDTH="42" HEIGHT="18" WC="0.96" CONTENT="että"/><SP WIDTH="22" VPOS="1318" HPOS="208"/>
							<String ID="string_268" HPOS="230" VPOS="1316" WIDTH="143" HEIGHT="21" WC="0.96" CONTENT="teollisuuden"/><SP WIDTH="22" VPOS="1316" HPOS="373"/>
							<String ID="string_269" HPOS="395" VPOS="1316" WIDTH="143" HEIGHT="27" WC="0.95" CONTENT="harjoittajille"/><SP WIDTH="21" VPOS="1316" HPOS="538"/>
							<String ID="string_270" HPOS="559" VPOS="1323" WIDTH="27" HEIGHT="14" WC="0.96" CONTENT="on"/><SP WIDTH="22" VPOS="1323" HPOS="586"/>
							<String ID="string_271" HPOS="608" VPOS="1316" WIDTH="81" HEIGHT="27" WC="0.96" CONTENT="käynyt"/><SP WIDTH="20" VPOS="1316" HPOS="689"/>
							<String ID="string_272" HPOS="709" VPOS="1316" WIDTH="176" HEIGHT="21" WC="0.96" CONTENT="mahdottomaksi"/><SP WIDTH="16" VPOS="1316" HPOS="885"/>
							<String ID="string_273" HPOS="901" VPOS="1316" WIDTH="91" HEIGHT="20" WC="0.96" CONTENT="kehittää"/>
						</TextLine>
						<TextLine ID="line_33" HPOS="165" VPOS="1344" WIDTH="827" HEIGHT="28">
							<String ID="string_274" HPOS="165" VPOS="1344" WIDTH="182" HEIGHT="27" WC="0.87" CONTENT="maaviljelystään"/><SP WIDTH="15" VPOS="1344" HPOS="347"/>
							<String ID="string_275" HPOS="362" VPOS="1344" WIDTH="21" HEIGHT="28" WC="0.93" CONTENT="ja"/><SP WIDTH="16" VPOS="1344" HPOS="383"/>
							<String ID="string_276" HPOS="399" VPOS="1345" WIDTH="159" HEIGHT="21" WC="0.92" CONTENT="teollisuuttaan"/><SP WIDTH="23" VPOS="1345" HPOS="558"/>
							<String ID="string_277" HPOS="581" VPOS="1351" WIDTH="93" HEIGHT="14" WC="0.96" CONTENT="samassa"/><SP WIDTH="15" VPOS="1351" HPOS="674"/>
							<String ID="string_278" HPOS="689" VPOS="1345" WIDTH="115" HEIGHT="26" WC="0.96" CONTENT="suhteessa,"/><SP WIDTH="15" VPOS="1345" HPOS="804"/>
							<String ID="string_279" HPOS="819" VPOS="1345" WIDTH="51" HEIGHT="20" WC="0.96" CONTENT="kuin"/><SP WIDTH="17" VPOS="1345" HPOS="870"/>
							<String ID="string_280" HPOS="887" VPOS="1351" WIDTH="32" HEIGHT="15" WC="0.96" CONTENT="ne,"/><SP WIDTH="15" VPOS="1351" HPOS="919"/>
							<String ID="string_281" HPOS="934" VPOS="1344" WIDTH="58" HEIGHT="27" WC="0.96" CONTENT="jotka"/>
						</TextLine>
						<TextLine ID="line_34" HPOS="165" VPOS="1372" WIDTH="827" HEIGHT="28">
							<String ID="string_282" HPOS="165" VPOS="1374" WIDTH="110" HEIGHT="26" WC="0.93" CONTENT="nykyajan"/><SP WIDTH="16" VPOS="1374" HPOS="275"/>
							<String ID="string_283" HPOS="291" VPOS="1373" WIDTH="130" HEIGHT="27" WC="0.90" CONTENT="paraimpien"/><SP WIDTH="15" VPOS="1373" HPOS="421"/>
							<String ID="string_284" HPOS="436" VPOS="1373" WIDTH="175" HEIGHT="27" WC="0.96" CONTENT="kulkuneuvojen"/><SP WIDTH="15" VPOS="1373" HPOS="611"/>
							<String ID="string_285" HPOS="626" VPOS="1374" WIDTH="73" HEIGHT="20" WC="0.96" CONTENT="kautta"/><SP WIDTH="16" VPOS="1374" HPOS="699"/>
							<String ID="string_286" HPOS="715" VPOS="1376" WIDTH="49" HEIGHT="18" WC="0.93" CONTENT="ovat"/><SP WIDTH="10" VPOS="1376" HPOS="764"/>
							<String ID="string_287" HPOS="774" VPOS="1374" WIDTH="156" HEIGHT="20" WC="0.91" CONTENT="suoranaisessa"/><SP WIDTH="11" VPOS="1374" HPOS="930"/>
							<String ID="string_288" HPOS="941" VPOS="1372" WIDTH="51" HEIGHT="21" WC="0.91" CONTENT="väli-"/>
						</TextLine>
						<TextLine ID="line_35" HPOS="165" VPOS="1401" WIDTH="827" HEIGHT="27">
							<String ID="string_289" HPOS="165" VPOS="1402" WIDTH="98" HEIGHT="26" WC="0.91" CONTENT="tyksessä"/><SP WIDTH="24" VPOS="1402" HPOS="263"/>
							<String ID="string_290" HPOS="287" VPOS="1408" WIDTH="66" HEIGHT="14" WC="0.96" CONTENT="muun"/><SP WIDTH="21" VPOS="1408" HPOS="353"/>
							<String ID="string_291" HPOS="374" VPOS="1402" WIDTH="114" HEIGHT="20" WC="0.96" CONTENT="maailman"/><SP WIDTH="23" VPOS="1402" HPOS="488"/>
							<String ID="string_292" HPOS="511" VPOS="1402" WIDTH="88" HEIGHT="26" WC="0.96" CONTENT="kanssa;"/><SP WIDTH="23" VPOS="1402" HPOS="599"/>
							<String ID="string_293" HPOS="622" VPOS="1402" WIDTH="46" HEIGHT="20" WC="0.95" CONTENT="sillä"/><SP WIDTH="21" VPOS="1402" HPOS="668"/>
							<String ID="string_294" HPOS="689" VPOS="1402" WIDTH="45" HEIGHT="20" WC="0.96" CONTENT="kun"/><SP WIDTH="23" VPOS="1402" HPOS="734"/>
							<String ID="string_295" HPOS="757" VPOS="1402" WIDTH="77" HEIGHT="20" WC="0.95" CONTENT="ensiksi"/><SP WIDTH="24" VPOS="1402" HPOS="834"/>
							<String ID="string_296" HPOS="858" VPOS="1401" WIDTH="134" HEIGHT="27" WC="0.96" CONTENT="mainittujen"/>
						</TextLine>
						<TextLine ID="line_36" HPOS="164" VPOS="1429" WIDTH="828" HEIGHT="29">
							<String ID="string_297" HPOS="164" VPOS="1432" WIDTH="76" HEIGHT="25" WC="0.96" CONTENT="täytyy"/><SP WIDTH="22" VPOS="1432" HPOS="240"/>
							<String ID="string_298" HPOS="262" VPOS="1433" WIDTH="57" HEIGHT="18" WC="0.96" CONTENT="ostaa"/><SP WIDTH="22" VPOS="1433" HPOS="319"/>
							<String ID="string_299" HPOS="341" VPOS="1430" WIDTH="97" HEIGHT="21" WC="0.96" CONTENT="muualta"/><SP WIDTH="15" VPOS="1430" HPOS="438"/>
							<String ID="string_300" HPOS="453" VPOS="1430" WIDTH="89" HEIGHT="21" WC="0.96" CONTENT="maahan"/><SP WIDTH="17" VPOS="1430" HPOS="542"/>
							<String ID="string_301" HPOS="559" VPOS="1433" WIDTH="94" HEIGHT="18" WC="0.96" CONTENT="tuotavat"/><SP WIDTH="15" VPOS="1433" HPOS="653"/>
							<String ID="string_302" HPOS="668" VPOS="1433" WIDTH="112" HEIGHT="25" WC="0.96" CONTENT="tarpeensa"/><SP WIDTH="15" VPOS="1433" HPOS="780"/>
							<String ID="string_303" HPOS="795" VPOS="1431" WIDTH="39" HEIGHT="20" WC="0.96" CONTENT="sitä"/><SP WIDTH="13" VPOS="1431" HPOS="834"/>
							<String ID="string_304" HPOS="847" VPOS="1429" WIDTH="145" HEIGHT="22" WC="0.95" CONTENT="kalliimmalla"/>
						</TextLine>
						<TextLine ID="line_37" HPOS="164" VPOS="1458" WIDTH="827" HEIGHT="28">
							<String ID="string_305" HPOS="164" VPOS="1458" WIDTH="52" HEIGHT="21" WC="0.96" CONTENT="kuta"/><SP WIDTH="16" VPOS="1458" HPOS="216"/>
							<String ID="string_306" HPOS="232" VPOS="1458" WIDTH="152" HEIGHT="21" WC="0.93" CONTENT="suuremmiksi"/><SP WIDTH="15" VPOS="1458" HPOS="384"/>
							<String ID="string_307" HPOS="399" VPOS="1459" WIDTH="251" HEIGHT="27" WC="0.29" CONTENT="kuljotuskustannukset"/><SP WIDTH="14" VPOS="1459" HPOS="650"/>
							<String ID="string_308" HPOS="664" VPOS="1460" WIDTH="21" HEIGHT="26" WC="0.93" CONTENT="ja"/><SP WIDTH="16" VPOS="1460" HPOS="685"/>
							<String ID="string_309" HPOS="701" VPOS="1459" WIDTH="171" HEIGHT="27" WC="0.92" CONTENT="välityspalkkiot"/><SP WIDTH="11" VPOS="1459" HPOS="872"/>
							<String ID="string_310" HPOS="883" VPOS="1460" WIDTH="108" HEIGHT="25" WC="0.87" CONTENT="nousevat,"/>
						</TextLine>
						<TextLine ID="line_38" HPOS="165" VPOS="1486" WIDTH="827" HEIGHT="28">
							<String ID="string_311" HPOS="165" VPOS="1494" WIDTH="55" HEIGHT="14" WC="0.95" CONTENT="vaan"/><SP WIDTH="22" VPOS="1494" HPOS="220"/>
							<String ID="string_312" HPOS="242" VPOS="1487" WIDTH="80" HEIGHT="27" WC="0.96" CONTENT="myydä"/><SP WIDTH="23" VPOS="1487" HPOS="322"/>
							<String ID="string_313" HPOS="345" VPOS="1489" WIDTH="56" HEIGHT="19" WC="0.96" CONTENT="omat"/><SP WIDTH="22" VPOS="1489" HPOS="401"/>
							<String ID="string_314" HPOS="423" VPOS="1489" WIDTH="120" HEIGHT="19" WC="0.95" CONTENT="tuotteensa"/><SP WIDTH="22" VPOS="1489" HPOS="543"/>
							<String ID="string_315" HPOS="565" VPOS="1494" WIDTH="72" HEIGHT="14" WC="0.95" CONTENT="saman"/><SP WIDTH="17" VPOS="1494" HPOS="637"/>
							<String ID="string_316" HPOS="654" VPOS="1494" WIDTH="74" HEIGHT="14" WC="0.96" CONTENT="verran"/><SP WIDTH="18" VPOS="1494" HPOS="728"/>
							<String ID="string_317" HPOS="746" VPOS="1487" WIDTH="139" HEIGHT="21" WC="0.96" CONTENT="vähemmällä"/><SP WIDTH="15" VPOS="1487" HPOS="885"/>
							<String ID="string_318" HPOS="900" VPOS="1486" WIDTH="92" HEIGHT="28" WC="0.96" CONTENT="voitolla,"/>
						</TextLine>
						<TextLine ID="line_39" HPOS="165" VPOS="1516" WIDTH="827" HEIGHT="27">
							<String ID="string_319" HPOS="165" VPOS="1516" WIDTH="45" HEIGHT="20" WC="0.96" CONTENT="niin"/><SP WIDTH="23" VPOS="1516" HPOS="210"/>
							<String ID="string_320" HPOS="233" VPOS="1516" WIDTH="27" HEIGHT="20" WC="0.93" CONTENT="he"/><SP WIDTH="24" VPOS="1516" HPOS="260"/>
							<String ID="string_321" HPOS="284" VPOS="1516" WIDTH="54" HEIGHT="20" WC="0.96" CONTENT="eivät"/><SP WIDTH="22" VPOS="1516" HPOS="338"/>
							<String ID="string_322" HPOS="360" VPOS="1516" WIDTH="34" HEIGHT="20" WC="0.96" CONTENT="voi"/><SP WIDTH="22" VPOS="1516" HPOS="394"/>
							<String ID="string_323" HPOS="416" VPOS="1516" WIDTH="114" HEIGHT="20" WC="0.96" CONTENT="maailman"/><SP WIDTH="19" VPOS="1516" HPOS="530"/>
							<String ID="string_324" HPOS="549" VPOS="1516" WIDTH="148" HEIGHT="21" WC="0.96" CONTENT="markkinoilla"/><SP WIDTH="15" VPOS="1516" HPOS="697"/>
							<String ID="string_325" HPOS="712" VPOS="1516" WIDTH="94" HEIGHT="27" WC="0.96" CONTENT="kilpailla"/><SP WIDTH="16" VPOS="1516" HPOS="806"/>
							<String ID="string_326" HPOS="822" VPOS="1516" WIDTH="72" HEIGHT="20" WC="0.96" CONTENT="niiden"/><SP WIDTH="15" VPOS="1516" HPOS="894"/>
							<String ID="string_327" HPOS="909" VPOS="1516" WIDTH="83" HEIGHT="27" WC="0.96" CONTENT="kanssa,"/>
						</TextLine>
					</TextBlock>
				</ComposedBlock>
			</PrintSpace>
		</Page>
	</Layout>
</alto>
