1095 1717
194 124 26 20 16
399 130 180 22 Borgareständet
592 130 57 17 1894.
673 130 27 17 26
710 129 43 22 jan.

164 209 37 21 det
222 209 115 28 höglofliga
351 209 25 21 R.
395 216 19 14 o.
429 210 33 27 A.,
477 210 39 21 och
533 210 95 21 anhåller
643 210 36 27 jag
694 212 30 19 att
738 209 174 29 borgareståndet
926 210 65 22 måtte

164 238 64 21 äfven
242 238 106 28 framgent
362 238 22 21 få
398 245 51 14 vara
464 238 117 22 inneslutet
594 238 7 21 i
616 238 24 22 R.
656 244 18 15 o.
690 238 38 22 A:s
744 238 98 28 vänskap,
857 238 85 28 välvilja
952 239 39 21 och

164 266 126 22 förtroende.

232 380 34 22 Hr
280 380 123 22 talmannen
426 380 97 28 upplöste
539 380 89 28 plenum
643 380 27 22 kl.
687 381 19 21 1:
722 381 28 21 45
765 387 16 15 e.
797 387 27 15 m.
840 381 49 21 med
904 387 86 21 uppma-

164 409 53 28 ning
230 409 33 22 till
278 409 83 21 ståndet
376 411 30 19 att
422 409 45 21 åter
481 409 78 21 samlas
575 409 27 21 kl.
618 410 19 20 2:
653 410 28 20 45
697 416 17 14 e.
730 416 27 14 m.

778 465 22 18 In
811 466 61 18 fidem:

724 517 28 22 A.
774 517 23 23 V,
813 517 116 29 Lindberg.

226 683 171 33 Torsdagen
417 683 58 27 den
494 682 35 28 25
544 683 124 34 januari
686 682 43 28 kl.
747 683 24 26 2:
789 682 34 28 45
841 690 24 20 e.
883 690 39 19 m.

234 751 70 22 Sedan
326 751 95 22 ständets
443 751 141 22 medlemmar
605 751 45 22 åter
665 751 92 28 samlats,
771 751 125 21 meddelade
911 751 25 20 hr
950 751 38 21 tal-

164 786 93 15 mannen
286 782 29 19 att
344 781 53 20 hans
418 780 109 21 excellens
541 780 221 27 generalguvernören
781 779 163 28 tillkännagifvit
959 781 30 20 att

163 807 141 28 landtdagens
325 809 117 27 högtidliga
464 809 112 27 öppnande
598 809 84 20 komme
705 810 30 19 att
757 815 38 20 ega
813 815 48 14 rum
879 808 7 20 i
901 814 87 21 morgon

163 836 75 28 fredag
258 837 42 21 den
320 837 26 20 26
365 837 85 28 januari
470 837 53 21 efter
545 837 101 21 förrättad
660 837 120 27 gudstjänst
794 837 8 20 i
816 836 172 27 Nikolaikyrkan,

164 865 40 21 och
226 865 133 28 uppmanade
383 865 26 21 hr
431 865 127 22 talmannen.
573 865 94 22 ständets
681 865 139 22 medlemmar
835 867 29 19 att
878 865 7 20 i
900 871 88 21 morgon

163 893 78 21 samlas
256 893 32 22 till
300 894 86 27 plenum
402 894 28 21 kl.
447 895 26 20 10
488 894 14 21 f.
517 901 27 14 m.
560 894 33 21 för
608 895 30 20 att
653 896 93 25 mottaga
759 893 164 22 bondeständets
934 893 54 21 häls-

162 917 188 58 ningedeputation
372 923 40 20 och
434 923 91 21 därefter
549 922 70 28 aftäga
647 922 33 21 till
703 922 88 27 kyrkan,
812 921 79 28 hvarpä
906 921 82 22 ständet

162 949 108 23 ätskildes.

754 1006 21 18 In
786 1006 63 18 fidem:

697 1058 27 21 A.
747 1057 23 22 V.
786 1057 119 28 Lindberg.

259 1223 155 33 Fredagen
434 1223 57 28 den
508 1223 35 28 26
559 1223 124 34 januari
700 1223 43 27 kl.
761 1222 35 28 10
813 1222 22 27 f.
852 1229 40 20 m.

234 1291 70 22 Sedan
320 1292 96 21 ständets
430 1292 140 21 medlemmar
585 1292 91 26 samlats,
692 1292 91 21 anlände
799 1290 46 22 frän
862 1290 126 22 bondestän-

161 1320 37 21 det
212 1326 28 15 en
254 1320 242 28 hälsningsdeputation,
511 1320 107 22 företrädd
634 1321 21 21 af
674 1320 207 28 landtdagsmannen
901 1319 86 21 Tuomi-

161 1348 67 27 koski,
244 1355 46 15 som
305 1348 92 27 yttrade:

231 1405 167 21 Suuriarvoinen
414 1406 62 21 herra
490 1406 120 27 puhemies!
625 1405 159 27 Hyvinarvoisa
798 1404 164 28 porvarissääty
952 1400 13 38 !

232 1434 131 21 Armollisen
378 1434 157 22 kutsumuksen
549 1434 98 28 johdosta
659 1434 64 21 näille
733 1432 150 28 valtiopäiville
895 1432 93 21 kokoon-

160 1462 90 21 tuneina
275 1464 78 26 pyytää
379 1462 96 22 Suomen
502 1462 201 28 talonpoikaissääty
732 1462 91 26 meidän,
845 1461 143 27 lähetystönsä

160 1489 81 28 kautta,
259 1490 76 22 lausua
357 1490 67 27 hyvin
446 1491 112 21 arvoisalle
578 1490 190 28 porvarissäädylle
791 1489 161 21 kunnioittavan
966 1489 22 27 ja

159 1518 139 26 ystävällisen
323 1519 186 27 tervehdyksensä.
539 1519 109 22 Yhteinen
672 1521 100 25 työmme,
801 1517 141 22 kansalliselle
966 1518 22 27 ja
