1095 1717
196 118 42 20 404
401 123 178 21 Borgareständet
593 124 57 16 1894.
675 124 12 16 5
699 128 62 12 mars.

167 203 87 21 oaktadt
276 203 71 21 landet
369 203 38 21 har
429 203 176 26 kreditanstalter,
629 204 114 26 uppträder
757 203 70 21 säsom
842 204 115 27 längifvare
973 204 21 22 ät

167 232 103 25 enskilda,
291 232 20 20 ät
329 232 113 26 industrin,
458 232 21 20 ät
493 232 207 26 handtvärkerierna,
716 232 21 20 ät
752 232 205 27 spanmälshandeln,
972 233 21 21 ät

167 260 280 27 byggnadsvärksamheten,
470 260 57 21 detta
550 267 64 20 synes
638 267 25 14 ur
678 267 46 15 mer
738 263 27 18 än
781 267 26 15 en
823 261 109 27 synpunkt
946 261 46 21 icke

167 296 50 14 vara
238 295 28 15 en
284 289 55 20 sund
357 289 150 27 finanspolitik.
537 289 131 27 Härigenom
684 290 97 20 kommer
796 290 41 20 den
853 296 40 14 ena
908 292 29 18 att
951 290 41 20 för-

166 318 92 20 fördelas
280 317 26 27 pä
328 318 40 20 den
392 318 77 20 andras
492 318 117 20 bekostnad
633 318 40 20 och
695 318 123 27 härigenom
836 318 39 21 har
896 318 35 21 det
945 318 46 21 icke

166 346 83 21 kunnat
264 346 104 21 undvikas
384 348 30 19 att
429 352 27 15 en
471 346 7 20 i
493 346 77 28 mänga
586 346 115 21 afseenden
717 346 68 21 osund
795 347 132 27 spekulation
941 353 51 21 upp-

166 377 97 25 ammats,
278 375 42 27 just
335 381 77 21 genom
431 375 110 21 frästelsen
557 377 30 19 att
601 375 49 21 med
666 375 88 21 statslän
769 375 70 21 inleda
856 382 41 20 nya
913 375 78 21 affärer.

165 403 42 27 Jag
229 405 23 19 är
273 403 48 21 fullt
343 404 125 26 öfvertygad
489 410 34 14 om
543 406 30 18 att
588 404 154 20 statsutskottet
757 404 53 21 efter
825 404 58 21 bästa
899 404 92 27 förmäga

164 432 55 21 skall
234 432 52 21 söka
301 434 29 19 att
344 432 55 21 lotsa
415 432 37 21 vär
467 432 80 28 budget
561 439 77 21 genom
654 432 69 21 ebben
743 432 6 21 i
761 432 49 21 vära
819 433 172 22 statsinkomster,

165 461 40 21 och
228 461 69 21 skulle
318 461 154 21 statsutskottet
491 461 73 21 kunna
579 461 59 21 finna
653 461 26 28 pä
695 461 69 21 medel
779 464 30 19 att
824 462 52 26 fylla
892 462 76 21 bristen
984 462 6 20 i

165 489 208 28 bevillningsfonden
400 493 52 18 utan
478 492 30 19 att
533 490 211 27 inkomstbevillning
767 491 39 20 och
827 491 164 27 fastighetsskatt

165 525 29 14 nu
219 519 90 20 behöfde
328 519 109 27 tillgripas,
452 519 23 20 sä
490 521 23 18 är
528 519 35 20 det
578 519 44 20 min
638 519 142 26 öfvertygelse
795 521 30 18 att
839 519 152 21 statsutskottet

165 547 125 27 därigenom
312 547 53 21 hade
389 548 55 27 gjort
462 547 31 27 sig
509 547 34 21 väl
558 547 86 28 förtjänt
660 548 20 20 af
695 548 48 20 hela
759 547 82 22 landets
857 548 132 21 tacksamhet.

234 605 34 20 Hr
282 601 107 24 Öhman:
415 605 41 26 Jag
472 605 37 20 har
523 605 7 20 i
546 605 104 27 väsentlig
665 605 48 20 män
731 605 68 20 blifvit
815 605 143 20 förekommen
970 605 20 21 af

165 633 25 20 hr
210 633 78 21 Heikel
304 634 38 20 och
359 634 40 20 kan
417 633 69 21 därför
500 633 7 20 i
523 633 121 21 hufvudsak
660 634 113 20 instämma
787 633 7 20 i
810 633 52 21 hans
879 633 110 22 utlätande.

164 661 43 28 Jag
221 662 61 27 hade,
297 662 7 20 i
319 662 66 21 likhet
401 662 48 21 med
465 663 24 19 hr
504 662 83 26 Heikel,
601 663 88 26 hoppats
708 664 30 19 att
748 662 173 21 inkomstskatten
933 664 56 19 ännu

164 690 129 21 ätminstone
315 691 32 20 för
370 691 40 20 den
434 693 105 18 närmaste
561 691 113 20 framtiden
694 691 68 20 skulle
778 691 72 20 kunna
865 691 124 20 förbehällas

164 719 161 26 kommunerna,
341 726 48 14 men
406 721 36 24 att,
457 719 32 21 för
505 719 40 21 den
559 719 101 21 händelse
671 721 68 19 staten
751 719 107 27 nödgades
870 722 46 24 taga
927 719 61 21 äfven

164 747 71 21 denna
251 748 123 21 skatteform
389 748 6 20 i
412 748 96 27 anspräk,
523 748 101 27 förslaget
638 748 69 21 skulle
722 748 127 21 framställas
863 749 8 19 i
889 749 34 20 det
935 748 54 27 syfte

164 778 30 19 att
214 783 122 20 gemensam
357 777 99 26 taxering
470 777 85 20 komme
571 779 30 18 att
616 777 36 20 ske
674 777 33 20 för
722 777 57 20 säväl
794 777 136 20 kommunala
945 783 45 14 som

164 805 155 20 statsändamäl.
350 805 124 21 Emellertid
497 806 38 19 har
557 805 131 27 regeringen,
712 805 85 22 oaktadt
821 805 40 20 den
884 806 7 19 i
911 805 79 27 princip

164 833 119 28 medgifver
305 834 126 27 riktigheten
454 834 65 26 häraf,
542 834 54 21 dock
618 834 46 21 icke
687 833 46 22 lätit
749 833 96 21 utarbeta
860 834 131 27 fullständigt

164 862 79 27 förslag
265 863 132 20 därutinnan.
428 862 170 21 Godkännandet
621 863 20 20 af
664 863 41 20 den
727 869 29 14 nu
779 862 143 27 föreliggande
944 869 47 20 pro-

164 891 120 26 positionen
300 891 39 20 kan
357 891 108 27 nämligen
479 891 32 20 för
527 891 65 20 sädan
609 891 101 20 händelse
723 891 46 20 icke
780 891 84 20 förenas
874 891 48 21 med
934 891 56 20 bibe-

163 919 109 21 hällandet
294 920 21 20 af
339 919 184 27 bestämningarna
546 920 7 20 i
576 920 98 27 gällande
696 919 248 28 kommunalförfattning
959 920 32 20 för

163 948 100 21 städerna
285 949 38 20 och
345 948 33 21 för
395 948 73 21 landet
483 948 109 27 angäende
606 949 97 26 taxering
718 948 32 21 för
765 948 135 21 kommunala
911 948 79 27 utskyl-

165 976 43 21 der.
238 976 45 21 Och
298 977 120 26 pätagligen
434 977 105 20 erfordras
554 977 69 20 härtill
637 983 57 14 mera
706 977 129 20 omfattande
845 977 146 27 förändringar

164 1005 8 20 i
186 1005 301 27 kommunalförfattningarna
503 1007 25 19 än
545 1005 36 21 det
596 1005 85 27 utskott,
697 1005 32 21 till
745 1005 79 20 hvilket
834 1005 156 27 propositionen

163 1033 98 21 kommer
282 1036 29 18 att
328 1034 124 27 remitteras,
473 1034 42 21 kan
533 1034 66 20 hinna
614 1034 102 21 utarbeta.
747 1034 40 27 Jag
803 1033 36 21 vill
857 1034 68 20 därför
940 1034 50 27 hop-

162 1068 38 21 pas
216 1064 30 19 att
262 1064 87 25 utvägar
364 1063 35 20 vid
415 1063 70 20 denna
501 1063 100 26 landtdag
616 1065 57 18 ännu
689 1063 60 20 skola
764 1062 68 21 finnas
855 1062 32 21 för
899 1065 30 18 att
938 1063 52 26 fylla

165 1092 81 19 statens
262 1091 67 24 behof,
346 1093 50 18 utan
413 1094 29 17 att
458 1091 117 27 bevillning
589 1091 32 20 för
636 1091 41 20 fast
692 1091 104 27 egendom
808 1091 39 20 och
857 1091 32 20 för
899 1091 91 20 inkomst

164 1119 35 20 mä
221 1119 91 21 behöfva
327 1119 32 21 för
375 1120 41 20 den
432 1121 105 20 närmaste
552 1119 171 27 finansperioden
739 1119 108 28 tillgripas.
877 1119 29 21 Af
921 1119 69 21 denna

164 1148 62 20 orsak
243 1148 115 21 uraktläter
373 1148 63 21 äfven
451 1149 34 26 jag
501 1151 30 18 att
546 1148 116 21 framställa
677 1150 97 19 närmare
790 1148 199 27 detaljanmärknin-

162 1182 38 21 gar
222 1179 46 18 mot
285 1177 163 26 propositionen,
464 1183 48 14 men
529 1177 37 20 vill
581 1177 65 20 likväl
661 1177 111 20 framhälla
787 1183 26 14 en
829 1177 160 26 omständighet,

162 1211 46 14 som
231 1211 65 20 synes
317 1205 44 27 mig
379 1205 99 21 särskildt
493 1205 159 21 beaktansvärd.
682 1205 9 20 I
711 1205 25 20 18
753 1206 12 25 $
780 1205 87 20 föreslås
883 1205 105 27 nämligen

162 1235 30 18 att
214 1233 34 21 för
269 1233 46 27 den,
338 1234 62 20 hvars
422 1234 97 21 behällna
534 1234 93 20 inkomst
642 1234 46 20 icke
705 1233 80 28 uppgär
801 1233 30 20 till
848 1234 60 22 2,500
924 1234 64 26 mark,

165 1261 111 28 »afdragas
299 1263 40 20 500
362 1263 60 20 mark
440 1263 69 20 såsom
525 1262 188 27 bevillningsfria».
743 1262 45 21 Här
803 1264 23 18 är
841 1262 88 21 sålunda
944 1263 45 20 exi-

162 1291 172 20 stensminimum
350 1291 106 21 faststäldt
470 1291 32 21 till
518 1291 75 21 endast
609 1292 39 20 500
665 1291 65 24 mark,
746 1291 28 20 all
789 1291 93 28 inkomst
897 1290 91 21 därutöf-

162 1325 38 14 ver
215 1319 69 21 skulle
300 1320 55 26 förty
371 1320 65 20 blifva
452 1320 75 26 belagd
543 1320 48 20 med
607 1320 217 26 inkomstbevillning.
854 1320 134 20 Åtminstone

161 1347 33 21 för
215 1348 27 20 de
266 1350 64 18 större
349 1348 99 21 städerna
464 1350 21 19 är
501 1348 57 21 detta
573 1348 208 21 existensminimum
798 1350 49 18 utan
863 1348 72 21 tvifvel
951 1348 37 20 all-

162 1376 58 20 deles
238 1376 34 21 för
293 1376 44 27 lägt
361 1377 95 27 tilltaget.
485 1377 41 21 För
541 1377 41 21 den
598 1377 102 21 händelse
716 1379 30 18 att
760 1376 36 21 det
811 1376 69 21 blefve
896 1383 26 14 en
937 1376 51 20 nöd-

162 1405 116 27 vändighet
300 1407 29 19 att
351 1406 114 26 godkänna
483 1406 42 20 den
540 1406 120 26 föreslagna
675 1405 234 27 beskattningsformen,
925 1411 63 20 synes

162 1433 44 27 mig
222 1434 71 20 därför
308 1434 57 21 detta
380 1434 168 27 bevillningsfria
563 1434 161 27 minimibelopp
739 1434 51 20 böra
805 1434 97 26 förhöjas,
913 1433 75 21 ätmin-

161 1463 61 19 stone
245 1462 32 20 till
300 1462 122 27 detsamma,
445 1469 43 14 som
505 1463 8 19 i
528 1462 98 21 städerna
649 1462 67 27 gäller
738 1462 35 20 vid
796 1462 41 20 den
853 1462 135 20 kommunala

160 1490 132 27 taxeringen.
317 1490 42 27 Jag
374 1491 38 20 har
426 1491 86 21 härmed
528 1491 46 21 icke
587 1491 96 21 förbisett
694 1493 30 19 att
734 1491 6 20 i
752 1491 167 27 propositionens
937 1490 12 27 $
961 1491 26 20 19

160 1518 70 21 under
248 1519 56 21 vissa
321 1519 147 21 förhällanden
483 1519 118 27 medgifves
616 1520 132 20 skattefrihet
762 1519 33 21 för
810 1519 120 27 ytterligare
946 1520 40 20 200
