1095 1717
331 130 178 22 Borgareståndet
521 132 58 16 1894.
604 131 22 17 16
639 135 62 12 mars.
858 125 39 20 527

169 210 80 21 vinner
268 210 42 32 nej,
330 210 41 21 har
385 210 87 22 ståndet
485 210 10 21 i
510 210 81 21 sådant
606 210 101 28 afseende
722 210 121 28 föredragit
855 217 70 20 para-

99 238 91 28 grafens
206 239 124 21 återremiss
345 239 35 21 till
394 240 103 20 utskottet
511 240 10 20 i
536 240 35 20 det
585 239 57 27 syfte
657 240 42 20 den
715 240 71 20 andra
803 239 34 21 till
850 239 75 20 betän-

101 268 80 20 kandet
202 268 78 26 fogade
301 268 162 21 reservationen
484 268 61 27 afser
559 268 50 20 med
623 268 35 20 det
674 268 76 27 tillägg
766 268 26 20 hr
807 267 119 28 Appelberg

101 296 120 28 föreslagit.

170 353 33 21 Då
226 353 68 21 denna
317 354 157 26 propositionen
496 353 127 21 besvarades
647 354 48 20 med
716 354 155 26 öfvervägande
886 354 41 26 nej,

102 382 66 21 erhöll
185 382 41 20 den
242 382 92 27 följande
349 382 156 27 propositionen
522 388 27 15 en
565 382 65 21 sådan
646 382 91 27 lydelse:

171 439 39 26 De,
234 439 74 21 hvilka
329 439 72 21 såsom
416 439 216 28 kontraproposition
651 441 46 20 mot
715 440 112 21 utskottets
843 439 83 28 förslag

103 468 35 21 till
160 468 79 27 lydelse
261 468 36 27 för
318 469 14 25 $
354 469 31 20 33
399 468 55 27 vilja
469 470 83 25 antaga
567 469 147 26 paragrafens
730 468 125 21 återremiss
869 468 10 20 i
893 468 35 21 det

102 497 57 27 syfte
182 497 41 20 den
239 497 71 20 andra
325 497 160 20 reservationen
501 497 66 27 afser,
583 499 60 19 rösta
656 497 37 27 ja;
709 497 31 27 de,
756 497 35 21 det
805 497 46 21 icke
865 497 62 27 vilja,

102 527 60 19 rösta
178 525 46 27 nej;

172 554 80 21 vinner
276 554 41 27 nej,
343 554 41 21 har
409 554 177 27 borgareständet
609 554 73 21 såsom
712 553 216 28 kontraproposition

103 583 88 27 antagit
206 583 124 20 återremiss
345 583 35 20 till
395 583 102 21 utskottet
511 583 85 26 jämväl
611 583 9 20 i
635 583 118 21 enahanda
768 583 57 27 syfte
837 583 48 20 med
895 583 34 20 det

103 611 29 27 af
143 611 27 21 hr
185 611 119 28 Appelberg
318 611 76 28 gjorda
410 611 81 28 tillägg.

173 669 30 20 På
226 668 90 27 begäran
339 669 105 20 anstäldes
467 669 102 26 votering,
593 675 45 15 som
661 669 35 26 gaf
714 669 26 20 30
755 669 21 27 ja
791 669 40 20 och
847 668 25 21 26
889 669 40 26 nej,

103 697 33 21 till
150 697 52 27 följd
219 697 73 20 hvaraf
306 697 40 21 den
362 697 85 27 slutliga
460 697 301 28 omröstningspropositionen
774 697 66 21 erhöll
851 697 78 20 nedan-

104 725 87 22 stående
206 726 90 27 lydelse:

174 782 38 27 De,
228 782 74 21 hvilka
316 783 116 32 godkänna
448 783 112 20 utskottets
575 782 83 27 förslag
675 783 35 20 till
726 783 78 32 lydelse
819 782 36 28 för
870 783 13 26 $
900 783 31 20 33

105 811 152 32 oförändradt,
273 813 59 19 rösta
341 811 39 27 ja;
396 811 32 26 de,
444 811 34 21 det
492 811 68 21 icke
553 814 58 24 göra,
627 813 61 19 rösta
703 811 47 28 nej;

174 847 79 13 vinner
272 840 41 27 nej,
335 840 42 21 har
392 840 177 27 borgareståndet
584 840 88 20 beslutit
687 839 160 22 återremittera
859 846 70 21 para-

103 868 80 28 grafen
205 868 36 21 till
262 869 101 20 utskottet
383 869 10 20 i
416 868 33 21 det
469 869 58 27 syfte
543 869 42 20 den
600 868 71 21 andra
686 868 163 21 reservationen
864 868 65 21 inne-

105 897 75 21 håller.

174 955 50 20 Med
247 955 113 26 afgörande
382 955 149 20 röstöfvervikt
553 955 69 20 beslöt
644 954 84 21 ståndet
750 955 73 20 förena
845 954 32 27 sig
897 960 33 14 om

106 983 136 27 paragrafens
264 983 118 21 återremiss
397 983 32 21 till
445 983 102 21 utskottet
561 983 7 20 i
585 983 93 27 enlighet
693 983 49 20 med
758 983 65 20 andra
838 989 93 14 reserva-

106 1012 72 21 tionen
195 1012 51 21 eller
261 1012 33 21 för
309 1014 29 19 att
353 1012 65 21 orden
436 1012 84 20 »vidare
537 1014 26 19 än
579 1012 31 21 till
627 1014 40 18 den
684 1011 40 28 del,
740 1018 45 14 som
801 1011 46 21 icke
863 1013 22 18 är
899 1011 33 20 för

107 1041 137 27 lägenhetens
259 1041 146 20 bestämmelse
417 1041 144 27 erforderlig»,
572 1041 68 20 skulle
652 1047 26 14 ur
688 1041 123 26 paragrafen
823 1039 108 22 uteslutas.

176 1098 26 27 SS
219 1098 83 21 34—41
318 1098 122 27 godkändes
456 1097 145 22 oförändrade.

176 1155 170 20 Vidkommande
363 1155 11 27 $
390 1155 27 20 42
430 1155 83 26 yttrade

177 1213 24 19 hr
212 1211 104 22 Lilius:
337 1212 93 21 Minusta
455 1214 79 19 tuntuu
559 1211 53 23 siltä,
635 1213 42 19 että
697 1211 122 27 lainsäätäjä
835 1217 26 14 on
877 1212 56 19 tässä

107 1243 107 18 osottanut
241 1241 50 20 liian
317 1243 74 18 suurta
422 1241 127 20 ankaruutta
577 1240 52 21 niitä
657 1240 98 27 kohtaan,
780 1239 58 28 joille
863 1241 69 18 maata

107 1276 27 14 on
150 1269 120 21 luovutettu
286 1269 98 27 nykyään
400 1269 104 21 voimassa
517 1269 82 20 olevien
613 1269 121 20 asetuksien
746 1269 83 27 nojalla.
852 1267 81 21 Määrä-

107 1300 48 19 tään
171 1298 105 21 nimittäin
292 1299 26 19 42
335 1298 60 27 $:ssä,
411 1300 43 19 että
469 1298 77 21 näiden
562 1298 84 20 maiden
663 1298 134 20 osittaminen
813 1303 27 15 on
856 1296 77 27 tapah-

107 1328 53 20 tuva
183 1327 71 20 viiden
270 1326 83 21 vuoden
369 1327 100 21 kuluessa
486 1327 47 20 siitä
553 1326 79 26 lukien,
645 1326 51 20 kuin
713 1328 39 24 nyt
774 1325 84 21 tekeillä
873 1325 60 20 oleva

107 1358 71 18 asetus
204 1362 26 14 on
259 1357 86 19 astunut
366 1355 103 21 lailliseen
493 1356 104 20 voimaan.
633 1354 145 21 Huomattava
801 1360 26 14 on
850 1354 83 20 kuiten-

107 1384 43 27 kin,
179 1386 43 18 että
247 1384 49 20 tieto
323 1386 69 18 tämän
416 1384 43 20 lain
479 1383 173 33 erityiskohdista
671 1390 38 14 sen
727 1384 88 31 perästä,
838 1382 52 21 kuin
911 1388 22 14 se

107 1419 28 14 on
158 1412 182 21 noudatettavaksi
363 1412 107 28 julkaistu,
493 1413 19 20 ei
535 1412 70 20 vallan
628 1412 96 26 nopeasti
745 1412 34 20 voi
797 1411 64 21 levitä
876 1410 58 20 kaik-

107 1441 45 20 kiin
175 1441 163 27 kaukaisimpiin
360 1447 105 15 maamme
487 1441 109 21 seutuihin
618 1440 47 21 eikä
687 1440 98 20 kaikkien
806 1439 73 21 niiden
897 1438 37 21 tie-

108 1472 56 24 toon,
184 1470 72 26 joiden
278 1470 73 20 oikeus
366 1469 153 21 mahdollisesti
535 1471 70 19 tämän
621 1469 73 21 kautta
710 1468 157 27 kysymykseen
883 1474 52 20 pan-

107 1504 61 14 naan.
199 1498 49 20 Kun
272 1504 88 14 seuraus
383 1498 55 26 &:ssä
460 1499 110 25 määrätyn
593 1498 130 31 määrä-ajan
738 1496 197 32 laiminlyömisestä

107 1526 112 21 kuitenkin
236 1533 26 14 on
279 1526 50 20 siksi
345 1526 84 27 ankara,
445 1528 42 19 että
499 1533 64 13 maan
573 1526 97 26 omistaja
682 1526 35 20 voi
728 1526 98 20 kadottaa
837 1524 98 21 omistus-

108 1554 129 28 oikeutensa,
253 1554 45 21 niin
314 1556 78 20 tuntuu
407 1555 92 21 minusta
515 1554 165 28 kohtuulliselta,
696 1556 42 19 että
753 1554 62 20 heille
831 1552 104 22 annettai-
