<?xml version="1.0" encoding="UTF-8"?>
<alto xmlns="http://www.loc.gov/standards/alto/ns-v3#" xmlns:xlink="http://www.w3.org/1999/xlink" xmlns:xsi="http://www.w3.org/2001/XMLSchema-instance" xsi:schemaLocation="http://www.loc.gov/standards/alto/ns-v3# http://www.loc.gov/alto/v3/alto-3-0.xsd">
	<Description>
		<MeasurementUnit>pixel</MeasurementUnit>
		<sourceImageInformation>
			<fileName>/tmp/tess_9ms187d5_input.PNG</fileName>
		</sourceImageInformation>
		<OCRProcessing ID="OCR_0">
			<ocrProcessingStep>
				<processingSoftware>
					<softwareName>tesseract 5.3.4</softwareName>
				</processingSoftware>
			</ocrProcessingStep>
		</OCRProcessing>
	</Description>
	<Layout>
		<Page WIDTH="1095" HEIGHT="1717" PHYSICAL_IMG_NR="0" ID="page_0">
			<PrintSpace HPOS="0" VPOS="0" WIDTH="1095" HEIGHT="1717">
				<GraphicalElement ID="cblock_0" HPOS="0" VPOS="809" WIDTH="3" HEIGHT="357"></GraphicalElement >
				<ComposedBlock ID="cblock_1" HPOS="190" VPOS="116" WIDTH="557" HEIGHT="28">
					<TextBlock ID="block_0" HPOS="190" VPOS="116" WIDTH="557" HEIGHT="28">
						<TextLine ID="line_0" HPOS="190" VPOS="116" WIDTH="557" HEIGHT="28">
							<String ID="string_0" HPOS="190" VPOS="116" WIDTH="26" HEIGHT="20" WC="0.96" CONTENT="86"/><SP WIDTH="186" VPOS="116" HPOS="216"/>
							<String ID="string_1" HPOS="402" VPOS="121" WIDTH="180" HEIGHT="23" WC="0.91" CONTENT="Borgareståndet"/><SP WIDTH="12" VPOS="121" HPOS="582"/>
							<String ID="string_2" HPOS="594" VPOS="122" WIDTH="57" HEIGHT="18" WC="0.96" CONTENT="1894."/><SP WIDTH="24" VPOS="122" HPOS="651"/>
							<String ID="string_3" HPOS="675" VPOS="122" WIDTH="13" HEIGHT="17" WC="0.96" CONTENT="9"/><SP WIDTH="13" VPOS="122" HPOS="688"/>
							<String ID="string_4" HPOS="701" VPOS="121" WIDTH="46" HEIGHT="18" WC="0.96" CONTENT="febr"/>
						</TextLine>
					</TextBlock>
				</ComposedBlock>
				<GraphicalElement ID="cblock_2" HPOS="162" VPOS="155" WIDTH="807" HEIGHT="5"></GraphicalElement >
				<ComposedBlock ID="cblock_3" HPOS="162" VPOS="201" WIDTH="825" HEIGHT="79">
					<TextBlock ID="block_1" HPOS="162" VPOS="201" WIDTH="825" HEIGHT="79">
						<TextLine ID="line_1" HPOS="232" VPOS="201" WIDTH="755" HEIGHT="29">
							<String ID="string_5" HPOS="232" VPOS="201" WIDTH="117" HEIGHT="28" WC="0.96" CONTENT="Föredrogs"/><SP WIDTH="24" VPOS="201" HPOS="349"/>
							<String ID="string_6" HPOS="373" VPOS="209" WIDTH="27" HEIGHT="14" WC="0.96" CONTENT="en"/><SP WIDTH="27" VPOS="209" HPOS="400"/>
							<String ID="string_7" HPOS="427" VPOS="202" WIDTH="47" HEIGHT="21" WC="0.92" CONTENT="från"/><SP WIDTH="25" VPOS="202" HPOS="474"/>
							<String ID="string_8" HPOS="499" VPOS="202" WIDTH="239" HEIGHT="28" WC="0.89" CONTENT="expeditionsutskottet"/><SP WIDTH="26" VPOS="202" HPOS="738"/>
							<String ID="string_9" HPOS="764" VPOS="201" WIDTH="77" HEIGHT="21" WC="0.91" CONTENT="anländ"/><SP WIDTH="30" VPOS="201" HPOS="841"/>
							<String ID="string_10" HPOS="871" VPOS="201" WIDTH="116" HEIGHT="27" WC="0.73" CONTENT="skrifvelse,"/>
						</TextLine>
						<TextLine ID="line_2" HPOS="162" VPOS="230" WIDTH="824" HEIGHT="22">
							<String ID="string_11" HPOS="162" VPOS="231" WIDTH="59" HEIGHT="21" WC="0.91" CONTENT="hvari"/><SP WIDTH="17" VPOS="231" HPOS="221"/>
							<String ID="string_12" HPOS="238" VPOS="231" WIDTH="135" HEIGHT="21" WC="0.96" CONTENT="meddelades"/><SP WIDTH="16" VPOS="231" HPOS="373"/>
							<String ID="string_13" HPOS="389" VPOS="233" WIDTH="31" HEIGHT="19" WC="0.96" CONTENT="att"/><SP WIDTH="15" VPOS="233" HPOS="420"/>
							<String ID="string_14" HPOS="435" VPOS="231" WIDTH="102" HEIGHT="21" WC="0.96" CONTENT="utskottet"/><SP WIDTH="10" VPOS="231" HPOS="537"/>
							<String ID="string_15" HPOS="547" VPOS="231" WIDTH="32" HEIGHT="21" WC="0.96" CONTENT="till"/><SP WIDTH="11" VPOS="231" HPOS="579"/>
							<String ID="string_16" HPOS="590" VPOS="231" WIDTH="33" HEIGHT="21" WC="0.96" CONTENT="sin"/><SP WIDTH="14" VPOS="231" HPOS="623"/>
							<String ID="string_17" HPOS="637" VPOS="230" WIDTH="122" HEIGHT="22" WC="0.76" CONTENT="ordförande"/><SP WIDTH="11" VPOS="230" HPOS="759"/>
							<String ID="string_18" HPOS="770" VPOS="232" WIDTH="66" HEIGHT="19" WC="0.90" CONTENT="utsett"/><SP WIDTH="9" VPOS="232" HPOS="836"/>
							<String ID="string_19" HPOS="845" VPOS="230" WIDTH="141" HEIGHT="21" WC="0.91" CONTENT="öfverläraren"/>
						</TextLine>
						<TextLine ID="line_3" HPOS="162" VPOS="259" WIDTH="240" HEIGHT="21">
							<String ID="string_20" HPOS="162" VPOS="260" WIDTH="90" HEIGHT="20" WC="0.95" CONTENT="Alfred"/><SP WIDTH="17" VPOS="260" HPOS="252"/>
							<String ID="string_21" HPOS="269" VPOS="259" WIDTH="133" HEIGHT="21" WC="0.94" CONTENT="Kihlman."/>
						</TextLine>
					</TextBlock>
				</ComposedBlock>
				<ComposedBlock ID="cblock_4" HPOS="163" VPOS="402" WIDTH="823" HEIGHT="58">
					<TextBlock ID="block_2" HPOS="163" VPOS="402" WIDTH="823" HEIGHT="58">
						<TextLine ID="line_4" HPOS="232" VPOS="402" WIDTH="754" HEIGHT="30">
							<String ID="string_22" HPOS="232" VPOS="403" WIDTH="33" HEIGHT="22" WC="0.96" CONTENT="Hr"/><SP WIDTH="22" VPOS="403" HPOS="265"/>
							<String ID="string_23" HPOS="287" VPOS="404" WIDTH="121" HEIGHT="22" WC="0.93" CONTENT="talmannen"/><SP WIDTH="24" VPOS="404" HPOS="408"/>
							<String ID="string_24" HPOS="432" VPOS="404" WIDTH="95" HEIGHT="28" WC="0.92" CONTENT="uppläste"/><SP WIDTH="23" VPOS="404" HPOS="527"/>
							<String ID="string_25" HPOS="550" VPOS="405" WIDTH="30" HEIGHT="20" WC="0.96" CONTENT="ett"/><SP WIDTH="23" VPOS="405" HPOS="580"/>
							<String ID="string_26" HPOS="603" VPOS="404" WIDTH="35" HEIGHT="20" WC="0.93" CONTENT="vid"/><SP WIDTH="20" VPOS="404" HPOS="638"/>
							<String ID="string_27" HPOS="658" VPOS="402" WIDTH="185" HEIGHT="28" WC="0.92" CONTENT="borgareståndets"/><SP WIDTH="21" VPOS="402" HPOS="843"/>
							<String ID="string_28" HPOS="864" VPOS="402" WIDTH="122" HEIGHT="22" WC="0.90" CONTENT="elektorers-"/>
						</TextLine>
						<TextLine ID="line_5" HPOS="163" VPOS="431" WIDTH="822" HEIGHT="29">
							<String ID="string_29" HPOS="163" VPOS="433" WIDTH="156" HEIGHT="21" WC="0.96" CONTENT="sammanträde"/><SP WIDTH="16" VPOS="433" HPOS="319"/>
							<String ID="string_30" HPOS="335" VPOS="433" WIDTH="40" HEIGHT="22" WC="0.96" CONTENT="den"/><SP WIDTH="12" VPOS="433" HPOS="375"/>
							<String ID="string_31" HPOS="387" VPOS="435" WIDTH="12" HEIGHT="19" WC="0.96" CONTENT="9"/><SP WIDTH="10" VPOS="435" HPOS="399"/>
							<String ID="string_32" HPOS="409" VPOS="433" WIDTH="81" HEIGHT="21" WC="0.96" CONTENT="dennes"/><SP WIDTH="11" VPOS="433" HPOS="490"/>
							<String ID="string_33" HPOS="501" VPOS="432" WIDTH="127" HEIGHT="23" WC="0.95" CONTENT="tillkommet"/><SP WIDTH="10" VPOS="432" HPOS="628"/>
							<String ID="string_34" HPOS="638" VPOS="432" WIDTH="110" HEIGHT="28" WC="0.96" CONTENT="protokoll,"/><SP WIDTH="11" VPOS="432" HPOS="748"/>
							<String ID="string_35" HPOS="759" VPOS="432" WIDTH="21" HEIGHT="21" WC="0.96" CONTENT="af"/><SP WIDTH="10" VPOS="432" HPOS="780"/>
							<String ID="string_36" HPOS="790" VPOS="432" WIDTH="93" HEIGHT="26" WC="0.96" CONTENT="följande"/><SP WIDTH="13" VPOS="432" HPOS="883"/>
							<String ID="string_37" HPOS="896" VPOS="431" WIDTH="89" HEIGHT="28" WC="0.95" CONTENT="lydelse:"/>
						</TextLine>
					</TextBlock>
				</ComposedBlock>
				<ComposedBlock ID="cblock_5" HPOS="371" VPOS="517" WIDTH="617" HEIGHT="56">
					<TextBlock ID="block_3" HPOS="371" VPOS="517" WIDTH="617" HEIGHT="56">
						<TextLine ID="line_6" HPOS="439" VPOS="517" WIDTH="549" HEIGHT="29">
							<String ID="string_38" HPOS="439" VPOS="519" WIDTH="114" HEIGHT="27" WC="0.95" CONTENT="Protokoll,"/><SP WIDTH="15" VPOS="519" HPOS="553"/>
							<String ID="string_39" HPOS="568" VPOS="518" WIDTH="56" HEIGHT="21" WC="0.96" CONTENT="fördt"/><SP WIDTH="16" VPOS="518" HPOS="624"/>
							<String ID="string_40" HPOS="640" VPOS="518" WIDTH="34" HEIGHT="21" WC="0.93" CONTENT="vid"/><SP WIDTH="16" VPOS="518" HPOS="674"/>
							<String ID="string_41" HPOS="690" VPOS="517" WIDTH="183" HEIGHT="28" WC="0.92" CONTENT="borgareståndets"/><SP WIDTH="15" VPOS="517" HPOS="873"/>
							<String ID="string_42" HPOS="888" VPOS="517" WIDTH="100" HEIGHT="22" WC="0.90" CONTENT="elektors-"/>
						</TextLine>
						<TextLine ID="line_7" HPOS="371" VPOS="546" WIDTH="615" HEIGHT="27">
							<String ID="string_43" HPOS="371" VPOS="547" WIDTH="156" HEIGHT="22" WC="0.96" CONTENT="sammanträde"/><SP WIDTH="22" VPOS="547" HPOS="527"/>
							<String ID="string_44" HPOS="549" VPOS="547" WIDTH="42" HEIGHT="21" WC="0.96" CONTENT="den"/><SP WIDTH="16" VPOS="547" HPOS="591"/>
							<String ID="string_45" HPOS="607" VPOS="547" WIDTH="12" HEIGHT="21" WC="0.96" CONTENT="9"/><SP WIDTH="16" VPOS="547" HPOS="619"/>
							<String ID="string_46" HPOS="635" VPOS="547" WIDTH="92" HEIGHT="21" WC="0.96" CONTENT="februari"/><SP WIDTH="18" VPOS="547" HPOS="727"/>
							<String ID="string_47" HPOS="745" VPOS="547" WIDTH="54" HEIGHT="21" WC="0.96" CONTENT="1894"/><SP WIDTH="15" VPOS="547" HPOS="799"/>
							<String ID="string_48" HPOS="814" VPOS="547" WIDTH="27" HEIGHT="20" WC="0.93" CONTENT="kl."/><SP WIDTH="17" VPOS="547" HPOS="841"/>
							<String ID="string_49" HPOS="858" VPOS="546" WIDTH="26" HEIGHT="27" WC="0.71" CONTENT="!/,"/><SP WIDTH="16" VPOS="546" HPOS="884"/>
							<String ID="string_50" HPOS="900" VPOS="547" WIDTH="12" HEIGHT="20" WC="0.96" CONTENT="6"/><SP WIDTH="15" VPOS="547" HPOS="912"/>
							<String ID="string_51" HPOS="927" VPOS="552" WIDTH="17" HEIGHT="15" WC="0.94" CONTENT="e."/><SP WIDTH="16" VPOS="552" HPOS="944"/>
							<String ID="string_52" HPOS="960" VPOS="553" WIDTH="26" HEIGHT="13" WC="0.96" CONTENT="m."/>
						</TextLine>
					</TextBlock>
				</ComposedBlock>
				<ComposedBlock ID="cblock_6" HPOS="163" VPOS="603" WIDTH="825" HEIGHT="430">
					<TextBlock ID="block_4" HPOS="163" VPOS="603" WIDTH="825" HEIGHT="201">
						<TextLine ID="line_8" HPOS="234" VPOS="603" WIDTH="754" HEIGHT="29">
							<String ID="string_53" HPOS="234" VPOS="604" WIDTH="69" HEIGHT="22" WC="0.93" CONTENT="Sedan"/><SP WIDTH="15" VPOS="604" HPOS="303"/>
							<String ID="string_54" HPOS="318" VPOS="605" WIDTH="173" HEIGHT="27" WC="0.92" CONTENT="borgareständet"/><SP WIDTH="16" VPOS="605" HPOS="491"/>
							<String ID="string_55" HPOS="507" VPOS="604" WIDTH="34" HEIGHT="21" WC="0.92" CONTENT="vid"/><SP WIDTH="16" VPOS="604" HPOS="541"/>
							<String ID="string_56" HPOS="557" VPOS="604" WIDTH="88" HEIGHT="28" WC="0.92" CONTENT="plenum"/><SP WIDTH="15" VPOS="604" HPOS="645"/>
							<String ID="string_57" HPOS="660" VPOS="604" WIDTH="42" HEIGHT="21" WC="0.96" CONTENT="den"/><SP WIDTH="13" VPOS="604" HPOS="702"/>
							<String ID="string_58" HPOS="715" VPOS="605" WIDTH="11" HEIGHT="20" WC="0.93" CONTENT="7"/><SP WIDTH="16" VPOS="605" HPOS="726"/>
							<String ID="string_59" HPOS="742" VPOS="603" WIDTH="143" HEIGHT="23" WC="0.93" CONTENT="innevarande"/><SP WIDTH="10" VPOS="603" HPOS="885"/>
							<String ID="string_60" HPOS="895" VPOS="603" WIDTH="93" HEIGHT="21" WC="0.96" CONTENT="februari"/>
						</TextLine>
						<TextLine ID="line_9" HPOS="165" VPOS="632" WIDTH="823" HEIGHT="29">
							<String ID="string_61" HPOS="165" VPOS="633" WIDTH="86" HEIGHT="22" WC="0.93" CONTENT="beslutit"/><SP WIDTH="20" VPOS="633" HPOS="251"/>
							<String ID="string_62" HPOS="271" VPOS="635" WIDTH="30" HEIGHT="21" WC="0.95" CONTENT="att"/><SP WIDTH="20" VPOS="635" HPOS="301"/>
							<String ID="string_63" HPOS="321" VPOS="635" WIDTH="30" HEIGHT="20" WC="0.93" CONTENT="ett"/><SP WIDTH="16" VPOS="635" HPOS="351"/>
							<String ID="string_64" HPOS="367" VPOS="633" WIDTH="197" HEIGHT="28" WC="0.85" CONTENT="järnväysutskott,"/><SP WIDTH="21" VPOS="633" HPOS="564"/>
							<String ID="string_65" HPOS="585" VPOS="633" WIDTH="114" HEIGHT="21" WC="0.96" CONTENT="bestående"/><SP WIDTH="23" VPOS="633" HPOS="699"/>
							<String ID="string_66" HPOS="722" VPOS="633" WIDTH="21" HEIGHT="21" WC="0.93" CONTENT="af"/><SP WIDTH="14" VPOS="633" HPOS="743"/>
							<String ID="string_67" HPOS="757" VPOS="633" WIDTH="46" HEIGHT="26" WC="0.96" CONTENT="fyra"/><SP WIDTH="15" VPOS="633" HPOS="803"/>
							<String ID="string_68" HPOS="818" VPOS="632" WIDTH="116" HEIGHT="21" WC="0.96" CONTENT="ledamöter"/><SP WIDTH="14" VPOS="632" HPOS="934"/>
							<String ID="string_69" HPOS="948" VPOS="632" WIDTH="40" HEIGHT="21" WC="0.96" CONTENT="och"/>
						</TextLine>
						<TextLine ID="line_10" HPOS="165" VPOS="660" WIDTH="823" HEIGHT="29">
							<String ID="string_70" HPOS="165" VPOS="662" WIDTH="34" HEIGHT="21" WC="0.92" CONTENT="tvä"/><SP WIDTH="15" VPOS="662" HPOS="199"/>
							<String ID="string_71" HPOS="214" VPOS="662" WIDTH="135" HEIGHT="27" WC="0.92" CONTENT="suppleanter"/><SP WIDTH="14" VPOS="662" HPOS="349"/>
							<String ID="string_72" HPOS="363" VPOS="662" WIDTH="47" HEIGHT="21" WC="0.92" CONTENT="frän"/><SP WIDTH="16" VPOS="662" HPOS="410"/>
							<String ID="string_73" HPOS="426" VPOS="663" WIDTH="72" HEIGHT="26" WC="0.93" CONTENT="hvarje"/><SP WIDTH="16" VPOS="663" HPOS="498"/>
							<String ID="string_74" HPOS="514" VPOS="661" WIDTH="68" HEIGHT="26" WC="0.91" CONTENT="ständ,"/><SP WIDTH="15" VPOS="661" HPOS="582"/>
							<String ID="string_75" HPOS="597" VPOS="661" WIDTH="69" HEIGHT="21" WC="0.96" CONTENT="skulle"/><SP WIDTH="15" VPOS="661" HPOS="666"/>
							<String ID="string_76" HPOS="681" VPOS="661" WIDTH="69" HEIGHT="22" WC="0.93" CONTENT="under"/><SP WIDTH="14" VPOS="661" HPOS="750"/>
							<String ID="string_77" HPOS="764" VPOS="661" WIDTH="108" HEIGHT="28" WC="0.92" CONTENT="pägäende"/><SP WIDTH="15" VPOS="661" HPOS="872"/>
							<String ID="string_78" HPOS="887" VPOS="660" WIDTH="101" HEIGHT="27" WC="0.93" CONTENT="landtdag"/>
						</TextLine>
						<TextLine ID="line_11" HPOS="164" VPOS="689" WIDTH="824" HEIGHT="28">
							<String ID="string_79" HPOS="164" VPOS="691" WIDTH="104" HEIGHT="26" WC="0.96" CONTENT="tillsättas,"/><SP WIDTH="16" VPOS="691" HPOS="268"/>
							<String ID="string_80" HPOS="284" VPOS="691" WIDTH="170" HEIGHT="21" WC="0.93" CONTENT="sammanträdde"/><SP WIDTH="15" VPOS="691" HPOS="454"/>
							<String ID="string_81" HPOS="469" VPOS="691" WIDTH="94" HEIGHT="21" WC="0.92" CONTENT="ständets"/><SP WIDTH="16" VPOS="691" HPOS="563"/>
							<String ID="string_82" HPOS="579" VPOS="690" WIDTH="105" HEIGHT="21" WC="0.96" CONTENT="elektorer"/><SP WIDTH="14" VPOS="690" HPOS="684"/>
							<String ID="string_83" HPOS="698" VPOS="691" WIDTH="32" HEIGHT="20" WC="0.93" CONTENT="för"/><SP WIDTH="15" VPOS="691" HPOS="730"/>
							<String ID="string_84" HPOS="745" VPOS="689" WIDTH="132" HEIGHT="22" WC="0.92" CONTENT="anställande"/><SP WIDTH="15" VPOS="689" HPOS="877"/>
							<String ID="string_85" HPOS="892" VPOS="689" WIDTH="21" HEIGHT="21" WC="0.96" CONTENT="af"/><SP WIDTH="10" VPOS="689" HPOS="913"/>
							<String ID="string_86" HPOS="923" VPOS="689" WIDTH="34" HEIGHT="21" WC="0.87" CONTENT="val"/><SP WIDTH="10" VPOS="689" HPOS="957"/>
							<String ID="string_87" HPOS="967" VPOS="689" WIDTH="21" HEIGHT="20" WC="0.87" CONTENT="af"/>
						</TextLine>
						<TextLine ID="line_12" HPOS="163" VPOS="717" WIDTH="824" HEIGHT="30">
							<String ID="string_88" HPOS="163" VPOS="719" WIDTH="118" HEIGHT="21" WC="0.91" CONTENT="ledamöter"/><SP WIDTH="14" VPOS="719" HPOS="281"/>
							<String ID="string_89" HPOS="295" VPOS="719" WIDTH="40" HEIGHT="21" WC="0.93" CONTENT="och"/><SP WIDTH="13" VPOS="719" HPOS="335"/>
							<String ID="string_90" HPOS="348" VPOS="720" WIDTH="136" HEIGHT="27" WC="0.93" CONTENT="suppleanter"/><SP WIDTH="15" VPOS="720" HPOS="484"/>
							<String ID="string_91" HPOS="499" VPOS="719" WIDTH="31" HEIGHT="21" WC="0.93" CONTENT="till"/><SP WIDTH="16" VPOS="719" HPOS="530"/>
							<String ID="string_92" HPOS="546" VPOS="719" WIDTH="98" HEIGHT="21" WC="0.90" CONTENT="bemälda"/><SP WIDTH="15" VPOS="719" HPOS="644"/>
							<String ID="string_93" HPOS="659" VPOS="719" WIDTH="90" HEIGHT="26" WC="0.92" CONTENT="utskott;"/><SP WIDTH="20" VPOS="719" HPOS="749"/>
							<String ID="string_94" HPOS="769" VPOS="718" WIDTH="130" HEIGHT="21" WC="0.93" CONTENT="närvarande"/><SP WIDTH="16" VPOS="718" HPOS="899"/>
							<String ID="string_95" HPOS="915" VPOS="717" WIDTH="72" HEIGHT="21" WC="0.93" CONTENT="härvid"/>
						</TextLine>
						<TextLine ID="line_13" HPOS="165" VPOS="746" WIDTH="823" HEIGHT="29">
							<String ID="string_96" HPOS="165" VPOS="748" WIDTH="98" HEIGHT="27" WC="0.93" CONTENT="samtliga"/><SP WIDTH="15" VPOS="748" HPOS="263"/>
							<String ID="string_97" HPOS="278" VPOS="748" WIDTH="104" HEIGHT="25" WC="0.93" CONTENT="elektorer"/><SP WIDTH="14" VPOS="748" HPOS="382"/>
							<String ID="string_98" HPOS="396" VPOS="749" WIDTH="92" HEIGHT="20" WC="0.96" CONTENT="förutom"/><SP WIDTH="16" VPOS="749" HPOS="488"/>
							<String ID="string_99" HPOS="504" VPOS="749" WIDTH="25" HEIGHT="20" WC="0.93" CONTENT="hr"/><SP WIDTH="14" VPOS="749" HPOS="529"/>
							<String ID="string_100" HPOS="543" VPOS="747" WIDTH="163" HEIGHT="28" WC="0.92" CONTENT="Neppenström,"/><SP WIDTH="14" VPOS="747" HPOS="706"/>
							<String ID="string_101" HPOS="720" VPOS="754" WIDTH="46" HEIGHT="14" WC="0.96" CONTENT="som"/><SP WIDTH="15" VPOS="754" HPOS="766"/>
							<String ID="string_102" HPOS="781" VPOS="747" WIDTH="48" HEIGHT="21" WC="0.93" CONTENT="med"/><SP WIDTH="16" VPOS="747" HPOS="829"/>
							<String ID="string_103" HPOS="845" VPOS="746" WIDTH="92" HEIGHT="22" WC="0.88" CONTENT="tillständ"/><SP WIDTH="14" VPOS="746" HPOS="937"/>
							<String ID="string_104" HPOS="951" VPOS="753" WIDTH="37" HEIGHT="14" WC="0.96" CONTENT="var"/>
						</TextLine>
						<TextLine ID="line_14" HPOS="164" VPOS="776" WIDTH="457" HEIGHT="28">
							<String ID="string_105" HPOS="164" VPOS="776" WIDTH="48" HEIGHT="21" WC="0.93" CONTENT="frän"/><SP WIDTH="16" VPOS="776" HPOS="212"/>
							<String ID="string_106" HPOS="228" VPOS="776" WIDTH="74" HEIGHT="21" WC="0.93" CONTENT="staden"/><SP WIDTH="16" VPOS="776" HPOS="302"/>
							<String ID="string_107" HPOS="318" VPOS="777" WIDTH="96" HEIGHT="27" WC="0.93" CONTENT="bortrest,"/><SP WIDTH="15" VPOS="777" HPOS="414"/>
							<String ID="string_108" HPOS="429" VPOS="779" WIDTH="54" HEIGHT="19" WC="0.96" CONTENT="samt"/><SP WIDTH="15" VPOS="779" HPOS="483"/>
							<String ID="string_109" HPOS="498" VPOS="777" WIDTH="25" HEIGHT="20" WC="0.96" CONTENT="hr"/><SP WIDTH="14" VPOS="777" HPOS="523"/>
							<String ID="string_110" HPOS="537" VPOS="776" WIDTH="84" HEIGHT="21" WC="0.95" CONTENT="Heikel."/>
						</TextLine>
					</TextBlock>
					<TextBlock ID="block_5" HPOS="164" VPOS="803" WIDTH="824" HEIGHT="144">
						<TextLine ID="line_15" HPOS="235" VPOS="803" WIDTH="753" HEIGHT="29">
							<String ID="string_111" HPOS="235" VPOS="805" WIDTH="67" HEIGHT="27" WC="0.92" CONTENT="Valet,"/><SP WIDTH="23" VPOS="805" HPOS="302"/>
							<String ID="string_112" HPOS="325" VPOS="812" WIDTH="44" HEIGHT="14" WC="0.91" CONTENT="som"/><SP WIDTH="24" VPOS="812" HPOS="369"/>
							<String ID="string_113" HPOS="393" VPOS="805" WIDTH="130" HEIGHT="22" WC="0.91" CONTENT="verkstäldes"/><SP WIDTH="15" VPOS="805" HPOS="523"/>
							<String ID="string_114" HPOS="538" VPOS="805" WIDTH="49" HEIGHT="20" WC="0.92" CONTENT="med"/><SP WIDTH="16" VPOS="805" HPOS="587"/>
							<String ID="string_115" HPOS="603" VPOS="805" WIDTH="70" HEIGHT="20" WC="0.92" CONTENT="slutna"/><SP WIDTH="15" VPOS="805" HPOS="673"/>
							<String ID="string_116" HPOS="688" VPOS="805" WIDTH="75" HEIGHT="26" WC="0.92" CONTENT="sedlar,"/><SP WIDTH="16" VPOS="805" HPOS="763"/>
							<String ID="string_117" HPOS="779" VPOS="804" WIDTH="60" HEIGHT="21" WC="0.92" CONTENT="utföll"/><SP WIDTH="16" VPOS="804" HPOS="839"/>
							<String ID="string_118" HPOS="855" VPOS="803" WIDTH="89" HEIGHT="22" WC="0.93" CONTENT="sälunda"/><SP WIDTH="14" VPOS="803" HPOS="944"/>
							<String ID="string_119" HPOS="958" VPOS="805" WIDTH="30" HEIGHT="19" WC="0.97" CONTENT="att"/>
						</TextLine>
						<TextLine ID="line_16" HPOS="164" VPOS="832" WIDTH="824" HEIGHT="28">
							<String ID="string_120" HPOS="164" VPOS="833" WIDTH="32" HEIGHT="21" WC="0.92" CONTENT="till"/><SP WIDTH="22" VPOS="833" HPOS="196"/>
							<String ID="string_121" HPOS="218" VPOS="833" WIDTH="117" HEIGHT="22" WC="0.90" CONTENT="ledamöter"/><SP WIDTH="22" VPOS="833" HPOS="335"/>
							<String ID="string_122" HPOS="357" VPOS="835" WIDTH="30" HEIGHT="20" WC="0.91" CONTENT="uti"/><SP WIDTH="22" VPOS="835" HPOS="387"/>
							<String ID="string_123" HPOS="409" VPOS="835" WIDTH="102" HEIGHT="20" WC="0.93" CONTENT="utskottet"/><SP WIDTH="22" VPOS="835" HPOS="511"/>
							<String ID="string_124" HPOS="533" VPOS="833" WIDTH="80" HEIGHT="22" WC="0.93" CONTENT="erhöllo"/><SP WIDTH="23" VPOS="833" HPOS="613"/>
							<String ID="string_125" HPOS="636" VPOS="834" WIDTH="25" HEIGHT="20" WC="0.93" CONTENT="hr"/><SP WIDTH="13" VPOS="834" HPOS="661"/>
							<String ID="string_126" HPOS="674" VPOS="833" WIDTH="102" HEIGHT="27" WC="0.92" CONTENT="Tallgvist"/><SP WIDTH="16" VPOS="833" HPOS="776"/>
							<String ID="string_127" HPOS="792" VPOS="833" WIDTH="32" HEIGHT="27" WC="0.96" CONTENT="15,"/><SP WIDTH="16" VPOS="833" HPOS="824"/>
							<String ID="string_128" HPOS="840" VPOS="833" WIDTH="35" HEIGHT="20" WC="0.96" CONTENT="hrr"/><SP WIDTH="15" VPOS="833" HPOS="875"/>
							<String ID="string_129" HPOS="890" VPOS="832" WIDTH="98" HEIGHT="21" WC="0.96" CONTENT="Cronvall"/>
						</TextLine>
						<TextLine ID="line_17" HPOS="164" VPOS="861" WIDTH="823" HEIGHT="29">
							<String ID="string_130" HPOS="164" VPOS="863" WIDTH="40" HEIGHT="20" WC="0.96" CONTENT="och"/><SP WIDTH="22" VPOS="863" HPOS="204"/>
							<String ID="string_131" HPOS="226" VPOS="862" WIDTH="110" HEIGHT="27" WC="0.93" CONTENT="Federley,"/><SP WIDTH="22" VPOS="862" HPOS="336"/>
							<String ID="string_132" HPOS="358" VPOS="863" WIDTH="110" HEIGHT="27" WC="0.96" CONTENT="hvardera,"/><SP WIDTH="23" VPOS="863" HPOS="468"/>
							<String ID="string_133" HPOS="491" VPOS="863" WIDTH="32" HEIGHT="27" WC="0.96" CONTENT="12,"/><SP WIDTH="24" VPOS="863" HPOS="523"/>
							<String ID="string_134" HPOS="547" VPOS="863" WIDTH="25" HEIGHT="20" WC="0.96" CONTENT="hr"/><SP WIDTH="17" VPOS="863" HPOS="572"/>
							<String ID="string_135" HPOS="589" VPOS="862" WIDTH="53" HEIGHT="21" WC="0.96" CONTENT="Lille"/><SP WIDTH="17" VPOS="862" HPOS="642"/>
							<String ID="string_136" HPOS="659" VPOS="862" WIDTH="33" HEIGHT="27" WC="0.95" CONTENT="11,"/><SP WIDTH="15" VPOS="862" HPOS="692"/>
							<String ID="string_137" HPOS="707" VPOS="862" WIDTH="36" HEIGHT="21" WC="0.93" CONTENT="hrr"/><SP WIDTH="14" VPOS="862" HPOS="743"/>
							<String ID="string_138" HPOS="757" VPOS="861" WIDTH="136" HEIGHT="28" WC="0.80" CONTENT="Aejmeleus,"/><SP WIDTH="16" VPOS="861" HPOS="893"/>
							<String ID="string_139" HPOS="909" VPOS="861" WIDTH="78" HEIGHT="20" WC="0.93" CONTENT="Genetz"/>
						</TextLine>
						<TextLine ID="line_18" HPOS="164" VPOS="889" WIDTH="823" HEIGHT="29">
							<String ID="string_140" HPOS="164" VPOS="891" WIDTH="40" HEIGHT="20" WC="0.96" CONTENT="och"/><SP WIDTH="16" VPOS="891" HPOS="204"/>
							<String ID="string_141" HPOS="220" VPOS="891" WIDTH="125" HEIGHT="26" WC="0.93" CONTENT="Söderlund,"/><SP WIDTH="24" VPOS="891" HPOS="345"/>
							<String ID="string_142" HPOS="369" VPOS="892" WIDTH="85" HEIGHT="26" WC="0.92" CONTENT="enhvar,"/><SP WIDTH="15" VPOS="892" HPOS="454"/>
							<String ID="string_143" HPOS="469" VPOS="892" WIDTH="14" HEIGHT="20" WC="0.93" CONTENT="4"/><SP WIDTH="15" VPOS="892" HPOS="483"/>
							<String ID="string_144" HPOS="498" VPOS="893" WIDTH="67" HEIGHT="19" WC="0.93" CONTENT="röster"/><SP WIDTH="16" VPOS="893" HPOS="565"/>
							<String ID="string_145" HPOS="581" VPOS="892" WIDTH="54" HEIGHT="20" WC="0.96" CONTENT="samt"/><SP WIDTH="15" VPOS="892" HPOS="635"/>
							<String ID="string_146" HPOS="650" VPOS="891" WIDTH="36" HEIGHT="20" WC="0.96" CONTENT="hrr"/><SP WIDTH="14" VPOS="891" HPOS="686"/>
							<String ID="string_147" HPOS="700" VPOS="890" WIDTH="66" HEIGHT="21" WC="0.96" CONTENT="Malin"/><SP WIDTH="15" VPOS="890" HPOS="766"/>
							<String ID="string_148" HPOS="781" VPOS="891" WIDTH="40" HEIGHT="20" WC="0.93" CONTENT="och"/><SP WIDTH="16" VPOS="891" HPOS="821"/>
							<String ID="string_149" HPOS="837" VPOS="889" WIDTH="75" HEIGHT="26" WC="0.90" CONTENT="Savön,"/><SP WIDTH="16" VPOS="889" HPOS="912"/>
							<String ID="string_150" HPOS="928" VPOS="889" WIDTH="59" HEIGHT="21" WC="0.92" CONTENT="hvar-"/>
						</TextLine>
						<TextLine ID="line_19" HPOS="165" VPOS="919" WIDTH="152" HEIGHT="28">
							<String ID="string_151" HPOS="165" VPOS="919" WIDTH="56" HEIGHT="28" WC="0.93" CONTENT="dera,"/><SP WIDTH="17" VPOS="919" HPOS="221"/>
							<String ID="string_152" HPOS="238" VPOS="920" WIDTH="11" HEIGHT="20" WC="0.92" CONTENT="1"/><SP WIDTH="17" VPOS="920" HPOS="249"/>
							<String ID="string_153" HPOS="266" VPOS="921" WIDTH="51" HEIGHT="25" WC="0.92" CONTENT="röst;"/>
						</TextLine>
					</TextBlock>
					<TextBlock ID="block_6" HPOS="164" VPOS="947" WIDTH="824" HEIGHT="56">
						<TextLine ID="line_20" HPOS="233" VPOS="947" WIDTH="755" HEIGHT="30">
							<String ID="string_154" HPOS="233" VPOS="948" WIDTH="33" HEIGHT="21" WC="0.89" CONTENT="till"/><SP WIDTH="24" VPOS="948" HPOS="266"/>
							<String ID="string_155" HPOS="290" VPOS="948" WIDTH="64" HEIGHT="29" WC="0.94" CONTENT="förste"/><SP WIDTH="25" VPOS="948" HPOS="354"/>
							<String ID="string_156" HPOS="379" VPOS="949" WIDTH="123" HEIGHT="28" WC="0.89" CONTENT="suppleant;"/><SP WIDTH="25" VPOS="949" HPOS="502"/>
							<String ID="string_157" HPOS="527" VPOS="949" WIDTH="26" HEIGHT="21" WC="0.96" CONTENT="hr"/><SP WIDTH="22" VPOS="949" HPOS="553"/>
							<String ID="string_158" HPOS="575" VPOS="948" WIDTH="66" HEIGHT="24" WC="0.96" CONTENT="Malin"/><SP WIDTH="17" VPOS="948" HPOS="641"/>
							<String ID="string_159" HPOS="658" VPOS="949" WIDTH="33" HEIGHT="28" WC="0.96" CONTENT="12"/><SP WIDTH="23" VPOS="949" HPOS="691"/>
							<String ID="string_160" HPOS="714" VPOS="948" WIDTH="39" HEIGHT="24" WC="0.93" CONTENT="och"/><SP WIDTH="22" VPOS="948" HPOS="753"/>
							<String ID="string_161" HPOS="775" VPOS="947" WIDTH="177" HEIGHT="29" WC="0.84" CONTENT="hr.Aejmeleus"/><SP WIDTH="22" VPOS="947" HPOS="952"/>
							<String ID="string_162" HPOS="974" VPOS="947" WIDTH="14" HEIGHT="19" WC="0.96" CONTENT="4"/>
						</TextLine>
						<TextLine ID="line_21" HPOS="164" VPOS="972" WIDTH="713" HEIGHT="31">
							<String ID="string_163" HPOS="164" VPOS="978" WIDTH="76" HEIGHT="25" WC="0.95" CONTENT="röster;"/><SP WIDTH="17" VPOS="978" HPOS="240"/>
							<String ID="string_164" HPOS="257" VPOS="979" WIDTH="55" HEIGHT="19" WC="0.25" CONTENT="samt"/><SP WIDTH="21" VPOS="979" HPOS="312"/>
							<String ID="string_165" HPOS="333" VPOS="982" WIDTH="2" HEIGHT="2" WC="0.87" CONTENT="&#39;"/><SP WIDTH="352" VPOS="982" HPOS="335"/>
							<String ID="string_166" HPOS="687" VPOS="975" WIDTH="60" HEIGHT="3" WC="0.38" CONTENT="FE"/><SP WIDTH="45" VPOS="975" HPOS="747"/>
							<String ID="string_167" HPOS="792" VPOS="972" WIDTH="85" HEIGHT="13" WC="0.18" CONTENT="RE"/>
						</TextLine>
					</TextBlock>
					<TextBlock ID="block_7" HPOS="233" VPOS="1005" WIDTH="679" HEIGHT="28">
						<TextLine ID="line_22" HPOS="233" VPOS="1005" WIDTH="679" HEIGHT="28">
							<String ID="string_168" HPOS="233" VPOS="1005" WIDTH="32" HEIGHT="21" WC="0.96" CONTENT="till"/><SP WIDTH="16" VPOS="1005" HPOS="265"/>
							<String ID="string_169" HPOS="281" VPOS="1005" WIDTH="64" HEIGHT="22" WC="0.96" CONTENT="andre"/><SP WIDTH="16" VPOS="1005" HPOS="345"/>
							<String ID="string_170" HPOS="361" VPOS="1006" WIDTH="120" HEIGHT="27" WC="0.96" CONTENT="suppleant:"/><SP WIDTH="16" VPOS="1006" HPOS="481"/>
							<String ID="string_171" HPOS="497" VPOS="1006" WIDTH="25" HEIGHT="20" WC="0.93" CONTENT="hr"/><SP WIDTH="15" VPOS="1006" HPOS="522"/>
							<String ID="string_172" HPOS="537" VPOS="1005" WIDTH="131" HEIGHT="28" WC="0.66" CONTENT="Aejmeleus"/><SP WIDTH="16" VPOS="1005" HPOS="668"/>
							<String ID="string_173" HPOS="684" VPOS="1005" WIDTH="97" HEIGHT="27" WC="0.96" CONTENT="samtliga"/><SP WIDTH="19" VPOS="1005" HPOS="781"/>
							<String ID="string_174" HPOS="800" VPOS="1005" WIDTH="25" HEIGHT="20" WC="0.96" CONTENT="16"/><SP WIDTH="16" VPOS="1005" HPOS="825"/>
							<String ID="string_175" HPOS="841" VPOS="1006" WIDTH="71" HEIGHT="19" WC="0.96" CONTENT="röster."/>
						</TextLine>
					</TextBlock>
				</ComposedBlock>
				<ComposedBlock ID="cblock_7" HPOS="234" VPOS="1062" WIDTH="244" HEIGHT="22">
					<TextBlock ID="block_8" HPOS="234" VPOS="1062" WIDTH="244" HEIGHT="22">
						<TextLine ID="line_23" HPOS="234" VPOS="1062" WIDTH="244" HEIGHT="22">
							<String ID="string_176" HPOS="234" VPOS="1062" WIDTH="68" HEIGHT="21" WC="0.96" CONTENT="Valde"/><SP WIDTH="17" VPOS="1062" HPOS="302"/>
							<String ID="string_177" HPOS="319" VPOS="1069" WIDTH="50" HEIGHT="14" WC="0.96" CONTENT="voro"/><SP WIDTH="16" VPOS="1069" HPOS="369"/>
							<String ID="string_178" HPOS="385" VPOS="1063" WIDTH="93" HEIGHT="21" WC="0.96" CONTENT="således:"/>
						</TextLine>
					</TextBlock>
				</ComposedBlock>
				<ComposedBlock ID="cblock_8" HPOS="234" VPOS="1118" WIDTH="754" HEIGHT="57">
					<TextBlock ID="block_9" HPOS="234" VPOS="1118" WIDTH="754" HEIGHT="57">
						<TextLine ID="line_24" HPOS="234" VPOS="1118" WIDTH="754" HEIGHT="29">
							<String ID="string_179" HPOS="234" VPOS="1119" WIDTH="36" HEIGHT="21" WC="0.96" CONTENT="till"/><SP WIDTH="10" VPOS="1119" HPOS="270"/>
							<String ID="string_180" HPOS="280" VPOS="1119" WIDTH="117" HEIGHT="22" WC="0.92" CONTENT="ledamöter"/><SP WIDTH="6" VPOS="1119" HPOS="397"/>
							<String ID="string_181" HPOS="403" VPOS="1128" WIDTH="7" HEIGHT="13" WC="0.92" CONTENT=":"/><SP WIDTH="11" VPOS="1128" HPOS="410"/>
							<String ID="string_182" HPOS="421" VPOS="1120" WIDTH="37" HEIGHT="21" WC="0.88" CONTENT="hrr"/><SP WIDTH="9" VPOS="1120" HPOS="458"/>
							<String ID="string_183" HPOS="467" VPOS="1120" WIDTH="107" HEIGHT="27" WC="0.92" CONTENT="Tallqvist,"/><SP WIDTH="12" VPOS="1120" HPOS="574"/>
							<String ID="string_184" HPOS="586" VPOS="1119" WIDTH="105" HEIGHT="28" WC="0.95" CONTENT="Cronvall,"/><SP WIDTH="11" VPOS="1119" HPOS="691"/>
							<String ID="string_185" HPOS="702" VPOS="1119" WIDTH="102" HEIGHT="27" WC="0.96" CONTENT="Federley"/><SP WIDTH="11" VPOS="1119" HPOS="804"/>
							<String ID="string_186" HPOS="815" VPOS="1119" WIDTH="40" HEIGHT="20" WC="0.96" CONTENT="och"/><SP WIDTH="10" VPOS="1119" HPOS="855"/>
							<String ID="string_187" HPOS="865" VPOS="1118" WIDTH="58" HEIGHT="27" WC="0.96" CONTENT="Lille,"/><SP WIDTH="12" VPOS="1118" HPOS="923"/>
							<String ID="string_188" HPOS="935" VPOS="1119" WIDTH="53" HEIGHT="20" WC="0.96" CONTENT="samt"/>
						</TextLine>
						<TextLine ID="line_25" HPOS="234" VPOS="1147" WIDTH="542" HEIGHT="28">
							<String ID="string_189" HPOS="234" VPOS="1147" WIDTH="36" HEIGHT="22" WC="0.96" CONTENT="till"/><SP WIDTH="14" VPOS="1147" HPOS="270"/>
							<String ID="string_190" HPOS="284" VPOS="1149" WIDTH="142" HEIGHT="26" WC="0.92" CONTENT="suppleanter"/><SP WIDTH="6" VPOS="1149" HPOS="426"/>
							<String ID="string_191" HPOS="432" VPOS="1157" WIDTH="8" HEIGHT="12" WC="0.92" CONTENT=":"/><SP WIDTH="15" VPOS="1157" HPOS="440"/>
							<String ID="string_192" HPOS="455" VPOS="1149" WIDTH="36" HEIGHT="20" WC="0.95" CONTENT="hrr"/><SP WIDTH="14" VPOS="1149" HPOS="491"/>
							<String ID="string_193" HPOS="505" VPOS="1149" WIDTH="65" HEIGHT="20" WC="0.96" CONTENT="Malin"/><SP WIDTH="17" VPOS="1149" HPOS="570"/>
							<String ID="string_194" HPOS="587" VPOS="1149" WIDTH="39" HEIGHT="20" WC="0.93" CONTENT="och"/><SP WIDTH="15" VPOS="1149" HPOS="626"/>
							<String ID="string_195" HPOS="641" VPOS="1148" WIDTH="135" HEIGHT="27" WC="0.59" CONTENT="Aejmeleus."/>
						</TextLine>
					</TextBlock>
				</ComposedBlock>
				<ComposedBlock ID="cblock_9" HPOS="713" VPOS="1216" WIDTH="205" HEIGHT="62">
					<TextBlock ID="block_10" HPOS="713" VPOS="1216" WIDTH="205" HEIGHT="62">
						<TextLine ID="line_26" HPOS="764" VPOS="1216" WIDTH="93" HEIGHT="18">
							<String ID="string_196" HPOS="764" VPOS="1216" WIDTH="20" HEIGHT="18" WC="0.92" CONTENT="In"/><SP WIDTH="13" VPOS="1216" HPOS="784"/>
							<String ID="string_197" HPOS="797" VPOS="1216" WIDTH="60" HEIGHT="17" WC="0.91" CONTENT="fidem:"/>
						</TextLine>
						<TextLine ID="line_27" HPOS="713" VPOS="1250" WIDTH="205" HEIGHT="28">
							<String ID="string_198" HPOS="713" VPOS="1251" WIDTH="26" HEIGHT="22" WC="0.90" CONTENT="A."/><SP WIDTH="23" VPOS="1251" HPOS="739"/>
							<String ID="string_199" HPOS="762" VPOS="1251" WIDTH="23" HEIGHT="21" WC="0.86" CONTENT="V."/><SP WIDTH="16" VPOS="1251" HPOS="785"/>
							<String ID="string_200" HPOS="801" VPOS="1250" WIDTH="117" HEIGHT="28" WC="0.96" CONTENT="Lindberg."/>
						</TextLine>
					</TextBlock>
				</ComposedBlock>
				<ComposedBlock ID="cblock_10" HPOS="164" VPOS="1319" WIDTH="824" HEIGHT="58">
					<TextBlock ID="block_11" HPOS="164" VPOS="1319" WIDTH="824" HEIGHT="58">
						<TextLine ID="line_28" HPOS="234" VPOS="1319" WIDTH="754" HEIGHT="29">
							<String ID="string_201" HPOS="234" VPOS="1320" WIDTH="40" HEIGHT="22" WC="0.96" CONTENT="Om"/><SP WIDTH="24" VPOS="1320" HPOS="274"/>
							<String ID="string_202" HPOS="298" VPOS="1321" WIDTH="34" HEIGHT="21" WC="0.93" CONTENT="det"/><SP WIDTH="23" VPOS="1321" HPOS="332"/>
							<String ID="string_203" HPOS="355" VPOS="1320" WIDTH="148" HEIGHT="28" WC="0.92" CONTENT="försiggängna"/><SP WIDTH="23" VPOS="1320" HPOS="503"/>
							<String ID="string_204" HPOS="526" VPOS="1321" WIDTH="57" HEIGHT="21" WC="0.96" CONTENT="valet"/><SP WIDTH="22" VPOS="1321" HPOS="583"/>
							<String ID="string_205" HPOS="605" VPOS="1320" WIDTH="68" HEIGHT="22" WC="0.93" CONTENT="skulle"/><SP WIDTH="23" VPOS="1320" HPOS="673"/>
							<String ID="string_206" HPOS="696" VPOS="1320" WIDTH="57" HEIGHT="21" WC="0.89" CONTENT="säväl"/><SP WIDTH="25" VPOS="1320" HPOS="753"/>
							<String ID="string_207" HPOS="778" VPOS="1319" WIDTH="138" HEIGHT="21" WC="0.92" CONTENT="medständen"/><SP WIDTH="28" VPOS="1319" HPOS="916"/>
							<String ID="string_208" HPOS="944" VPOS="1325" WIDTH="44" HEIGHT="14" WC="0.96" CONTENT="som"/>
						</TextLine>
						<TextLine ID="line_29" HPOS="164" VPOS="1349" WIDTH="653" HEIGHT="28">
							<String ID="string_209" HPOS="164" VPOS="1349" WIDTH="203" HEIGHT="27" WC="0.91" CONTENT="järnvägsutskottet"/><SP WIDTH="14" VPOS="1349" HPOS="367"/>
							<String ID="string_210" HPOS="381" VPOS="1350" WIDTH="81" HEIGHT="20" WC="0.92" CONTENT="medels"/><SP WIDTH="16" VPOS="1350" HPOS="462"/>
							<String ID="string_211" HPOS="478" VPOS="1349" WIDTH="192" HEIGHT="28" WC="0.90" CONTENT="protokollsutdrag"/><SP WIDTH="16" VPOS="1349" HPOS="670"/>
							<String ID="string_212" HPOS="686" VPOS="1349" WIDTH="131" HEIGHT="21" WC="0.92" CONTENT="underrättas"/>
						</TextLine>
					</TextBlock>
				</ComposedBlock>
				<ComposedBlock ID="cblock_11" HPOS="164" VPOS="1490" WIDTH="826" HEIGHT="59">
					<TextBlock ID="block_12" HPOS="164" VPOS="1490" WIDTH="826" HEIGHT="59">
						<TextLine ID="line_30" HPOS="234" VPOS="1490" WIDTH="756" HEIGHT="30">
							<String ID="string_213" HPOS="234" VPOS="1492" WIDTH="118" HEIGHT="28" WC="0.93" CONTENT="Föredrogs"/><SP WIDTH="21" VPOS="1492" HPOS="352"/>
							<String ID="string_214" HPOS="373" VPOS="1493" WIDTH="24" HEIGHT="21" WC="0.96" CONTENT="hr"/><SP WIDTH="22" VPOS="1493" HPOS="397"/>
							<String ID="string_215" HPOS="419" VPOS="1492" WIDTH="99" HEIGHT="22" WC="0.80" CONTENT="Lilius?"/><SP WIDTH="24" VPOS="1492" HPOS="518"/>
							<String ID="string_216" HPOS="542" VPOS="1493" WIDTH="34" HEIGHT="21" WC="0.92" CONTENT="vid"/><SP WIDTH="23" VPOS="1493" HPOS="576"/>
							<String ID="string_217" HPOS="599" VPOS="1495" WIDTH="83" HEIGHT="19" WC="0.92" CONTENT="senaste"/><SP WIDTH="23" VPOS="1495" HPOS="682"/>
							<String ID="string_218" HPOS="705" VPOS="1492" WIDTH="87" HEIGHT="28" WC="0.91" CONTENT="plenum"/><SP WIDTH="16" VPOS="1492" HPOS="792"/>
							<String ID="string_219" HPOS="808" VPOS="1491" WIDTH="115" HEIGHT="27" WC="0.92" CONTENT="bordlagda"/><SP WIDTH="15" VPOS="1491" HPOS="923"/>
							<String ID="string_220" HPOS="938" VPOS="1490" WIDTH="52" HEIGHT="28" WC="0.93" CONTENT="peti-"/>
						</TextLine>
						<TextLine ID="line_31" HPOS="164" VPOS="1519" WIDTH="824" HEIGHT="30">
							<String ID="string_221" HPOS="164" VPOS="1520" WIDTH="136" HEIGHT="28" WC="0.91" CONTENT="tionsförslag"/><SP WIDTH="22" VPOS="1520" HPOS="300"/>
							<String ID="string_222" HPOS="322" VPOS="1528" WIDTH="35" HEIGHT="14" WC="0.93" CONTENT="om"/><SP WIDTH="21" VPOS="1528" HPOS="357"/>
							<String ID="string_223" HPOS="378" VPOS="1522" WIDTH="119" HEIGHT="21" WC="0.92" CONTENT="inrättande"/><SP WIDTH="24" VPOS="1522" HPOS="497"/>
							<String ID="string_224" HPOS="521" VPOS="1522" WIDTH="26" HEIGHT="27" WC="0.96" CONTENT="pä"/><SP WIDTH="22" VPOS="1522" HPOS="547"/>
							<String ID="string_225" HPOS="569" VPOS="1523" WIDTH="80" HEIGHT="19" WC="0.93" CONTENT="statens"/><SP WIDTH="20" VPOS="1523" HPOS="649"/>
							<String ID="string_226" HPOS="669" VPOS="1520" WIDTH="116" HEIGHT="22" WC="0.91" CONTENT="bekostnad"/><SP WIDTH="18" VPOS="1520" HPOS="785"/>
							<String ID="string_227" HPOS="803" VPOS="1520" WIDTH="30" HEIGHT="21" WC="0.92" CONTENT="uti"/><SP WIDTH="15" VPOS="1520" HPOS="833"/>
							<String ID="string_228" HPOS="848" VPOS="1520" WIDTH="81" HEIGHT="21" WC="0.82" CONTENT="Iisalmi"/><SP WIDTH="15" VPOS="1520" HPOS="929"/>
							<String ID="string_229" HPOS="944" VPOS="1519" WIDTH="44" HEIGHT="21" WC="0.96" CONTENT="stad"/>
						</TextLine>
					</TextBlock>
				</ComposedBlock>
			</PrintSpace>
		</Page>
	</Layout>
</alto>
