1095 1717
198 124 40 20 672
400 130 181 22 Borgareståndet
593 131 59 17 1894.
678 131 21 17 17
712 130 59 22 april.

168 212 23 19 är
210 211 122 27 visserligen
349 211 83 27 möjligt
447 213 29 19 att
491 211 42 21 den
549 211 97 27 tolkning
661 212 26 20 hr
700 211 93 21 Jansson
810 212 37 20 har
862 211 59 27 gifvit
936 217 58 21 para-

168 239 85 27 grafens
276 240 123 20 nuvarande
420 240 134 26 ordalydelse
574 240 47 20 icke
637 242 23 18 är
675 240 69 27 riktig.
774 239 59 21 Dock
849 246 49 14 vore
913 240 35 27 jag
962 239 33 21 för

168 268 44 20 min
236 268 36 20 del
294 268 95 27 benägen
411 268 33 21 för
466 275 27 14 en
514 268 65 21 sådan
603 268 102 28 tolkning.
736 268 103 21 Särskildt
859 268 7 21 i
885 268 34 21 det
934 268 21 21 af
970 268 24 20 hr

166 296 104 27 Tallqvist
291 297 107 27 påpekade
421 297 59 21 fallet
503 299 30 19 att
556 304 27 14 en
606 297 127 21 subvention
755 297 68 27 gifves
842 297 31 21 till
895 303 56 15 mera
966 298 27 19 än

168 324 70 22 halfva
255 325 35 21 det
305 326 119 20 beräknade
440 326 242 27 anläggningskapitalet
704 326 42 20 kan
763 326 35 20 det
811 326 32 20 väl
854 326 45 20 icke
910 326 84 20 komma

168 354 7 20 i
191 353 58 28 fräga
265 356 29 19 att
309 354 21 20 af
345 356 29 19 ett
389 354 120 27 aktiebolag
525 360 45 15 som
588 354 66 21 bildas
670 354 74 20 kräfva
759 356 29 19 ett
799 354 133 27 aktiekapital
942 360 52 21 upp-

168 382 82 27 gäende
266 382 31 21 till
312 382 64 22 minst
391 382 80 22 hälften
487 383 22 20 af
524 383 57 21 detta
596 389 80 14 samma
692 383 84 27 kapital.
805 383 31 26 Ty
851 383 7 20 i
873 382 74 22 sädant
956 382 38 21 fall

168 410 68 22 skulle
260 412 22 26 ju
304 411 158 28 aktiekapitalet
482 411 141 21 tillsammans
644 412 47 20 med
708 411 155 21 subventionen
879 411 69 28 uppgå
962 410 32 22 till

170 446 59 14 mera
244 441 27 19 än
287 441 40 20 den
344 440 120 21 beräknade
479 440 265 27 anläggningskostnaden.
776 440 49 21 Men
840 447 35 14 om
890 447 29 14 nu
931 440 62 21 äfven

167 468 26 21 hr
214 469 103 20 Janssons
340 469 96 27 tolkning
458 475 49 15 vore
523 469 77 27 oriktig
624 469 38 20 och
678 469 132 27 stadgandet,
825 469 74 20 sädant
915 469 34 20 det
965 475 28 14 nu

168 497 67 26 lyder,
251 497 68 21 skulle
334 497 48 21 leda
398 497 78 21 därhän
493 500 30 18 att
538 497 121 28 aktiebolag
674 504 50 14 vore
740 500 88 25 tvunget
843 500 30 18 att
888 497 60 21 hafva
964 499 29 19 ett

168 525 141 28 aktiekapital,
331 526 149 21 motsvarande
503 526 80 21 hälften
607 527 20 20 af
650 527 40 20 den
710 526 120 21 beräknade
845 526 148 27 anläggnings-

168 553 124 26 kostnaden,
307 561 63 20 synes
385 555 50 27 mig,
446 555 47 20 med
505 555 100 21 afseende
616 555 98 21 särskildt
725 555 12 20 å
749 557 89 25 utvägen
850 555 21 20 af
881 555 112 27 prioritets-

168 583 72 26 aktier,
264 589 26 15 en
312 583 65 21 sådan
401 583 138 22 eventualitet
561 591 51 13 vara
634 586 30 18 att
686 583 111 27 föredraga
812 583 89 21 framom
916 583 39 21 den
972 583 21 20 af

169 611 102 22 utskottet
286 613 37 20 och
339 612 7 20 i
361 612 158 27 propositionen
535 612 119 26 föreslagna
669 612 97 27 lydelsen
782 612 21 21 af
819 612 127 27 paragrafen,
957 617 36 15 en-

168 639 38 28 ligt
228 641 85 20 hvilken
336 641 105 20 måhända
464 641 53 20 intet
539 641 136 27 aktiekapital
698 641 31 20 als
757 641 51 20 eller
823 641 125 20 åtminstone
964 642 29 19 ett

170 669 60 26 högst
246 669 59 26 ringa
321 669 74 21 sådant
411 669 90 21 behöfde
517 669 119 21 förefinnas.
667 669 48 21 Mitt
730 669 78 28 förslag
823 671 24 18 är
861 669 87 21 sålunda
964 670 29 19 att

169 697 112 21 utskottets
296 698 77 27 förslag
388 698 7 20 i
411 698 70 21 denna
497 698 34 21 del
547 698 108 21 förkastas.

237 771 33 20 Hr
291 771 161 28 Federley:
477 771 40 22 Om
539 772 63 21 äfven
624 772 40 21 den
686 772 22 21 af
722 773 25 20 hr
762 772 91 21 Jansson
869 771 124 22 framhållna

168 799 126 28 tolkningen
310 800 20 21 af
345 800 35 21 det
395 807 30 14 nu
441 801 98 26 gällande
552 801 136 27 stadgandets
698 801 82 27 lydelse
791 801 71 21 kunde
872 807 61 14 anses
944 807 50 14 vara

168 828 68 27 riktig,
260 829 79 20 hvilket
361 829 35 26 jag
419 829 33 21 för
471 829 44 20 min
535 829 34 21 del
585 829 65 21 måste
667 829 91 27 betvifla,
774 829 92 28 framgår
879 830 23 26 ju
918 829 75 27 tydligt

168 857 65 20 redan
257 857 21 20 af
300 857 152 28 motiveringen
475 858 32 21 till
530 858 41 21 den
587 858 76 27 nådiga
679 858 128 27 proposition
823 860 30 19 att
869 857 123 28 regeringen

167 885 33 20 för
222 886 34 20 sin
279 885 33 22 del
331 886 127 21 åtminstone
473 887 47 20 icke
536 886 70 27 hyllar
621 893 26 14 en
663 887 65 20 sådan
746 887 101 26 tolkning,
863 887 37 20 och
917 886 26 21 då
958 886 36 21 det

167 915 23 19 är
212 914 26 27 på
260 915 124 26 regeringen
407 915 37 21 det
466 915 124 21 ankommer
611 918 29 18 att
661 915 34 20 vid
712 915 101 27 bolagens
829 915 98 21 bildande
943 915 50 20 fast-

166 942 62 21 ställa
243 943 98 27 beloppet
355 943 22 20 af
392 943 163 28 aktiekapitalet,
571 950 64 21 synes
650 944 64 21 äfven
729 944 77 27 tydligt
822 946 29 19 att
867 944 34 20 det
913 943 47 21 icke
970 945 23 18 är

167 971 70 26 någon
261 971 65 21 utsikt
346 973 30 19 att
391 972 35 20 vid
442 972 127 27 pröfningen
585 973 22 20 af
622 973 143 26 ansökningar
780 979 34 14 om
829 972 128 27 anläggning
972 971 22 21 af

166 999 98 22 enskilda
285 1001 111 26 järnvägar
418 1007 27 14 en
468 1001 66 20 sådan
555 1001 103 27 tolkning,
680 1007 46 14 som
748 1001 25 20 hr
787 1001 92 20 Jansson
895 1001 36 20 har
946 1000 47 21 sökt

166 1030 52 25 göra
240 1028 104 27 gällande,
367 1029 69 21 skulle
460 1029 63 21 vinna
545 1029 66 28 gehör
633 1029 38 21 hos
694 1029 131 28 regeringen.
856 1029 39 21 Om
911 1029 81 20 således

166 1057 115 21 ständerna
304 1063 29 14 nu
355 1057 69 22 skulle
447 1058 92 21 förkasta
563 1058 12 27 $
598 1059 19 26 2,
637 1057 70 22 blefve
723 1057 140 22 förhållandet
878 1057 115 21 detsamma

166 1091 46 14 som
227 1085 96 21 härintils
339 1086 40 21 och
393 1086 49 21 hela
458 1086 40 21 den
515 1086 96 27 åsyftade
626 1086 108 21 lättnaden
751 1087 7 20 i
773 1087 39 20 och
827 1086 32 21 för
874 1086 118 21 åstadkom-

165 1114 78 21 mande
267 1114 21 21 af
310 1114 80 27 privata
410 1115 113 27 järnvägar
545 1115 69 21 skulle
630 1115 156 27 omintetgöras.
816 1115 41 27 Jag
872 1115 37 20 ber
923 1114 71 21 därför

165 1144 31 19 att
210 1142 22 21 få
247 1145 114 24 yttermera
377 1143 106 27 tillstyrka
498 1144 119 27 antagande
633 1144 22 20 af
669 1144 25 21 hr
708 1143 113 28 Tallqvists
836 1143 83 28 förslag.

234 1210 34 21 Hr
289 1211 137 21 Jansson:
447 1212 39 21 Till
506 1213 40 20 och
561 1212 49 21 med
626 1219 33 14 om
676 1212 41 21 den
734 1213 22 20 af
770 1212 43 27 mig
829 1211 94 28 åsyftade
939 1211 53 22 tolk-

166 1239 79 27 ningen
270 1240 20 20 af
311 1240 12 27 $
346 1241 12 19 2
379 1240 47 21 icke
447 1247 48 14 vore
512 1241 42 20 den
571 1241 54 20 enda
640 1241 82 27 riktiga,
738 1241 23 20 så
776 1247 64 20 synes
855 1241 35 20 det
905 1241 43 26 mig
963 1242 30 19 att

165 1268 26 20 hr
212 1267 115 28 Federleys
349 1269 99 27 farhågor
469 1269 54 21 dock
545 1269 48 21 icke
615 1271 36 19 äro
671 1269 116 28 grundade.
817 1269 38 21 Att
869 1269 123 27 regeringen

164 1296 100 28 framlagt
279 1300 29 18 ett
323 1298 180 27 ändringsförslag
517 1298 8 20 i
541 1298 69 21 denna
626 1298 34 21 del
674 1298 62 21 torde
751 1298 21 21 få
788 1304 61 15 anses
865 1298 78 26 antyda
962 1299 30 19 att

165 1325 127 27 regeringen
315 1328 68 19 ansett
406 1328 30 19 ett
456 1326 74 21 sådant
549 1327 123 27 stadgande,
687 1333 47 15 som
750 1326 35 22 det
799 1326 117 27 ändringen
932 1326 60 27 afser,

166 1360 50 14 vara
231 1354 82 27 möjligt
328 1355 39 20 och
382 1355 79 27 riktigt.
491 1355 44 21 Och
551 1362 35 14 om
601 1356 114 20 ständerna
731 1355 73 27 afböja
817 1355 56 21 detta
883 1354 110 30 ändrings-

165 1382 79 27 förslag
266 1382 26 28 på
311 1383 40 21 den
367 1384 70 26 grund
453 1385 30 19 att
497 1384 114 21 ständerna
625 1384 33 21 för
673 1384 32 20 sin
718 1384 39 27 del
772 1386 69 19 ansett
855 1384 69 20 denna
939 1383 54 21 tolk-

165 1410 53 28 ning
237 1411 67 21 redan
319 1418 30 14 nu
364 1418 51 15 vara
431 1412 78 28 möjlig,
525 1419 34 14 om
576 1412 63 22 också
654 1412 47 22 icke
717 1412 42 22 den
775 1412 54 21 enda
844 1412 91 27 möjliga,
951 1411 42 21 kan

164 1439 36 27 jag
222 1439 48 21 icke
292 1440 45 21 inse
360 1440 56 21 huru
438 1447 47 15 man
502 1441 35 20 vid
553 1447 26 15 en
595 1441 87 27 upplyst
696 1441 100 27 pröfning
811 1441 21 21 af
847 1440 145 21 koncessions-

164 1467 72 27 frågor
258 1468 68 21 skulle
348 1468 74 22 kunna
444 1470 85 20 komma
551 1469 54 21 ifrån
628 1472 30 18 att
680 1470 7 20 i
707 1469 126 28 paragrafen
852 1469 84 27 inlägga
951 1468 41 21 den

164 1496 88 28 mening
268 1497 35 27 jag
317 1497 109 21 framstält.
