1095 1717
200 126 41 20 548
391 131 178 21 Borgareständet
582 131 58 17 1894.
664 131 27 16 20
703 135 61 13 mars.

241 211 32 21 På
293 212 59 26 gjord
368 211 99 21 anhållan
482 211 107 21 anstäldes
605 211 107 28 votering;
728 212 40 20 och
784 218 46 14 som
847 210 72 22 därvid
935 211 66 27 afgåf-

174 246 36 14 vos
234 240 26 20 16
283 240 21 27 ja
325 240 38 21 och
388 241 25 20 31
438 241 40 27 nej,
494 240 54 21 hade
565 240 83 21 ståndet
664 240 88 21 beslutit
767 240 31 20 för
814 240 12 27 $
843 241 12 19 5
871 243 75 23 antaga
961 240 39 20 föl-

172 268 64 28 jande
252 269 7 20 i
274 269 156 21 reservationen
447 276 34 14 n:o
493 270 10 19 1
516 269 120 27 föreslagna
647 269 91 27 lydelse:
752 268 135 22 »Inkomsten
899 269 21 20 af
931 268 69 20 hund-

172 297 84 21 skatten
272 298 99 20 förvaltas
390 298 2 20 i
408 298 154 26 sammanhang
573 298 49 20 med
633 298 68 27 öfriga
713 298 136 20 kommunala
862 296 138 22 skattemedel

172 328 54 18 samt
251 326 114 27 användes,
389 326 53 21 efter
467 326 142 21 kommunens
634 325 159 29 godtfinnande,
817 326 32 21 till
865 325 135 22 kommunala

171 354 119 22 ändamål».

240 383 151 21 Antecknades
411 386 31 18 att
464 384 35 20 vid
515 383 161 27 omröstningen
692 390 27 14 en
735 383 84 21 osluten
834 383 102 21 röstsedel
951 382 47 22 icke

171 412 141 21 medräknats.

240 481 99 21 Rörande
355 482 12 27 $
384 482 11 20 6
412 482 83 27 yttrade

240 550 26 21 hr
290 550 142 27 Nybergh:
456 550 41 28 Jag
520 551 38 20 ber
574 552 29 19 att
619 550 20 21 få
654 550 49 21 med
720 552 29 19 ett
764 557 37 20 par
816 550 81 21 mindre
913 549 84 22 ändrin-

172 585 38 20 gar
224 579 116 20 återhämta
355 579 47 21 mitt
417 579 68 21 under
500 579 159 26 förmiddagens
674 579 87 27 plenum
777 579 73 27 gjorda
865 579 77 27 förslag
963 585 35 14 om

172 607 120 21 återremiss
314 608 7 20 i
343 608 55 26 syfte
419 611 30 18 att
464 608 131 27 paragrafen,
611 608 33 21 för
659 607 121 22 erhållande
796 608 21 20 af
832 609 65 19 större
913 607 84 21 konfor-

171 636 61 21 mitet
247 636 49 21 med
311 637 129 26 strafflagen,
455 637 34 20 må
505 637 80 20 erhålla
600 636 94 27 följande
709 636 90 27 lydelse:
818 635 65 28 »Den,
899 643 44 14 som
956 636 42 21 för-

172 671 96 14 summar
282 667 30 18 att
326 665 26 27 på
368 665 134 21 föreskrifvet
517 667 41 19 sätt
573 665 32 21 till
622 665 135 27 beskattning
773 665 82 20 anmäla
870 665 65 26 hund,
951 671 46 14 som

171 693 43 21 han
236 694 95 26 innehar,
353 694 54 21 skall
431 694 84 27 erlägga
531 694 79 21 dubbel
627 694 116 20 hundskatt
758 694 38 20 och
812 693 49 21 böta
876 693 45 21 från
938 694 12 20 3
965 693 32 21 till

172 722 39 21 och
236 722 50 21 med
311 723 26 20 20
363 723 65 20 mark.
458 723 45 20 Har
523 723 76 27 någon,
622 723 33 20 för
677 725 29 18 att
722 722 76 21 bereda
814 722 31 27 sig
861 722 51 21 eller
927 728 70 15 annan

172 752 60 25 nytta
248 757 76 21 genom
341 751 89 27 oriktiga
445 751 106 27 uppgifter
567 751 51 21 eller
633 753 65 19 annat
713 751 57 27 svek,
790 751 141 27 undandragit
945 750 52 21 eller

172 779 47 21 sökt
242 779 138 28 undandraga
404 780 32 27 sig
451 780 66 21 sådan
532 780 142 27 beskattning,
690 779 84 28 erlägge
789 779 79 21 dubbel
882 779 115 21 hundskatt

171 808 40 21 och
227 808 49 21 böte
290 808 47 21 från
354 809 25 20 10
395 809 32 20 till
444 809 39 20 100
500 809 81 20 mark».
611 809 41 26 Jag
668 809 38 20 ber
722 810 30 19 att
766 808 21 21 få
802 808 89 27 upplysa
907 809 29 20 att
947 814 49 14 ena-

171 836 70 21 handa
258 837 140 28 anmärkning
411 838 65 26 gjorts
491 838 7 19 i
513 839 30 19 ett
559 839 64 19 annat
633 837 62 20 stånd
706 837 39 20 och
756 837 105 20 föranledt
873 837 123 20 återremiss.

239 905 34 21 Hr
294 905 142 27 Federley
459 906 142 21 understödde
617 906 25 20 hr
657 905 113 28 Nyberghs
784 905 83 27 förslag.

240 974 31 21 På
293 975 68 26 grund
384 975 60 20 häraf
467 975 38 20 och
528 975 65 20 sedan
610 974 148 21 diskussionen
774 973 110 22 förklarats
899 973 97 27 afslutad,

170 1003 123 21 framstälde
310 1003 24 20 hr
349 1003 123 21 talmannen
487 1003 94 27 följande
597 1003 281 26 omröstningsproposition:

240 1065 39 28 De,
302 1066 75 21 hvilka
399 1066 117 27 godkänna
531 1066 113 21 utskottets
658 1066 84 27 förslag
758 1065 35 21 till
809 1065 78 28 lydelse
901 1065 36 28 för
951 1065 15 27 $
982 1065 15 20 6

171 1094 150 27 oförändradt,
337 1096 60 19 rösta
407 1095 41 27 ja;
464 1095 30 27 de,
509 1095 36 20 det
559 1095 44 20 icke
617 1097 59 25 göra,
692 1096 61 19 rösta
768 1094 47 27 nej;

238 1123 80 21 vinner
339 1123 43 27 nej,
400 1123 42 21 har
458 1123 176 28 borgareståndet
650 1123 89 21 beslutit
753 1122 159 23 återremittera
924 1129 70 21 para-

168 1151 82 28 grafen
276 1152 34 21 till
331 1152 103 21 utskottet
455 1152 36 27 för
513 1152 160 27 omredigering
694 1151 10 21 i
726 1151 35 22 det
780 1151 57 28 syfte
853 1152 27 21 hr
893 1151 103 28 Nybergh

170 1180 120 27 föreslagit.

238 1243 161 27 Propositionen
424 1243 127 21 besvarades
575 1243 47 21 med
639 1243 156 28 öfvervägande
811 1244 40 26 nej,
867 1244 7 20 i
890 1243 106 21 anseende

168 1272 86 21 hvartill
270 1272 83 21 ståndet
368 1271 87 23 beslutit
470 1275 29 18 att
514 1272 152 21 återremittera
682 1273 11 27 $
709 1273 13 19 6
733 1272 31 21 till
776 1272 100 22 utskottet
886 1272 32 21 för
929 1271 67 22 erhål-

168 1300 64 21 lande
252 1301 22 20 af
288 1301 98 27 följande,
402 1301 47 20 med
465 1301 122 27 strafflagen
603 1301 21 21 af
640 1301 40 21 den
698 1301 26 21 19
741 1301 111 21 december
868 1301 54 21 1889
937 1307 59 14 mera

168 1329 231 21 öfverensstämmande
416 1330 89 26 lydelse:

240 1357 66 27 »Den,
321 1364 45 14 som
382 1358 128 20 försummar
525 1360 30 18 att
571 1358 27 27 på
609 1358 135 21 föreskrifvet
758 1360 41 18 sätt
814 1358 31 20 till
860 1358 135 26 beskattning

168 1386 86 21 anmäla
279 1386 64 26 hund,
369 1393 45 14 som
432 1386 42 21 han
496 1387 96 26 innehar,
615 1386 52 21 skall
683 1386 85 28 erlägga
787 1386 79 21 dubbel
880 1386 116 21 hundskatt

167 1415 41 20 och
224 1415 49 21 böta
287 1415 46 20 frän
349 1417 32 19 tre
396 1415 32 21 till
444 1416 38 20 och
497 1416 49 20 med
562 1416 61 26 tjugu
639 1416 65 20 mark.

237 1443 47 21 Har
299 1443 76 27 någon,
390 1444 34 20 för
438 1446 31 18 att
483 1444 79 20 bereda
577 1444 32 27 sig
624 1444 52 20 eller
692 1450 71 14 annan
778 1445 65 25 nytta,
854 1450 76 20 genom
940 1443 55 21 orik-

167 1472 31 26 tig
215 1472 83 27 uppgift
313 1472 51 20 eller
379 1474 65 19 annat
459 1472 51 21 svek
525 1472 143 28 undandragit
684 1472 52 21 eller
751 1472 46 21 sökt
813 1472 138 27 undandraga
963 1472 33 27 sig

169 1500 67 21 sädan
258 1500 140 28 beskattning,
414 1501 83 27 erlägge
514 1500 79 22 dubbel
609 1500 116 22 hundskatt
740 1501 39 21 och
794 1500 48 22 böte
857 1500 47 21 frän
919 1501 28 21 tio
963 1500 31 22 till

167 1529 115 21 etthundra
298 1529 79 21 mark».
