1095 1717
206 117 41 21 574
405 124 178 21 Borgareständet
596 126 57 16 1894.
678 126 26 16 29
717 130 61 12 mars.

248 203 40 27 De,
304 204 74 21 hvilka
392 204 112 28 definitivt
518 205 118 27 godkänna
651 206 114 21 utskottets
779 207 71 27 första
865 207 65 26 kläm,
945 208 60 20 rösta

176 231 34 26 ja;
227 232 31 26 de,
274 232 35 21 det
323 232 44 21 icke
381 235 61 25 göra,
458 235 59 19 rösta
533 234 48 27 nej;

244 260 80 22 vinner
345 262 42 27 nej,
411 262 43 20 har
476 262 183 28 borgareståndet,
675 263 9 21 i
700 263 96 28 enlighet
810 264 49 21 med
873 264 28 21 hr
916 263 88 22 Heikels

175 288 91 28 förslag,
282 290 89 27 antagit
383 291 83 21 nämda
481 291 60 21 kläm
556 292 114 20 eventuellt.

186 374 3 4 N
244 346 32 20 Pä
290 346 92 28 begäran
406 348 106 21 anstäldes
535 348 101 28 votering,
660 355 46 14 som
728 349 36 27 gaf
786 350 26 20 27
829 350 21 26 ja
865 350 39 20 och
921 350 26 20 24
962 350 41 26 nej,

176 374 31 21 till
222 374 53 28 följd
291 376 73 21 hvaraf
387 376 112 22 utskottets
520 377 65 21 första
601 377 56 21 kläm
680 378 70 20 blifvit
766 378 20 21 af
801 378 84 21 ståndet
900 378 103 21 definitivt

178 403 104 27 godkänd.

245 461 57 21 Utan
317 462 179 28 meningsolikhet
511 465 75 26 antogs
601 463 52 22 härå
668 464 112 21 utskottets
795 465 66 21 andra
877 465 61 21 kläm.

244 518 134 23 Beträffande
401 520 64 21 sedan
490 520 35 21 det
548 521 21 20 af
591 521 25 20 hr
637 521 103 27 Tallqvist
762 521 121 22 framstälda
901 522 100 28 förslaget

175 547 111 27 uppstälde
301 548 25 20 hr
341 548 122 21 talmannen
478 549 94 27 följande
588 551 283 27 omröstningsproposition:

245 604 39 27 De,
300 605 74 21 hvilka
390 606 36 21 till
440 606 106 21 remissen
568 606 36 21 till
618 607 159 21 statsutskottet
791 608 54 27 vilja
861 608 52 27 foga
928 608 34 21 det
976 608 29 27 af

174 633 26 20 hr
217 633 106 28 Tallqvist
343 634 127 28 föreslagna
493 635 103 28 tillägget,
619 637 60 20 rösta
696 636 40 27 ja;
760 637 30 26 de,
813 637 35 20 det
869 637 46 20 icke
937 637 63 27 vilja,

175 663 60 20 rösta
250 663 48 26 nej;

242 691 79 22 vinner
335 691 43 30 nej,
394 692 42 23 har
452 692 177 29 borgareståndet
650 693 72 29 afböjt
736 693 28 21 hr
779 693 116 28 Tallqvists
909 693 89 28 förslag.

242 751 162 30 Propositionen
420 752 127 23 besvarades
563 753 48 22 med
628 753 156 28 öfvervägande
799 754 26 27 ja.
849 753 87 22 Ståndet
945 754 55 21 hade

173 781 83 22 således
272 783 111 27 uppdragit
398 783 21 20 åt
434 783 159 27 statsutskottet,
610 783 30 20 dit
651 783 99 20 ärendets
761 783 70 20 vidare
842 783 159 27 handläggning

172 811 8 20 i
195 811 60 27 fråga
270 818 34 14 om
327 811 127 21 anvisandet
469 812 20 20 af
512 811 70 22 medel
597 811 33 21 för
652 811 161 27 ifrågavarande
828 811 98 21 ändamål
940 812 8 19 i
963 818 38 14 an-

172 839 90 28 ledning
277 840 20 21 af
312 840 94 21 ständets
423 840 68 21 beslut
507 840 90 21 rörande
618 840 112 21 utskottets
747 840 65 20 andra
828 840 56 20 kläm
899 840 102 27 hänskju-

173 868 41 25 tits,
230 871 30 18 att
274 869 125 20 införskaffa
414 869 116 27 utredning
552 875 34 14 om
603 869 54 20 hvad
674 875 45 14 som
737 868 67 21 blifvit
825 868 102 27 tillgjordt
941 869 7 19 i
964 875 37 14 an-

175 896 89 28 ledning
280 897 20 21 af
315 898 124 21 ständernas
455 897 34 21 vid
506 900 83 18 senaste
605 897 102 27 landtdag
722 897 123 20 framstälda
856 897 144 27 underdåniga

174 925 89 27 petition
279 926 7 20 i
302 926 110 21 enahanda
428 926 54 27 syfte
498 927 40 20 och
554 933 33 14 om
609 926 25 21 de
651 926 83 26 åsikter,
750 925 71 21 hvilka
835 926 58 20 inom
909 926 93 27 regerin-

174 960 42 21 gen
231 955 127 20 härutinnan
375 955 55 27 gjort
450 955 32 26 sig
497 955 105 27 gällande,
623 955 111 20 äfvensom
750 956 29 19 att
794 954 34 21 vid
844 954 113 21 framdeles
972 954 31 20 af-

174 983 101 26 gifvande
291 983 132 21 betänkande
440 983 6 20 i
462 983 65 21 saken
542 983 108 21 inkomma
666 983 48 20 med
728 983 35 20 det
775 983 104 27 yttrande,
888 989 45 14 som
945 983 7 20 i
965 989 37 14 an-

174 1011 90 27 ledning
279 1012 59 20 häraf
353 1012 142 27 tilläfventyrs
510 1012 128 27 påkallades.

243 1155 117 27 Föredrogs
372 1155 107 21 allmänna
490 1155 201 21 besvärsutskottets
702 1155 35 20 vid
749 1157 82 19 senaste
842 1155 87 27 plenum
941 1155 62 20 bord-

173 1182 63 27 lagda
261 1183 131 21 betänkande
416 1191 35 13 n:o
474 1184 26 20 13
516 1184 7 20 i
539 1184 115 27 anledning
670 1184 21 21 af
706 1185 30 20 ett
754 1184 3 20 i
774 1183 153 21 bondeståndet
942 1184 62 20 väckt

173 1211 180 28 petitionsförslag
375 1219 34 14 om
430 1212 84 21 landets
535 1212 123 27 domsagors
674 1212 143 27 omreglering
831 1212 54 21 efter
900 1212 104 27 språkför-

172 1240 134 21 hållandena.

240 1297 34 21 Hr
288 1298 158 28 Appelberg
462 1298 70 21 anhöll
549 1305 34 14 om
599 1298 60 21 ordet
675 1298 38 21 och
730 1298 93 26 yttrade:
839 1298 115 20 Allmänna
965 1298 36 20 be-

172 1326 162 21 svärsutskottet
350 1327 37 20 har
403 1328 19 26 ej
439 1329 68 19 ansett
522 1327 96 27 lämpligt
633 1329 30 19 att
678 1327 58 27 gifva
748 1328 21 19 ät
779 1326 223 28 spräkförhällandena

172 1354 36 21 det
230 1354 153 22 dominerande
405 1356 118 26 inflytande
540 1356 34 20 vid
591 1355 142 27 omreglering
754 1355 21 21 af
795 1356 145 26 domsagorna,
956 1361 46 14 som

171 1383 117 27 petitionen
311 1384 67 20 afsett.
409 1384 72 27 Enligt
504 1384 42 20 min
570 1384 63 20 tanke
655 1384 38 20 har
715 1384 102 20 utskottet
831 1384 109 26 härvidlag
955 1383 47 27 följt

171 1417 27 15 en
221 1412 64 27 riktig
307 1412 86 28 princip.
424 1412 11 21 I
458 1413 45 20 vårt
526 1412 133 28 tvåspråkiga
681 1412 50 21 land
748 1412 41 20 kan
805 1412 35 20 det
856 1412 33 20 väl
905 1412 18 26 ej
940 1418 62 14 anses

170 1439 70 21 såsom
265 1447 26 14 en
313 1440 50 21 klok
385 1441 75 27 politik
483 1443 30 19 att
528 1441 29 21 alt
570 1448 58 14 mera
649 1441 77 21 isolera
742 1441 26 20 de
783 1440 56 21 olika
854 1440 147 28 språkgebiten

170 1468 46 20 från
232 1469 119 21 hvarandra
367 1470 39 20 och
422 1470 89 20 sålunda
528 1470 85 26 bidraga
629 1470 32 20 till
676 1472 30 18 att
722 1470 6 19 i
744 1469 28 21 all
787 1469 85 21 framtid
889 1469 112 27 uppehålla

170 1498 162 26 antagonismen
348 1498 79 21 mellan
444 1498 25 21 de
485 1498 55 21 båda
555 1498 172 21 folkelementen.
757 1498 97 20 Tvärtom
870 1498 65 20 borde
951 1504 49 14 man

168 1525 24 27 ju
208 1526 80 21 sträfva
303 1526 31 21 till
350 1528 31 20 att
396 1527 47 21 icke
458 1526 43 22 låta
516 1527 26 21 de
558 1527 56 21 olika
629 1526 158 21 modersmålen
802 1528 75 26 utgöra
892 1532 27 15 en
934 1526 66 21 sådan
