1095 1717
196 126 42 20 452
399 132 178 22 Borgareståndet
589 133 57 17 1894.
672 133 22 17 13
706 137 62 13 mars.

168 212 80 27 godose
272 214 28 19 ett
321 212 24 21 så
367 213 75 27 viktigt
458 213 99 21 ändamål
573 220 45 14 som
634 214 64 26 detta,
714 214 39 20 och
768 215 45 19 tror
826 214 36 27 jag
877 215 29 19 att
921 213 73 28 frågan

167 240 117 28 ingalunda
298 241 53 21 skall
366 242 78 20 förlora
458 242 28 27 på
501 244 30 18 att
547 242 123 27 hänskjutas
686 242 31 21 till
733 242 159 21 statsutskottet.

236 298 33 20 Då
292 298 64 27 ingen
379 298 22 21 af
423 298 95 21 ståndets
541 298 140 22 medlemmar
706 298 72 21 vidare
793 299 71 21 anhöll
879 306 34 14 om
929 299 66 27 ordet,

166 326 132 22 förklarades
317 327 148 21 diskussionen
481 327 98 26 afslutad,
596 327 105 21 hvarefter
717 328 25 20 hr
756 327 128 27 talmannen,
899 328 7 20 i
921 327 73 21 anled-

167 355 52 27 ning
241 355 22 21 af
284 356 26 20 hr
331 356 160 27 Schybergsons
513 356 80 27 förslag
614 362 34 14 om
672 356 76 20 remiss
770 356 21 20 af
806 356 142 21 betänkandet
962 356 31 21 till

167 384 159 27 statsutskottet,
343 384 123 21 framstälde
481 391 27 14 en
524 384 23 21 så
562 384 94 27 lydande
671 384 281 28 omröstningsproposition:

237 441 39 27 De,
291 441 75 21 hvilka
380 441 56 28 vilja
452 442 35 21 till
498 441 131 22 omedelbart
639 441 121 28 afgörande
770 443 97 26 upptaga
877 443 116 20 allmänna

167 469 198 22 besvärsutskottets
387 470 146 27 förevarande
555 471 141 26 betänkande,
722 472 59 19 rösta
798 471 39 27 ja;
853 471 31 26 de,
899 471 34 21 det
948 471 45 21 icke

166 498 62 27 vilja,
244 501 60 18 rösta
318 499 47 28 nej;

236 527 80 21 vinner
339 528 44 27 nej,
397 528 42 21 har
455 527 178 28 borgareständet
648 527 90 22 beslutit
752 529 39 25 att,
806 528 74 21 innan
895 528 73 21 vidare
984 528 9 21 i

165 555 67 22 saken
254 556 101 27 tillgöres,
376 556 113 21 remittera
512 556 145 21 betänkandet
679 556 35 21 till
734 557 157 20 statsutskottet
909 556 36 28 för
960 559 32 18 att

166 584 41 21 där
222 584 119 21 behandlas
355 585 10 20 i
379 585 164 28 sammanhang
559 585 49 21 med
623 585 105 27 budgeten
743 585 36 28 för
792 585 147 27 folkskolorna
947 585 44 27 och,

165 613 68 21 sedan
252 613 97 21 bemälda
365 614 93 21 utskotts
473 614 135 21 betänkande
623 614 78 21 härom
716 613 123 28 inkommit,
855 614 28 27 af
895 614 98 27 borgare-

164 641 87 22 ständet
267 642 35 21 till
315 642 86 28 slutligt
416 642 121 28 afgörande
551 644 115 26 upptagas.

234 699 32 20 Pä
288 699 89 28 begäran
400 700 106 21 anstäldes
528 701 104 25 votering,
656 706 45 14 som
724 699 36 28 gaf
776 700 25 20 17
817 700 21 27 ja
853 700 39 21 och
907 700 27 21 40
950 700 41 27 nej,

166 727 39 21 och
228 728 55 21 hade
304 728 83 21 ståndet
409 728 82 21 således
514 728 130 21 beträffande
669 728 108 21 allmänna
795 728 196 21 besvärsutskottets

165 755 134 22 betänkande
324 763 34 14 n:o
383 757 13 20 8
419 757 86 21 beslutit
528 759 35 22 att,
586 757 65 20 innan
674 757 73 20 vidare
760 757 7 20 i
782 757 115 28 anledning
911 757 21 21 af
947 757 44 21 det-

165 791 81 14 samma
256 781 7 37 =
277 785 121 28 tillgjordes,
431 786 109 21 remittera
561 785 143 21 betänkandet
728 785 31 21 till
782 785 153 22 statsutskottet
959 786 33 21 för

165 813 138 21 inhämtande
325 814 21 20 af
368 814 48 21 dess
438 814 108 21 utlätande
565 814 6 20 i
587 814 71 26 saken,
674 814 106 21 hvarefter
795 814 39 21 och
851 814 64 21 sedan
931 816 60 19 stats-

165 841 103 22 utskottet
290 842 110 21 inkommit
421 843 48 20 med
485 842 135 21 betänkande
636 842 90 21 rörande
742 842 77 27 nådiga
833 843 156 27 propositionen

165 877 33 14 om
225 871 74 27 anslag
313 871 32 20 för
359 871 156 21 folkskolornas
530 871 6 20 i
553 871 72 20 landet
640 871 119 27 underhåll,
774 871 106 21 allmänna
895 871 95 21 besvärs-

165 899 113 21 utskottets
303 899 87 21 berörda
414 899 133 22 betänkande
570 899 68 21 skulle
662 899 6 21 i
690 900 153 27 sammanhang
865 900 48 21 med
935 902 54 19 näst-

165 927 77 21 nämda
258 928 152 27 angelägenhet
426 928 31 21 till
472 928 74 27 slutlig
562 928 99 27 pröfning
676 930 108 25 upptagas.

232 984 57 21 Enär
304 985 34 20 vid
354 985 70 21 denna
439 985 80 28 utgång
534 985 21 20 af
571 985 64 21 saken
652 985 24 20 hr
691 985 87 20 Idmans
793 985 68 21 under
872 985 114 21 diskussio-

163 1019 42 14 nen
229 1013 122 21 framstälda
376 1013 79 28 förslag
477 1013 31 21 till
531 1013 175 28 omformulering
729 1013 21 21 af
771 1013 36 22 det
821 1014 46 21 utaf
881 1014 105 21 allmänna

163 1041 188 22 besvärsutskottet
372 1042 111 21 förordade
506 1042 207 27 resolutionsförslag
739 1042 33 21 för
787 1043 70 20 denna
871 1042 56 27 gång
941 1043 46 20 icke

162 1070 72 21 kunde
250 1070 85 21 komma
350 1071 69 20 under
434 1071 137 27 omröstning,
587 1071 70 20 anhöll
672 1071 25 20 hr
718 1071 5 20 I
740 1071 4 20 d
754 1077 62 14 man
832 1073 29 19 att
877 1071 52 20 hans
945 1073 41 25 ytt-

164 1098 65 21 rande
244 1099 66 21 måtte
324 1099 21 20 få
360 1099 72 27 åtfölja
448 1099 101 22 remissen
566 1099 31 21 till
613 1099 160 21 statsutskottet.

232 1161 34 21 Hr
280 1161 86 22 Idmans
382 1162 98 21 anhållan
497 1162 43 21 blef
554 1162 77 26 jämväl
648 1162 21 21 af
684 1161 84 22 ståndet
782 1161 92 22 bifallen.

231 1327 70 21 Bland
323 1327 95 21 ståndets
441 1328 140 20 medlemmar
597 1328 54 20 hade
667 1327 92 21 utdelats
775 1328 39 20 och
829 1328 111 20 bordlades
956 1328 32 20 till

162 1357 60 19 nästa
237 1356 97 27 plenum:
350 1356 165 21 statsutskottets
531 1356 135 21 betänkande
682 1362 34 14 n:o
734 1356 10 21 1
761 1356 7 20 i
778 1356 115 27 anledning
905 1356 83 27 afpost-

161 1384 232 27 sparbanksstyrelsens
414 1385 32 21 till
460 1385 114 21 ständerna
593 1385 80 27 afgifna
688 1384 88 22 relation
792 1391 34 14 om
842 1384 146 28 postsparban-

161 1412 53 21 kens
229 1412 94 22 tillstånd
339 1413 39 21 och
394 1413 129 27 förvaltning
538 1414 69 20 under
621 1413 50 21 åren
688 1414 62 24 1890,
766 1414 53 20 1891
837 1413 38 21 och
892 1414 59 20 1892.
