1095 1717
187 116 42 21 420
402 123 179 21 Borgareståndet
595 124 57 16 1894.
676 124 12 17 5
700 128 62 12 mars.

159 202 33 21 för
208 202 49 21 dem
280 202 36 21 vill
331 204 50 26 göra
402 209 46 15 mer
467 205 27 19 än
510 204 33 20 för
558 204 72 20 hvilka
645 204 67 20 andra
726 204 130 21 innevånare
872 210 45 14 som
932 204 54 21 hälst

159 230 8 21 i
182 230 46 22 vårt
242 231 57 21 land.
328 231 49 21 Ifall
393 232 103 26 styrelsen
519 232 37 20 vill
579 232 84 27 placera
685 239 27 14 en
728 235 60 18 extra
803 232 71 22 läkare
889 233 7 20 i
910 232 76 27 Enare,

160 262 44 18 tror
218 260 36 27 jag
270 260 69 21 därför
353 262 30 19 att
399 260 57 22 detta
471 261 54 20 skall
541 261 66 21 väcka
622 261 83 21 mindre
721 261 112 27 förvåning
848 263 26 19 än
890 268 33 14 om
936 268 49 14 man

158 288 34 20 för
212 290 29 19 ett
264 288 42 21 lika
321 289 46 21 litet
381 289 57 21 antal
454 290 21 20 af
490 290 151 26 befolkningen
658 290 27 27 på
700 290 70 27 någon
786 296 71 15 annan
873 293 32 18 ort
919 290 7 20 i
940 290 45 20 lan-

160 316 36 21 det
211 317 69 21 skulle
296 317 84 28 vidtaga
395 324 81 14 samma
491 318 79 27 åtgärd.
601 318 76 21 Denna
692 318 59 28 fråga
767 318 64 21 borde
847 319 80 20 lämnas
942 318 44 21 helt

160 345 39 21 och
215 346 66 20 hållet
296 346 31 20 till
342 346 115 27 styrelsens
473 346 124 22 beaktande.
628 347 10 21 I
654 347 40 21 alla
710 347 113 21 händelser
838 348 41 20 kan
892 354 48 14 man
952 347 32 21 väl

159 374 47 20 icke
221 374 34 21 för
270 375 129 21 närvarande
415 377 51 25 göra
480 378 65 18 annat
565 377 27 19 än
609 375 52 21 afslå
676 376 151 27 petitionärens
843 376 92 27 begäran
950 382 34 14 om

160 402 116 22 distriktets
292 403 91 28 delning.
406 404 42 27 Jag
463 404 95 21 anhåller
573 404 71 21 därför
658 407 30 19 att
703 404 113 21 utskottets
831 404 78 28 förslag
920 404 64 21 måtte

159 431 131 28 godkännas.

228 489 34 21 Hr
276 489 156 22 Snellman:
464 489 45 22 Den
532 492 84 19 senaste
640 490 79 21 talaren
743 490 38 21 har
801 490 114 21 framhållit
935 490 51 21 att
975 485 15 37 i

159 518 37 21 det
211 518 160 27 ifrågavarande
387 519 105 20 distriktet
507 521 23 18 är
545 519 70 20 bosatt
630 525 26 14 en
668 519 125 26 befolkning
803 519 26 27 på
840 519 73 21 endast
923 519 61 20 halft-

159 549 66 18 annat
248 547 89 21 tusende
359 553 101 22 personer
483 548 37 20 och
538 548 35 20 vid
595 547 120 28 jämförelse
740 547 20 21 af
775 547 159 22 förhållandena
948 547 38 21 där

159 575 49 22 med
224 575 160 22 förhållandena
399 576 27 27 på
441 576 66 21 andra
523 578 56 19 orter
594 577 6 19 i
616 576 72 21 landet
704 578 69 19 ansett
788 576 35 21 det
839 576 81 28 obilligt
934 578 30 19 att
978 576 8 20 i

159 604 71 21 Enare
247 605 60 26 1,500
330 611 100 20 personer
453 605 59 20 skola
536 605 61 20 hafva
613 611 25 15 en
655 605 77 26 läkare,
748 604 27 21 då
790 605 26 26 på
831 605 64 20 andra
911 605 74 21 ställen

159 633 13 20 2
188 634 12 19 å
217 633 63 26 3,000
295 639 100 21 personer
409 635 36 19 äro
461 634 7 19 i
483 633 102 21 afsaknad
602 634 21 20 af
638 633 71 21 sådan.
735 633 67 21 Dessa
818 634 11 19 2
846 635 12 19 ä
869 634 59 26 3,000
939 640 46 21 per-

158 668 64 15 soner
245 662 63 20 hafva
331 662 53 21 dock
405 662 154 27 jämförelsevis
583 662 98 21 bekvämt
704 664 30 19 att
752 662 50 20 söka
821 669 42 20 upp
879 668 25 15 en
915 662 70 21 läkare

159 690 47 21 från
217 693 65 18 annat
293 690 88 24 distrikt,
391 691 110 20 hvaremot
508 691 34 20 för
553 691 25 20 de
589 691 7 20 i
606 691 70 20 Enare
687 691 39 20 och
739 690 82 27 Utsjoki
833 691 80 21 bosatta
924 691 61 20 halft-

158 721 67 18 annat
240 719 89 21 tusende
345 719 35 21 det
395 719 43 21 ofta
449 721 23 18 är
482 719 96 28 omöjligt
591 721 30 19 att
632 719 51 21 söka
693 719 129 27 läkarehjälp
834 719 37 20 hos
882 721 103 18 närmaste

159 747 188 27 provincialläkare
363 748 7 20 i
385 747 79 22 Kittilä.
494 748 41 27 Jag
550 748 37 20 vill
603 748 71 21 därför
694 748 34 20 för
750 747 43 21 min
809 748 35 20 del
859 747 127 22 understöda

159 776 26 20 hr
200 776 88 21 Idmans
303 777 78 27 förslag
395 778 31 19 att
439 777 143 20 betänkandet
603 777 164 20 återremitteras
788 777 32 20 för
835 778 30 19 att
879 777 106 20 klämmen

159 804 66 21 måtte
240 805 126 21 formuleras
381 811 59 14 mera
454 805 7 20 i
477 805 219 21 öfverensstämmelse
712 805 49 20 med
772 805 158 27 motiveringen.
947 805 37 20 Ut-

160 833 78 21 skottet
254 833 77 21 uttalar
345 834 33 27 sig
385 834 125 27 visserligen
519 841 34 13 om
563 834 171 21 önskvärdheten
743 834 21 20 af
772 837 30 17 att
810 840 25 14 en
845 836 59 18 extra
915 833 70 21 läkare

159 862 93 20 förlades
275 862 31 20 till
329 862 78 25 Enare;
432 862 160 21 konsekvensen
616 863 21 20 af
660 863 57 20 detta
741 862 107 21 uttalande
873 862 63 21 borde
952 862 33 20 väl

161 890 63 21 hafva
239 891 45 20 ledt
298 891 74 20 till-en
387 891 56 20 kläm
460 891 21 20 af
497 891 34 21 det
547 891 95 20 innehåll
657 891 25 20 hr
696 891 77 20 Idman
788 891 112 26 föreslagit.

228 947 34 21 Hr
278 947 121 22 Castrén:
430 947 46 21 Hra
490 947 144 28 Appelbergiä
654 950 87 18 vastaan
761 947 89 21 minulla
866 947 27 21 oli
909 947 76 21 tarkoi-

161 977 35 19 tus
211 976 137 21 huomauttaa
363 977 51 20 ihan
429 983 70 14 samaa
515 977 52 20 kuin
583 977 38 20 hra
636 976 109 21 Snellman
761 977 20 26 jo
797 983 27 14 on
835 976 82 27 ehtinyt
927 976 58 21 esille

162 1004 70 21 tuoda.
263 1004 50 21 Kun
328 1005 124 20 valiokunta
474 1005 106 20 edusmies
596 1005 85 20 Hoikan
704 1005 222 20 anomusehdotuksen
940 1005 46 26 joh-

162 1033 60 20 dosta
238 1039 26 14 on
282 1033 99 21 katsonut
395 1033 102 21 voivansa
511 1034 166 20 mietinnössään
692 1033 77 20 lausua
781 1033 152 26 toivottavaksi,
944 1035 42 18 että

160 1061 154 26 ylimääräinen
337 1062 78 20 lääkäri
439 1063 108 26 sopivassa
569 1062 149 21 tilaisuudessa
741 1061 79 21 Inariin
844 1061 141 24 asetettaisiin,

160 1090 44 20 niin
228 1090 58 21 minä
309 1097 26 14 en
359 1091 59 20 katso
442 1091 161 20 minkäänlaista
626 1093 74 18 estettä
724 1090 75 21 olevan
821 1090 108 27 olemassa,
944 1091 42 20 että

160 1120 56 19 tämä
231 1119 100 20 lausunto
353 1119 56 20 tulee
426 1119 149 27 ponsilauseen
597 1119 113 20 muodossa
730 1119 64 20 esille.
825 1118 58 21 Minä
897 1119 36 20 siis
948 1118 37 21 lai-

160 1147 56 20 hana
231 1147 91 27 poikana
337 1147 142 28 lappalaisena
489 1148 77 20 tahdon
579 1147 127 28 lämpimästi
716 1147 113 21 kannattaa
841 1147 36 20 hra
888 1147 97 20 Idmanin

160 1175 119 21 ehdotusta.

229 1232 34 21 Hr
277 1233 106 20 Idman:
414 1233 42 27 Jag
471 1233 68 20 skulle
555 1235 58 18 ännu
629 1233 50 26 vilja
694 1232 56 21 hålla
766 1232 26 28 pä
807 1234 30 19 att
852 1233 25 20 hr
890 1232 95 21 Hoikkas

161 1261 211 26 petitionsmemorial
387 1261 47 21 icke
450 1261 23 21 sä
488 1261 86 27 mycket
589 1261 79 27 åsyftar
684 1261 88 26 delning
786 1261 21 20 af
820 1260 73 21 Kittilä
902 1261 83 26 provin-

162 1289 203 27 cialläkaredistrikt,
381 1296 46 14 som
442 1291 43 26 just
501 1292 30 19 att
546 1290 21 21 fä
583 1297 26 14 en
622 1289 89 22 särskild
727 1289 71 21 läkare
820 1292 57 18 utom
889 1289 41 21 den
940 1296 46 14 som

159 1318 34 20 för
208 1319 131 20 närvarande
355 1319 69 21 finnes
445 1319 30 21 till
492 1319 61 21 dessa
566 1319 96 27 nordliga
676 1318 86 21 trakter.
792 1318 44 21 Och
852 1318 27 20 dä
894 1318 40 20 den
950 1318 36 20 ko-

161 1346 57 27 mit6,
234 1353 46 15 som
296 1348 125 26 regeringen
437 1348 83 20 nedsatt
535 1348 32 20 för
583 1350 29 18 att
627 1349 95 25 uppgöra
741 1347 78 27 förslag
834 1347 31 20 till
880 1346 106 27 reorgani-

161 1376 68 20 sation
245 1376 23 20 af
282 1376 151 21 läkarevärden
449 1376 26 27 pä
490 1376 77 26 landet,
582 1376 46 20 icke
648 1375 109 27 föreslagit
772 1375 137 21 tillsättandet
924 1374 20 21 af
959 1381 27 14 en

160 1404 66 20 sädan
250 1404 71 21 läkare
337 1405 7 20 i
359 1406 74 24 Enare,
456 1404 68 21 skulle
539 1405 36 27 jag
597 1411 51 14 anse
664 1404 36 21 det
722 1410 49 14 vara
790 1404 96 26 lämpligt
901 1405 29 19 att
944 1403 42 21 läta

161 1432 114 22 utskottets
290 1433 57 21 kläm
361 1433 27 27 gä
403 1433 7 20 i
431 1433 69 21 denna
520 1433 99 27 riktning.
649 1432 33 21 Hr
696 1432 123 27 Appelberg
834 1433 37 19 har
886 1432 50 20 talat
951 1438 35 14 om

162 1460 40 21 den
220 1461 122 27 obetydliga
363 1462 153 26 folkmängden
531 1462 7 20 i
554 1462 61 20 dessa
638 1462 84 20 trakter.
753 1460 107 21 Utskottet
882 1462 60 25 säger
956 1462 30 18 att

160 1488 71 22 Enare
247 1490 40 20 och
309 1490 84 27 Utsjoki
408 1490 127 20 kommuner
557 1490 27 27 pä
599 1496 25 15 en
646 1490 56 20 areal
719 1490 21 20 af
757 1489 73 26 16,000
846 1488 140 22 kvadratkilo-

161 1520 68 19 meter
243 1518 39 21 har
298 1518 73 22 endast
387 1519 62 27 1,550
464 1518 135 22 innevänare.
629 1518 63 22 Detta
708 1518 53 21 läter
776 1517 147 21 skrämmande
939 1524 47 20 nog,
