1095 1717
192 117 41 21 540
382 122 181 22 Borgareståndet
577 122 57 18 1894.
660 122 27 17 20
699 126 62 13 mars.

164 203 13 21 5
192 203 60 21 mark
269 203 39 21 och
322 203 124 21 därutöfver
459 204 34 20 för
507 203 130 21 densamma.
666 203 51 21 Men
733 202 7 21 i
755 202 50 21 våra
820 202 116 21 småstäder
951 202 42 21 fin-

163 238 39 14 nes
224 238 26 14 en
272 238 69 14 massa
363 232 97 27 småfolk,
481 232 96 21 arbetare
593 232 39 20 och
648 232 72 26 andra,
735 231 72 21 hvilka
821 231 51 27 vilja
887 231 62 21 hafva
964 237 27 15 en

166 260 58 21 hund
240 260 34 21 för
288 260 36 21 sitt
339 263 48 24 eget
402 261 48 27 nöje
466 261 39 21 och
521 261 31 20 till
569 260 91 28 sällskap
675 260 33 21 för
718 260 47 20 sina
775 260 58 20 barn.
848 260 39 21 Att
896 259 95 21 beskatta

164 289 42 21 den
228 289 50 21 med
305 290 12 20 5
339 290 66 26 mark,
428 289 81 21 hvilket
531 291 118 19 motsvarar
672 296 27 14 en
715 288 146 28 dagspenning
875 289 34 20 för
923 288 12 21 2
950 289 13 19 ä
978 289 13 20 3

164 317 70 27 dagar,
258 324 63 20 synes
344 318 43 27 mig
409 325 51 13 vara
480 318 33 20 för
528 318 55 27 högt.
613 318 42 27 Jag
670 318 50 20 ville
736 317 70 21 därför
820 317 77 21 föreslå
912 319 29 19 att
956 316 36 22 det

164 346 69 21 skulle
249 346 57 22 heta:
325 349 68 18 »samt
407 346 7 20 i
427 347 46 21 stad
489 346 52 22 eller
557 347 79 27 köping
651 346 64 21 minst
731 346 12 20 2
759 346 61 27 högst
835 346 27 21 20
878 346 78 20 mark».

232 403 34 21 Hr
288 403 181 21 Andersson:
493 403 42 27 Jag
557 403 69 21 skulle
650 403 25 21 be
701 405 31 19 att
746 402 22 22 få
782 402 77 22 föreslå
875 404 29 20 ett
919 402 73 28 tillägg

164 432 32 21 till
220 432 11 21 1
256 432 19 27 $,
297 432 81 27 gående
401 435 23 18 ut
440 432 26 27 på
481 435 30 18 ett
525 432 163 27 förtydligande.
719 431 51 22 Som
784 432 124 27 paragrafen
925 438 28 14 nu
968 433 24 19 är

164 461 126 27 föreslagen,
305 461 72 21 kunde
393 461 35 21 det
440 461 99 28 möjligen
551 461 70 21 hända
632 463 30 19 att
671 461 130 21 kommunen
813 461 113 20 fastställer
936 461 56 20 olika

165 489 55 22 skatt
236 490 34 20 för
284 490 55 20 olika
349 490 46 27 slag
409 490 22 20 af
445 490 89 27 hundar,
550 490 68 21 ehuru
634 490 56 21 detta
705 489 117 27 ingalunda
837 491 24 19 är
872 489 119 26 meningen.

165 518 41 27 Jag
221 518 69 21 skulle
306 519 71 20 därför
391 519 155 20 vördsammast
560 518 77 21 föreslå
652 520 30 19 att
696 518 124 28 paragrafen
837 518 68 21 skulle
913 518 79 20 formu-

165 547 55 21 leras
244 547 24 21 så
290 549 29 19 att
342 547 41 25 den
406 554 75 14 senare
504 547 62 21 delen
586 547 21 21 af
629 547 64 21 första
709 553 63 14 mom.
787 547 85 21 komme
887 549 30 18 att
932 546 59 27 lyda:

170 575 169 22 »ankommande
362 576 35 21 det
419 576 27 27 på
467 576 156 21 kommunerna
638 577 29 20 att
682 576 58 21 inom
755 575 123 22 förenämda
894 575 99 28 begräns-

168 605 52 27 ning
235 605 102 20 fastställa
352 605 94 20 skattens
462 605 76 27 belopp
553 605 44 20 lika
611 605 33 20 för
659 605 73 26 hvarje
747 604 79 21 hund».

234 661 34 22 Hr
290 661 108 22 Idman:
422 661 42 28 Jag
486 668 105 21 upprepar
607 662 43 20 min
666 661 99 21 anhållan
781 663 30 19 att
826 661 64 21 orden
909 661 84 21 »äfven-

166 697 45 14 som
228 691 66 20 andra
310 697 61 21 egare
387 691 21 20 af
423 691 136 27 renhjordar»
577 690 69 21 skulle
662 690 55 27 utgå.

234 747 34 21 Hr
282 747 162 28 Holmberg:
468 747 41 28 Jag
525 747 49 21 ville
590 747 75 21 endast
680 747 70 21 erinra
766 754 34 14 om
816 749 29 19 att
860 747 81 21 skatten
960 747 34 21 för

165 776 85 21 hundar
266 776 32 21 för
313 777 132 20 närvarande
460 777 7 20 i
482 776 99 21 städerna
596 779 24 18 är
635 777 64 26 högre
715 778 27 19 än
759 777 12 20 5
786 776 60 21 mark
861 777 39 20 och
916 778 29 19 att
957 776 37 21 det

166 805 34 20 väl
222 805 48 20 icke
292 807 23 18 är
333 805 45 20 skäl
393 807 30 19 att
439 812 29 13 nu
484 805 66 20 sänka
566 805 47 26 den,
629 805 27 20 då
670 811 48 14 man
734 805 24 26 ju
774 811 75 20 genom
866 805 69 20 denna
950 805 42 20 för-

166 833 92 28 ordning
273 833 56 21 afser
343 836 30 18 att
388 834 83 20 minska
487 834 122 20 hundarnas
624 833 62 21 antal.
716 833 135 21 Beträffande
867 833 25 21 hr
906 833 86 21 Idmans

166 862 142 27 anmärkning
329 862 37 20 vill
387 863 35 26 jag
444 864 78 19 nämna
537 864 30 19 att
582 862 98 21 befrielse
695 862 46 21 från
758 862 153 21 hundskattens
926 862 66 27 erläg-

166 891 69 26 gande
259 891 120 27 medgifvits
402 897 62 20 egare
487 891 21 20 af
530 891 124 27 renhjordar
676 892 27 26 på
718 891 69 26 grund
803 891 21 20 af
840 891 153 27 upplysningar

165 919 58 20 inom
245 919 102 21 utskottet
369 919 22 21 af
413 919 65 28 några
500 919 144 25 medlemmar,
664 926 46 14 som
726 921 36 18 äro
778 919 81 21 bosatta
874 919 7 20 i
896 919 96 27 nordliga

166 947 62 22 delen
252 948 22 20 af
296 948 118 27 Uleåborgs
436 948 41 21 län.
507 948 32 21 De
562 948 111 21 framhöllo
689 948 102 21 hurusom
806 948 63 21 äfven
885 948 65 21 andra
965 949 27 19 än

165 975 74 28 lappar
263 977 62 20 hafva
347 977 124 26 renhjordar
493 977 39 20 och
556 977 66 20 måste
638 977 70 20 därför
724 977 63 20 hafva
801 979 30 19 ett
845 977 80 26 ganska
940 978 53 19 stort

166 1005 57 20 antal
245 1005 89 20 hundar.
364 1005 33 21 De
419 1007 36 19 äro
479 1005 6 20 i
508 1005 85 27 mycket
616 1005 45 21 små
684 1005 137 21 ekonomiska
839 1005 154 26 förhållanden,

166 1033 81 21 hvilket
270 1034 61 21 äfven
354 1033 93 28 framgår
469 1034 22 21 af
513 1034 27 21 de
563 1034 131 27 handlingar,
710 1040 46 15 som
772 1033 62 21 hafva
849 1033 143 21 tillkommit
980 1029 15 37 i

166 1064 88 19 senaten
282 1062 33 21 vid
342 1063 147 26 uppgörandet
511 1063 22 20 af
555 1062 248 27 propositionsförslaget,
825 1063 39 20 och
880 1062 26 27 på
921 1061 71 22 hvilka

165 1091 95 26 grunder
268 1091 60 20 äfven
337 1091 7 20 i
353 1091 42 20 den
404 1091 76 27 nådiga
488 1091 156 27 propositionen
654 1091 174 26 minimigränsen
838 1091 33 20 för
877 1091 81 20 skatten
969 1092 25 19 är

166 1119 97 21 bestämd
279 1119 29 21 till
326 1119 27 21 50
369 1120 69 27 penni.
469 1119 62 21 Hvad
547 1119 100 28 slutligen
664 1120 24 20 hr
703 1119 135 21 Anderssons
853 1119 140 27 anmärkning

166 1147 104 27 beträffar,
295 1148 23 20 så
343 1154 64 21 synes
430 1148 36 21 det
488 1148 44 27 mig
554 1148 46 21 icke
623 1155 50 14 vara
696 1148 74 27 nödigt
785 1150 30 19 att
829 1147 86 28 tillägga
930 1147 26 22 de
971 1147 22 21 af

165 1175 79 22 honom
260 1177 120 26 föreslagna
395 1177 67 20 orden
479 1177 55 20 »lika
549 1177 33 20 för
597 1177 71 27 hvarje
685 1177 79 20 hund».
793 1176 42 21 Det
850 1183 44 14 som
906 1176 86 21 därmed

166 1203 79 28 åsyftas
267 1205 97 27 framgår,
385 1211 65 21 synes
472 1206 49 27 mig,
544 1205 101 27 tämligen
668 1205 77 27 tydligt
768 1205 61 20 äfven
845 1205 22 20 af
882 1205 112 21 utskottets

166 1232 145 29 formulering.

234 1289 34 22 Hr
290 1290 176 22 Andersson:
489 1290 50 22 Med
562 1291 116 27 anledning
700 1290 22 22 af
737 1290 36 22 det
787 1292 84 20 senaste
885 1290 109 28 yttrandet

165 1318 36 20 vill
226 1319 38 27 jag
286 1319 111 21 framhålla
411 1322 31 18 att
456 1320 35 27 jag
506 1320 73 26 gjorde
595 1320 47 20 mitt
656 1320 80 26 förslag
751 1319 89 21 emedan
855 1320 36 26 jag
905 1319 47 21 hört
966 1325 27 15 en

164 1346 94 22 medlem
282 1348 21 20 af
326 1348 57 20 detta
404 1348 68 27 stånd,
487 1354 46 15 som
549 1350 22 18 är
585 1348 63 25 jurist
663 1348 30 21 till
710 1348 68 26 yrket,
793 1348 57 20 tolka
865 1347 129 21 bestämnin-

164 1382 42 20 gen
229 1376 91 20 sålunda
341 1378 32 19 att
392 1376 130 22 kommunen
539 1376 53 28 egde
607 1378 41 19 rätt
663 1379 29 19 att
708 1376 117 21 bestämma
840 1376 83 21 skatten
938 1376 57 20 olika

164 1404 33 20 för
212 1404 59 22 olika
285 1404 89 22 hundar.

234 1461 70 21 Sedan
327 1462 150 21 diskussionen
499 1462 51 20 härå
572 1462 112 21 förklarats
706 1462 99 26 afslutad,
827 1461 122 21 framstälde
969 1461 25 21 hr

164 1489 124 21 talmannen
311 1490 130 22 beträffande
464 1491 26 20 hr
504 1490 89 22 Heikels
608 1490 78 28 förslag
702 1497 27 15 en
744 1490 90 22 sålunda
849 1490 86 21 affattad
950 1496 44 15 om-

164 1518 247 28 röstningsproposition:
