1095 1717
202 118 41 20 336
416 124 179 21 Borgareståndet
609 124 57 17 1894.
689 124 27 17 20
728 123 50 18 febr.

244 204 68 21 Sedan
328 204 101 27 gammalt
444 204 91 21 välkänd
559 204 78 21 drifves
662 204 40 21 den
724 204 38 20 hos
782 210 35 15 oss
837 204 47 21 med
905 204 61 26 högst
980 204 22 20 få

174 232 109 28 undantag
298 234 37 19 när
351 233 26 27 på
392 235 30 19 ett
436 234 61 26 högst
513 233 102 27 primitivt
630 235 44 19 sätt.

243 261 12 21 I
270 262 34 20 det
319 261 43 21 lilla
378 261 115 27 Danmark,
508 261 107 21 hvarifrån
631 262 33 20 för
680 261 64 27 några
763 261 23 21 år
800 261 65 21 sedan
881 263 120 25 exportera-

175 290 37 21 des
228 290 79 27 årligen
331 292 40 25 ägg
393 290 33 21 till
449 290 96 21 utlandet
569 290 52 21 blott
643 290 32 21 till
690 292 30 19 ett
742 290 63 20 värde
821 290 21 20 af
861 290 64 26 några
940 291 61 19 tusen

176 318 64 24 mark,
265 318 37 21 har
317 326 47 13 man
388 319 49 21 med
452 319 66 20 sådan
543 318 83 22 raskhet
642 319 63 27 gripit
727 318 125 21 hönsafveln
867 325 32 20 an,
915 320 29 18 att
960 318 40 20 den

177 347 66 27 årliga
260 350 100 24 exporten
377 348 21 20 af
414 350 40 24 ägg
469 348 89 20 allenast
575 354 89 14 numera
679 347 82 27 uppgår
776 347 30 21 till
823 347 96 27 omkring
935 347 10 20 7
956 346 48 20 mil-

175 376 61 27 joner
253 376 82 26 kronor,
351 376 51 21 eller
417 377 80 20 inemot
515 376 24 21 10
555 376 99 27 miljoner
672 376 68 20 finska
755 376 66 24 mark,
836 375 164 27 förbrukningen

176 405 21 20 af
211 406 42 26 ägg
268 406 22 19 är
299 405 57 20 inom
365 404 72 22 landet
445 405 126 27 uppskattad
580 404 31 21 till
621 405 110 20 enahanda
741 404 80 27 belopp.
836 404 166 28 Hönsgårdarna

178 433 96 21 leverera
294 433 106 21 dessutom
417 434 32 20 för
471 436 76 25 export
561 434 46 20 kött
626 434 21 20 af
663 434 52 20 höns
730 434 39 20 och
788 433 69 27 fjäder
871 435 54 19 samt
939 435 65 18 annat

179 462 79 27 nyttitg
272 462 94 27 fjäderfä,
382 462 68 21 såsom
467 465 54 24 gäss,
536 463 67 20 änder
618 463 38 20 och
672 462 107 21 kalkoner.

248 490 80 21 Genom
345 491 159 21 hönsskötselns
527 491 82 27 hastiga
624 491 38 20 och
678 494 56 17 stora
759 491 103 27 uppsving
877 491 62 20 hafva
954 492 49 25 ögo-

178 525 40 15 nen
235 521 88 25 öppnats
346 519 26 28 på
387 520 83 27 många,
493 526 46 14 som
556 520 29 21 till
610 526 25 14 en
653 519 72 28 början
742 519 60 27 hyste
818 519 71 21 tvifvel
906 525 33 14 om
955 519 48 20 dess

179 547 128 22 räntabilitet
322 549 38 20 och
377 551 55 18 stora
448 549 234 20 nationalekonomiska
698 548 113 26 betydelse.

247 576 11 21 I
274 576 91 27 Sverige,
382 577 84 20 hvarest
481 577 147 21 hönsskötseln
641 577 7 20 i
659 577 115 20 allmänhet
784 576 62 21 också
857 579 58 18 ännu
925 576 43 21 står
979 576 25 27 på

178 612 25 14 en
221 605 36 27 låg
272 605 119 27 stånpunkt,
407 606 38 20 har
461 613 49 13 man
527 606 47 21 med
589 605 186 28 uppmärksamhet
789 605 47 27 följt
846 605 48 21 med
905 605 99 20 danskar-

178 640 38 14 nes
231 634 118 21 oförtrutna
371 635 71 20 arbete
458 635 6 20 i
481 635 70 20 denna
575 635 84 24 branch,
683 635 38 20 och
746 636 94 19 ansatser
861 633 61 21 hafva
939 633 64 21 redan

178 663 66 26 gjorts
268 665 29 18 att
318 663 80 21 skänka
421 663 69 21 denna
514 663 144 21 försummade
680 663 76 27 näring
771 669 24 14 en
812 665 65 18 större
894 662 110 27 uppmärk-

177 691 89 21 samhet.

250 719 50 22 Man
323 720 37 21 har
376 720 88 21 kommit
479 720 69 21 under
568 720 52 21 fund
636 720 48 21 med
701 722 30 19 att
752 719 129 21 danskarnes
896 719 110 27 framgång

180 749 69 20 berott
265 749 68 26 därpå,
357 751 30 18 att
402 749 26 20 de
450 749 48 20 med
516 749 71 26 energi
612 749 96 20 omfattat
723 749 102 26 företaget
840 748 38 21 och
894 748 46 20 med
957 747 48 21 säll-

178 777 62 27 spord
259 777 123 27 uthållighet
397 780 55 18 samt
467 777 54 21 efter
536 777 103 28 uppgjord
655 777 49 28 plan
720 777 87 27 fullföljt
822 777 85 20 arbetet.

248 805 40 21 För
304 808 29 19 att
348 806 139 27 tillgodogöra
511 807 32 26 sig
558 806 66 21 andra
646 807 107 20 nationers
769 806 118 20 erfarenhet
902 805 61 20 hafva
978 805 26 20 de

178 834 48 21 icke
242 834 67 21 häller
323 837 70 24 sparat
409 835 94 20 hvarken
520 835 62 20 möda
598 835 52 20 eller
665 835 119 20 kostnader.

247 862 115 21 Hurudant
378 863 117 21 tillståndet
510 863 5 20 i
532 863 90 21 Finland
638 863 7 20 i
656 863 160 28 ifrågavarande
830 863 135 26 näringsgren
977 864 28 24 är,

179 891 190 28 vidhandengifver
384 892 48 21 dess
448 892 185 21 handelsstatistik.

247 919 73 28 Enligt
335 920 123 21 densamma
481 921 149 27 exporterades
646 921 32 20 till
701 919 141 28 kejsardömet
864 919 39 21 och
925 918 31 21 till
972 921 32 18 ut-

179 948 75 21 landet
277 951 39 24 ägg
331 949 53 20 ifrån
408 949 73 21 landet
496 949 70 21 under
588 949 154 20 kvinkvenniet
758 948 139 21 1888—1892
912 947 92 27 följande

178 977 88 26 partier:

248 1033 24 21 år
288 1035 77 20 1888.
397 1051 3 4 .
431 1050 211 5 0000
673 1051 38 3 L.
744 1034 88 26 104170
848 1033 87 26 stycken

256 1071 9 10 »
288 1063 53 20 1889
397 1079 3 4 so
432 1080 4 3 so
605 1079 108 4 L
744 1063 89 25 387,353
880 1070 8 10 >

255 1099 9 10 »
288 1091 53 20 1890
363 1108 3 3 .
397 1108 3 3 <
432 1108 4 4 so
467 1108 3 4 so
501 1108 39 4 ak
571 1107 4 5 a
640 1108 38 3 noa
709 1108 3 3 s
745 1091 88 26 160,45
879 1099 8 10 >

255 1128 9 10 »
288 1120 51 20 189
362 1136 3 4 .
570 1136 142 4 L
746 1119 33 21 TA
791 1119 42 26 SES
880 1127 8 10 >

255 1156 9 11 »
288 1149 53 20 1892
397 1165 4 4 oo
432 1165 4 4 so
501 1165 4 4 cc
537 1165 38 4 ss
710 1165 3 3 L
744 1148 89 26 294,500
880 1155 9 11 >

247 1205 96 27 Antager
358 1212 48 14 man
422 1205 174 28 medelexporten
614 1205 66 21 under
696 1205 60 21 dessa
772 1206 12 19 5
797 1205 24 20 år
830 1204 33 21 för
871 1204 133 27 jämnhetens

178 1233 57 21 skull
250 1233 33 21 till
299 1234 88 26 338,000
403 1234 89 27 stycken
509 1235 38 20 och
564 1234 103 21 beräknar
682 1233 179 27 marknadspriset
876 1232 31 21 till
926 1233 5 20 I
945 1232 59 21 mark

180 1262 26 20 50
221 1262 29 27 pii
267 1268 37 21 per
317 1263 50 26 tjog,
382 1262 23 21 så
421 1265 156 24 representerar
592 1262 82 22 landets
692 1263 111 26 ärsexport
817 1262 21 20 af
853 1263 40 25 ägg
909 1263 28 18 ett
948 1261 57 26 kapi-

178 1290 29 21 tal
223 1291 21 20 af
261 1290 52 22 blott
328 1292 75 26 25,350
419 1291 66 21 mark.

248 1318 112 28 Importen
376 1320 21 20 af
412 1322 41 25 ägg
467 1320 54 20 ifrån
538 1320 96 21 utlandet
650 1320 39 20 och
704 1320 54 20 ifrån
774 1318 105 28 Ryssland
891 1325 37 14 var
937 1318 69 20 under

179 1347 78 21 nämda
274 1348 90 26 tidrymd
381 1348 102 28 följande:

248 1391 31 46 år
290 1391 62 46 1888
375 1421 4 4 .
549 1422 142 4 L.
724 1406 10 20 T
737 1404 96 28 848.460
849 1403 87 27 stycken

256 1441 9 10 >
290 1433 52 21 1889
378 1450 2 4 <
547 1450 146 4 L
727 1419 107 46 8721248
867 1419 22 46 >»

256 1470 9 10 »
289 1448 65 45 1890
376 1478 4 4 0
413 1479 2 3 <
446 1462 443 26 000000.
724 1448 117 45 6369479
867 1448 27 45 >

255 1498 10 10 »
288 1490 53 21 1891
393 1506 21 5 0
446 1507 247 5 000.
727 1490 162 27 7233217»

256 1527 10 9 >
290 1519 52 20 1892
376 1535 4 4 0
411 1519 478 26 L.
724 1506 113 45 7729353
867 1506 27 45 >
