1095 1717
195 110 40 21 172
399 116 181 22 Borgareståndet
593 117 57 17 1894.
677 118 23 16 12
713 116 51 17 febr.

233 196 34 22 Hr
285 197 126 21 Neovius
431 198 93 26 yttrade:
555 197 51 21 Man
628 197 59 21 torde
710 197 107 27 möjligen,
839 197 39 21 och
893 197 35 21 det
942 197 49 21 med

168 227 59 25 rätta,
242 226 7 20 i
266 226 56 20 detta
343 226 110 21 memorial
475 226 66 21 sakna
564 226 128 27 detaljerade
710 226 105 27 uppgifter
836 226 108 26 angående
959 232 33 14 re-

165 254 93 21 sultaten
274 254 20 21 af
309 254 135 22 zontariffens
458 255 113 21 införande
587 255 7 20 i
610 254 94 28 Ungern.
726 254 12 21 I
754 254 49 21 våra
813 254 106 27 tidningar
930 254 61 21 hafva

166 282 105 28 åtskilliga
286 283 164 27 sifferuppgifter
464 284 6 20 i
487 283 57 21 detta
560 283 120 21 hänseende
696 283 82 21 funnits
799 282 94 28 anförda,
908 283 38 21 och
962 283 31 21 äf-

167 318 40 14 ven
224 311 112 21 utländska
351 312 107 27 tidningar
472 312 63 20 hafva
557 312 112 20 innehållit
688 311 102 27 åtskilligt
809 312 22 20 af
851 311 141 21 framstående

166 340 64 20 värde
245 340 8 20 i
269 340 70 21 denna
353 340 65 28 fråga.
449 340 49 22 Men
515 340 27 21 då
563 341 36 26 jag
614 340 110 26 sysselsatt
747 340 43 27 mig
805 340 47 20 med
877 346 25 15 en
917 340 75 27 jämfö-

166 368 55 21 relse
244 368 22 21 af
281 369 60 21 dessa
364 369 54 26 data,
433 369 39 21 har
493 370 36 26 jag
543 369 73 21 funnit
630 371 30 19 att
676 369 109 21 desamma
799 368 46 21 icke
861 368 48 22 fullt
924 369 68 21 öfver-

166 399 129 19 ensstämma
309 398 48 20 med
373 398 124 20 hvarandra.
528 398 47 20 Den
591 398 55 20 enda
661 397 116 27 möjlighet,
793 397 136 27 hvarigenom
941 404 50 13 man

166 425 72 22 kunde
254 426 85 21 komma
353 426 31 21 till
401 433 26 14 en
444 426 63 28 riktig
521 426 66 21 insikt
603 433 33 14 om
649 426 26 21 de
685 426 154 24 förhållanden,
850 432 45 15 som
905 426 87 21 utveck-

165 454 30 21 lat
210 455 32 26 sig
257 455 8 20 i
280 455 87 27 Ungern
391 455 53 21 efter
459 455 136 21 zontariffens
615 455 117 23 införande,
748 461 50 14 vore
818 457 30 18 att
863 455 26 27 gå
903 455 31 20 till
950 454 41 21 den

166 483 107 28 egentliga
288 483 69 21 källan
373 484 33 21 för
421 484 78 21 nämda
522 484 54 26 data,
600 484 18 20 d.
634 491 18 13 v.
669 490 15 14 s.
701 483 32 21 till
748 483 26 21 de
785 483 158 28 redovisningar
951 483 39 21 och

166 511 31 21 till
213 512 25 21 de
255 512 72 27 tillägg
342 512 31 21 till
389 513 114 26 desamma,
519 519 44 14 som
581 513 29 20 tid
631 512 53 21 efter
700 519 70 14 annan
787 514 40 19 sett
842 512 67 27 dagen
924 511 7 21 i
947 511 45 22 Un-

165 547 52 20 gern
233 541 40 20 och
289 541 93 27 utgifvits
398 541 21 20 af
434 541 131 21 därvarande
581 540 234 28 järnvägsförvaltning.
844 540 73 21 Ehuru
931 541 61 20 dessa

166 569 146 28 redogörelser
333 569 91 22 affattats
439 570 62 21 äfven
525 570 26 27 på
567 569 85 21 franska
668 570 39 20 och
728 569 101 27 engelska
844 569 94 28 språken,
954 571 36 19 äro

166 597 26 21 de
208 600 72 25 tyvärr
294 598 46 21 icke
356 598 131 27 tillgängliga
510 599 30 20 uti
557 599 42 20 den
614 598 112 21 utländska
743 597 140 22 bokhandeln.
912 597 41 22 Det
968 600 24 19 är

166 626 75 21 endast
256 633 75 20 genom
355 629 29 18 att
400 627 69 20 vända
491 627 33 28 sig
539 627 82 21 direkte
636 627 32 20 till
684 627 41 20 den
746 627 106 27 ungerska
866 627 126 26 järvägsför-

166 655 123 27 valtningen
312 662 49 14 man
376 657 23 19 är
414 656 7 20 i
436 656 62 20 stånd
522 658 29 19 att
567 655 79 21 erhålla
669 655 61 21 dessa
753 655 136 27 synnerligen
912 655 78 27 viktiga

166 684 107 27 uppgifter
291 684 32 21 för
346 684 133 21 bedömande
501 684 27 21 bl.
545 691 17 14 a.
585 684 61 21 äfven
671 684 22 21 af
712 683 73 28 frågan
807 690 35 14 om
857 683 134 22 zontariffens

164 712 112 21 införande
292 713 7 20 i
314 712 45 21 vårt
374 712 56 21 land.
460 713 41 26 Jag
517 713 50 20 ville
587 713 111 20 framhålla
714 713 63 26 detta,
797 712 12 21 å
824 719 39 14 ena
883 712 59 21 sidan
958 712 34 21 för

165 742 30 19 att
210 741 98 20 meddela
322 741 85 21 hvarför
422 742 35 27 jag
472 742 47 21 icke
535 741 82 21 kunnat
631 741 50 27 ingå
696 741 7 20 i
716 741 69 27 någon
796 741 146 27 detaljuppgift
952 747 37 14 an-

165 769 82 26 gående
272 770 25 20 de
312 770 94 27 resultat,
429 777 45 14 som
490 770 93 26 vunnits,
607 770 38 21 och
661 769 12 21 å
688 770 67 20 andra
770 769 59 21 sidan
845 770 32 20 för
892 771 29 19 att
936 769 53 21 fästa

165 798 113 21 utskottets
300 799 185 26 uppmärksamhet
508 799 35 20 vid
559 801 30 18 att
605 805 55 20 man,
683 805 78 20 genom
776 800 30 19 att
829 798 68 21 vända
912 798 31 27 sig
958 798 32 21 till

164 827 256 26 järnvägsförvaltningen
435 827 7 20 i
458 827 96 28 Ungern,
570 828 37 20 har
623 829 29 19 att
667 827 99 27 påräkna,
781 827 70 20 såsom
865 827 36 27 jag
913 827 77 26 erfarit,

165 855 182 26 tillmötesgående
363 856 35 20 vid
414 856 124 21 lämnandet
553 856 21 21 af
589 856 61 20 dessa
667 855 111 28 uppgifter.
807 855 41 27 Jag
863 855 48 21 ville
927 855 61 21 äfven

166 883 74 21 beröra
256 890 26 15 en
298 891 69 14 annan
384 884 64 27 fråga.
478 885 50 20 Man
544 885 39 20 har
597 886 41 19 sett
653 885 38 20 hos
706 890 40 20 oss,
770 884 123 26 isynnerhet
906 884 7 20 i
928 884 62 20 Järn-

165 912 208 27 vägsmannabladet,
388 913 105 28 åtskilliga
509 913 145 27 uträkningar,
669 919 45 14 som
731 912 27 27 gå
773 915 23 18 ut
811 912 26 27 på
852 915 30 18 att
896 913 51 20 söka
960 912 30 21 öf-

165 943 88 24 vertyga
268 941 82 21 läsaren
366 948 35 14 om
416 942 138 27 möjligheten
570 941 21 21 af
607 948 25 14 en
648 941 107 21 zontariffs
766 941 109 21 införande
886 941 32 21 för
930 943 60 18 stats-

164 969 141 27 järnvägarna
319 970 7 20 i
341 969 78 22 landet.
442 970 67 21 Dessa
525 970 142 27 beräkningar
681 969 45 21 lida
741 969 53 21 dock
810 969 21 21 af
846 976 25 15 en
888 969 103 27 väsentlig

165 997 57 21 brist.
252 997 33 22 De
300 998 26 27 gå
341 998 41 21 alla
404 1000 25 19 ut
442 999 46 20 från
512 999 41 20 den
569 999 151 26 förutsättning
741 1000 30 19 att
786 998 53 21 efter
857 998 133 21 zontariffens

164 1026 112 21 införande
291 1027 216 27 passagerareantalet
521 1028 58 20 inom
595 1027 26 21 de
636 1027 57 20 olika
708 1033 92 14 zonerna
815 1027 109 20 förblifver
935 1027 55 20 oför-

164 1055 96 20 ändradt.
275 1055 30 20 Af
314 1055 115 22 statistiska
444 1056 142 27 beräkningar
602 1055 33 21 vid
652 1055 203 28 järnvägsstyrelsen
871 1056 32 20 för
912 1057 78 19 tvänne

164 1082 29 27 år,
208 1083 107 28 nämligen
339 1084 33 20 för
388 1085 54 20 1887
460 1085 39 20 och
515 1085 62 26 1890,
600 1084 38 21 har
652 1090 49 15 man
725 1084 89 21 kommit
829 1084 32 20 till
875 1084 65 21 insikt
954 1090 35 14 om

164 1111 55 20 huru
234 1113 216 26 passagerareantalet
465 1113 56 21 inom
538 1113 89 20 Finland
639 1112 92 21 fördelar
741 1113 33 26 sig
784 1112 26 27 på
820 1112 56 21 olika
886 1112 100 28 afstånds-

164 1146 69 15 zoner.
264 1141 41 20 För
320 1141 53 21 1887
398 1142 41 20 har
461 1148 49 14 man
533 1141 102 27 därjämte
659 1141 103 21 beräknat
783 1141 71 20 hvilka
873 1141 117 21 inkomster

164 1169 94 20 erhållits
280 1169 32 21 för
327 1169 97 28 biljetter,
448 1170 59 21 sålda
522 1170 33 21 för
575 1170 26 21 de
617 1169 55 21 olika
688 1169 117 21 afstånden.
835 1169 36 21 Nu
886 1169 62 22 hafva
963 1169 27 21 de

163 1196 142 29 beräkningar
319 1199 35 26 jag
369 1199 106 20 omtalade
490 1199 57 20 stödt
562 1199 32 26 sig
609 1198 26 27 på
650 1198 41 21 den
707 1198 156 27 förutsättning,
878 1200 30 19 att
919 1205 71 20 passa-

162 1227 154 25 gerareantalet
337 1227 59 20 inom
411 1227 27 20 de
462 1227 55 21 olika
533 1233 92 14 zonerna
640 1227 74 20 förblir
729 1226 116 21 detsamma
861 1233 45 14 som
921 1227 67 25 förut;

163 1253 27 21 då
204 1261 51 14 man
271 1255 25 27 på
311 1255 70 21 denna
396 1255 70 27 grund
489 1256 35 20 vid
540 1255 143 27 beräkningen
700 1255 22 20 af
736 1255 143 21 inkomsterna
895 1256 32 20 för
940 1262 49 20 per-

163 1282 128 22 sontrafiken
307 1283 64 21 infört
386 1284 26 21 de
431 1291 44 20 nya
489 1284 71 28 prisen
577 1283 65 28 enligt
660 1283 125 21 zontariffen
800 1283 38 21 har
853 1290 49 15 man
917 1286 71 19 natur-

162 1310 71 28 ligtvis
248 1312 90 21 kommit
361 1312 31 21 till
408 1319 27 15 en
459 1313 104 27 betydligt
583 1313 57 26 lägre
656 1312 126 21 slutsumma
803 1314 26 18 än
845 1312 41 21 den
902 1320 29 13 nu
946 1312 44 26 gäl-

161 1339 64 21 lande
240 1340 83 21 tariffen
339 1341 85 21 lämnat.
446 1341 64 21 Detta
525 1343 24 19 är
563 1342 23 26 ju
602 1341 106 27 naturligt,
724 1342 24 25 ty
763 1347 49 14 man
827 1341 38 20 har
881 1340 108 22 bibehållit

161 1369 217 26 passagerareantalet
393 1370 143 26 oförändradt,
551 1376 49 14 men
616 1369 92 21 minskat
718 1369 94 27 afgiften,
825 1370 40 20 och
879 1370 66 20 måste
956 1368 32 21 så-

160 1396 60 22 ledes
235 1397 86 21 komma
343 1398 32 21 till
390 1400 30 19 ett
444 1398 57 28 lägre
517 1398 137 21 slutresultat.
683 1397 48 21 Den
752 1398 64 27 härpå
839 1398 92 27 följande
947 1398 41 20 dis-

161 1425 116 21 kussionen
299 1426 21 20 af
335 1426 35 22 det
389 1433 73 14 vunna
477 1427 110 21 resultatet
602 1426 126 21 inskränker
745 1426 32 27 sig
792 1426 112 27 vanligtvis
920 1426 66 21 därtill

161 1455 30 19 att
206 1460 50 14 man
272 1454 74 27 påstår,
369 1457 30 19 att
414 1456 50 20 med
486 1455 135 21 zontariffens
642 1455 112 21 införande
774 1454 215 28 passagerareantalet

160 1482 98 21 kommer
280 1485 29 19 att
323 1484 54 27 stiga
400 1484 23 20 så
439 1484 86 26 mycket
545 1486 30 18 att
590 1484 111 20 skilnaden
721 1484 7 20 i
743 1483 118 21 inkomster
875 1483 53 21 skall
943 1489 43 15 mer

159 1512 27 18 än
202 1510 105 22 betäckas.
329 1512 63 21 Detta
408 1512 115 28 påstående
539 1514 23 19 är
577 1512 89 21 sålunda
682 1514 30 19 att
728 1512 98 21 omfattas
837 1512 48 21 med
897 1512 40 27 god
950 1514 37 18 tro.
