1095 1717
194 113 40 21 362
400 118 179 22 Borgareståndet
591 120 57 16 1894.
672 120 26 16 27
710 119 51 17 febr.

164 199 272 28 pappersförordningarna,
458 202 30 19 ett
503 200 43 20 otal
569 200 56 20 olika
640 202 71 25 poster
732 200 39 20 och
787 199 157 27 bestämningar
958 202 32 19 rö-

164 228 66 20 rande
254 228 155 27 bevillningens
430 228 123 28 utgörande,
575 228 67 21 ehuru
666 228 36 21 det
720 234 50 15 vore
786 228 48 21 vida
849 228 91 24 enklare,
956 234 34 15 om

164 263 50 14 man
230 256 7 21 i
253 263 27 14 en
295 257 310 27 stämpelpappersförordning,
620 256 26 28 på
661 257 69 26 grund
746 257 22 20 af
783 257 41 21 den
839 256 90 22 statistik
944 262 46 15 som

164 284 75 23 finnes,
254 285 67 21 skulle
337 285 55 21 hålla
407 286 33 26 sig
456 286 30 21 till
503 286 55 20 vissa
571 286 160 27 hufvudposter,
742 286 70 20 hvilka
824 286 53 20 visat
887 285 32 27 sig
930 285 60 20 värk-

164 313 57 28 ligen
237 314 145 27 inbringande,
405 314 39 21 och
468 314 98 21 lämnade
590 314 46 21 bort
651 314 27 21 de
701 314 71 26 öfriga.
803 314 46 21 Den
871 313 119 27 utredning,

164 348 46 15 som
226 342 6 20 i
249 342 57 21 detta
320 343 100 21 afseende
436 343 104 21 förelades
565 343 54 20 1885
634 343 34 20 års
683 342 107 27 landtdag,
806 345 23 18 är
843 342 79 28 ganska
938 348 52 21 upp-

145 378 2 3 *
164 370 96 28 lysande.
290 370 39 22 Om
344 378 49 14 man
417 372 134 25 undantager
572 371 178 27 stämpelpappret
772 372 33 20 för
819 370 171 22 ämbetsvärkens

164 399 152 27 expeditioner,
339 406 45 14 som
401 400 80 27 uppgår
496 400 32 20 till
551 406 46 14 mer
611 402 25 18 än
653 400 27 20 40
696 400 28 26 %
739 400 21 20 af
775 400 54 20 hvad
846 400 47 20 hela
907 400 82 20 skatten

164 428 115 27 inbringar,
301 428 22 21 så
347 428 69 21 finner
439 435 48 14 man
520 431 29 18 att
579 428 75 21 endast
678 428 22 21 få
717 431 70 25 poster
811 428 96 28 inbringa
932 430 58 19 näm-

166 457 63 20 värda
245 457 80 27 belopp.
355 457 33 21 En
404 457 22 21 af
441 457 25 21 de
482 458 116 20 förnämsta
613 459 23 19 är
654 457 83 21 skatten
753 457 32 21 för
801 457 188 28 boupptecknings-

164 485 133 21 instrument.
326 485 41 28 Jag
383 488 23 18 är
427 486 87 21 alldeles
530 492 51 15 ense
603 486 46 21 med
667 486 54 26 dem,
742 492 45 15 som
804 492 50 15 anse
875 488 29 19 att
919 486 69 20 denna

165 514 53 20 form
235 514 22 20 af
272 515 297 27 stämpelpappersbevillning
583 517 24 18 är
621 515 47 25 den,
684 521 45 14 som
745 514 118 27 lämpligast
879 515 40 20 kan
935 516 54 25 steg-

165 549 39 20 ras,
221 543 40 20 och
277 543 35 20 vill
328 543 7 21 i
350 543 57 21 detta
418 543 99 21 afseende
531 543 109 21 framhålla
652 545 30 19 att
693 543 296 27 bouppteckningsprocenten

164 571 33 21 till
212 571 103 26 städerna,
338 578 46 14 som
399 572 57 21 förut
479 572 72 27 utgick
567 572 21 21 af
611 572 227 27 bruttobehållningen,
854 578 87 14 numera
957 574 32 18 ut-

164 601 62 26 göres
240 600 34 20 för
289 600 214 27 nettobehållningen,
519 601 38 20 och
579 603 30 18 att
624 601 102 27 sålunda
734 600 146 27 behållningen
897 601 6 19 i
920 600 48 21 boet
982 600 7 20 i

165 628 70 21 denna
251 629 53 20 form
319 631 24 18 är
357 629 83 21 mindre
457 629 106 26 betungad
579 631 25 18 än
621 629 61 21 förut.
712 629 69 21 Äfven
799 629 56 21 detta
873 631 23 18 är
911 635 25 14 en
952 635 36 14 an-

164 657 95 26 ledning,
274 657 26 27 på
315 657 68 27 grund
400 658 21 20 af
437 658 83 20 hvilken
538 658 115 21 arfskatten
669 657 31 22 till
716 660 67 18 staten
799 658 7 20 i
821 658 52 20 form
890 657 21 20 af
926 659 62 19 stäm-

164 685 185 28 pelpappersafgift
371 689 115 24 yttermera
509 687 41 20 kan
573 687 51 20 ökas
643 687 83 20 utöfver
741 686 54 21 hvad
811 687 7 19 i
832 686 156 27 propositionen

164 714 94 21 föreslås.
288 714 31 21 En
343 721 69 14 annan
430 718 51 23 post,
505 721 45 14 som
567 715 109 26 inbringar
698 715 46 20 icke
760 715 22 20 så
797 715 50 26 litet,
863 717 23 18 är
901 715 39 20 den
957 715 32 20 för

164 743 105 22 fullmakt,
285 743 161 24 konstitutorial,
461 743 142 21 förordnande
619 750 26 14 m.
662 750 26 13 m.
712 743 48 21 Men
776 743 6 20 i
799 743 58 28 fråga
872 749 32 15 om
919 743 69 20 denna

164 771 213 27 stämpelbevillning,
393 778 47 14 som
455 772 66 27 enligt
537 772 40 21 den
594 772 21 21 af
629 773 44 26 mig
688 772 118 27 åberopade
822 772 98 26 kalkylen
937 771 51 20 läm-

164 806 39 14 nar
218 801 76 26 27,000
313 801 65 26 mark,
402 801 38 20 har
454 801 35 26 jag
512 801 6 20 i
534 801 57 20 detta
614 801 66 22 stånd,
697 801 34 20 vid
756 801 54 20 1885
826 801 33 20 års
881 800 105 27 landtdag,

164 829 56 26 gjort
235 829 144 27 anmärkning.
401 829 42 21 Det
458 835 63 20 synes
538 829 43 26 mig
596 829 116 27 oegentligt
727 831 29 18 att
772 829 55 26 gifva
837 829 48 20 med
896 829 40 20 den
947 835 39 14 ena

165 857 83 21 handen
265 857 38 21 och
318 860 48 25 taga
382 858 47 20 med
446 858 40 20 den
503 858 75 25 andra;
602 860 35 24 att,
652 857 28 21 då
694 857 125 21 statsvärket
835 859 111 19 utnämner
961 863 26 15 en

164 885 134 27 tjänsteman,
320 886 131 21 omedelbart
473 888 50 25 göra
539 886 74 27 afdrag
634 886 27 27 på
676 886 53 21 hans
748 886 35 21 lön
799 886 31 21 till
846 886 81 27 belopp,
942 892 46 14 som

164 914 33 20 för
212 914 40 21 den
269 915 94 20 enskilde
386 917 36 18 äro
438 915 46 20 icke
507 915 23 20 så
546 915 45 20 litet
613 915 114 25 kännbara,
743 915 75 20 medan
839 915 26 20 de
881 915 32 20 för
927 916 61 19 stats-

165 943 72 20 värket
252 943 47 20 icke
313 945 36 18 äro
365 943 21 20 af
402 943 114 26 betydelse.
540 943 49 21 Men
605 943 48 21 med
670 943 100 21 afseende
785 943 12 20 å
812 945 79 19 statens
906 943 46 20 kraf
962 942 26 28 på

164 971 68 21 ökade
247 971 116 21 inkomster
385 978 62 14 anser
468 972 35 27 jag
519 972 43 26 mig
585 972 49 20 böra
651 971 108 21 modifiera
775 971 42 20 min
833 971 88 27 tidigare
936 977 52 21 upp-

164 999 92 27 fattning
271 1000 6 20 i
292 1000 56 21 detta
363 1000 101 21 afseende
487 1001 39 20 och
543 1001 74 20 endast
632 1000 31 21 till
675 1000 240 27 bevillningsutskottets
925 999 63 21 beak-

163 1028 64 21 tande
243 1029 115 26 hemställa,
374 1029 105 20 huruvida
493 1029 48 20 icke
557 1029 69 20 denna
643 1029 135 26 beskattning
792 1029 33 20 för
842 1028 26 21 de
879 1030 67 19 sämre
957 1028 30 21 af-

163 1056 77 21 lönade
256 1057 115 26 tjänsterna
394 1057 72 21 kunde
489 1057 134 21 bortlämnas.
653 1057 10 20 I
679 1057 155 27 propositionen
855 1057 87 20 föreslås
958 1059 30 18 att

163 1085 62 20 äfven
249 1085 33 20 för
297 1085 24 21 de
345 1085 57 28 lägre
425 1086 270 27 järnvägstjänstemännen
712 1092 26 14 en
758 1085 63 21 sådan
838 1085 150 27 stämpelafgift

163 1113 95 27 återigen
274 1113 67 22 skulle
356 1114 86 24 införas,
458 1114 85 21 oaktadt
564 1121 48 14 man
629 1114 34 21 vid
679 1116 84 19 senaste
779 1114 100 26 landtdag
894 1113 92 21 befriade

162 1141 49 21 dem
228 1142 96 21 därifrån.
354 1143 42 26 Jag
411 1143 68 20 skulle
495 1143 6 20 i
523 1145 87 18 motsats
625 1143 69 20 härtill
716 1149 50 14 anse
789 1145 29 18 att
833 1142 40 21 den
890 1142 97 21 befrielse

163 1170 46 21 från
225 1170 246 28 stämpelpappersafgift,
494 1178 47 14 som
560 1171 130 21 förunnades
713 1171 274 27 järnvägstjänstemännen,

162 1199 28 26 på
204 1199 56 27 goda
275 1199 44 20 skäl
334 1199 71 21 kunde
422 1200 117 20 utsträckas
554 1200 63 21 äfven
632 1200 31 20 till
679 1200 66 20 andra
760 1200 125 26 tjänstemän
899 1199 48 21 med
960 1206 27 14 en

162 1227 96 27 aflöning
273 1227 20 21 af
308 1231 12 17 t.
336 1234 33 14 ex.
386 1228 60 27 högst
462 1229 61 26 3,000
544 1228 59 21 mark
619 1235 35 14 om
670 1228 49 21 året.
750 1227 111 21 Därunder
876 1227 68 21 skulle
960 1227 27 21 då

162 1255 64 22 också
241 1256 51 21 falla
306 1256 160 21 folkskollärare
489 1257 38 20 och
544 1257 214 26 folkskollärarinnor,
781 1256 71 21 hvilka
867 1263 29 13 nu
912 1256 74 21 betun-

162 1290 37 21 gas
215 1285 48 20 med
280 1285 149 27 stämpelafgift
444 1285 32 21 för
491 1285 46 21 sina
552 1285 184 21 stadfästelsebref.

231 1313 39 21 Att
284 1314 34 26 jag
334 1314 92 27 begärde
448 1314 60 20 ordet
524 1314 91 21 berodde
638 1314 54 20 dock
718 1316 92 18 närmast
825 1314 21 20 af
859 1313 35 21 det
909 1313 78 27 förslag

161 1341 33 21 till
210 1342 55 20 ökad
281 1342 139 28 beskattning,
443 1349 46 14 som
504 1342 66 21 redan
585 1342 21 21 af
628 1343 24 20 hr
668 1349 42 14 von
725 1342 71 21 Pfaler
811 1342 86 25 berörts,
912 1341 75 21 nämli-

162 1376 41 20 gen
219 1370 162 28 beskattningen
405 1370 26 28 på
453 1370 79 25 växlar,
555 1371 89 21 checker
659 1378 27 13 m.
703 1377 25 14 m.
759 1370 41 22 Det
821 1370 107 21 förefaller
950 1376 36 14 an-

161 1398 185 28 märkningsvärdt
368 1401 30 19 att
413 1406 49 14 man
477 1400 8 20 i
500 1400 156 27 propositionen
668 1399 127 26 framhåller,
805 1399 101 21 hurusom
917 1398 70 21 denna

162 1426 119 28 bevillning
295 1427 46 21 icke
357 1427 69 21 skulle
442 1428 95 20 medföra
553 1428 114 20 nämvärda
682 1428 136 26 olägenheter
829 1427 33 21 för
872 1426 115 22 allmänhe-

161 1456 43 20 ten.
233 1455 43 27 Jag
290 1458 23 18 är
333 1456 131 27 fullkomligt
485 1462 51 15 ense
552 1456 49 21 med
623 1456 25 21 hr
663 1463 41 13 von
721 1456 70 21 Pfaler
813 1456 73 20 därom
901 1457 30 19 att
946 1455 40 21 den

161 1485 91 19 tvärtom
269 1484 68 21 blefve
352 1484 7 20 i
375 1484 47 22 icke
438 1485 59 27 ringa
512 1484 51 28 grad
580 1484 141 28 betungande.
747 1484 49 21 Men
812 1484 35 21 det
863 1486 23 18 är
900 1490 30 14 nu
939 1483 47 21 icke

161 1512 63 27 detta,
240 1518 46 15 som
308 1514 23 19 är
346 1513 36 21 det
404 1515 55 19 mest
473 1513 121 27 betänkliga
609 1513 7 20 i
631 1513 80 27 frågan,
735 1515 50 19 utan
802 1513 40 21 den
859 1512 127 28 omständig-
