1095 1717
300 129 177 21 Borgareståndet
491 130 58 17 1894.
573 130 24 16 81
610 134 61 13 mars.
829 125 39 21 591

73 211 50 25 göra
139 209 65 28 några
219 209 168 27 anmärkningar,
403 210 39 20 där
455 210 36 27 jag
506 216 62 14 anser
583 211 30 19 att
628 210 158 27 propositionen
798 210 33 21 för
841 216 58 21 myc-

73 238 36 21 ket
124 238 114 27 begränsar
259 238 69 20 denna
351 238 123 27 utveckling
497 238 39 21 och
559 238 61 21 deras
636 238 138 21 värksamhet.
806 238 36 22 Uti
857 239 13 27 8
886 239 11 20 7

74 267 59 21 heter
148 267 35 21 det
198 269 29 18 att
244 266 105 21 »ledamot
363 266 7 20 i
386 266 206 28 sparbanksstyrelse
608 267 34 21 mä
658 267 32 21 för
701 267 69 21 denna
781 267 118 27 befattning

74 296 94 27 uppbära
182 295 78 21 arvode
276 295 73 21 endast
364 295 7 20 i
387 295 35 21 det
437 295 37 21 fall
489 297 30 19 att
534 296 113 27 stadgarna
663 296 75 20 sädant
758 296 140 27 uttryckligen

75 324 115 27 medgifva;
214 324 53 20 dock
290 326 29 18 att
341 324 86 20 arvodet
449 324 46 21 icke
511 324 32 20 fär
558 324 51 28 utgä
624 324 22 21 af
660 324 66 21 andra
741 324 70 21 medel
826 326 27 19 än
869 325 30 20 af-

75 353 96 21 komsten
187 352 21 21 af
224 352 142 27 sparbankens
381 359 55 21 egna
451 352 94 22 fonder».
573 352 42 22 Det
630 353 51 21 sista
696 355 116 19 momentet
827 353 71 21 kunde

75 381 87 21 alldeles
177 381 134 27 bortlämnas,
327 381 89 21 emedan
438 381 35 21 det
488 381 42 21 kan
551 382 58 26 gifva
624 382 116 27 anledning
755 382 31 20 till
802 388 26 14 en
844 382 54 20 tolk-

75 410 58 27 ning,
148 416 45 14 som
216 410 43 20 ofta
273 410 40 20 kan
337 410 48 20 leda
400 410 32 20 till
454 410 135 27 svärigheter.
619 410 127 21 Afkomsten
763 410 20 21 af
798 410 100 28 sparban-

75 439 52 20 kens
151 445 53 21 egna
226 439 75 20 fonder
322 439 41 20 kan
386 439 66 20 blifva
467 439 80 27 ganska
563 439 48 20 svär
625 441 31 19 att
671 439 121 21 bestämma.
822 439 77 21 Likasä

75 467 38 21 ber
134 467 35 28 jag
190 467 8 20 i
220 467 98 21 afseende
341 467 12 21 &
369 468 12 26 &$
395 468 12 20 8
430 467 21 21 få
473 467 77 22 föreslå
573 470 29 19 att
617 468 51 21 sista
684 468 112 27 meningen
812 468 7 20 i
833 468 66 21 första

75 503 63 14 mom.
154 496 68 21 skulle
237 496 55 27 utgå.
321 495 42 22 Det
377 496 42 21 kan
442 503 49 14 vara
507 503 42 20 nog
572 498 30 19 att
617 497 117 20 bestämma
749 499 30 18 att
793 496 105 28 sparbank

75 525 46 21 icke
137 524 31 21 får
183 524 95 21 bedrifva
293 525 184 27 inläningsrörelse
494 525 68 21 under
577 532 71 14 annan
663 525 54 21 form
734 527 26 18 än
775 525 7 20 i
798 525 12 27 8
827 526 10 20 1
854 532 45 14 om-

75 553 105 26 förmäles,
202 560 49 14 men
274 556 30 18 att
325 553 98 28 förbjuda
445 553 158 28 sparbankerna
618 555 30 20 att
663 554 33 21 för
710 553 95 28 fyllande
821 554 22 21 af
857 554 41 21 till-

75 582 69 27 fälligt
157 582 170 27 penningebehof
350 584 91 25 upptaga
463 582 35 21 län
514 582 26 27 pä
562 582 72 27 längre
656 582 30 21 tid
702 584 26 19 än
745 589 38 14 sex
798 583 101 20 mänader

76 617 62 14 anser
158 611 36 27 jag
217 611 112 27 olämpligt.
359 610 41 21 Det
423 617 49 15 vore
493 611 67 21 bättre
580 613 30 19 att
631 611 36 21 det
682 611 69 21 skulle
766 611 51 20 falla
831 611 22 20 af
867 611 32 27 sig

76 639 57 27 själft
155 641 29 19 att
207 639 156 28 sparbankerna
385 639 22 21 fä
427 641 92 26 upptaga
539 640 26 21 de
587 640 34 20 län
638 640 25 20 de
679 639 91 22 behöfva
785 639 26 28 pä
826 639 72 28 längre

76 668 51 21 eller
142 668 82 21 kortare
240 668 35 21 tid.
297 668 11 20 I
323 668 12 27 $
352 669 25 20 17
390 668 69 21 finnes
470 669 109 26 uppgifvet
591 668 35 21 det
639 675 82 20 ansvar,
734 675 45 14 som
791 668 108 21 ähvälfves

75 697 159 27 principalerna,
250 697 44 20 ifall
310 697 25 20 de
351 697 96 20 använda
463 697 143 26 sparbankens
622 697 56 20 vinst
692 697 28 27 pä
738 699 64 18 annat
817 699 40 18 sätt
872 699 26 18 än

77 726 11 25 $
105 726 27 19 14
147 725 122 27 medgifver.
300 725 39 21 Det
362 725 86 21 oaktadt
469 725 69 21 finnes
553 726 7 19 i
577 726 12 26 $
606 726 11 20 7
633 726 7 20 i
655 725 101 27 förslaget
771 725 31 22 till
818 726 80 26 kungö-

76 753 53 22 relse
153 760 25 15 en
201 754 132 27 bestämning
355 761 34 14 om
413 756 34 20 att,
470 754 27 21 dä
519 754 155 27 principalerna
690 754 62 21 hafva
769 754 86 21 beslutit
870 755 29 19 att

76 782 138 21 Ofverskottet
228 783 21 20 af
264 783 140 20 vinsimedlen
427 783 38 20 bör
480 783 109 20 användas
604 783 31 20 till
652 783 127 27 välgörande
795 783 51 20 eller
861 782 38 21 all-

76 811 132 27 männyttiga
230 811 102 23 ändamäl,
355 811 91 21 beslutet
469 811 72 20 därom
564 811 54 21 skall
640 811 103 27 delgifvas
757 811 142 28 inspektören,

76 846 45 14 som
137 840 37 20 har
189 841 30 20 att
233 840 73 27 pröfva
327 840 106 21 huruvida
455 840 92 21 beslutet
567 840 199 21 öfverensstämmer
781 840 48 21 med
845 840 54 20 före-

76 868 112 21 skrifterna
202 869 7 20 i
224 868 35 27 lag
274 869 39 20 och
335 868 152 28 författningar.
518 869 41 27 Jag
575 875 62 14 anser
652 871 30 18 att
698 869 56 20 detta
768 868 130 21 hänvisande

76 896 32 21 till
123 897 135 27 inspektören
274 899 22 18 är
317 897 129 27 fullkomligt
462 897 92 27 onödigt.
584 897 42 21 Det
641 897 42 21 kan
699 899 48 25 taga
762 903 26 15 en
804 897 49 27 läng
869 897 30 20 tid

75 925 66 20 innan
157 925 52 21 hans
226 925 68 21 beslut
308 926 7 20 i
330 925 74 28 frågan
420 926 76 21 hinner
510 925 50 28 ingå
575 926 40 21 och
630 926 44 21 ofta
690 932 42 21 nog
746 927 35 19 äro
793 925 26 21 de
830 925 69 26 behof,

76 960 45 14 som
137 953 59 22 skola
210 954 121 27 tillgodoses
354 961 77 20 genom
454 955 169 26 sparbankernas
645 955 133 26 vinstmedel,
798 954 23 21 sä
843 955 56 20 trän-

76 982 69 27 gande
166 985 30 18 att
211 983 25 20 de
253 983 87 21 behöfva
357 985 57 18 snart
429 983 168 21 tillfredsställas.
625 983 77 20 Därför
717 983 68 21 skulle
800 983 35 27 jag
845 983 54 20 före-

76 1011 31 21 slä
123 1013 29 18 att
168 1011 69 21 denna
259 1012 96 27 paragraf
378 1011 44 22 helt
436 1012 39 20 och
491 1011 65 22 hället
576 1011 66 28 utgär.
672 1011 42 22 Det
735 1012 41 20 kan
792 1018 50 14 vara
857 1017 42 21 nog

76 1046 35 14 om
126 1040 154 27 principalerna
295 1040 78 21 erhålla
389 1047 81 19 ansvar,
485 1040 46 21 ifall
546 1041 26 20 de
588 1040 131 21 öfverskrida
734 1040 26 21 de
772 1040 127 21 bestämnin-

76 1075 43 20 gar,
134 1075 44 14 som
194 1069 35 26 lag
244 1069 39 20 och
298 1069 148 27 författningar
460 1069 113 20 innehälla.
604 1069 78 20 Vidare
698 1069 69 20 finnes
781 1069 8 20 i
805 1069 12 26 $
833 1069 26 20 23
873 1075 26 14 en

76 1097 133 27 bestämning
224 1100 35 24 att,
275 1104 34 14 om
324 1097 69 21 medel
416 1100 36 18 äro
468 1097 139 22 innestäende
625 1098 6 20 i
648 1097 105 28 sparbank
768 1104 46 14 mer
829 1099 26 18 än
871 1097 28 20 tio

76 1125 23 20 är
125 1125 38 21 och
186 1126 63 27 ingen
273 1126 114 27 insättning
410 1126 52 21 eller
484 1127 112 26 uttagning
619 1126 69 21 under
710 1126 69 21 denna
794 1126 30 21 tid
839 1125 61 26 skett,

76 1153 61 22 dessa
151 1154 70 21 medel
236 1155 53 20 efter
303 1155 127 27 kungörelse
446 1157 35 18 äro
496 1155 125 20 förvärkade
632 1155 32 20 till
675 1155 138 27 sparbanken.
829 1154 71 21 Emel-

75 1182 62 21 lertid
159 1183 59 21 heter
234 1183 34 21 det
283 1183 7 20 i
306 1183 12 27 $
335 1184 26 20 18
377 1185 29 19 att
421 1190 49 14 man
486 1183 42 21 kan
548 1183 77 21 insätta
640 1183 70 21 medel
725 1183 31 20 till
772 1183 81 21 förmån
868 1183 33 20 för

75 1217 70 14 annan
168 1218 76 20 person
268 1212 38 21 och
329 1212 74 21 därvid
426 1214 50 25 göra
499 1212 109 21 förbehäll.
638 1212 42 27 Jag
694 1212 70 21 skulle
779 1211 77 22 föreslä
871 1213 30 18 att

75 1239 12 28 8
103 1239 27 21 23
146 1239 68 22 skulle
229 1241 53 20 fästa
298 1241 99 20 afseende
413 1241 34 20 vid
466 1241 163 26 bestämningen
644 1241 7 20 i
667 1241 12 26 $
696 1241 26 20 18
738 1241 89 20 sålunda
842 1241 36 25 att,
893 1239 7 20 i

75 1268 101 21 händelse
199 1269 35 20 vid
257 1269 116 27 insättning
395 1269 33 21 för
450 1269 102 28 omyndig
575 1269 103 21 förbehäll
702 1269 70 21 blifvit
786 1269 69 27 gjordt
871 1269 30 20 att

74 1297 85 21 medlen
182 1298 47 20 icke
251 1298 21 20 fä
287 1298 63 27 lyftas
366 1298 70 21 förrän
452 1298 53 21 efter
521 1304 26 15 en
564 1298 94 21 bestämd
674 1298 36 27 tid,
726 1298 57 20 detta
797 1297 104 21 förbehäll

76 1325 27 21 dä
117 1326 69 20 skulle
201 1326 22 21 fä
237 1326 60 28 gälla,
319 1327 23 21 sä
357 1329 30 19 att
410 1327 61 21 dessa
485 1327 76 26 medel,
584 1327 7 20 i
607 1326 99 21 händelse
731 1326 25 21 de
772 1326 83 21 komme
871 1327 30 19 att

75 1354 84 22 innestä
172 1354 74 28 längre
261 1355 30 21 tid
307 1357 26 19 än
353 1356 29 20 tio
398 1356 24 20 är
442 1355 49 21 med
507 1357 60 19 ränta
581 1355 28 27 pä
623 1357 66 24 ränta,
704 1355 47 21 icke
766 1355 69 21 skulle
851 1361 50 14 vara

74 1382 130 22 förvärkade.

143 1440 32 21 Hr
190 1440 189 28 Aejmeleus:
409 1440 119 22 Rohkenen
544 1440 94 21 minäkin
650 1440 64 21 tehdä
724 1442 63 19 erään
797 1440 104 20 huomau-

74 1468 77 21 tuksen
174 1470 71 19 tämän
268 1469 205 21 asetusehdotuksen
488 1469 96 21 suhteen.
615 1470 13 20 8
644 1469 34 27 &:n
694 1469 87 20 toisessa
797 1468 104 21 kohdassa

75 1496 112 22 säädetään
202 1498 122 20 rahalainan
340 1500 81 19 tavasta
439 1499 21 27 ja
475 1500 103 18 sanotaan
594 1499 42 19 että
653 1497 161 27 »säästöpankin
829 1496 72 27 rahoja

75 1525 19 21 ei
110 1531 36 15 saa
161 1525 89 22 lainaksi
272 1529 61 18 antaa
347 1529 77 18 muuta
446 1526 176 21 velkatodistusta
642 1526 52 20 kuin
710 1526 129 27 velkakirjaa
854 1530 47 15 vas-
