1095 1717
189 128 27 21 94
397 134 178 22 Borgareståndet
587 134 55 18 1894.
666 134 12 18 9
691 134 50 18 febr.

160 215 13 21 å
187 215 86 21 stadens
295 214 86 23 område
402 215 111 21 äfvensom
535 214 33 22 till
589 214 113 28 företagets
722 214 141 22 realiserande
878 214 59 22 anslå
952 222 26 14 en

160 250 84 15 summa
258 244 22 21 af
295 244 88 27 100,000
395 244 65 28 mark,
470 244 8 20 i
488 243 102 22 händelse
602 243 41 21 den
654 243 105 21 tilltänkta
768 243 117 28 järnbanan
896 243 82 22 komme

160 274 30 20 att
205 272 81 28 byggas
301 272 26 28 på
341 272 136 22 statsvärkets
491 272 124 22 bekostnad.

228 301 11 21 I
254 301 106 21 anseende
384 301 70 21 därtill
476 303 30 19 att
521 301 42 21 den
577 300 164 28 hufvudsakliga
756 300 141 28 godstrafiken
912 300 12 22 å
938 301 40 21 den

161 330 105 21 tilltänkta
280 329 92 22 bibanan
386 330 85 21 komme
485 331 30 20 att
530 329 61 22 bestå
604 329 8 21 i
626 331 106 26 transport
746 329 22 21 af
782 330 99 27 trävaror,
898 330 81 21 hvilkas

162 358 127 28 omlastning
303 358 7 21 i
325 358 41 22 alla
380 358 38 22 fall
432 358 109 22 medförde
557 358 141 28 olägenheter,
713 357 148 22 omkostnader
876 358 39 21 och
929 358 50 21 tids-

161 387 81 28 förlust,
264 388 79 27 hoppas
365 387 75 21 staden
460 389 29 20 att
505 386 162 28 ifrågavarande
681 386 61 22 korta
756 386 87 28 järnväg
857 393 34 15 om
907 387 73 21 endast

163 416 27 21 14
211 416 37 21 km
270 416 53 21 skall
345 416 79 21 erhålla
442 422 80 15 samma
537 415 105 28 spårvidd,
658 422 46 15 som
718 415 136 22 statsvärkets
868 415 66 22 banor
947 416 33 21 för

162 445 131 21 närvarande
315 445 68 27 hafva,
403 451 50 15 men
475 445 69 21 skulle
559 445 83 21 landets
657 444 90 21 Ständer
761 444 82 21 besluta
858 444 32 28 sig
904 445 32 20 för
950 446 30 20 att

162 473 70 22 denna
247 473 56 22 bana
317 473 84 22 komme
420 475 31 20 att
465 473 80 22 utföras
560 473 70 22 såsom
644 473 130 28 smalspårig,
789 479 50 15 vore
853 473 74 22 staden
940 473 39 20 lik-

162 501 34 22 väl
211 502 97 21 besluten
323 503 30 20 att
366 502 129 21 understöda
509 502 103 28 företaget
626 502 49 21 med
690 501 141 22 ofvannämda
850 502 73 27 anslag
940 502 39 21 och

162 530 67 28 öfriga
244 530 106 22 förmåner
364 531 139 21 oförkortade.

230 559 101 28 Följande
353 559 196 28 sammanställning
572 566 26 15 ur
618 559 213 28 järnvägsstyrelsens
848 561 81 20 senaste
944 559 35 21 be-

162 587 84 22 rättelse
262 588 79 21 utvisar
359 588 81 21 hvilket
453 588 105 28 betydligt
572 588 89 21 tillskott
675 587 70 22 städer
759 587 62 22 äfven
836 588 49 21 vida
899 587 80 22 mindre

162 618 27 19 än
204 616 163 22 Fredrikshamn
382 617 63 21 hafva
460 618 29 20 att
504 617 89 28 erbjuda
607 615 194 30 järnvägstrafiken.
831 616 27 21 Så
872 617 37 21 har
923 623 56 14 sum-

162 652 50 14 man
234 645 104 28 afgångne
361 645 39 21 och
421 645 90 22 anlände
531 651 136 22 passagerare
682 646 55 20 samt
751 645 78 22 antalet
843 647 37 20 ton
895 645 85 22 anländt

163 674 39 21 och
217 673 84 22 afsändt
315 674 52 27 gods
382 674 69 21 under
466 674 22 21 år
504 675 55 20 1892
574 675 80 27 utgjort
668 674 33 21 för
715 674 104 21 stationen
834 674 17 21 i:

231 719 116 22 Jakobstad
387 736 4 4 .
422 737 4 3 .
456 736 4 5 .
490 737 5 4 .
525 720 76 27 13,329
617 725 101 22 personer
732 719 39 21 och
801 719 61 27 7,274
877 721 36 19 ton

230 747 85 22 Ekenäs
355 765 4 4 .
390 765 3 4 .
424 765 4 4 .
458 765 4 4 .
492 765 4 4 .
526 749 77 27 22,108
663 765 11 10 äi
746 764 12 11 »
801 748 60 27 7,919
888 764 11 11 ,

231 776 71 21 Kotka
325 793 1 4 .
359 793 1 4 .
389 793 4 4 .
424 793 4 4 .
458 794 4 3 .
492 794 4 4 .
526 777 77 28 27,129
664 793 11 12 »”
747 793 11 10 »
787 776 75 27 34956
889 793 10 10 ,

232 805 161 27 Gamlakarleby
424 822 5 4 .
460 823 4 3 .
493 823 4 3 .
528 805 77 28 29,588
665 822 11 11 a
748 821 10 11 »
788 805 75 27 30,595
889 821 11 11 ,

232 833 31 22 S:t
277 833 77 22 Michel
390 850 5 4 .
425 851 3 4 .
459 851 4 4 .
493 851 4 4 .
528 834 77 27 35,608
665 851 11 10 jä
748 850 11 11 »
803 833 60 26 9925
889 850 12 11 y

231 862 168 21 Villmanstrand
424 879 5 4 .
459 880 4 3 .
493 879 4 4 .
527 863 76 27 36,376
664 879 11 11 5
747 879 11 10 »
788 862 75 27 15,050
889 879 11 10 ,

231 907 50 22 Man
303 908 59 21 torde
383 907 28 28 pä
429 908 69 28 grund
513 909 60 21 häraf
588 909 39 20 och
642 908 49 22 med
706 907 119 22 beaktande
839 907 22 22 af
875 907 105 22 Fredriks-

162 937 76 21 hamns
259 937 58 20 stads
336 937 123 28 folkmängd
482 937 39 21 och
536 937 68 28 öfriga
619 937 63 21 ofvan
696 936 127 21 framhällna
837 936 144 21 förhållanden

162 965 73 21 kunna
257 967 76 26 antaga
353 967 30 20 att
404 965 187 28 passageraretalet
613 965 32 22 för
666 965 163 22 Fredrikshamn
851 965 84 21 komme
952 966 30 20 att

162 993 70 28 uppgä
247 993 32 22 till
294 994 65 21 omkr.
375 994 75 27 30,000
466 996 54 20 samt
534 994 80 22 antalet
628 996 37 19 ton
680 993 121 22 befordradt
815 993 52 28 gods
878 993 31 22 till
917 993 64 22 omkr.

164 1023 75 26 15,000
255 1022 59 21 däraf
329 1023 75 27 10,000
420 1024 98 20 trävaror.

230 1051 68 21 Häraf
319 1051 59 21 torde
402 1051 41 22 den
458 1051 86 22 slutsats
559 1051 73 22 kunna
647 1051 81 28 dragas,
743 1052 35 26 att,
793 1050 69 22 säsom
876 1051 106 27 järnvägs-

162 1079 102 22 utskottet
286 1079 35 21 vid
337 1080 54 21 1888
407 1079 34 22 års
456 1080 101 27 landtdag
571 1081 65 26 yttrat
651 1080 38 27 sig,
704 1081 79 26 ,staten
798 1079 47 22 icke
859 1079 68 22 skulle
942 1079 40 21 till-

162 1108 94 27 skyndas
270 1107 70 29 nägon
355 1108 69 21 direkt
439 1109 75 21 förlust
528 1115 78 21 genom
621 1110 30 20 att
665 1109 49 20 med
730 1108 36 21 det
779 1108 22 21 af
810 1108 172 21 Fredrikshamns

162 1137 46 49 Had
224 1136 104 40 erbjudna
347 1137 97 28 bidraget
458 1137 69 22 utföra
542 1137 93 22 bibanan
650 1137 47 21 från
711 1136 105 22 Tavastila
829 1136 33 22 till
876 1136 106 22 Fredriks-

178 1171 68 16 amn".

230 1193 34 22 Då
285 1195 30 20 ett
337 1194 71 21 vidare
424 1194 91 28 uppskof
529 1194 49 21 med
594 1194 81 21 banans
690 1193 112 28 byggande
817 1193 27 28 på
859 1193 35 22 det
915 1193 67 22 alvar-

161 1222 75 27 ligaste
251 1222 69 22 skulle
334 1223 50 21 hota
398 1223 174 21 Fredrikshamns
587 1223 78 21 handel
680 1223 40 21 och
734 1222 114 27 förkofran,
863 1221 75 22 tillåter
947 1223 35 27 jag

162 1251 50 27 mig,
227 1251 73 21 därom
315 1251 105 22 anmodad
435 1251 22 22 af
471 1251 80 27 staden,
567 1253 30 20 att
611 1251 107 22 vördsamt
733 1250 84 22 anhålla
827 1257 34 14 om
879 1251 104 27 vällofliga

161 1279 183 29 borgareståndets
365 1279 130 23 medvärkan
509 1280 33 22 till
557 1286 28 16 en
600 1279 133 29 underdånig
748 1279 87 28 petition
850 1279 72 22 därom

436 1333 33 19 att
491 1338 27 14 en
540 1332 81 21 bibana
643 1332 54 28 från
723 1331 112 21 Tavastila
852 1331 82 21 station
948 1330 35 21 till

367 1359 186 22 Fredrikshamns
574 1360 50 21 stad
638 1360 67 22 måtte
720 1360 50 21 med
783 1359 77 22 därtill
881 1359 28 28 af
919 1360 61 20 stän-

367 1388 69 21 derna
451 1388 105 22 anvisade
571 1389 69 21 medel
654 1389 40 21 och
708 1389 36 21 det
757 1388 29 28 af
792 1388 77 22 staden
877 1388 106 27 erbjudna

368 1416 99 29 bidraget
487 1419 56 19 utan
565 1417 98 28 uppskof
680 1417 37 28 för
738 1418 83 20 statens
835 1416 95 28 räkning
944 1418 37 19 ut-

368 1445 69 28 föras.

230 1490 135 29 Helsingfors
379 1491 43 22 den
438 1493 11 20 7
465 1492 92 22 februari
574 1492 60 22 1894.

722 1531 73 22 Frith.
812 1530 102 23 Neovius.
