1095 1717
312 126 175 22 Borgareståndet
501 126 57 18 1894.
584 126 22 16 16
619 130 61 12 mars.
846 120 41 20 495

92 207 97 21 Finland.
219 207 75 27 Någon
310 206 202 28 arealbegränsning
535 207 40 20 kan
592 206 36 20 vid
650 206 88 27 delning
752 206 22 20 af
788 205 129 27 nyssnämda

91 236 123 27 lägenheter
229 236 46 21 icke
290 236 67 20 häller
371 235 160 27 ifrågakomma,
547 235 26 21 de
589 237 35 18 äro
640 235 63 20 äfven
718 235 7 20 i
740 234 50 21 sista
802 236 117 19 momentet

91 264 22 21 af
128 265 12 26 8
158 265 10 20 1
185 265 7 20 i
208 264 41 21 den
264 264 75 27 nådiga
363 264 157 27 propositionen
545 264 86 26 angifna
647 263 69 21 såsom
733 263 114 27 undantag.
877 262 42 28 Jag

91 294 23 20 är
129 293 39 21 ock
184 293 21 21 af
220 293 42 21 den
284 292 78 21 åsikten
379 294 35 25 att,
429 292 46 21 ifall
490 292 37 21 det
541 292 7 20 i
563 292 159 21 reservationen
738 292 123 20 framstälda
876 291 43 21 för-

91 322 67 27 slaget
168 322 69 20 skulle
253 322 21 20 af
288 321 105 27 vällofliga
409 321 83 21 ståndet
503 323 94 24 antagas,
608 320 261 28 undantagsförhållandet
882 320 36 21 be-

91 350 101 21 träffande
208 350 72 27 dylika
295 350 122 26 lägenheter
432 349 65 21 borde
513 350 93 20 beaktas.

161 379 31 21 På
206 379 69 27 grund
291 379 21 20 af
326 378 54 21 hvad
395 378 36 27 jag
446 384 29 14 nu
491 378 38 20 här
544 378 110 26 framstält,
670 377 32 21 får
716 378 36 26 jag
762 377 107 21 vördsamt
881 384 38 13 an-

91 407 56 21 hålla
168 409 30 19 att
213 408 35 20 det
269 407 104 27 vällofliga
395 407 84 20 ståndet
501 406 64 21 måtte
588 406 153 22 återremittera
756 406 163 27 ifrågavarande

92 436 134 21 betänkande
241 436 31 21 till
288 436 99 21 utskottet
402 436 7 20 i
425 435 35 21 det
475 436 56 26 syfte
546 435 158 21 reservationen
722 442 33 13 n:o
771 435 10 20 1
793 435 125 26 innehåller,

91 465 64 26 jämte
171 465 73 27 tillägg
259 467 29 18 att
304 465 41 20 den
360 465 7 20 i
382 465 51 20 sista
448 466 117 19 momentet
580 464 21 21 af
617 464 12 27 $
646 465 11 19 1
674 464 6 20 i
696 464 41 20 den
754 463 77 26 nådiga
843 469 76 22 propo-

91 494 91 21 sitionen
197 493 107 28 ingående
319 493 162 27 bestämningen
497 493 65 20 måtte
579 493 20 20 af
615 493 102 20 utskottet
733 492 91 21 beaktas.

160 551 33 20 Hr
207 551 146 27 Nybergh:
377 550 32 21 Då
424 551 35 26 jag
469 552 110 25 gentemot
590 549 112 21 utskottets
713 549 136 21 betänkande
860 551 60 24 tager

91 579 45 27 mig
158 579 96 27 friheten,
277 579 6 20 i
299 579 65 20 likhet
379 579 48 20 med
442 579 24 20 hr
481 579 97 26 Erenius,
595 579 38 20 hos
648 578 85 21 ståndet
748 577 77 21 föreslå
840 577 79 27 lagför-

93 608 77 27 slagets
186 608 118 27 antagande
319 608 66 27 enligt
396 607 159 21 reservationen
571 613 34 14 n:o
623 607 17 26 1,
656 607 23 20 så
695 609 35 18 vet
744 607 36 26 jag
795 606 33 20 väl
844 607 29 19 att
883 606 36 27 jag

95 637 97 20 befinner
206 637 44 26 mig
263 637 6 20 i
285 639 28 18 ett
328 637 48 26 föga
391 638 114 25 angenämt
521 636 52 27 läge,
589 637 51 20 enär
655 636 71 20 denna
738 635 128 20 reservation
878 634 43 21 står

95 665 7 20 i
126 665 51 21 strid
200 665 49 21 med
272 665 123 21 ständernas
418 665 33 20 vid
468 667 84 18 senaste
568 664 100 27 landtdag
683 663 79 21 fattade
778 663 75 21 beslut.
882 663 39 20 Att

95 694 36 27 jag
156 694 53 21 dock
237 696 37 24 gör
298 694 35 20 det
354 694 72 20 härrör
450 693 7 20 i
473 693 104 27 väsentlig
592 693 47 20 mån
656 692 60 21 däraf
731 694 29 19 att
775 692 35 27 jag
822 694 23 18 är
859 691 62 27 lifligt

95 723 122 26 öfvertygad
242 729 33 14 om
298 722 154 27 behöfligheten
475 722 22 20 af
519 722 36 21 det
570 728 30 14 nu
615 721 144 27 föreliggande
775 720 146 27 lagförslagets

94 751 136 27 upphöjande
245 751 32 20 till
292 751 40 27 lag,
349 753 50 18 enär
414 751 36 20 det
464 750 70 21 skulle
549 750 104 21 innefatta
668 752 30 19 ett
712 751 53 19 stort
779 749 101 26 framsteg
893 748 27 27 på

94 779 219 28 jordlagstiftningens
335 779 91 21 område.
456 778 74 21 Såsom
554 779 79 20 bekant
653 778 93 21 innehöll
762 777 158 28 propositionen

97 808 32 21 till
155 811 83 18 senaste
264 808 105 27 landtdag,
393 808 7 20 i
425 809 88 19 motsats
536 807 32 21 till
587 807 191 26 lagberedningens
794 806 83 27 förslag,
893 812 26 14 en

95 839 62 25 gräns
179 837 33 20 för
234 837 161 26 jorddelningen
411 837 34 20 vid
462 836 99 27 klyfning
577 836 38 21 och
629 835 114 27 styckning
758 837 54 18 samt
827 835 32 20 för
873 841 48 20 par-

96 865 101 27 cellering
219 865 7 20 i
242 865 99 21 afseende
356 866 12 19 ä
384 865 48 20 dess
446 865 125 20 maximum.
601 864 108 27 Därjämte
724 863 55 21 hade
794 863 126 27 regeringen

97 893 122 22 förbehållit
234 894 32 27 sig
281 896 40 19 rätt
336 896 29 18 att
380 899 77 22 genom
472 893 89 20 särskild
578 893 124 26 författning
718 892 100 27 antingen
834 891 87 21 förmin-

95 923 38 20 ska
148 922 51 21 eller
220 923 82 26 förhöja
317 922 60 21 dessa
393 924 86 25 gränser
494 922 55 20 efter
564 921 209 21 ortsförhällandena.
803 919 118 28 Lagförsla-

99 954 35 23 get
149 951 6 20 i
171 951 57 20 detta
243 951 59 20 skick
317 953 74 24 antogs
405 951 47 20 icke
467 951 22 20 af
504 950 120 27 ständerna,
640 949 80 21 hvilket
734 949 49 21 med
799 948 100 21 afseende
909 948 12 21 ä

97 980 35 20 det
152 979 130 27 nyssnämda
302 979 124 21 förbehället
443 979 47 20 icke
513 979 68 21 häller
596 985 37 14 var
648 980 30 19 att
693 978 101 21 förundra
809 977 32 27 sig
856 977 65 20 öfver.

97 1007 117 22 Ständerna
237 1008 106 27 ätergingo
367 1008 31 21 till
419 1008 35 20 det
468 1007 90 28 tidigare
574 1007 100 27 förslaget
690 1013 32 14 om
739 1007 26 20 fri
780 1005 141 28 jorddelning.

96 1037 49 20 Men
172 1037 56 20 detta
252 1037 123 20 ständernas
401 1036 69 21 beslut
494 1036 39 21 har
557 1036 20 21 af
598 1036 124 27 regeringen
744 1035 8 20 i
768 1037 51 18 stort
834 1034 87 27 plenum

98 1065 68 21 under
189 1065 41 21 den
253 1065 70 27 gamla
347 1065 94 27 regimen
456 1077 28 3 —
500 1065 37 20 det
551 1065 79 20 skedde
646 1064 107 27 nämligen
770 1063 43 21 före
829 1063 35 20 det
879 1069 43 20 nya

97 1094 139 27 reglementet
258 1094 32 20 för
311 1096 85 19 senaten
413 1106 27 3 —
456 1093 113 21 förkastats
584 1093 48 20 med
648 1099 26 14 en
690 1092 106 27 majoritet
811 1091 21 21 af
844 1093 78 19 tretton

96 1124 67 19 röster
178 1125 44 18 mot
238 1129 44 20 sex,
298 1123 38 20 och
351 1123 8 20 i
374 1123 40 20 den
430 1129 30 13 nu
475 1122 146 27 föreliggande
632 1121 157 27 propositionen
802 1121 43 25 har,
853 1120 69 20 ehuru

97 1151 67 21 delvis
186 1151 26 27 pä
235 1151 65 21 andra
325 1151 99 27 grunder,
439 1153 29 19 ett
484 1151 112 20 minimum
613 1151 76 20 utsatts
704 1149 58 21 säväl
777 1149 32 20 för
824 1148 98 27 klyfning

98 1179 39 21 och
162 1179 114 27 styckning
301 1186 44 14 som
368 1180 33 20 för
423 1179 145 27 parcellering.
598 1178 48 21 Den
662 1178 109 21 bestämda
786 1177 135 27 ständpunkt,

96 1214 46 14 som
165 1208 124 27 regeringen
312 1208 89 21 sålunda
422 1214 64 21 synes
501 1208 64 20 hafva
580 1207 7 20 i
602 1207 73 27 frågan
691 1207 81 26 intagit,
787 1206 66 21 måste
869 1205 54 21 efter

96 1236 43 21 min
161 1237 64 20 tanke
248 1237 109 20 föranleda
379 1236 69 21 därtill
467 1238 30 19 att
521 1236 119 24 ständerna,
656 1242 34 14 om
706 1235 26 21 de
748 1241 28 14 nu
793 1241 51 14 anse
859 1234 63 27 lagen

95 1265 103 20 innefatta
220 1267 30 18 ett
272 1265 89 27 värkligt
382 1265 101 27 framsteg
501 1265 88 20 framför
604 1264 98 28 gällande
717 1263 138 28 lagstiftning,
872 1262 51 21 böra

96 1300 51 14 vara
169 1293 93 21 beredda
285 1294 26 27 på
333 1296 30 18 att
385 1294 64 26 något
471 1293 111 21 modifiera
597 1294 33 20 sin
646 1293 55 21 förra
716 1292 135 27 ståndpunkt.
882 1290 39 21 Vid

97 1322 141 21 bedömandet
263 1322 64 28 däraf,
352 1322 104 21 huruvida
481 1328 27 14 en
534 1322 65 21 sådan
619 1321 145 21 modifikation
779 1321 21 20 af
815 1320 37 21 det
866 1320 57 20 förra

96 1351 92 21 beslutet
212 1351 35 20 må
272 1357 40 21 ega
334 1357 47 14 rum
396 1351 52 21 eller
463 1350 53 27 icke,
533 1353 22 18 är
570 1352 30 20 att
615 1352 48 25 taga
678 1350 7 20 i
700 1349 155 27 öfvervägande
871 1348 52 20 först

96 1380 38 20 och
150 1380 74 20 främst
238 1380 105 20 huruvida
357 1380 124 20 ständernas
496 1382 85 18 senaste
596 1379 70 21 beslut
680 1378 43 21 står
738 1378 26 27 på
775 1384 25 15 en
812 1377 23 21 så
845 1376 78 28 princi-

95 1408 52 27 pielt
162 1408 112 27 oantastlig
290 1408 75 27 grund,
381 1410 29 19 att
424 1408 47 20 icke
487 1414 26 14 en
530 1414 70 14 annan
616 1407 135 27 uppfattning
766 1406 53 21 låter
829 1406 94 20 försvara

96 1436 37 27 sig,
155 1436 73 21 vidare
252 1443 34 14 om
308 1436 124 21 ständernas
448 1436 71 21 beslut
534 1438 23 18 är
571 1436 7 20 i
594 1436 39 20 och
648 1436 33 20 för
696 1435 32 27 sig
743 1435 120 27 homogent,
878 1433 46 20 fritt

95 1464 47 21 från
161 1465 81 27 luckor,
258 1465 38 20 och
312 1465 98 27 slutligen
428 1471 33 14 om
478 1464 36 21 det
530 1464 120 27 lagförslag,
666 1470 45 14 som
726 1463 113 27 föreligger
855 1462 68 20 öfver-

95 1493 141 27 hufvudtaget
255 1493 114 21 innefattar
392 1495 30 19 ett
443 1493 92 27 värkligt
556 1492 132 28 obestridligt
710 1492 101 26 framsteg
836 1490 88 21 framför

95 1521 98 27 gällande
208 1522 137 26 lagstiftning.
