1095 1717
214 110 41 22 636
416 117 179 22 Borgareständet
607 118 57 17 1894.
690 118 22 16 18
725 117 59 22 april.

254 197 39 27 De,
302 198 73 21 hvilka
383 198 118 27 godkänna
512 198 47 28 lag-
570 198 39 21 och
617 198 214 21 ekonomiutskottets
838 198 173 27 sammanjämk-

184 226 149 28 ningsförslag
353 226 150 28 oförändradt,
525 228 60 20 rösta
600 226 40 28 ja;
656 226 32 26 de,
704 227 36 21 det
753 226 46 22 icke
812 228 61 26 göra,
888 228 59 20 rösta
961 226 49 28 nej;

253 254 79 22 vinner
345 255 43 28 nej,
404 256 43 20 har
459 255 176 27 borgareständet
644 255 111 27 förkastat
764 254 246 29 sammanjämkningen

184 283 39 21 och
238 282 89 22 beslutit
340 284 110 28 vidblifva
464 284 40 21 sitt
519 284 94 28 tidigare
627 284 10 20 i
650 284 68 21 saken
733 284 84 27 fattade
833 284 75 21 beslut.

253 336 69 25 Äfven
338 340 71 21 denna
424 341 128 27 proposition
569 341 106 27 afgjordes
689 341 82 21 medels
787 342 104 26 votering;
907 342 39 20 och
961 347 45 15 som

184 368 74 21 därvid
281 369 94 27 afgåfvos
397 370 27 20 26
440 370 21 26 ja
477 370 39 21 och
531 370 27 21 28
574 371 41 26 nej,
631 370 54 21 hade
701 370 89 27 ståndet,
813 370 48 21 med
875 370 135 21 förkastande

184 397 22 21 af
219 397 45 27 lag-
280 398 38 20 och
333 398 212 22 ekonomiutskottets
560 399 79 26 förslag
654 398 32 21 till
697 399 206 27 sammanjämkning
914 399 7 20 i
932 400 78 25 ämnet,

184 426 87 21 beslutit
285 426 101 22 vidblifva
401 427 36 22 sitt
452 427 57 22 förut
523 428 7 20 i
546 428 66 21 saken
626 427 80 22 fattade
722 427 75 22 beslut.

253 557 33 22 Hr
308 559 121 21 talmannen
452 560 97 21 anmälde
570 562 29 19 att
620 561 25 20 hr
659 559 114 22 Heikel
787 559 33 21 för
835 559 94 22 enskilda
944 565 64 22 ange-

183 587 123 27 lägenheter
327 587 87 22 anhållit
436 590 30 19 att
487 589 22 20 få
531 595 50 14 vara
603 589 141 20 frånvarande
760 588 46 21 från
822 594 73 15 senare
911 588 60 21 delen
987 588 23 21 af

184 615 80 28 dagens
278 616 93 27 plenum;
387 617 84 20 hvartill
487 617 84 21 ståndet
586 617 65 21 biföll.

251 747 116 29 Föredrogs
388 749 44 26 lag-
455 749 38 21 och
517 749 212 21 ekonomiutskottets
755 749 35 20 vid
815 751 82 19 senaste
919 749 86 27 plenum

182 775 116 28 bordlagda
320 777 133 21 betänkande
474 785 35 14 n:o
531 779 12 19 2
565 778 6 20 i
592 778 116 27 anledning
723 778 21 21 af
760 777 75 28 nådiga
850 777 156 28 propositionen

182 811 34 14 n:o
234 805 10 20 7
262 805 108 27 angående
386 806 35 26 lag
436 813 34 14 om
486 807 125 27 aktiebolag.

251 862 65 21 Ordet
337 863 103 26 begärdes
463 864 20 20 af
498 864 25 20 hr
537 863 161 28 Hallberg,
713 870 46 15 som
775 863 90 28 yttrade:
881 863 41 28 Jag
936 863 70 22 skulle

182 890 84 21 anhålla
284 893 29 19 att
327 891 21 21 få
363 891 59 28 fråga
438 892 20 21 af
473 892 44 27 lag-
533 893 39 20 och
587 893 214 20 ekonomiutskottets
816 892 137 21 medlemmar
968 894 38 19 när

182 919 112 22 utskottets
313 920 133 21 betänkande
462 927 33 14 om
511 921 123 27 registerlag
650 923 23 18 är
688 923 30 19 att
733 921 101 20 förvänta.
863 920 42 21 Det
920 927 48 14 vore
984 921 22 20 af

181 947 45 21 vikt
240 950 31 19 att
285 955 48 14 man
350 949 54 21 hade
420 949 119 21 kännedom
556 956 35 14 om
606 950 55 20 huru
677 950 57 21 detta
750 949 112 28 lagförslag
873 951 23 19 är
905 949 101 28 affattadt,

180 976 66 21 innan
263 983 48 14 man
326 977 82 22 skrider
423 978 32 21 till
470 978 129 27 behandling
615 979 21 20 af
651 978 124 27 aktielagen.

248 1033 34 21 Hr
296 1034 128 27 Nybergh:
438 1035 42 27 Jag
495 1038 43 19 tror
553 1035 44 28 mig
611 1035 74 21 kunna
700 1035 49 21 med
765 1035 114 27 anledning
894 1035 21 21 af
927 1035 73 27 frågan

179 1062 99 21 meddela
308 1065 29 18 att
360 1063 111 22 utskottets
494 1064 132 21 betänkande
650 1071 34 14 om
707 1064 122 27 registerlag
851 1064 59 21 torde
932 1064 72 21 kunna

180 1091 83 20 utdelas
279 1093 58 19 nästa
352 1091 74 28 tisdag.
456 1092 41 27 Jag
511 1095 24 18 är
550 1099 50 14 ense
616 1093 48 20 med
680 1093 24 20 hr
719 1093 103 26 Hallberg
837 1093 72 20 därom
925 1095 29 18 att
967 1093 36 20 be-

179 1119 116 22 tänkandet
317 1127 49 20 eger
389 1121 75 20 sådant
485 1121 153 27 sammanhang
660 1121 49 21 med
730 1121 119 27 aktielagen
871 1123 29 18 att
915 1121 35 21 det
965 1121 40 21 bör

180 1154 49 14 vara
245 1148 94 21 utdeladt
355 1149 26 20 då
396 1149 119 28 aktielagen
531 1150 107 27 granskas.

247 1205 33 21 Hr
301 1205 161 28 Hallberg:
485 1206 10 21 I
518 1207 115 26 anledning
656 1207 22 20 af
700 1207 42 21 den
764 1207 133 27 upplysning,
917 1213 45 15 som
977 1207 27 20 hr

178 1233 102 28 Nybergh
302 1235 65 26 gifvit,
390 1235 78 20 tillåter
489 1235 35 27 jag
547 1235 44 27 mig
613 1235 77 21 föreslå
713 1235 154 28 bordläggning
889 1235 30 21 till
935 1235 67 21 andra

177 1262 88 27 plenum
280 1263 7 20 i
302 1265 59 19 nästa
377 1263 71 21 vecka.

247 1320 32 21 Hr
301 1320 128 21 Castrén
453 1321 69 21 anhöll
546 1321 62 21 äfven
624 1328 35 14 om
675 1321 122 27 ytterligare
813 1321 153 28 bordläggning
981 1321 21 21 af

179 1348 146 22 betänkandet.

246 1406 68 20 Sedan
336 1406 123 21 talmannen
474 1406 166 28 tillkännagifvit
654 1409 30 19 att
699 1407 63 27 plena
778 1407 68 21 under
861 1408 58 20 nästa
935 1406 66 22 vecka

176 1433 86 21 komme
277 1436 29 18 att
321 1434 67 21 hållas
403 1434 95 28 tisdagen
515 1435 40 21 den
572 1436 33 26 17,
620 1436 112 26 torsdagen
750 1436 39 20 den
807 1436 26 20 19
849 1436 39 20 och
900 1436 100 26 lördagen

176 1462 41 20 den
241 1463 26 20 21
284 1462 58 28 april,
363 1463 44 21 blef
429 1463 43 27 lag-
495 1464 39 20 och
557 1464 213 21 ekonomiutskottets
793 1464 132 21 betänkande
945 1464 56 27 ånyo

176 1490 112 28 bordlagdt
302 1491 32 21 till
349 1492 124 27 torsdagens
488 1492 94 27 plenum.
