1095 1717
205 114 31 38 48
413 124 180 22 Borgareståndet
605 124 57 17 1894.
688 125 11 17 7
711 123 50 18 febr.

250 202 42 28 Jag
313 204 38 20 har
373 203 64 22 också
458 204 74 27 begärt
546 203 61 21 ordet
622 204 75 20 endast
711 203 33 21 för
759 205 35 25 att,
809 204 49 21 med
873 204 132 28 anknytning

182 231 33 21 till
236 231 26 21 de
270 227 10 37 -
285 232 179 28 framställningar
486 232 40 21 och
547 232 86 27 förslag,
656 238 46 14 som
722 231 189 28 bankfullmäktige
933 233 73 26 göra
994 227 15 37 i

182 266 75 15 senare
273 260 62 21 delen
350 260 21 21 af
386 260 42 21 den
443 260 80 28 afgifna
533 260 134 27 berättelsen,
678 260 116 21 framställa
804 260 31 21 till
848 260 158 22 bankutskottet

182 294 28 15 en
218 284 10 36 :
233 288 87 27 önskan,
342 290 31 20 att
396 289 102 21 utskottet
520 288 50 22 ville
591 290 49 26 taga
662 288 68 22 under
747 289 140 27 ompröfning,
901 289 105 23 huruvida

182 316 48 21 icke
252 322 28 15 en
301 316 133 29 fullständigt
456 324 29 20 ny
507 317 143 27 organisation
672 317 21 21 af
714 316 101 22 Finlands
831 318 94 20 ständers
940 316 66 22 bank-

182 344 133 28 fullmäktige
335 345 72 21 kunde
422 346 139 27 genomföras.
591 345 102 21 Finlands
708 345 95 21 ständers
817 345 188 27 bankfullmäktige

182 373 64 21 hafva
267 374 66 20 hittils
348 374 90 27 utgjorts
453 374 22 21 af
488 374 48 27 fyra
551 380 107 21 personer,
682 374 62 21 valda
763 380 27 15 en
805 374 32 20 för
851 374 72 27 hvarje
938 373 66 21 stånd.

182 402 40 20 Att
235 402 63 21 valen
319 402 47 22 icke
381 402 135 22 uteslutande
531 402 56 22 skett
601 402 50 21 med
665 402 83 27 hänsyn
764 402 31 21 till
810 402 27 22 de
851 402 99 22 utseddes
964 402 42 21 för-

182 430 63 27 måga
266 432 31 20 att
315 430 90 22 bedöma
420 430 229 29 affärsförhållandena,
664 432 52 20 utan
730 430 63 22 äfven
807 430 114 22 betraktats
936 430 69 22 såsom

183 460 31 19 ett
236 459 135 22 erkännande
391 459 21 21 åt
426 459 86 28 politisk
526 459 111 28 kapacitet,
652 459 60 21 torde
727 459 33 22 för
774 460 52 20 hvar
840 466 48 15 man
904 466 49 14 vara
968 459 38 22 be-

183 487 57 21 kant.
270 487 63 22 Detta
355 489 23 20 är
399 488 66 21 redan
486 488 35 21 det
543 489 30 20 ett
595 488 75 27 viktigt
692 488 45 21 skäl
759 489 44 20 mot
820 487 146 22 bibehållande
985 487 21 22 af

183 515 76 22 endast
273 516 47 26 fyra
334 516 54 21 fasta
403 516 194 28 bankfullmäktige.
613 516 50 21 Men
678 516 72 21 vidare
766 518 23 19 är
803 516 36 21 det
853 523 27 14 en
895 516 111 27 olägenhet

184 545 30 20 att
236 544 79 27 viktiga
337 544 70 28 frågor
428 545 110 27 angående
559 545 95 21 bankens
676 545 96 27 hållning
789 545 8 20 i
812 545 61 20 svåra
894 545 111 27 ögonblick

183 573 41 20 och
238 573 7 20 i
260 573 116 21 allmänhet
395 573 90 21 rörande
507 573 106 27 styrelsen
628 573 21 21 af
664 573 123 21 densamma
801 573 72 21 kunna
887 573 83 27 afgöras
984 573 22 21 af

183 601 37 20 två
241 607 106 22 personer,
361 601 8 21 i
384 601 36 22 det
442 601 37 22 fall
501 601 108 28 nämligen
630 603 30 20 att
675 602 138 27 meningarna
828 602 57 21 inom
901 601 104 21 bankfull-

183 629 94 27 mäktige
292 631 35 19 äro
343 630 81 27 delade,
440 630 27 21 då
481 630 75 27 frågan
571 630 42 21 kan
628 631 84 26 afgöras
726 630 21 21 af
762 630 34 21 två
811 630 194 27 bankfullmäktige,

184 663 35 15 om
243 657 41 21 den
307 664 39 15 ene
369 659 21 20 af
405 659 49 20 dem
469 660 23 19 är
507 659 147 26 ordföranden,
670 658 80 21 kanske
765 660 43 19 mot
823 659 141 20 direktionens
979 658 27 27 på

184 685 191 22 fackmannainsikt
395 687 109 26 grundade
519 687 84 27 förslag.
632 687 52 21 Man
698 687 38 20 har
750 687 123 27 visserligen
888 687 46 20 sökt
948 687 58 27 gifva

184 713 324 29 bankfullmäktiginstitutionen
531 722 26 14 en
580 715 88 21 bredare
691 715 55 21 basis
769 721 75 21 genom
869 715 35 21 det
928 715 78 27 förslag

183 742 160 22 bankutskottet
360 743 35 21 vid
412 744 54 21 1891
483 743 33 22 års
530 743 102 28 landtdag
646 743 74 28 gjorde
740 743 40 21 och
794 749 45 15 som
855 743 26 21 då
896 745 74 25 antogs
984 743 22 21 af

183 771 120 27 ständerna,
318 771 19 21 d.
353 779 18 13 v.
389 778 16 14 s.
420 778 77 21 genom
519 772 102 21 utseende
643 772 21 21 af
679 778 15 15 s.
709 772 19 20 k.
743 772 111 21 förstärkta
869 771 135 28 fullmäktige.

183 799 42 27 Jag
240 799 75 28 bidrog
330 800 27 21 dä
371 800 63 21 äfven
449 801 48 20 med
512 801 46 20 min
572 802 44 19 röst
631 800 32 21 till
678 801 70 20 denna
762 800 83 27 reform,
861 799 88 22 emedan
964 800 41 21 den

184 827 54 21 dock
259 835 38 13 var
318 835 27 14 en
368 829 122 28 utveckling
510 829 32 21 till
565 829 36 21 det
616 829 72 26 bättre,
703 835 50 14 men
768 829 35 20 det
817 829 42 20 kan
874 828 46 21 icke
935 828 70 27 nekas,

184 857 31 19 att
237 856 36 21 det
289 858 23 19 är
327 863 27 14 en
369 857 153 26 jämförelsevis
537 857 60 28 ringa
613 857 77 27 styrka,
706 863 45 14 som
767 857 121 27 därigenom
903 857 103 20 tillfördes

185 883 95 22 bankens
290 885 95 27 styrelse,
398 885 27 21 dä
435 885 61 22 dessa
506 885 113 22 förstärkta
630 885 132 27 fullmäktige
770 885 155 21 sammanträda
933 885 73 21 endast

184 914 78 19 tvänne
284 913 79 27 gänger
385 920 35 14 om
442 913 49 22 äret.
521 914 42 27 Jag
585 914 65 27 vägar
672 914 70 21 därför
761 913 121 27 framställa,
896 915 30 19 att
940 913 66 21 bank-

184 941 102 21 utskottet
307 941 50 22 ville
377 942 85 21 försöka
482 944 95 25 uppgöra
599 944 29 19 ett
650 944 48 25 nytt
712 942 83 27 förslag,
810 941 132 28 naturligtvis
957 941 49 21 med

184 968 149 23 bibehällande
348 970 21 21 af
383 970 158 28 benämningen
565 971 195 27 bankfullmäktige,
776 971 38 20 och
830 972 29 19 att
874 970 56 21 valet
943 970 63 20 äfven

183 997 113 22 framdeles
318 998 69 21 skulle
409 999 38 21 ske
462 999 32 21 till
508 999 43 21 lika
567 999 57 21 antal
638 999 47 20 frän
700 999 41 21 alla
756 999 67 26 ständ,
837 998 27 27 pä
878 1000 41 19 sätt
932 997 22 22 L.
970 997 36 22 O:s

184 1025 27 21 68
227 1026 12 26 $
254 1026 142 28 föreskrifver,
411 1033 51 15 men
477 1029 30 19 att
517 1027 79 21 antalet
605 1027 133 27 fullmäktige
750 1027 68 20 skulle
831 1027 56 25 ökas,
899 1026 106 27 exempel-

183 1054 33 20 vis
224 1054 31 21 till
264 1055 39 20 tolf
311 1055 52 21 eller
369 1057 83 26 sexton,
461 1056 38 21 och
508 1056 62 21 dessa
577 1055 75 28 skulle,
658 1055 68 21 såsom
734 1055 271 27 förvaltningskonseljerna

182 1082 8 20 i
205 1082 27 21 de
246 1083 82 26 privata
344 1083 114 26 bankerna,
473 1084 157 21 sammanträda
644 1084 27 27 pä
685 1084 87 21 kallelse
787 1084 40 20 och
842 1083 72 21 därvid
925 1083 81 27 ätnjuta

183 1110 52 21 visst
256 1111 79 21 arvode
354 1111 33 21 för
401 1112 163 27 sammanträde,
579 1119 50 14 men
644 1113 47 20 icke
706 1112 30 21 fix
752 1112 97 27 aflöning.
879 1111 82 21 Genom
976 1113 30 19 att

182 1139 90 21 sälunda
294 1140 87 27 utvidga
403 1140 85 21 kretsen
503 1141 22 20 af
539 1141 139 27 fullmäktige,
701 1142 43 19 tror
758 1141 35 26 jag
809 1140 94 21 bankens
917 1139 88 27 styrelse

182 1167 72 21 kunde
276 1168 89 21 tillföras
383 1169 91 26 mycken
488 1169 71 27 insikt,
574 1175 46 15 som
635 1169 41 21 den
691 1175 30 14 nu
736 1169 81 20 sakuar.
847 1168 40 27 Jag
902 1168 42 21 kan
958 1167 46 22 icke

181 1195 67 22 häller
272 1203 22 14 se
310 1198 29 19 att
353 1196 65 28 nägot
433 1197 76 21 hinder
523 1197 65 21 borde
611 1199 56 19 möta
682 1199 30 19 att
726 1203 106 21 personer,
843 1196 139 22 intresserade
997 1197 8 19 i

181 1224 183 27 privatbankerna,
379 1225 73 21 kunde
467 1225 49 28 ingä
531 1225 65 22 bland
611 1226 61 21 dessa
687 1225 137 27 fullmäktige.

250 1252 42 27 Jag
313 1253 149 21 underskattar
483 1254 52 21 visst
552 1255 47 20 icke
615 1254 25 21 de
656 1254 134 26 svärigheter,
806 1260 45 14 som
866 1253 72 21 kunna
952 1259 52 20 upp-

181 1279 33 21 stä
235 1281 36 20 vid
288 1287 27 15 en
331 1282 143 26 organisation
495 1283 22 20 af
531 1282 332 27 bankfullmäktiginstitutionen,
879 1281 64 21 sädan
959 1287 45 14 som

181 1308 43 21 den
244 1309 63 21 hvars
329 1310 123 28 grunddrag
473 1311 36 27 jag
530 1311 130 27 framkastat,
676 1311 32 21 till
723 1310 52 28 följd
791 1310 20 20 af
827 1310 39 21 den
883 1309 121 21 nuvarande

180 1336 226 29 arbetsfördelningen,
431 1345 50 15 men
503 1341 44 19 tror
569 1341 30 19 att
619 1339 36 21 det
677 1339 46 21 icke
745 1338 65 22 borde
834 1340 57 19 möta
918 1337 86 21 alldeles

180 1365 158 28 oöfverstigliga
360 1366 76 22 hinder
458 1367 32 21 för
512 1367 107 27 utskottet,
641 1369 30 19 att
691 1367 73 21 kunna
778 1367 23 21 sä
817 1366 106 21 omarbeta
938 1365 66 27 regle-

179 1395 87 26 mentet,
289 1396 29 19 att
339 1401 27 14 en
382 1401 70 15 massa
467 1395 112 28 småsaker,
595 1396 72 20 hvilka
681 1402 30 14 nu
726 1395 69 27 åligga
811 1394 193 26 bankfullmäktige,

179 1421 72 21 kunde
268 1423 103 21 anförtros
386 1423 132 22 direktionen
533 1424 40 20 och
583 1424 75 21 endast
670 1424 26 20 de
707 1424 102 26 viktigare
821 1422 106 22 ärendena
936 1422 68 20 öfver-

178 1449 82 22 lämnas
276 1451 32 21 till
324 1451 195 29 bankfullmäktige.
545 1452 75 21 Under
634 1452 78 21 sädana
723 1452 126 20 förändrade
860 1450 145 21 förhällanden

179 1479 44 19 tror
244 1480 36 26 jag
302 1481 30 19 att
354 1481 30 19 ett
406 1480 156 22 sammanträde
577 1481 7 20 i
599 1480 105 22 månaden
722 1480 59 21 torde
796 1480 73 20 kunna
884 1479 64 20 blifva
963 1478 41 21 till-

178 1506 68 26 fylles.
277 1508 45 20 Mot
343 1508 36 20 det
393 1509 124 21 nuvarande
541 1511 102 25 systemet
655 1509 49 21 med
719 1508 105 21 ordinarie
840 1508 39 20 och
894 1506 110 22 förstärkta
