1095 1717
331 116 179 22 Borgareståndet
523 117 61 17 1894.
610 117 20 16 17
643 117 58 21 april
861 111 41 21 683

105 197 96 27 betjänas
224 197 132 21 uteslutande
380 198 21 20 af
424 197 184 27 privatbankerna.
638 196 42 22 Det
699 197 169 27 kapitaltillskott
883 196 48 21 Fin-

102 226 62 21 lands
187 225 57 21 bank
266 226 126 26 åvägabragt
414 226 39 20 har
467 226 90 20 sålunda
574 228 50 18 utan
640 226 73 20 tvifvel
729 226 54 20 varit
797 227 76 25 ytterst
888 225 43 20 väl-

105 254 95 21 kommet
215 254 39 21 och
270 254 134 27 nödvändigt,
416 254 39 21 och
466 254 35 21 vid
514 260 27 15 en
549 254 83 21 fortsatt
640 254 124 28 utveckling
772 254 21 21 af
800 254 50 21 våra
860 253 71 21 affärs-

103 282 153 27 förhållanden,
267 289 34 15 om
311 283 62 21 hvars
383 283 143 21 önskvärdhet
533 283 36 27 jag
577 285 87 25 antager
672 285 30 19 att
708 283 42 21 alla
758 285 35 19 äro
801 289 56 20 ense,
865 282 66 25 torde,

101 312 72 20 såsom
183 311 158 21 förhållandena
351 312 38 20 hos
398 318 34 14 oss
440 318 29 14 nu
477 318 27 14 en
513 312 56 27 gång
575 312 98 26 gestaltat
680 312 38 27 sig,
727 318 26 14 en
762 312 83 20 fortsatt
852 311 79 27 ökning

105 340 22 21 af
143 340 94 20 bankens
253 340 75 21 fonder
341 340 62 24 äfven
418 340 65 21 blifva
494 340 128 28 nödvändig,
633 347 34 13 om
678 346 27 15 en
716 340 82 21 normal
809 339 123 27 utveckling

103 369 23 21 af
148 368 36 21 det
205 368 48 21 hela
275 368 52 21 skall
349 369 73 20 kunna
437 368 98 28 försiggå.
565 369 135 21 Åtminstone
716 368 107 22 förefaller
837 368 36 21 det
888 368 43 26 mig

103 404 47 14 som
173 404 35 14 om
230 397 26 21 de
280 398 96 26 miljoner
397 397 102 21 Finlands
522 398 56 20 bank
601 404 78 20 genom
702 398 33 20 sin
751 398 134 20 värksamhet
899 397 33 20 in-

102 426 104 27 förtjänar
228 426 48 21 vida
298 426 147 27 förmånligare
468 426 40 21 och
531 426 151 28 produktivare
701 426 85 21 komma
805 426 72 21 landet
891 425 40 21 och

104 455 49 21 dess
176 455 136 21 ekonomiska
334 455 122 27 utveckling
478 455 32 21 till
531 455 61 27 godo,
609 462 34 14 om
659 455 26 21 de
700 455 7 20 i
723 455 42 21 den
780 455 50 20 mån
845 454 86 21 utveck-

104 483 72 28 lingen
199 483 82 21 fordrar
302 484 107 20 användas
432 483 31 21 till
480 484 115 21 fondernas
616 483 116 22 förökande
750 484 40 20 och
809 483 122 27 därigenom

104 512 65 21 äfven
195 512 31 21 till
251 512 91 21 ökandet
364 513 21 20 af
407 513 96 20 bankens
526 512 210 27 utläningsförmäga,
758 514 27 19 än
805 519 33 14 om
854 512 77 21 skatte-

105 541 99 27 beloppet
226 541 68 21 under
316 541 180 27 budgetperioden
513 541 121 27 därigenom
651 541 72 20 kunde
739 541 128 26 nedbringas
883 540 47 21 med

105 576 27 14 en
156 569 52 21 eller
230 576 70 14 annan
322 570 79 27 miljon.
431 569 41 28 Jag
495 569 38 22 ber
548 572 30 19 att
599 569 21 21 få
635 569 130 22 understöda
780 569 25 21 hr
818 569 113 27 Hallbergs

104 598 86 27 förslag.

175 655 32 20 Hr
222 655 107 26 Nybom:
345 655 42 21 För
401 655 44 20 min
462 655 34 21 del
513 655 48 21 ville
577 656 35 27 jag
627 655 130 21 understöda
768 655 112 21 utskottets
891 655 41 20 för-

106 683 52 28 slag.
188 683 42 28 Jag
252 684 75 21 förstår
349 684 123 27 visserligen
495 684 47 21 icke
566 684 84 21 hvarför
665 691 49 14 man
731 683 109 22 bibehållit
855 683 78 21 fördel-

106 712 80 27 ningen
202 713 7 19 i
224 712 36 21 två
274 712 81 27 fonder,
370 713 78 26 grund-
464 713 39 20 och
520 713 158 23 reservfonden,
688 719 49 14 men
748 713 35 27 jag
794 712 139 21 understöder

106 741 156 26 hufvudsaken,
286 743 29 18 att
337 741 25 21 de
381 741 68 21 skulle
465 741 130 28 uppbringas
611 741 32 21 till
659 742 27 19 25
701 741 104 27 miljoner.
835 741 41 26 Jag
891 741 41 20 kan

106 769 47 21 icke
176 769 48 21 fullt
246 769 52 22 fatta
319 769 40 21 den
382 769 59 27 äsikt,
464 776 46 15 som
525 770 87 21 uttalats
627 770 21 21 af
663 770 25 20 hr
703 769 108 28 Hallberg,
828 772 29 18 att
872 771 61 18 stats-

108 797 90 27 banken,
214 804 76 21 genom
306 800 29 19 att
349 805 48 14 man
415 798 84 21 förökar
515 798 52 21 eller
581 799 129 20 förminskar
725 799 49 20 dess
789 800 48 25 eget
849 797 84 27 kapital,

106 826 71 21 skulle
198 827 72 20 kunna
285 827 82 27 reglera
381 827 124 21 räntefoten.
535 827 64 21 Detta
614 833 62 14 anser
690 827 36 27 jag
740 827 47 21 icke
803 833 50 14 vara
868 826 66 27 lämp-

108 855 44 26 ligt,
173 855 39 20 och
228 855 24 20 hr
266 855 102 28 Hallberg
383 855 39 21 har
435 856 46 20 icke
497 855 62 28 gifvit
571 856 64 27 nägot
646 855 45 21 skäl
702 856 32 20 för
746 855 92 21 ökandet
849 855 21 21 af
882 855 51 20 ban-

107 883 53 21 kens
183 886 47 25 eget
253 884 77 27 kapital
352 885 32 20 för
407 884 138 21 närvarande.
575 884 41 27 Jag
639 884 140 21 understöder
795 883 138 21 bankutskot-

108 914 41 19 tets
164 912 83 27 förslag.

176 968 33 21 Hr
225 968 105 21 Kurtén:
353 969 41 28 Jag
410 969 37 22 ber
462 972 30 19 att
508 969 21 22 få
544 970 83 21 ansluta
643 970 43 27 mig
701 970 31 21 till
748 970 26 21 de
790 969 83 26 åsikter,
888 975 46 14 som

110 997 70 20 blifvit
203 997 91 21 uttalade
317 998 20 20 af
359 998 35 21 hrr
415 998 103 28 Hallberg
533 999 39 20 och
588 998 110 21 Borenius.
728 998 51 21 Däri
794 1000 30 19 att
839 997 95 21 bankens

112 1025 78 28 kapital
213 1026 128 21 fortfarande
363 1027 51 20 ökas
436 1027 68 27 ligger
526 1027 23 21 sä
571 1029 30 19 att
622 1029 50 26 säga
694 1033 27 15 en
744 1028 142 26 uppmuntran
902 1026 33 20 för

111 1054 218 28 bankförvaltningen.
355 1055 73 21 Under
444 1056 35 21 det
494 1056 41 21 den
552 1056 83 21 arbetar
650 1056 26 27 pä
691 1058 30 18 att
736 1055 93 22 förkofra
844 1055 90 26 banken,

110 1082 33 21 fär
165 1083 41 20 den
222 1083 58 20 alltid
296 1083 82 22 behälla
393 1090 27 15 en
436 1084 34 21 del
485 1085 22 20 af
523 1085 83 20 vinsten
622 1085 32 20 för
669 1086 30 19 att
714 1087 105 18 motsvara
830 1083 26 21 de
867 1083 66 20 ökade

110 1113 56 18 stora
189 1111 53 27 kraf,
264 1118 45 14 som
331 1113 32 20 för
386 1113 72 26 hvarje
480 1113 25 20 är
519 1113 71 21 ställas
605 1113 27 27 pä
648 1113 89 21 banken.
766 1112 115 21 Tilsvidare
896 1111 39 21 hör

110 1140 37 27 jag
161 1139 31 22 till
209 1140 54 27 dem,
279 1147 45 14 som
340 1141 69 27 ätnöja
424 1141 33 28 sig
471 1142 49 20 med
537 1143 30 19 att
582 1141 95 22 bankens
692 1141 124 21 reservfond
827 1141 64 26 stiger
902 1139 32 22 till

111 1168 26 20 20
161 1168 103 27 miljoner.
295 1169 41 21 Det
358 1169 39 21 blir
420 1176 26 14 en
469 1177 52 14 cura
539 1171 103 26 posterior
657 1172 30 19 att
702 1170 113 21 framdeles
830 1169 64 21 tänka
909 1168 26 27 pä

110 1203 35 14 om
168 1197 95 21 bankens
286 1198 121 21 reservfond
423 1201 115 24 yttermera
553 1199 65 20 borde
634 1199 56 20 ökas.
720 1199 42 26 Jag
777 1198 64 27 vägar
856 1198 79 26 hoppas

110 1227 31 18 att
155 1225 99 21 framtida
269 1226 124 28 landtdagar
407 1227 60 20 skola
482 1228 85 19 komma
582 1229 30 19 att
627 1233 51 15 anse
693 1227 35 21 det
744 1234 49 13 vara
809 1225 126 27 tillräckligt,

110 1260 34 14 om
160 1253 26 21 de
202 1254 73 21 kunna
291 1255 110 27 disponera
416 1255 59 21 öfver
491 1258 31 18 tre
537 1256 128 27 fjärdedelar
680 1256 22 20 af
717 1255 95 21 bankens
823 1255 61 20 vinst.
905 1254 30 21 På

110 1282 26 21 de
152 1282 51 27 skäl,
218 1289 46 15 som
279 1283 124 21 framhällits
419 1284 21 20 af
454 1284 37 20 hrr
505 1284 104 28 Hallberg
624 1285 39 20 och
674 1285 110 26 Borenius,
796 1284 39 21 och
846 1283 89 21 emedan

109 1311 36 27 jag
166 1318 63 14 anser
251 1314 30 19 att
296 1319 24 14 en
337 1313 79 27 ökning
432 1313 20 20 af
467 1313 96 21 bankens
579 1313 78 27 kapital
673 1315 23 19 är
711 1313 65 27 nödig
790 1313 33 20 för
837 1314 31 19 att
883 1314 52 18 mot-

109 1346 61 14 svara
193 1340 26 21 de
239 1340 52 27 kraf,
306 1347 45 15 som
367 1341 71 21 ställas
453 1341 26 27 pä
496 1342 129 26 densamma,
640 1342 69 20 skulle
724 1342 36 27 jag
774 1348 51 14 anse
840 1342 30 19 att
885 1340 51 20 ban-

110 1368 52 21 kens
178 1369 123 21 reservfond
318 1376 29 14 nu
363 1370 64 20 borde
442 1370 61 26 höjas
518 1370 31 20 till
565 1371 27 20 20
608 1370 103 27 miljoner.

177 1425 33 21 Hr
224 1425 181 22 Dahlström:
422 1426 41 21 För
479 1427 45 20 min
540 1427 34 21 del
590 1427 78 21 önskar
682 1427 35 27 jag
732 1433 27 15 en
774 1426 66 21 sädan
857 1426 78 20 formu-

108 1454 69 26 lering
200 1454 22 20 af
237 1454 57 21 detta
309 1457 94 18 moment
418 1455 22 20 af
456 1456 11 26 $
484 1456 13 20 3
513 1458 30 18 att
556 1455 89 21 ständen
660 1456 47 20 icke
724 1455 130 27 nödvändigt
868 1454 68 20 fixera

109 1484 30 18 ett
160 1482 166 28 maximibelopp
348 1483 33 21 för
402 1484 160 26 reservfonden,
578 1486 51 18 utan
645 1484 43 20 helt
704 1484 71 20 enkelt
790 1483 101 27 stipulera
907 1484 29 18 att

109 1510 151 22 reservfonden
276 1511 53 21 skall
345 1511 128 28 uppbringas
490 1512 32 20 till
538 1512 65 21 minst
614 1512 26 20 15
651 1512 98 27 miljoner
759 1512 66 21 mark.
847 1510 89 28 Följden
