1095 1717
322 118 179 21 Borgareståndet
513 118 57 18 1894.
596 119 22 17 17
630 118 58 21 april.
849 112 40 20 667

91 198 13 27 8
121 198 32 20 11.
182 197 42 27 Jag
246 199 28 24 är,
297 197 69 21 såsom
388 198 36 27 jag
438 197 65 21 redan
519 198 8 20 i
541 198 48 20 mitt
604 198 65 20 första
684 197 136 28 andragande
835 197 83 26 nämde,

92 226 130 26 fullkomligt
244 226 143 20 tillfredsstäld
409 226 94 26 därmed,
526 232 49 15 men
598 227 35 27 jag
655 232 63 15 anser
740 226 36 21 det
790 226 64 20 också
869 225 49 21 full-

92 255 90 27 komligt
204 254 86 28 onödigt
311 254 38 21 och
374 254 134 28 öfverflödigt
530 254 27 28 på
579 255 57 21 detta
657 254 67 27 ställe,
739 254 88 22 emedan
845 254 72 21 därom

93 284 64 20 redan
174 285 23 19 är
210 283 8 20 i
234 283 319 27 expropriationsförfattningen
569 284 22 20 af
607 283 55 21 1864
677 283 98 27 stadgadt
789 283 40 21 och
843 283 76 25 denna,

91 312 70 21 såvidt
184 311 35 21 det
239 313 35 19 rör
295 311 136 27 jordegarens
452 312 95 25 intresse,
572 312 128 21 tillkommer
725 312 55 20 vissa
799 311 120 21 företräden

92 340 88 22 framför
195 346 27 15 en
238 340 65 21 sådan
319 340 147 21 bestämmelse
481 340 86 28 inryckt
582 340 26 28 på
624 340 57 22 detta
696 340 66 21 ställe.

161 397 33 21 Hr
208 396 141 22 Neovius:
379 397 42 27 Jag
435 398 38 20 har
488 398 74 27 begärt
577 398 60 20 ordet
651 398 33 20 för
706 400 30 18 att
757 397 110 21 framhålla
890 398 30 19 att

93 426 67 28 enligt
180 426 45 21 min
248 426 54 21 åsikt
324 426 164 27 hufvudsakliga
506 426 72 22 vikten
595 426 21 21 af
631 426 25 21 de
672 426 186 27 ändringsförslag,
874 432 45 14 som

93 455 65 28 gjorts
181 455 21 20 af
224 455 106 22 utskottet,
349 455 68 27 ligger
438 455 43 27 just
496 455 7 20 i
519 455 36 21 det
576 456 50 20 sista
645 455 95 28 tillägget
754 455 31 20 till
802 455 25 20 11
845 455 12 26 $
880 455 39 20 och

93 483 94 22 särdeles
202 483 7 20 i
224 483 40 22 den
281 483 132 28 motivering,
428 484 7 20 i
451 484 86 21 hvilken
554 484 100 21 utskottet
669 484 90 27 redogör
774 483 32 21 för
821 483 32 21 sin
864 483 54 20 åsikt

93 513 41 20 och
155 512 85 21 hvarför
262 512 56 21 detta
341 512 73 27 tillägg
436 519 61 14 anses
521 519 49 14 vara
593 513 78 27 nödigt.
701 512 33 21 Då
756 513 35 26 jag
811 518 63 15 anser
893 511 26 21 de

96 541 67 27 öfriga
185 541 174 26 förändringarna
375 547 51 15 vara
441 541 21 21 af
477 541 59 28 ringa
553 541 109 26 betydelse
677 541 33 21 för
726 541 25 20 de
767 541 81 27 privata
862 541 56 26 järn-

94 571 98 26 vägarna,
214 569 69 21 skulle
304 569 35 28 jag
360 569 73 21 förena
455 570 44 27 mig
522 577 34 14 om
579 570 25 20 hr
626 570 104 21 Janssons
745 569 95 27 yrkande
856 569 64 26 därpå

93 600 37 24 att,
149 599 3 19 i
167 598 100 21 händelse
290 598 69 21 denna
381 598 124 27 förändring
527 599 46 20 icke
595 599 123 26 godkännes
739 598 21 21 af
774 598 89 26 ståndet,
878 597 41 20 för-

94 627 203 27 fattningsförslaget
311 627 7 20 i
333 627 32 20 sin
382 627 70 21 helhet
467 627 66 21 måtte
548 627 89 21 förfalla.
666 627 42 26 Jag
724 627 139 20 understöder
883 626 37 20 ho-

95 661 50 15 nom
160 655 103 21 således
255 651 15 37 i
280 655 35 21 det
329 655 130 22 hänseendet
479 657 30 20 att
532 656 37 20 sist
592 656 38 20 och
654 655 100 28 slutligen
777 655 38 20 bör
838 655 82 26 afgöras

95 684 105 21 huruvida
215 684 57 21 detta
288 683 132 22 betänkande
436 684 53 21 skall
505 686 87 25 antagas
607 684 48 21 med
672 684 26 21 de
709 683 152 27 förändringar,
874 689 45 14 som

95 712 90 21 erhållas
200 719 76 20 genom
292 719 25 14 en
334 713 201 27 detaljgranskning,
551 713 52 20 eller
618 713 48 20 hela
685 711 236 28 författningsförslaget

94 741 64 21 måtte
174 741 21 20 få
207 741 88 20 förfalla.

163 797 33 21 Hr
210 797 147 22 Jusélius:
387 798 41 27 Jag
444 798 37 21 ber
496 800 30 19 att
541 798 6 20 i
563 798 41 21 alla
620 797 114 22 afseenden
750 797 21 21 få
786 798 73 21 förena
877 798 44 27 mig

95 826 49 21 med
159 827 36 20 hrr
209 825 102 28 Tallqvist
326 827 39 20 och
380 826 110 27 Federley.
519 827 63 20 Hvad
599 826 98 21 särskildt
709 826 98 21 beträffar
817 826 104 28 hägnads-

94 855 154 27 skyldigheten,
271 855 37 20 vill
329 855 35 27 jag
386 855 122 27 ytterligare
530 855 81 28 påpeka
632 855 41 21 den
696 855 182 27 omständigheten
892 857 29 18 att

95 883 36 21 det
146 883 32 21 för
193 883 112 27 anläggare
321 884 20 20 af
357 884 82 20 enskild
455 885 89 26 järnväg
559 886 24 19 är
597 884 21 20 af
633 887 43 18 stor
691 883 45 21 vikt
750 886 30 19 att
801 884 21 20 få
844 890 77 21 genom

95 912 156 27 expropriation
267 918 26 15 en
310 912 55 27 gång
379 912 32 21 för
427 913 41 20 alla
483 915 78 18 ersatta
584 912 80 21 sådana
687 918 69 19 onera,
780 919 45 14 som
849 913 72 20 kunna

95 940 158 27 ifrågakomma,
276 941 38 20 och
338 943 29 18 att
389 941 111 26 dymedels
523 941 66 20 blifva
612 941 80 21 befriad
713 941 46 20 från
775 941 146 27 förpliktelser,

96 969 71 20 hvilka
182 969 7 20 i
204 969 111 21 framtiden
332 969 71 21 kunde
420 972 76 25 antaga
512 969 148 27 dimensioner,
676 970 48 20 dem
740 976 49 14 man
805 969 46 21 icke
872 972 49 17 anat

96 997 35 21 vid
147 997 75 28 själfva
236 998 125 27 järnvägens
374 998 107 21 tillkomst.
511 998 42 27 Jag
568 998 43 27 ber,
626 998 69 21 såsom
713 998 66 26 sagdt,
794 1000 30 19 att
841 998 21 21 få
880 998 41 20 för-

95 1032 42 15 ena
152 1026 42 27 mig
209 1027 6 19 i
232 1027 35 20 hrr
281 1026 112 27 Tallgvists
408 1027 40 20 och
464 1027 115 26 Federleys
594 1027 116 26 yrkanden.

164 1083 33 20 Hr
219 1083 144 28 Nybergh:
387 1083 41 28 Jag
448 1084 40 20 kan
509 1084 33 21 för
557 1084 43 20 min
617 1084 39 26 del,
672 1084 6 20 i
694 1084 66 21 likhet
776 1083 47 22 med
840 1084 24 20 hr
879 1090 40 14 von

96 1111 76 27 Pfaler,
187 1112 47 21 icke
249 1112 72 21 förena
337 1112 43 27 mig
396 1119 34 14 om
446 1113 41 20 den
499 1113 97 26 tolkning
607 1113 20 20 af
638 1119 28 14 nu
678 1113 97 27 gällande
786 1112 134 27 författnings

97 1141 12 20 2
126 1140 18 27 $,
159 1146 45 15 som
220 1141 25 20 hr
260 1140 91 21 Jansson
368 1141 80 20 uttalat.
478 1141 49 20 Däi
537 1141 126 27 stadgandet
674 1141 52 20 talas
738 1147 33 14 om
785 1141 136 26 »erforderlig

96 1168 251 27 anläggningskostnad»,
370 1169 23 21 sä
408 1171 23 19 är
446 1169 35 21 det
497 1170 95 27 tydligen
608 1169 59 27 fräga
682 1176 35 14 om
733 1169 25 21 de
775 1169 86 28 utgifter
875 1175 46 14 som

96 1197 156 27 anläggningen
268 1197 99 28 päkallar,
383 1198 39 21 och
438 1198 34 27 jag
488 1198 41 21 kan
546 1198 71 21 därför
631 1198 46 21 icke
693 1199 46 20 inse
754 1199 55 20 huru
825 1198 36 21 det
871 1204 50 14 vore

96 1225 82 27 möjligt
200 1229 30 18 att
246 1226 45 21 däri
305 1227 7 20 i
327 1227 65 20 orden
411 1227 149 26 »aktiekapital
576 1227 156 26 öfverstigande
749 1227 79 20 hälften
844 1226 21 21 af
880 1226 41 21 den

95 1253 137 28 erforderliga
253 1255 270 27 anläggningskostnaden»
548 1255 84 27 inlägga
655 1261 27 15 en
697 1255 64 20 sädan
779 1255 98 26 tolkning
892 1257 29 18 att

96 1289 27 15 en
140 1282 92 28 beviljad
246 1283 127 21 subvention
389 1283 72 22 kunde
477 1283 103 27 afdragas.
610 1283 63 21 Hvad
689 1283 97 21 beträffar
797 1284 12 26 $
822 1284 24 20 11
858 1289 63 15 mom.

97 1312 19 25 2,
132 1311 22 21 sä
169 1314 24 18 är
206 1312 36 27 jag
258 1318 49 15 ense
322 1312 49 21 med
387 1312 26 21 de
429 1312 72 27 talare,
516 1319 46 14 som
577 1312 53 27 yrka
646 1312 26 28 pä
687 1312 157 21 bibehällandet
859 1312 21 20 af
893 1318 29 14 nu

97 1340 97 27 gällande
209 1340 136 28 lagstiftning.
375 1340 42 22 Det
432 1341 37 21 har
485 1343 60 25 synts
561 1341 44 27 mig
619 1341 143 27 egendomligt
778 1343 29 19 att
821 1340 102 22 utskottet

98 1368 34 21 vid
156 1368 155 28 behandlingen
327 1370 22 20 af
364 1369 139 21 förevarande
519 1370 135 26 proposition,
670 1376 44 14 som
731 1370 55 20 afser
801 1371 30 19 att
845 1368 78 22 bereda

96 1396 104 22 lättnader
220 1398 35 20 vid
276 1398 141 26 anläggandet
432 1398 21 20 af
468 1398 97 20 enskilda
580 1398 117 27 järnvägar,
712 1398 38 20 har
764 1398 65 20 infört
845 1404 26 14 en
887 1397 35 21 be-

96 1426 112 26 stämning,
232 1432 44 14 som
299 1428 23 18 är
343 1426 33 21 för
391 1426 49 21 dem
458 1426 143 24 försvärande,
616 1426 7 20 i
638 1429 30 18 ett
682 1429 101 24 moment,
798 1433 45 14 som
859 1426 6 20 i
881 1426 41 20 för-

97 1454 202 27 fattningsförslaget
319 1456 24 18 är
363 1455 85 26 inryckt
463 1454 75 22 endast
553 1455 71 21 därför
639 1456 29 20 att
684 1455 12 26 $
714 1455 25 20 11
755 1455 6 20 i
777 1454 33 21 sin
825 1454 98 21 fullstän-

97 1482 71 27 dighet
183 1482 67 22 mäste
265 1483 84 20 införas.
379 1482 42 22 Det
437 1485 22 19 är
475 1483 120 27 egentligen
609 1483 25 21 de
644 1483 94 27 följande
748 1485 129 24 momenten,
888 1489 34 14 om

98 1510 71 21 hvilka
190 1511 8 20 i
213 1518 29 14 nu
258 1511 145 27 föreliggande
418 1512 130 26 proposition
565 1514 23 18 är
602 1512 64 27 fräga,
681 1518 49 14 men
746 1512 46 20 icke
808 1518 34 14 om
858 1510 65 22 andra
