1095 1717
181 115 41 21 518
382 120 179 22 Borgareståndet
574 122 56 16 1894.
656 122 22 16 18
691 126 63 12 mars.

153 207 49 15 man.
225 208 30 14 nu
270 201 111 28 föreslagit.
412 202 123 21 Emeilertid
559 204 23 19 är
596 202 35 28 jag
655 202 58 26 villig
736 202 94 20 erkänna
851 203 29 19 att
895 201 24 21 hr
934 201 44 20 Ny-

153 229 76 28 berghs
244 236 155 22 resonnemang
415 237 34 14 om
465 231 163 21 besuttenheten
644 238 42 20 nog
702 231 38 20 har
755 230 44 21 skäl
814 230 33 21 för
861 230 37 27 sig.
928 229 50 21 Men

154 264 34 15 om
203 265 49 14 man
269 265 33 14 ser
317 259 64 21 saken
396 259 47 21 från
460 260 40 20 den
516 260 67 24 sidan,
599 260 34 20 må
650 266 49 14 man
718 259 63 21 också
796 258 55 22 hålla
867 259 25 27 på
909 258 66 20 besut-

153 287 106 27 tenheten,
274 287 65 21 sådan
355 288 39 21 den
410 288 100 27 gestaltar
525 288 33 27 sig
573 288 32 20 för
621 288 137 26 närvarande,
774 288 38 20 och
827 288 47 20 icke
890 287 51 20 blott
952 286 26 28 på

154 317 29 19 ett
198 316 52 20 sken
267 316 62 21 däraf.
359 316 30 27 Ty
405 323 35 14 om
456 317 68 25 också,
540 316 27 28 på
582 318 41 20 sätt
638 317 24 20 hr
677 316 101 28 Nybergh
796 316 103 26 framhöll,
915 318 63 18 stom-

155 344 132 27 lägenheten,
302 345 66 27 enligt
383 345 112 21 utskottets
510 345 85 27 förslag,
618 345 69 21 skulle
703 346 73 20 kunna
791 345 65 20 blifva
872 344 51 21 blott
938 344 39 20 och

154 372 46 22 bart
215 379 26 15 en
258 374 131 21 matematisk
405 374 74 27 punkt,
494 374 22 20 så
533 374 70 20 blefve
624 374 41 20 den
680 374 47 21 icke
743 376 52 19 stort
810 380 58 14 mera
883 379 48 15 vare
946 373 32 27 sig

155 401 66 27 enligt
242 402 156 27 propositionen
423 402 52 21 eller
497 403 163 21 reservationen.
691 402 46 21 Har
757 403 35 27 jag
813 402 47 20 icke
875 402 103 27 uppfattat

154 430 70 21 denna
239 430 119 22 diskussion
375 431 87 21 alldeles
477 434 59 22 orätt,
551 431 24 21 så
590 432 108 21 förefaller
713 431 35 21 det
764 438 45 14 som
819 437 34 14 om
865 431 31 24 de,
908 430 70 21 hvilka

153 459 56 20 hålla
224 459 27 28 på
266 461 168 26 propositionens
456 460 136 27 ståndpunkt,
609 467 49 14 vore
680 460 65 27 nöjda
760 460 31 21 till
812 460 38 21 och
866 459 47 21 med
930 459 47 21 med

155 490 29 18 ett
199 488 148 27 miljondedels
370 489 85 22 mantal,
476 489 51 21 blott
550 489 70 27 någon
644 489 143 27 begränsning
809 488 114 21 bibehålles
938 488 40 21 och

155 517 109 26 principen
280 517 81 21 räddas.
391 517 73 28 Enligt
479 518 43 20 min
536 518 63 21 tanke
621 519 23 19 är
659 517 163 28 propositionen,
842 517 88 20 likasom
946 523 32 14 re-

154 545 140 26 servationen,
310 548 28 19 ett
353 546 130 27 mellanting,
499 553 45 14 som
561 546 41 21 kan
619 546 151 21 tillfredsställa
785 546 70 27 ingen,
866 546 37 20 och
914 545 64 27 jämte

155 573 35 22 det
204 574 36 27 jag
256 574 32 21 för
303 575 44 20 min
363 575 34 21 del
412 577 58 18 ännu
486 581 105 21 upprepar
607 577 30 19 att
648 575 79 26 frågan,
738 581 45 14 som
795 574 118 28 egentligen
927 581 51 20 upp-

155 603 49 20 stått
218 603 6 20 i
240 603 211 27 kodifikationssyfte,
474 604 79 21 saklöst
575 604 41 20 kan
632 604 82 21 förfalla
738 603 35 21 vid
789 603 69 21 denna
873 602 105 27 landtdag,

155 631 122 28 föredrager
290 632 35 27 jag
340 632 123 27 obetingadt
478 633 111 20 utskottets
606 633 133 20 betänkande
755 632 86 21 framför
856 631 122 28 propositio-

155 666 41 15 nen
212 660 52 21 eller
279 661 161 21 reservationen.

224 717 32 21 Hr
271 717 128 22 Erenius:
430 717 49 22 Med
495 718 116 27 anledning
634 718 20 21 af
670 718 24 21 hr
717 717 158 27 Schybergsons
896 719 81 18 senaste

155 745 141 28 andragande,
311 753 46 14 som
373 747 87 26 specielt
474 747 81 20 riktade
571 747 32 27 sig
619 747 63 20 bland
698 747 66 20 andra
779 749 44 18 mot
838 746 49 27 mig,
897 745 36 20 vill
943 746 35 26 jag

156 775 172 27 upplysningsvis
344 775 97 21 meddela
457 778 29 18 att
500 776 41 27 jag,
558 775 26 21 då
599 776 35 27 jag
646 775 90 21 tvekade
748 781 33 14 om
792 775 186 26 mantalsgränsen,

155 803 54 20 hade
224 804 50 26 hyst
289 803 39 21 den
345 804 82 21 åsikten
448 806 30 19 att
493 804 204 21 mantalsminimum
713 803 100 27 möjligen
829 803 53 21 hade
898 803 80 20 kunnat

156 831 72 21 ställas
250 832 57 27 lägre
322 834 27 19 än
365 833 35 20 det
415 833 7 20 i
438 833 157 20 reservationen
611 833 119 26 föreslagna
746 832 38 21 och
805 835 30 18 att
848 833 35 26 jag
897 831 81 21 således

155 860 47 21 icke
217 861 111 26 godkände
344 861 77 27 nådiga
435 861 170 27 propositionens
621 861 147 21 bestämmelse
784 861 131 20 härutinnan.
938 859 40 21 För

155 889 63 27 öfrigt
233 889 38 20 vill
285 890 35 27 jag
336 889 128 22 beträffande
480 890 25 21 de
521 890 22 21 af
557 890 25 20 hr
598 897 40 14 von
655 890 71 20 Pfaler
738 889 97 20 lämnade
846 889 132 27 uppgifterna

156 924 33 14 om
212 918 46 20 små
280 919 232 26 hemmanslägenheter
527 919 7 20 i
550 919 73 20 landet
644 921 78 18 nämna
738 920 30 19 att
785 917 64 21 bland
865 918 26 20 de
907 917 20 20 af
942 917 38 20 ho-

155 953 49 14 nom
221 947 136 26 uppräknade
373 947 61 21 äfven
451 947 48 27 ingå
515 947 128 27 lägenheter,
660 947 118 27 skattlagda
793 947 32 20 för
840 946 57 26 fiske,
909 945 70 21 hvilka

155 975 35 26 jag
206 975 98 21 särskildt
326 976 69 20 såsom
419 976 108 27 undantag
550 976 119 20 framhållit.
700 975 40 21 Om
760 975 60 20 dessa
835 975 64 20 borde
915 974 7 20 i
938 974 40 21 den

157 1003 107 22 blifvande
288 1004 152 27 författningen
464 1005 82 26 intagas
569 1004 103 21 särskilda
694 1003 284 27 undantagsbestämningar,

156 1032 39 21 och
210 1032 38 21 har
262 1033 36 26 jag
312 1033 71 21 därför
405 1033 46 21 icke
471 1033 82 20 kunnat
575 1033 65 20 räkna
662 1033 49 20 dem
732 1032 63 21 bland
811 1032 26 21 de
853 1031 125 28 lägenheter,

155 1060 72 21 hvilka
250 1061 105 22 innehade
377 1061 83 22 mindre
483 1061 56 22 areal
561 1063 26 19 än
609 1061 41 21 den
666 1061 7 20 i
688 1061 157 21 reservationen
861 1060 118 27 föreslagna

155 1089 83 21 minsta.

224 1146 154 22 Diskussionen
402 1147 89 21 rörande
514 1147 136 27 lagförslaget
665 1147 6 20 i
687 1147 49 20 dess
759 1146 70 21 helhet
851 1145 128 21 förklarades

156 1175 91 21 härefter
262 1175 97 27 afslutad,
383 1176 79 27 hvarpå
476 1176 25 20 hr
523 1175 123 21 talmannen
668 1175 123 21 framstälde
807 1181 26 14 en
850 1174 22 21 så
887 1174 91 27 lydande

155 1204 283 27 omröstningsproposition:

224 1260 40 27 De,
281 1261 74 21 hvilka
369 1261 117 27 godkänna
502 1261 47 27 lag-
567 1261 38 21 och
621 1260 213 21 ekonomiutskottets
847 1259 133 22 betänkande

156 1289 36 21 till
206 1289 47 21 alla
268 1289 60 21 delar
343 1289 150 28 oförändradt,
508 1292 60 19 rösta
578 1290 39 27 ja;
634 1290 31 26 de,
681 1289 36 21 det
730 1289 46 21 icke
789 1291 60 25 göra,
867 1289 57 20 rösta
935 1288 44 27 nej;

224 1318 80 21 vinner
318 1319 43 27 nej,
377 1319 42 20 har
429 1318 176 28 borgareståndet
615 1318 88 21 beslutit
713 1320 34 18 att
756 1317 89 28 öfvergå
856 1317 35 21 till
900 1316 78 28 detalj-

154 1346 140 28 granskning
310 1348 28 26 af
349 1348 35 20 det
399 1347 35 21 uti
450 1347 144 21 betänkandet
609 1347 35 21 till
658 1346 125 28 antagande
798 1346 114 27 förordade
931 1346 47 26 lag-

155 1374 111 28 förslaget.

224 1432 59 21 Enär
297 1433 157 27 propositionen
465 1432 127 22 besvarades
603 1432 47 22 med
662 1432 156 27 öfvervägande
829 1432 34 26 nej
875 1431 38 21 och
925 1430 55 21 stån-

156 1460 36 21 det
206 1460 83 22 således
312 1461 86 21 beslutit
421 1463 30 19 att
473 1462 71 20 skrida
566 1461 32 21 till
621 1460 210 28 specialgranskning
847 1460 21 20 af
883 1460 43 26 lag-
942 1460 38 20 och

155 1488 212 22 ekonomiutskottets
382 1490 119 27 lagförslag,
517 1492 91 25 upptogs
623 1490 52 20 först
690 1490 32 20 till
738 1489 129 27 behandling
884 1489 11 26 $
913 1488 17 23 1,
946 1488 35 20 be-

155 1517 103 21 träffande
274 1518 86 21 hvilken
376 1519 25 20 hr
416 1518 128 28 talmannen,
560 1518 48 21 med
624 1518 153 21 föranledande
793 1518 21 20 af
825 1517 25 21 de
862 1516 67 22 under
940 1516 41 22 den
