1095 1717
191 112 40 20 646
393 118 180 21 Borgareståndet
586 119 58 17 1894.
669 119 23 17 13
704 118 60 22 april.

230 197 34 22 Hr
278 198 77 27 Berg,
371 204 47 15 som
432 198 92 27 begärde
541 198 64 27 ordet,
621 198 94 28 yttrade:
746 198 75 21 Ehuru
836 199 35 27 jag
886 199 38 21 har
931 204 58 20 myc-

160 226 37 21 ket
217 226 97 26 grundad
337 226 117 28 anledning
476 229 30 19 att
522 227 73 21 befara
611 227 35 21 det
661 227 58 21 mina
734 227 38 21 ord
787 227 47 21 icke
849 227 60 21 skola
924 227 65 21 vinna

160 255 108 27 genklang
283 256 7 20 i
305 255 35 21 det
355 255 107 27 vällofliga
477 255 179 27 borgareståndet,
673 256 37 21 ber
724 256 36 27 jag
775 256 53 21 dock
844 258 30 19 att
884 256 21 20 få
913 255 77 21 föreslå

160 284 130 27 antagandet
311 284 22 20 af
347 284 42 21 den
405 284 32 20 till
453 284 143 21 betänkandet
611 284 75 28 fogade
702 285 164 21 reservationen.
896 284 40 28 Jag
951 286 38 25 gör

160 312 37 21 det
219 312 23 21 så
263 312 84 27 mycket
368 312 72 26 hällre,
463 319 45 14 som
531 313 36 21 det
587 312 108 22 förefaller
717 313 45 27 mig
777 319 45 15 som
838 320 35 14 om
888 313 101 21 utskottet

161 341 68 21 skulle
252 341 63 21 hafva
337 341 157 27 missuppfattat
513 342 175 26 petitionärernas
704 342 62 27 syfte,
782 341 26 21 då
823 342 102 20 utskottet
939 343 50 19 trott

160 371 31 19 att
206 370 20 20 vi
241 370 90 27 påyrkat
345 370 65 27 några
426 370 159 21 extraordinära
601 370 98 28 åtgärder
714 371 39 20 och
769 370 87 21 framför
865 370 30 21 alt
905 370 83 27 tvångs-

161 398 97 27 åtgärder
280 398 32 21 för
334 400 29 19 att
385 398 63 28 stäfja
469 399 26 21 de
515 399 113 27 missbruk,
643 399 60 21 öfver
718 399 71 21 hvilka
805 399 20 20 vi
841 399 62 21 hafva
919 399 69 27 klagat

160 427 41 21 och
223 427 32 21 till
277 427 70 21 hvilka
369 427 126 28 zigenarene
519 428 7 20 i
548 427 73 22 landet
643 428 64 21 hafva
729 429 55 26 gjort
799 428 31 27 sig
845 428 102 27 skyldiga.
977 427 11 21 I

161 456 116 21 allmänhet
292 456 62 21 hafva
370 457 20 20 vi
405 457 6 20 i
429 456 45 21 vårt
488 456 51 21 land
554 457 44 27 lagt
614 463 25 14 an
656 456 26 28 på
698 459 30 19 att
740 456 121 21 införskaffa
874 456 114 21 statistiska

160 485 108 27 uppgifter
289 485 89 21 rörande
401 485 144 27 hvarjehanda
566 485 153 21 förhållanden.
750 485 26 20 Vi
795 485 50 27 vilja
860 487 65 26 gärna
940 487 47 18 veta

160 513 56 20 huru
238 513 77 28 många
337 513 78 27 blinda,
436 514 55 20 huru
509 513 78 28 många
603 514 101 21 abnorma
720 514 40 21 och
775 514 55 21 huru
845 514 77 27 många
936 520 51 14 van-

158 542 68 27 artiga
247 541 54 22 barn
321 542 36 21 det
371 542 69 21 finnes
455 543 7 20 i
477 542 72 21 landet
564 543 33 20 för
612 544 30 19 att
656 543 74 20 kunna
745 543 84 27 vidtaga
845 542 96 28 åtgärder
956 541 31 22 till

160 570 126 28 förbättring
302 571 20 20 af
337 571 62 21 deras
414 571 106 27 ställning.
550 571 135 21 Beträffande
700 571 125 28 zigenarene
841 571 38 21 har
893 571 94 21 däremot

160 599 36 21 det
216 599 114 21 statistiska
352 600 134 21 ämbetsvärk
509 606 45 15 som
577 599 69 22 finnes
668 600 46 21 icke
736 599 70 28 någon
829 600 41 21 den
895 600 91 26 ringaste

161 628 120 27 utredning.
311 628 41 27 Jag
373 628 69 21 skulle
464 628 71 21 därför
550 628 154 21 vördsammast
719 628 110 21 hemställa
845 631 30 18 att
890 628 97 27 borgare-

160 657 84 20 ståndet
266 657 49 21 ville
338 657 128 21 åtminstone
489 657 113 27 godkänna
619 657 36 21 det
670 657 21 20 af
706 659 136 19 reservanten
857 657 73 27 gjorda
945 657 41 20 för-

159 685 68 28 slaget
250 687 30 19 att
302 686 125 27 regeringen
448 685 65 22 måtte
529 685 122 22 införskaffa
667 692 124 21 noggranna
806 685 113 22 statistiska
935 691 51 21 upp-

159 714 63 27 gifter
238 721 34 14 om
288 715 125 26 zigenarene
429 715 7 20 i
452 715 45 20 vårt
512 715 49 20 land
577 717 55 18 samt
645 715 121 20 sedermera
781 714 84 27 vidtaga
881 714 25 21 de
919 713 67 28 åtgär-

159 743 44 27 der,
219 749 46 14 som
282 743 206 28 omständigheterna
503 743 89 28 påkalla.

228 799 34 22 Hr
284 799 166 22 Liukkonen
473 800 100 21 förenade
595 801 32 26 sig
649 800 7 21 i
678 800 42 21 allo
738 799 49 22 med
803 799 42 22 den
859 799 127 28 föregående

160 828 87 21 talaren.

228 885 34 22 Hr
277 892 48 15 von
341 886 104 21 Pfaler:
475 886 42 27 Jag
532 886 75 26 skulle,
622 886 7 20 i
645 885 218 22 öfverensstämmelse
874 885 49 21 med
931 885 54 20 hvad

157 915 37 26 jag
209 914 89 28 tidigare
313 915 7 20 i
335 915 66 20 saken
417 917 70 24 yttrat,
503 915 25 20 be
544 917 30 18 att
588 915 22 20 få
624 914 106 27 tillstyrka
745 914 117 27 antagande
878 914 21 21 af
907 913 79 21 utskot-

159 945 41 19 tets
223 943 138 21 betänkande.
391 943 42 28 Jag
456 943 69 21 finner
547 943 35 21 det
604 943 23 21 så
649 943 87 27 mycket
755 949 58 15 mera
834 942 108 28 olämpligt
956 944 30 19 att

160 974 76 25 antaga
259 978 25 15 en
308 971 86 28 petition
418 972 7 20 i
448 972 35 21 det
503 972 55 27 syfte
579 974 135 19 reservanten
738 972 38 20 har
791 971 112 27 föreslagit,
919 971 67 20 som
974 967 15 37 i

159 1000 52 21 hans
234 1000 135 27 reservation,
393 1002 50 19 utan
467 1000 40 21 den
531 1001 92 26 ringaste
644 1001 129 26 motivering
795 1000 20 21 af
831 1000 35 21 det
881 999 105 28 egentliga

158 1029 72 26 syftet,
253 1029 86 20 föreslås
360 1031 30 18 att
405 1029 125 27 regeringen
547 1029 67 20 »skall
629 1029 85 27 vidtaga
730 1029 26 21 de
772 1028 95 28 åtgärder
882 1035 45 14 som
942 1034 44 14 om-

159 1057 172 27 ständigheterna
355 1057 103 28 påkalla».
487 1059 39 20 Att
548 1057 45 22 åter
613 1057 99 21 särskildt
733 1057 125 28 petitionera
873 1063 34 14 om
922 1056 64 21 inför-

159 1085 110 22 skaffande
285 1086 21 20 af
320 1086 115 21 statistiska
450 1086 107 27 uppgifter
571 1092 62 15 anser
648 1087 35 26 jag
698 1086 47 21 icke
758 1086 55 27 ligga
826 1086 59 20 inom
893 1085 93 21 området

159 1114 33 21 för
206 1114 57 21 hvad
278 1115 113 20 ständerna
405 1115 116 27 lämpligen
536 1115 51 20 böra
602 1116 56 26 göra.

228 1171 34 21 Hr
284 1171 131 21 Neovius:
446 1171 41 28 Jag
509 1171 94 22 önskade
627 1171 65 22 uttala
712 1171 117 22 detsamma
845 1177 45 15 som
905 1171 25 20 hr
945 1177 41 14 von

158 1200 78 21 Pfaler.
262 1200 41 27 Jag
317 1207 63 14 anser
395 1200 36 21 det
446 1200 108 27 nämligen
569 1200 27 27 på
611 1200 53 21 intet
679 1202 41 19 sätt
735 1199 126 22 motiveradt
877 1201 29 19 att
918 1199 68 21 öfver-

157 1229 73 20 lämna
254 1229 20 20 ät
296 1229 125 27 regeringen
444 1231 29 18 att
496 1229 85 27 vidtaga
602 1229 26 20 de
650 1229 104 27 åtgärder,
770 1235 45 14 som
830 1235 27 14 en
873 1227 113 28 enguöte
973 1223 16 37 i

158 1257 59 21 detta
239 1257 55 27 syfte
314 1257 73 21 kunde
409 1257 49 21 leda
473 1257 36 21 till.
539 1257 42 28 Jag
597 1257 49 21 ville
662 1257 68 21 tillika
745 1259 78 18 nämna
838 1259 30 18 att
882 1257 35 27 jag
932 1257 54 20 före-

156 1285 74 22 ställer
248 1286 44 26 mig
307 1287 30 19 ait
351 1286 115 21 statistiska
481 1285 149 27 centralbyrän
645 1288 99 26 nogsamt
758 1285 54 21 skall
827 1285 51 21 söka
893 1285 51 26 fylla
960 1284 26 21 de

157 1314 81 27 luckor,
254 1321 46 14 som
316 1314 47 21 med
379 1315 100 20 afseende
492 1314 12 21 ä
516 1315 126 27 zigenarene
654 1314 115 21 förefinnas
781 1314 7 20 i
801 1314 41 21 den
854 1313 131 21 närvarande

158 1342 256 28 befolkningsstatistiken
430 1344 59 20 öfver
503 1343 78 27 landet,
598 1343 65 21 sedan
679 1343 42 21 den
737 1350 27 14 en
779 1342 56 28 gäng
851 1342 68 22 blifvit
934 1348 52 21 upp-

157 1372 169 26 märksamgjord
342 1372 26 27 pä
383 1372 42 20 den
441 1371 126 28 förefintliga
583 1372 85 20 bristen.
693 1371 51 21 Men
760 1371 27 21 dä
801 1372 36 26 jag
851 1378 30 13 nu
892 1377 27 14 en
931 1370 56 27 gång

158 1400 38 20 har
218 1400 66 24 ordet,
307 1400 42 20 kan
370 1400 36 28 jag
428 1400 46 21 icke
493 1400 66 21 häller
574 1400 111 21 underlåta
700 1402 31 19 att
746 1400 111 20 framhålla
872 1400 43 20 min
933 1398 53 22 åsikt

157 1434 37 15 om
216 1428 43 21 den
281 1428 151 28 besynnerliga
447 1429 132 27 motivering,
595 1435 45 14 som
655 1429 7 20 i
678 1428 235 22 utskottsbetänkandet
928 1427 59 21 leder

157 1456 33 21 till
206 1457 42 21 den
264 1457 105 27 slutkläm,
385 1464 36 14 om
436 1457 85 21 hvilken
536 1457 57 21 kläm
608 1458 36 26 jag
658 1457 34 21 för
702 1457 64 27 öfrigt
780 1457 84 21 förenar
879 1456 48 27 mig.
948 1456 39 20 Ut-

158 1485 78 21 skottet
259 1486 37 20 har
316 1488 69 19 ansett
408 1486 73 27 nödigt
503 1488 30 18 att
553 1486 7 20 i
583 1486 33 20 sin
634 1486 160 26 undersökning
809 1485 26 27 gå
851 1484 85 22 tillbaka
953 1484 32 21 till

157 1514 114 27 fjortonde,
294 1514 107 21 femtonde
425 1514 39 21 och
486 1514 103 21 sextonde
612 1514 142 21 hundratalen
776 1514 33 21 för
831 1515 30 19 att
876 1512 111 22 framhålla
