1095 1717
202 125 41 20 416
409 131 180 21 Borgareståndet
601 132 57 16 1894.
683 132 12 16 5
707 136 61 12 mars.

244 210 34 21 Hr
292 212 123 20 talmannen
430 212 122 20 framstälde
574 212 64 27 härpå
654 212 128 20 beträffande
803 212 65 20 första
883 214 116 19 momentet

174 240 93 27 följande
283 240 107 21 definitiva
405 240 281 28 omröstningsproposition:

242 297 40 27 De,
298 297 74 21 hvilka
386 298 117 26 godkänna
525 298 71 26 första
611 299 119 19 momentet
748 298 29 26 af
787 298 112 21 utskottets
913 298 83 20 resolu-

175 326 142 27 tionsförslag
332 326 151 27 oförändradt,
499 328 60 19 rösta
568 326 40 27 ja;
624 326 31 26 de,
670 326 36 20 det
720 326 45 21 icke
776 328 59 25 göra,
851 328 59 19 rösta
924 326 44 27 nej;

242 354 80 21 vinner
336 356 42 26 nej,
394 355 42 21 har
447 354 175 28 borgareståndet
632 354 88 21 beslutit
730 354 158 22 återremittera
898 361 98 14 momen-

174 385 29 19 tet
218 383 36 21 till
270 384 99 20 utskottet
389 383 37 27 för
440 385 33 19 att
495 383 170 27 omformuleras
684 384 9 20 i
708 384 35 20 det
762 383 57 28 syfte
842 384 27 20 hr
884 383 114 21 Lönnbeck

174 408 104 36 angifvit.
792 412 2 3 |

242 469 161 28 Propositionen
426 469 127 21 besvarades
576 469 48 21 med
647 469 156 28 öfvervägande
818 470 41 27 nej,
875 469 39 21 och
929 469 68 21 skulle

173 497 83 22 således
279 498 62 21 första
364 501 116 18 momentet
495 498 21 21 af
539 498 107 21 klämmen
668 498 163 21 återremitteras
850 498 31 21 till
897 498 101 21 utskottet

173 527 33 20 för
220 529 31 18 att
267 527 140 27 omredigeras
423 527 78 20 därhän
518 529 29 18 att
563 527 67 20 lärare
646 527 38 20 och
700 527 118 20 lärarinnor
832 527 64 21 måtte
910 527 87 20 beredas

174 555 63 21 ökadt
253 555 80 21 tillfälle
356 558 29 18 att
401 555 47 21 med
471 555 168 21 statsunderstöd
661 555 95 21 bedrifva
772 555 159 28 vetenskapliga
946 556 52 21 eller

173 584 142 27 pedagogiska
330 585 81 20 studier
427 587 4 17 i
449 584 100 21 utlandet.

242 641 170 21 Vidkommande
428 641 65 21 andra
509 643 116 19 momentet
640 641 122 21 framstälde
782 642 25 20 hr
822 641 119 21 talmannen
958 641 38 21 föl-

172 670 63 27 jande
252 670 83 27 slutliga
351 670 282 27 omröstningsproposition:

241 726 40 27 De,
298 727 73 20 hvilka
385 727 118 27 godkänna
517 727 72 20 andra
614 729 117 19 momentet
746 727 28 28 af
787 727 110 21 utskottets
912 727 82 20 resolu-

173 755 141 28 tionsförslag
330 755 150 28 oförändradt,
497 757 58 20 rösta
566 756 37 27 ja;
619 756 31 26 de,
666 756 35 20 det
715 755 45 21 icke
774 758 59 25 göra,
849 757 57 19 rösta
923 756 43 27 nej;

241 784 80 21 vinner
337 785 41 26 nej,
401 785 43 20 har
466 784 176 27 borgareståndet
664 785 89 20 beslutit
774 784 158 21 återremittera
948 791 46 14 mo-

172 814 82 19 mentet
270 813 34 20 till
318 813 102 21 utskottet
435 813 9 20 i
458 813 35 20 det
508 813 28 27 af
548 813 27 20 hr
590 813 86 20 Kurlén
692 813 96 27 angifna
803 813 62 28 syfte.

241 869 33 21 Då
289 870 61 21 äfven
367 870 69 21 denna
452 870 128 27 proposition
594 870 126 21 besvarades
731 870 47 21 med
789 871 154 26 öfvervägande
954 871 41 26 nej,

172 898 54 21 hade
242 898 83 21 ståndet
341 899 82 20 således
439 899 86 20 beslutit
541 899 150 20 återremittera
707 899 78 27 jämväl
801 899 65 20 andra
881 902 116 18 momentet

172 927 31 20 till
219 927 102 21 utskottet
336 927 33 21 för
383 929 31 18 att
429 927 161 21 omformuleras
607 927 76 21 därhän
702 929 30 19 att
746 927 67 21 lärare
829 928 39 20 och
880 927 117 21 lärarinnor

172 955 34 20 vid
223 955 81 27 privata
326 956 102 25 lärovärk,
451 958 50 19 utan
517 956 100 21 afseende
640 963 35 13 om
691 956 109 21 desamma
823 963 49 14 vore
893 956 20 21 af
929 958 67 19 staten

172 984 191 21 subventionerade
387 984 51 21 eller
454 985 24 26 ej,
502 985 68 20 skulle
594 985 79 20 erhålla
694 985 167 21 statsunderstöd
876 985 32 20 för
924 985 72 20 ofvan-

173 1012 103 27 uppgifna
291 1013 102 20 ändamål.

240 1155 116 28 Föredrogs
369 1156 106 21 allmänna
487 1156 198 21 besvärsutskottets
696 1156 35 20 vid
743 1158 82 19 senaste
836 1156 86 27 plenum
933 1155 61 21 bord-

169 1183 63 28 lagda
248 1184 133 21 betänkande
404 1191 35 14 n:o
456 1186 12 19 3
483 1185 7 20 i
506 1185 115 26 anledning
643 1185 21 20 af
679 1187 30 18 ett
724 1185 6 20 i
748 1185 170 26 borgareståndet
934 1185 61 20 väckt

168 1212 180 28 petitionsförslag
371 1220 34 13 om
428 1216 143 25 uppmuntran
595 1214 38 20 och
658 1213 100 27 belöning
780 1214 21 19 af
822 1213 111 21 inhemska
948 1215 46 19 ton-

168 1243 83 18 sättare.

236 1298 34 21 Hr
285 1299 99 24 Erkko,
401 1306 44 14 som
462 1300 73 20 därvid
551 1300 66 20 erhöll
634 1300 64 26 ordet,
715 1300 92 26 yttrade:
837 1299 59 20 Minä
911 1299 83 27 puoles-

167 1327 45 19 tani
226 1327 63 21 olisin
306 1330 83 24 suonut,
412 1330 42 19 että
469 1328 123 21 valiokunta
615 1328 46 20 olisi
678 1328 103 27 ryhtynyt
803 1327 190 21 suoranaisemmin

167 1355 165 21 kannattamaan
355 1357 132 21 anvmuksen
510 1357 79 27 tekijän
613 1357 81 21 erittäin
716 1357 67 26 hyvin
798 1358 130 25 perustettua
943 1362 50 14 ano-

167 1386 75 19 musta.
273 1384 44 27 Nyt
332 1385 123 21 valiokunta
470 1386 39 20 sitä
525 1386 81 20 vastoin
623 1392 27 14 on
672 1386 94 26 tinkinyt
781 1385 48 21 siitä
844 1385 54 20 koko
913 1384 80 27 joukon

166 1412 52 27 pois,
233 1413 66 21 ilman
315 1415 42 19 että
372 1414 144 20 valiokunnan
532 1414 149 26 perusteluista
697 1414 42 26 käy
750 1413 151 21 likimainkaan
912 1412 80 22 selville

166 1446 27 14 ne
216 1444 56 24 syyt,
293 1442 66 26 joihin
383 1448 22 14 se
429 1442 146 21 tinkimisensä
596 1445 104 24 perustaa.
734 1442 136 21 Päinvastoin
894 1443 99 25 myöntää

166 1468 129 26 valiokunta,
311 1472 42 19 että
370 1471 145 27 epäilemättä
531 1477 26 14 on
573 1471 146 27 kohtuutonta,
735 1472 43 19 että
793 1470 120 26 musiikilta,
928 1470 64 26 jonka

165 1497 124 22 kasvattava
304 1499 20 27 ja
339 1499 136 27 jalostuttava
490 1500 103 26 merkitys
609 1506 26 14 on
651 1500 51 26 yhtä
721 1499 60 21 suuri
795 1499 53 21 kuin
864 1498 128 21 kuvaavien-

164 1525 37 21 kin
224 1527 101 21 taiteiden
347 1528 21 26 ja
391 1528 65 26 jonka
478 1528 115 20 arvokkaat
615 1528 139 21 taideluomat
769 1530 48 18 ovat
832 1527 95 21 kansalle
942 1528 50 26 yhtä
