1095 1717
195 122 40 20 692
392 128 181 21 Borgareståndet
586 128 56 17 1894.
668 128 21 17 17
702 128 59 21 april.

165 210 198 25 representanterna
385 208 34 21 för
440 208 70 22 Kotka
534 208 40 21 och
596 208 118 27 Jyväskylä
734 208 68 21 skulle
824 210 47 26 taga
886 208 32 22 till
933 208 59 21 ordet

166 237 33 20 för
214 238 30 20 att
259 237 93 21 försvara
367 237 47 21 sina
431 237 118 27 respektive
565 239 67 19 orters
647 237 111 21 intressen.
787 236 42 28 Jag
844 238 89 20 väntade
948 237 44 27 mig

166 265 30 21 till
223 266 41 20 och
288 266 47 20 med
363 268 30 18 att
417 266 63 20 också
503 268 199 25 representanterna
724 266 38 28 för
779 266 114 21 Sordavala
907 266 39 20 och
962 265 30 21 S:t

166 294 78 21 Michel
270 294 67 21 skulle
360 294 51 21 söka
436 294 129 28 ådagalägga
587 294 26 21 de
634 294 178 27 utomordentliga
826 294 119 22 fördelarna
960 294 32 21 för

166 322 102 21 Finlands
292 323 55 20 bank
370 323 21 21 af
409 325 31 19 att
454 323 63 21 hafva
532 323 92 27 placerat
640 323 76 21 kontor
731 323 43 27 där,
790 329 48 15 men
854 330 49 14 man
919 325 73 19 väntar

165 352 24 26 ju
204 352 47 20 icke
267 352 32 20 för
314 352 67 27 länge,
397 352 27 20 då
448 358 49 14 man
513 354 75 18 väntar
603 352 26 27 på
644 352 118 26 någonting
776 352 56 27 godt,
848 353 38 20 och
901 352 34 27 jag
950 352 41 20 för-

165 380 75 20 modar
256 382 30 19 att
300 380 60 21 dessa
383 380 73 21 herrar
477 380 47 21 icke
547 380 60 21 skola
625 380 103 21 uraktlåta
744 382 30 19 att
789 380 62 21 äfven
867 380 25 22 de
907 386 84 15 servera

166 408 84 22 ståndet
272 409 48 21 med
342 409 70 21 lokala
435 409 130 28 utgjutelser.
595 409 41 21 För
651 409 45 20 min
711 409 34 21 del
761 409 54 21 hade
829 410 36 27 jag
879 411 64 26 gärna
955 409 35 21 be-

166 440 70 25 sparat
251 437 84 22 ståndet
350 438 57 21 detta
423 439 37 20 och
478 438 35 21 det
528 445 38 14 var
581 438 70 21 därför
666 438 47 21 mitt
729 438 69 21 beslut
810 440 31 19 att
850 438 47 21 icke
907 437 83 22 förorda

166 467 44 20 min
226 467 129 20 reservation
370 467 32 20 till
418 467 124 27 antagande,
558 467 27 20 då
599 467 36 27 jag
655 467 7 20 i
682 467 42 20 alla
738 467 38 20 fall
790 467 54 20 hade
859 467 23 20 så
897 469 30 18 att
941 468 49 25 säga

166 495 68 20 fredat
250 495 46 21 mitt
311 495 98 27 politiska
424 498 94 18 samvete
534 501 77 22 genom
634 497 30 20 att
684 495 79 28 afgifva
778 496 133 20 reservation.
941 495 49 20 Men

166 523 26 20 då
208 530 29 14 nu
254 530 25 14 en
296 531 70 14 annan
382 524 93 21 medlem
494 525 21 20 af
537 524 85 21 ståndet
640 524 95 27 upptagit
757 524 128 27 densamma,
901 524 40 21 kan
956 524 34 27 jag

164 552 47 21 icke
227 552 111 21 underlåta
353 554 30 19 att
397 553 34 20 för
446 553 83 20 ståndet
544 553 79 20 skildra
646 553 54 20 huru
717 553 35 20 det
768 553 118 27 egentligen
902 553 42 21 står
958 552 32 21 till

164 581 49 20 med
230 581 61 21 dessa
306 581 81 27 kontor,
403 582 39 20 och
453 581 46 21 icke
516 581 53 21 blott
585 581 47 21 med
649 581 47 21 dem
711 583 51 19 utan
778 581 62 22 äfven
857 581 46 21 med
917 583 29 19 ett
953 581 37 26 till,

164 609 36 21 det
215 612 77 25 yngsta
308 610 21 21 af
344 610 25 21 de
385 610 112 27 ordinarie,
513 610 35 21 det
564 610 6 20 i
582 610 103 24 Joensuu,
701 610 80 21 hvilket
795 611 36 26 jag
845 610 105 21 förmodar
960 611 30 20 att

164 638 8 20 i
187 638 76 21 sådant
284 639 36 20 fall
342 639 25 20 hr
388 639 155 27 Neppenström
563 639 96 20 kommer
674 641 30 18 att
717 639 100 20 försvara.
848 639 39 20 Vid
903 639 41 20 den
959 639 31 20 in-

163 667 105 27 spektion,
289 673 46 15 som
356 667 130 21 värkstäldes
509 667 34 21 vid
563 667 98 21 Joensuu
683 667 82 27 kontor,
781 667 71 21 visade
867 667 32 28 sig
914 669 29 19 att
957 667 32 20 in-

164 695 52 21 alles
232 702 28 15 en
276 696 57 21 kund
349 697 75 20 infann
440 696 31 27 sig
486 697 45 20 före
547 696 28 21 kl.
592 697 26 19 12
641 696 27 27 på
691 696 75 27 dagen,
781 695 27 22 då
823 696 92 21 rörelsen
931 696 6 20 i
953 696 37 20 all-

164 725 87 20 mänhet
266 724 71 21 kunde
353 731 63 14 anses
431 725 98 26 afslutad,
545 725 39 20 och
608 725 34 20 vid
666 731 27 14 en
712 725 118 27 beräkning
845 725 21 20 af
880 725 110 20 kundtalet

164 753 33 20 för
212 759 26 15 en
255 753 72 27 längre
342 754 30 20 tid
396 753 50 21 kom
468 760 49 14 man
541 753 30 21 till
595 753 7 20 i
621 753 99 21 medeltal
736 753 35 20 nio
787 760 33 14 om
838 753 73 28 dagen.
942 753 47 21 Men

164 781 58 21 detta
237 784 25 18 är
276 788 28 15 nu
320 782 47 21 icke
382 782 36 21 det
433 785 54 18 mest
511 782 120 27 betänkliga
646 782 49 21 med
711 782 61 21 dessa
787 782 81 27 kontor,
884 782 45 21 icke
945 782 44 20 häl-

164 809 32 22 ler
221 810 114 27 utgifterna
361 811 33 20 för
420 811 54 25 dem,
499 811 125 27 uppgående
643 811 32 20 till
692 811 25 20 16
734 811 12 20 ä
763 811 24 20 17
803 813 61 18 tusen
881 811 58 20 mark
955 817 34 14 om

164 838 50 27 året,
237 842 25 23 ty
284 839 22 20 så
328 839 86 27 mycket
434 839 41 21 kan
491 840 24 26 ju
529 839 102 21 Finlands
647 839 55 21 bank
718 839 62 21 hafva
795 839 38 20 råd
848 841 30 19 att
893 839 50 21 offra
958 839 32 20 för

164 867 104 21 särskilda
282 867 127 24 landsdelar,
426 870 50 19 utan
491 868 40 21 den
543 868 182 27 omständigheten
737 869 29 19 att
777 868 101 24 krediten,
889 870 29 19 att
928 868 62 20 döma

164 895 22 21 af
213 896 150 21 berättelserna
389 897 59 20 öfver
473 896 120 22 värkstälda
614 897 150 27 inspektioner,
786 896 69 21 såsom
874 897 35 26 jag
923 897 8 20 i
945 896 44 21 min

164 925 130 20 reservation
309 925 121 27 framhällit,
445 925 32 21 till
491 925 48 21 icke
561 925 61 27 ringa
637 925 35 21 del
687 925 54 21 varit
756 931 26 15 en
797 925 193 20 konsumtionskre-

164 953 31 20 dit
210 953 68 21 delvis
292 953 33 21 för
340 954 41 21 den
396 953 147 28 kringboende
565 953 111 28 allmogen.
707 953 70 21 Saken
798 953 71 21 ställer
891 954 32 26 sig
938 955 50 19 utan

163 981 74 22 tvifvel
253 982 29 27 så,
295 984 29 19 att
339 982 69 21 skulle
425 983 20 20 vi
460 983 7 20 i
482 983 57 20 detta
555 982 112 27 ögonblick
682 982 48 21 icke
746 982 61 21 hafva
823 984 30 19 att
865 982 65 21 räkna
940 981 48 22 med

164 1010 36 21 det
214 1010 169 21 sakförhållande
407 1013 30 18 att
459 1011 103 21 kontoren
585 1017 26 14 en
628 1011 57 27 gång
699 1011 102 26 inrättats,
817 1017 34 14 om
866 1011 39 20 ock
920 1011 68 20 såsom

163 1039 149 27 provisoriska,
327 1039 23 21 så
365 1039 69 22 skulle
450 1040 63 27 ingen
530 1046 38 14 ens
583 1039 85 21 komma
683 1039 27 28 på
725 1039 42 21 den
778 1039 78 21 tanken
869 1041 30 19 att
908 1039 21 20 få
940 1039 48 21 dem

162 1067 33 21 till
210 1067 68 21 stånd.
310 1067 62 22 Såväl
387 1068 112 21 utskottets
514 1068 107 27 majoritet
630 1074 46 15 som
687 1070 172 25 representanten
871 1068 32 21 för
914 1067 75 27 Kotka,

163 1096 25 21 hr
202 1097 129 27 Appelberg,
346 1097 63 20 hafva
431 1097 8 20 i
461 1097 57 20 detta
539 1097 100 20 afseende
660 1097 81 20 lämnat
760 1096 34 21 det
810 1096 58 21 bästa
883 1096 69 27 bevis;
962 1095 27 21 då

163 1125 61 20 deras
247 1125 49 21 hela
314 1125 128 28 motivering
456 1125 38 28 går
508 1126 8 19 i
531 1132 80 14 samma
626 1125 94 28 riktning
735 1131 46 14 som
795 1125 45 20 min
855 1125 135 21 reservation.

163 1153 119 22 Utskottets
304 1154 106 27 majoritet
430 1154 105 27 afstyrker
556 1154 129 21 inrättandet
706 1154 21 21 af
744 1153 55 21 slika
820 1153 76 21 kontor
910 1153 39 21 och
964 1153 26 20 hr

162 1181 123 28 Appelberg
310 1183 38 20 har
372 1183 54 20 varit
450 1182 155 21 inkonsekvent
626 1189 42 20 nog
691 1184 35 25 att,
745 1182 53 21 blott
813 1182 36 21 det
862 1182 46 21 icke
924 1182 66 27 gäller

163 1210 76 27 Kotka,
256 1214 49 17 utan
322 1211 75 21 endast
420 1211 26 21 de
469 1214 60 23 orter,
553 1217 45 14 som
621 1211 47 21 icke
688 1213 58 18 ännu
762 1211 39 20 fått
815 1210 78 21 sådana
909 1211 80 25 kontor,

163 1239 81 20 biträda
261 1239 25 20 hr
301 1239 117 27 Wegelius”
434 1240 135 26 reservation,
592 1246 46 14 som
653 1239 103 21 likaledes
771 1239 71 21 stöder
857 1239 31 27 sig
903 1239 26 27 på
945 1245 45 14 mo-

161 1267 37 27 tiv,
214 1268 72 21 hvilka
301 1268 80 21 direkte
398 1268 48 21 leda
461 1268 69 21 därtill
553 1270 30 19 att
603 1268 61 21 dessa
685 1268 142 28 provisoriska
849 1267 75 21 kontor
938 1270 51 18 utan

162 1296 46 21 skäl
224 1297 70 21 blifvit
315 1297 105 21 inrättade
442 1298 40 20 och
504 1297 82 21 således
607 1297 63 21 äfven
689 1297 65 21 borde
769 1296 104 28 indragas.
903 1296 34 21 Nu
953 1296 37 20 vill

161 1325 37 27 jag
213 1326 118 20 emellertid
347 1326 130 20 beträffande
500 1326 24 20 hr
542 1326 132 27 Appelbergs
690 1325 135 27 andragande
841 1327 49 25 säga
905 1327 35 24 att,
955 1331 35 14 om

161 1354 36 26 jag
224 1354 70 21 skulle
318 1354 21 20 få
364 1354 56 27 välja
442 1354 78 21 mellan
543 1354 60 21 dessa
619 1354 142 27 provisoriska
776 1354 75 20 kontor
866 1354 39 20 och
921 1352 69 22 därtill

163 1384 58 18 ännu
237 1382 37 21 det
288 1385 76 24 yngsta
379 1382 106 22 ordinarie
503 1383 4 20 i
522 1383 103 26 Joensuu,
640 1383 36 27 jag
690 1382 92 28 afgjordt
793 1382 70 21 skulle
872 1382 57 27 gifva
936 1382 55 20 före-

162 1410 69 21 trädet
262 1411 20 21 ät
311 1411 76 21 Kotka.
424 1411 45 21 Där
492 1411 69 23 finnes
583 1412 54 20 dock
659 1418 27 14 en
708 1410 143 28 uppspirande
869 1410 122 21 affärsvärk-

161 1440 83 20 samhet
261 1440 39 20 och
315 1440 36 20 det
362 1440 42 20 kan
420 1446 50 14 vara
492 1440 46 20 skäl
560 1440 33 20 för
607 1440 137 20 statsbanken
760 1442 30 18 att
804 1440 63 20 hafva
882 1445 25 15 en
923 1440 67 20 tenta-

162 1467 35 21 kel
213 1468 44 20 där.
287 1468 62 20 Hvad
367 1468 101 27 slutligen
483 1468 98 21 beträffar
604 1469 24 20 hr
645 1468 134 28 Appelbergs
793 1468 151 20 förskräckelse
960 1466 31 22 öf-

162 1502 38 14 ver
215 1496 26 21 de
258 1496 138 28 rubbningar,
412 1503 46 14 som
473 1497 69 21 skulle
558 1503 39 21 ega
609 1504 54 19 rum,
678 1497 7 20 i
696 1496 101 21 händelse
807 1496 44 21 min
861 1496 130 21 reservation

162 1524 71 22 blefve
250 1527 98 25 antagen,
363 1525 24 21 så
402 1525 39 21 ber
462 1526 35 26 jag
519 1527 30 19 att
572 1526 21 20 få
616 1525 86 21 hänvisa
722 1525 70 21 därtill
812 1527 30 19 att
857 1525 35 21 det
906 1525 23 27 ju
944 1524 47 22 icke
