1095 1717
322 120 179 21 Borgareståndet
514 120 54 17 1894.
593 121 23 16 12
628 120 52 18 febr.
849 114 40 21 193

92 200 127 21 subvention
235 200 33 20 för
282 200 72 26 hvarje
369 206 53 20 resa,
437 206 46 14 som
499 200 58 20 detta
571 200 74 27 bolags
661 200 78 27 ångare
755 200 68 20 under
835 200 83 20 vintérn

92 228 72 22 kunde
187 228 113 21 värkställa
321 228 78 20 mellan
422 221 47 28 Åbo
493 228 39 21 och
553 228 141 26 Mariehamn;
716 230 73 25 tyvärr
810 228 109 21 förmådde

93 257 54 21 dock
162 257 69 21 denna
246 256 181 28 sommarångares
442 263 64 21 svaga
521 257 140 21 maskinkraft
676 257 40 21 och
732 257 63 21 klena
805 256 58 21 skrof
872 256 47 21 icke

92 286 124 20 öfvervinna
239 292 38 14 ens
292 285 25 21 de
332 285 65 21 första
411 285 126 27 alvarligare
559 286 109 20 ishindren
690 286 39 20 och
746 286 32 20 till
793 285 51 27 följd
860 285 60 21 häraf

92 314 102 22 instäldes
218 320 86 14 resorna
319 314 61 20 äfven
396 314 133 27 nödtvunget
544 314 65 21 redan
628 314 98 27 omkring
741 314 122 27 nyärstiden
880 314 39 21 och

93 344 23 20 sä
131 343 61 27 tidigt
207 345 30 18 att
252 343 106 27 sjöpassen
374 342 46 21 icke
436 342 72 21 kunde
527 342 82 22 befaras
624 343 49 21 med
689 343 52 21 häst.
777 342 78 21 Härtill
869 342 50 21 kom

93 374 36 25 att,
144 372 27 20 dä
186 371 125 27 regeringen
325 371 21 21 af
361 371 116 21 statistiken
495 371 60 21 öfver
567 372 26 20 de
612 372 68 20 under
691 372 26 20 de
728 371 191 21 subventionerade

92 407 87 14 resorna
202 400 124 21 befordrade
349 406 162 21 passagerarene
535 400 38 20 och
590 400 39 21 den
646 400 111 21 medförda
772 400 67 20 lasten
855 400 64 27 ansåg

93 430 32 26 sig
146 428 64 27 finna,
232 430 30 19 att
283 430 29 19 ett
332 428 120 28 tillräckligt
474 428 64 21 behof
560 429 21 20 af
603 428 62 21 trafik
680 429 63 21 äfven
759 428 69 21 under
843 428 76 21 vinter-

93 458 128 21 mänaderna
243 457 47 21 icke
312 457 114 26 förefanns,
450 457 90 28 begäran
559 464 35 14 om
610 457 72 21 vidare
698 457 128 21 subvention
841 457 78 28 afslogs

93 488 55 19 samt
170 487 40 20 den
226 486 116 27 förklaring
357 485 65 28 afläts,
446 488 29 19 att
491 486 64 27 nägot
570 487 115 20 understöd
701 487 47 20 icke
764 486 71 21 vidare
851 486 68 21 skulle

86 515 100 27 .utgifvas
208 515 43 20 förr
272 517 25 18 än
321 514 150 27 äländingarne
494 515 76 26 själfva
592 517 48 25 toge
662 515 64 21 saken
744 522 34 13 om
793 515 57 20 hand
866 517 53 18 samt

93 550 76 21 genom
186 550 25 14 en
228 543 84 21 effektiv
328 543 156 28 aktieteckning
504 544 33 20 för
552 550 26 14 en
595 551 28 20 ny
639 543 78 28 ångare
733 543 94 28 tydligen
844 543 75 28 ädaga-

94 572 48 21 lade
165 572 182 27 nödvändigheten
363 572 21 21 af
399 572 82 21 Ålands
497 572 146 27 regelbundna
658 572 259 29 vinterkommunikation.

95 601 161 27 Uppställandet
278 601 20 20 af
321 607 24 14 en
369 601 65 20 sådan
457 601 86 20 fordran
567 603 24 18 är
613 601 53 20 dock
682 603 58 18 emot
754 601 82 20 Ålands
852 601 67 20 öfver-

94 629 139 28 hufvudtaget
255 629 7 20 i
287 629 76 28 många
378 629 115 21 afseenden
508 629 152 27 missgynnade
676 629 124 28 befolkning
815 631 30 19 ett
860 629 60 21 hårdt

94 658 35 27 tal,
145 660 55 25 enär,
215 658 69 20 såsom
300 658 61 21 ofvan
378 658 109 27 antyddes,
504 658 46 21 icke
566 658 66 21 häller
642 658 277 27 fastlandsinnebyggarene

94 687 6 20 i
117 686 68 27 någon
201 687 48 20 mån
266 687 79 20 direkte
361 687 83 26 deltaga
460 687 30 20 uti
506 687 142 20 kostnaderna
663 687 94 20 hvarken
768 687 32 20 för
809 687 111 27 järnvägar

95 715 39 20 och
156 715 87 21 kanaler
264 715 52 28 eller
338 715 366 27 vinterångbåtskommunikationer
720 716 38 20 och
775 715 89 21 emedan
879 715 41 21 till-

96 743 108 28 gångarna
219 744 32 21 för
266 744 80 20 Ålands
362 744 128 21 innevånare
506 750 77 21 genom
596 744 26 21 de
633 751 140 20 ogynsamma
783 744 137 21 ekonomiska

96 772 161 27 konjunkturer,
280 773 70 20 hvilka
372 773 23 26 ju
416 773 32 20 för
470 773 131 20 närvarande
624 773 90 20 öfveralt
729 773 81 26 härska,
833 779 88 14 numera

96 803 36 18 äro
148 801 23 20 så
185 801 136 27 begränsade,
337 803 30 18 att
382 801 135 26 deltagandet
533 801 30 21 uti
579 804 29 18 ett
624 801 124 28 visserligen
758 801 162 28 allmännyttigt,

96 836 49 14 men
161 829 54 21 dock
230 829 23 21 så
268 829 99 21 riskabelt
383 830 38 20 och
438 830 127 21 åtminstone
585 830 32 21 till
632 832 30 19 att
677 830 60 27 börja
752 830 49 21 med
817 830 104 27 vanskligt

95 858 81 26 företag
190 865 45 14 som
251 858 92 21 redande
358 859 7 20 i
380 859 147 26 vinterångare
542 861 23 26 är
580 861 48 18 rent
642 859 22 20 af
679 859 101 26 omöjligt.

165 887 101 20 Intresset
294 887 31 20 för
351 887 118 20 ordnandet
491 887 21 20 af
536 887 81 21 Ålands
645 887 276 21 vinterkommunikationer

96 915 65 20 borde
184 915 54 21 dock
258 922 49 14 vara
323 915 20 21 af
359 917 41 19 den
416 915 106 21 allmänna
539 918 66 25 natur,
621 918 30 19 att
666 916 126 27 tillräckliga
807 916 45 20 skäl
867 916 54 21 före-

96 943 68 21 finnas
187 944 33 20 för
237 944 136 27 uppoffrande
391 944 21 21 af
428 946 29 19 ett
472 951 42 20 par,
537 948 31 17 tre
584 945 146 20 hundratusen
746 945 60 20 mark
821 945 31 20 till
867 945 54 20 före-

96 975 68 24 tagets
186 973 158 26 igångsättande
366 975 54 18 samt
441 973 91 20 därefter
555 973 79 27 årligen
656 975 30 19 ett
701 980 37 20 par
753 973 121 21 tiotaltusen
890 973 31 21 till

97 1001 48 20 dess
167 1001 116 26 underhåll,
306 1008 25 14 en
350 1001 119 28 uppoffring
484 1008 45 14 som
545 1005 117 18 motsvarar
677 1002 142 27 anläggandet
834 1002 21 20 af
869 1002 53 21 blott

97 1029 65 28 några
186 1030 109 20 kilometer
316 1031 87 26 järnväg
424 1030 26 27 på
465 1030 131 21 fastalandet.
626 1030 41 27 Jag
682 1031 42 27 ber
735 1031 73 20 härvid
824 1030 98 21 särskildt

96 1058 22 20 få
140 1058 99 27 påminna
254 1065 35 14 om
303 1059 150 27 postföringen,
476 1059 92 23 hvilken,
591 1059 57 20 såväl
664 1059 31 20 till
710 1059 71 20 Åland
797 1059 47 20 från
859 1059 62 21 fasta-

97 1087 72 20 landet
190 1093 45 14 som
251 1087 46 20 från
312 1085 69 22 Åland
398 1087 32 21 till
445 1087 92 28 Sverige,
553 1091 22 17 är
590 1087 90 21 inrättad
697 1087 26 28 på
739 1089 29 19 ett
783 1087 61 28 högst
859 1088 63 21 otids-

97 1115 66 27 enligt
178 1117 40 19 sätt
233 1118 53 18 samt
302 1116 41 20 ofta
359 1116 120 21 förbunden
494 1116 49 21 med
559 1117 78 20 sådana
654 1116 139 21 vedermödor
809 1117 39 20 och
861 1117 60 25 faror,

98 1150 46 14 som
159 1146 65 19 trotsa
239 1145 72 26 hvarje
327 1144 135 27 beskrifning.

165 1173 182 26 Tillgodoseendet
363 1173 21 20 af
399 1180 28 13 nu
444 1173 159 27 ifrågavarande
623 1173 64 21 behof
703 1173 71 21 kunde
789 1173 57 21 dock
861 1173 61 21 äfven

97 1201 113 27 lämpligen
227 1201 107 21 förbindas
349 1202 48 20 med
414 1202 203 21 tillfredsställandet
632 1202 22 20 af
669 1204 29 19 ett
714 1204 69 25 annat,
799 1202 80 21 hvilket
889 1203 34 26 jag

98 1229 161 27 antydningsvis
274 1230 77 21 tillåter
365 1231 44 26 mig
424 1231 38 20 här
476 1232 119 19 omnämna.
619 1230 73 21 Redan
708 1231 32 20 för
755 1231 50 20 flere
822 1231 23 20 år
858 1231 64 20 sedan

98 1257 72 28 gjorde
186 1258 144 27 lotsstyrelsen
346 1259 97 20 anmälan
460 1265 32 14 om
509 1262 30 17 att
554 1259 33 20 för
603 1259 47 21 dess
668 1261 106 25 transport
787 1259 21 21 af
818 1259 105 28 fyrnings-

97 1286 96 22 material
204 1294 31 21 m.
251 1294 27 13 m.
294 1294 25 14 en
335 1287 119 27 lastångare
470 1294 49 14 vore
536 1287 21 21 af
573 1288 78 25 nöden;
668 1288 36 20 det
719 1288 76 27 fartyg,
811 1295 45 14 som
873 1288 50 27 byg-

98 1322 37 20 ges
150 1316 32 20 för
197 1316 81 20 Ålands
294 1316 136 27 vintertrafik,
450 1316 72 21 kunde
537 1316 86 27 mycket
638 1316 34 21 väl
688 1316 23 21 så
726 1317 93 28 inrättas,
835 1319 30 18 att
880 1317 43 21 det-

97 1350 87 21 samma,
205 1344 26 21 då
254 1344 34 21 det
309 1345 23 26 ju
353 1345 67 20 under
435 1351 120 15 sommaren
571 1345 46 21 icke
632 1345 102 21 behöfves
749 1345 27 27 på
791 1346 77 25 Aland,
891 1346 32 20 för

97 1379 25 14 en
139 1372 29 21 tid
184 1372 21 21 af
220 1373 129 27 exempelvis
365 1380 38 14 sex
419 1373 101 21 månader
535 1374 72 20 kunde
624 1374 21 20 få
661 1374 85 26 betjäna
760 1374 115 20 lotsvärket
891 1374 30 20 uti

99 1401 75 27 antydt
189 1402 105 20 afseende.

166 1429 31 21 På
218 1430 69 27 grund
309 1430 20 20 af
350 1430 35 26 alt,
407 1430 55 21 hvad
480 1431 36 26 jag
538 1430 44 21 haft
597 1433 51 18 äran
664 1431 79 26 anföra,
765 1431 32 20 får
812 1431 36 27 jag
863 1430 61 21 vörd-

97 1460 101 19 sammast
220 1458 83 21 anhålla
325 1460 30 19 att
378 1458 172 28 borgareståndet
573 1459 49 21 ville
645 1460 87 20 omfatta
748 1466 27 14 en
791 1459 132 27 underdånig

98 1486 88 27 petition
201 1487 83 21 därom:

840 1556 21 16 13
