1095 1717
317 110 179 22 Borgareståndet
509 111 58 17 1894.
591 112 22 16 15
626 111 52 17 febr.
843 105 40 21 267

155 189 78 27 Många
248 190 66 20 andra
329 190 104 28 exempel,
448 190 102 22 liknande
566 190 36 21 det
617 190 21 21 af
654 191 44 27 mig
714 191 120 27 omnämda,
842 190 72 22 kunde

85 218 87 21 anföras
194 218 46 21 från
255 218 83 22 landets
360 219 96 27 samtliga
473 219 76 27 städer,
568 225 50 15 men
632 220 36 26 jag
683 219 126 21 inskränker
824 219 43 27 mig
882 219 32 21 till

86 247 59 21 detta
166 247 54 21 enda
243 247 21 21 af
278 247 43 26 mig
344 247 88 21 anförda
448 248 38 20 och
509 254 63 14 anser
587 248 27 27 på
634 248 70 27 grund
726 248 59 20 däraf
799 250 30 18 att
844 248 69 27 någon

87 275 137 27 nedsättning
239 276 21 20 af
275 276 168 27 röstmaximum,
462 276 61 21 äfven
540 283 35 14 om
591 276 41 21 den
648 276 125 21 nuvarande
788 276 126 28 tidpunkten

87 310 50 15 vore
153 304 87 27 lämplig
255 304 33 20 för
302 310 27 14 en
344 304 123 28 förändring
481 305 22 21 af
513 305 115 21 bestående
639 305 153 27 förhållanden,
803 305 54 21 dock
867 305 47 21 icke

86 332 40 22 bör
141 332 85 22 komma
240 333 8 20 i
262 332 64 28 fråga.

156 390 34 20 Hr
204 390 173 27 Aejmelaeus:
407 390 46 20 Hra
468 390 152 21 Dahlström'in
642 390 143 21 esiintuoman
800 389 114 22 esimerkin

86 418 105 28 johdosta,
213 418 43 21 kun
277 418 42 21 hän
334 419 58 20 sanoi
416 420 82 20 eräässä
513 419 145 28 kaupungissa
681 418 75 22 olevan
772 425 22 15 se
810 418 104 28 epäkohta

87 449 45 20 että
146 447 60 21 siellä
221 454 28 14 on
266 447 40 21 600
322 447 144 27 työtätekevää
483 448 134 27 kuntalaista,
639 447 59 28 joilla
714 447 95 21 kullakin
825 454 26 14 on
867 447 46 26 yksi

88 476 104 27 veroäyri,
212 476 21 27 ja
248 476 48 27 yksi
310 476 91 27 henkilö,
416 476 49 27 joka
480 477 87 20 maksaa
581 477 95 20 kuntaan
692 483 63 14 veroa
771 483 72 14 saman
859 477 56 19 mää-

88 506 39 19 rän
142 505 52 20 kuin
210 505 99 20 mainitut
330 505 115 26 työmiehet
460 505 108 27 yhteensä,
591 505 86 27 pyydän
693 505 64 20 saada
778 505 137 20 huomauttaa

88 533 55 27 siitä,
158 535 42 19 että
214 533 48 27 yksi
278 533 95 26 veroäyri
389 534 19 20 ei
424 540 54 14 anna
493 533 163 21 minkäänlaista
671 533 143 21 äänioikeutta
825 532 90 21 kunnal-

88 561 70 21 lisissa
174 562 108 21 vaaleissa.
311 562 63 21 Tämä
389 562 112 21 esimerkki
518 563 19 20 ei
553 563 36 20 siis
605 562 33 21 ole
653 564 56 19 tässä
724 563 78 26 sopiva.

160 590 89 21 Muuten
265 591 95 20 ilmoitan
376 591 151 20 kannattavani
545 591 166 27 kysymyksessä
727 591 73 20 olevaa
815 590 100 27 säätyesi-

89 621 57 24 tystä
161 619 21 27 ja
198 625 26 14 on
240 619 74 21 minun
325 619 137 28 mielipiteeni
472 620 79 20 tukena
561 626 29 20 se,
601 621 42 19 että
654 620 74 20 minun
740 619 99 21 matkalle
851 621 64 18 tänne

90 647 100 22 lähtiessä
204 647 211 28 kotikaupungissani
430 648 74 21 minua
519 648 119 21 evästettiin
653 648 57 27 juuri
726 648 59 20 niillä
797 647 118 22 toivomuk-

89 676 54 27 silla,
166 676 52 21 mitä
232 679 56 18 tämä
309 677 101 20 motiooni
426 677 120 25 tarkoittaa;
570 677 83 20 erittäin
676 677 115 20 sikäläinen
815 678 101 25 työväen-

91 705 99 27 yhdistys
206 705 187 27 valtuutettujensa
408 705 73 21 kautta
496 705 85 21 esiintoi
595 705 90 21 minulle
698 707 62 19 nämä
769 705 146 21 toivomukset.

158 761 33 22 Hr
206 761 159 22 Dahlström:
395 762 42 27 Jag
453 762 36 20 vill
512 762 53 21 blott
581 762 47 21 med
652 762 116 27 anledning
783 762 20 21 af
825 762 25 20 hr
864 761 51 27 Aej-

89 790 103 21 melaeus”
208 791 139 27 anmärkning
363 793 112 18 omnämna
498 793 30 18 att
543 791 26 20 de
585 791 41 20 600
642 791 96 21 arbetare
760 791 35 26 jag
811 790 104 21 omtalade

90 819 134 27 naturligtvis
247 826 50 14 voro
320 819 100 21 taxerade
442 819 33 21 för
490 819 34 21 två
547 819 113 27 skattören,
684 825 49 15 men
749 819 96 21 betalade
861 819 55 20 skatt

91 847 53 22 blott
158 848 33 20 för
206 849 34 20 ett.

158 899 33 20 Hr
206 899 96 20 Malin:
318 899 40 28 Jag
373 899 38 21 ber
426 902 30 19 att
470 900 7 20 i
493 899 70 21 denna
579 899 59 28 fråga
652 899 22 21 få
689 899 97 27 uttrycka
802 899 44 20 min
862 898 54 21 åsikt

90 927 130 21 beträffande
236 928 104 20 kvinnans
363 928 108 21 valbarhet
485 928 32 21 till
538 928 194 27 förtroendeposter
750 928 7 20 i
772 927 143 21 stadsförvalt-

91 956 85 27 ningen.
205 955 42 22 Det
262 958 23 19 är
300 959 29 18 ett
350 957 129 26 fullkomligt
500 957 127 27 berättigadt
647 956 84 27 förslag,
752 963 45 14 som
813 956 102 20 motionä-

90 991 64 14 rerna
168 985 7 20 i
191 985 70 20 denna
276 985 34 20 del
325 987 56 25 göra.
410 985 77 21 Likaså
502 985 37 20 vill
561 985 36 28 jag
612 985 74 21 förena
708 985 43 27 mig
766 991 34 14 om
816 984 100 27 förslaget

90 1015 31 19 att
142 1013 100 21 valrätten
258 1013 69 21 skulle
343 1014 116 21 utsträckas
482 1014 31 21 till
529 1014 42 20 alla
587 1014 54 26 dem,
664 1020 44 14 som
725 1013 46 21 icke
787 1015 35 18 äro
838 1013 77 20 under-

91 1042 86 21 kastade
192 1042 204 27 legohjonsstadgan.
417 1042 102 21 Däremot
533 1043 42 20 kan
590 1043 36 26 jag
640 1043 47 20 icke
703 1042 27 27 på
745 1042 64 27 något
824 1043 40 19 sätt
875 1041 41 21 för-

92 1077 41 14 ena
149 1071 43 26 mig
214 1077 34 14 om
263 1071 173 20 röstmaximums
458 1071 106 27 sänkning
586 1071 47 20 från
652 1071 26 20 25
701 1073 67 18 röster
783 1070 31 21 till
839 1071 26 19 15
881 1069 34 21 vid

91 1099 138 20 kommunala
244 1099 40 20 val.
313 1099 42 21 Det
369 1100 38 20 har
422 1099 38 21 här
481 1100 22 20 af
518 1099 51 22 flere
592 1099 127 28 föregående
737 1099 65 21 talare
817 1098 100 21 framhål-

92 1127 36 21 lits
143 1129 30 19 att
188 1127 26 21 de
230 1134 105 21 personer,
350 1135 45 14 som
411 1128 68 21 skatta
494 1135 51 17 mer,
561 1128 63 21 äfven
640 1128 67 21 måste
723 1128 62 20 hafva
800 1129 67 19 större
881 1127 36 20 be-

93 1156 175 21 stämmanderätt
282 1157 7 20 i
304 1157 108 20 städernas
431 1157 138 20 ekonomiska
583 1157 76 26 frågor.
689 1156 39 26 Då,
743 1156 67 21 såsom
827 1156 26 20 hr
866 1155 51 21 Hei-

90 1184 36 21 kel
141 1185 120 25 framhållit,
275 1186 161 21 röstmaximum
448 1186 6 19 i
464 1185 86 27 Sverige
559 1187 24 18 är
588 1185 47 26 fyra
644 1185 79 27 gånger
731 1185 22 20 så
763 1185 51 27 högt
824 1191 45 14 som
879 1184 38 20 hos

91 1219 42 20 oss,
154 1213 23 20 så
193 1213 41 20 kan
250 1220 50 14 man
323 1213 33 21 väl
372 1214 46 21 icke
433 1214 47 21 med
497 1214 36 27 fog
551 1213 60 28 påstå
626 1217 30 17 att
671 1215 69 26 nägon
756 1213 116 26 anledning
887 1212 31 21 till

91 1241 122 28 skänkning
228 1242 21 20 af
264 1242 35 21 det
314 1243 123 20 nuvarande
453 1243 169 26 röstmaximum,
638 1243 26 20 25
675 1244 71 25 röster,
760 1248 49 15 vore
821 1241 96 28 behöflig.

161 1298 69 22 Sedan
247 1299 147 21 diskussionen
416 1300 51 20 härå
481 1300 112 20 förklarats
609 1300 97 25 afslutad,
727 1299 43 21 blef
784 1298 134 22 motionsför-

91 1327 68 27 slaget
182 1328 21 20 af
226 1328 83 20 ståndet
330 1328 131 21 remitteradt
483 1328 31 20 till
535 1328 43 27 lag-
594 1328 40 21 och
648 1328 213 24 ekonomiutskottet;
879 1327 38 21 och

92 1356 69 21 skulle
182 1356 102 21 remissen
300 1356 82 27 åtföljas
397 1356 23 21 af
434 1356 193 28 protokollsutdrag
642 1357 60 20 öfver
716 1357 41 20 den
773 1357 7 19 i
795 1357 65 19 saken
877 1356 41 20 för-

91 1384 118 28 siggångna
224 1385 154 21 diskussionen.

160 1475 118 28 Föredrogs
294 1476 35 20 hrr
343 1476 172 26 Herckmans,
530 1475 106 21 Idmans
659 1476 39 20 och
714 1474 105 22 Genetz'
836 1474 34 21 vid
886 1481 33 14 se-

92 1505 60 19 naste
167 1504 87 27 plenum
278 1504 114 27 bordlagda
407 1504 81 21 motion
512 1504 49 20 med
577 1504 78 27 förslag
670 1504 32 20 till
723 1504 122 26 förordning
860 1504 59 20 inne-
