1095 1717
343 114 179 20 Borgareståndet
535 114 56 17 1894.
617 114 23 16 10
653 114 59 21 april.
873 108 40 21 615

115 194 133 22 konkurrens
264 194 64 21 borde
343 194 99 26 förbjuda
457 194 32 27 sig
504 194 53 27 själf.
588 193 68 21 Dessa
671 195 36 19 äro
724 200 30 14 nu
769 194 26 21 de
811 200 43 21 nya
870 194 72 27 motiv,

114 230 46 14 som
180 223 60 21 skola
255 222 62 27 häjda
332 222 161 21 samskoleidén.
523 222 40 21 Om
579 222 201 28 öfverhufvudtaget
795 222 72 28 någon
882 222 60 27 bety-

113 252 59 21 delse
188 251 53 21 skall
256 251 98 21 tillmätas
370 251 54 27 dem,
440 251 23 21 så
478 253 23 19 är
516 251 36 21 det
568 251 33 21 väl
617 251 41 21 den
674 253 30 19 att
720 251 25 21 de
761 253 75 31 utgöra
855 252 29 20 ett
895 251 46 27 tyd-

115 280 38 33 ligt
168 280 58 21 bevis
242 280 32 27 på,
290 280 51 20 efter
356 280 71 20 hvilka
443 280 115 20 halmstrån
574 280 41 20 den
632 280 141 20 drunknande
788 282 23 18 är
823 280 7 20 i
840 280 61 20 stånd
912 281 30 19 att

116 310 64 26 gripa.
210 308 66 21 Dessa
300 308 44 21 skäl
367 308 137 27 vederläggas
526 308 81 21 kanske
623 308 46 21 bäst
684 314 77 21 genom
776 308 95 27 följande
887 310 53 19 utta-

114 338 64 20 lande
201 337 21 21 af
237 337 21 21 Z.
272 337 98 27 Topelius
385 337 64 21 redan
466 337 47 20 från
529 337 22 21 år
568 337 64 21 1878:
658 336 124 22 »Kvinnans
798 339 40 19 rätt
853 336 32 22 till
900 337 41 21 den

115 367 74 27 högsta
211 366 120 26 utbildning
354 365 110 21 samhället
479 366 42 20 kan
537 365 89 27 erbjuda
642 368 23 18 är
680 365 23 21 så
719 365 110 27 själffallen
846 368 30 18 att
890 365 51 21 hen-

116 402 38 14 nes
169 394 135 21 uteslutande
319 394 95 20 härintils
434 394 75 21 endast
521 394 41 21 kan
574 394 123 21 tillskrifvas
708 400 81 15 samma
800 394 141 21 traditionella

114 424 112 26 fördomar,
242 423 70 20 hvilka
329 424 105 26 utestängt
449 423 70 21 henne
535 422 46 21 från
598 423 41 21 den
655 422 43 21 lika
714 423 110 21 arfsrätten
844 423 39 21 och
901 424 40 20 rätt

114 455 31 18 att
160 452 34 21 vid
210 452 88 27 myndig
312 451 58 22 ålder
385 451 88 21 förvalta
494 452 32 20 sin
543 451 123 28 egendom.»
695 451 143 22 Reservanten
857 452 25 20 hr
897 451 43 22 Me-

114 481 80 27 lander,
216 487 44 14 som
284 481 35 20 vid
338 485 82 16 senaste
436 480 101 27 landtdag
552 481 7 20 i
575 487 81 14 samma
671 481 60 26 fråga
747 480 91 27 föreslog
853 482 30 19 att
898 483 42 24 stv-

114 510 69 21 relsen
206 509 106 21 tilsvidare
335 509 74 20 endast
432 509 68 20 skulle
516 509 165 21 subventionera
697 509 65 27 några
777 509 117 21 samskolor
909 509 31 21 till

113 538 161 27 försöksskolor,
289 537 71 22 ställer
375 538 32 27 sig
422 544 28 14 nu
467 537 134 28 fullständigt
615 538 27 27 på
653 537 181 22 motståndarenes
845 538 45 20 sida
901 538 39 21 och

113 567 89 20 föreslår
222 569 30 18 att
274 566 230 27 petitionsmemorialet
524 566 47 21 icke
593 567 63 20 mätte
672 566 32 22 till
719 566 70 27 någon
805 566 72 27 åtgärd
893 566 46 21 från

114 595 125 21 ständernas
262 595 44 20 sida
330 595 114 20 föranleda.
475 595 73 20 Såsom
572 595 65 21 motiv
660 595 72 20 härför
754 595 61 20 anför
836 595 41 20 han
893 595 47 20 icke

115 624 65 27 några
202 624 63 26 fakta,
288 630 44 14 som
356 623 68 21 skulle
446 624 62 20 hafva
532 624 93 27 uppstått
640 623 60 21 däraf
715 625 30 19 att
760 625 67 19 staten
843 623 7 20 i
865 623 75 27 själfva

114 653 74 20 värket
203 653 172 20 subventionerat
390 652 64 27 några
470 653 81 26 privata
566 652 123 27 samskolor,
705 654 51 19 utan
772 652 43 21 helt
830 652 72 21 enkelt
913 652 25 21 de

113 681 135 21 ekonomiskt
262 681 87 26 lysande
365 681 92 26 resultat,
472 681 71 20 hvilka
559 681 67 27 enligt
640 681 53 20 hans
709 681 117 26 beräkning
845 681 94 20 samsko-

115 709 61 21 lorna
192 710 62 20 hafva
270 709 89 21 medfört
374 709 21 21 åt
410 710 46 20 sina
471 709 86 27 stiftare,
573 709 38 21 och
628 709 26 21 de
669 709 33 21 för
712 711 68 19 staten
791 709 92 27 menliga
893 709 47 27 följ-

114 738 43 27 der,
173 745 45 14 som
234 738 68 21 skulle
317 738 133 27 uppkomma,
466 745 34 14 om
516 738 51 21 flere
578 738 79 21 sådana
667 738 89 27 lysande
766 737 75 21 affärer
851 738 6 20 i
867 737 73 22 landet

113 767 33 21 till
168 767 52 27 följd
243 767 21 20 af
278 767 266 27 statssubventioneringen
561 767 69 20 skulle
646 766 80 27 uppstå.
756 766 48 21 Han
821 768 70 25 säger:
917 766 23 21 »I

114 795 100 22 händelse
230 798 30 18 ett
274 797 52 19 stort
341 795 56 21 antal
412 795 87 27 privata,
515 795 21 20 af
551 798 68 18 staten
635 795 192 21 subventionerade
838 795 100 20 lärdoms-

113 824 72 21 skolor
208 824 102 27 uppstode
333 824 38 20 och
388 824 61 21 dessa
464 824 69 21 skulle
549 824 81 27 åtnjuta
646 824 154 21 allmänhetens
816 823 121 27 understöd,

114 853 66 20 mäste
196 855 73 24 staten,
285 859 34 14 om
335 853 39 20 den
392 853 36 20 vill
444 853 93 20 undvika
552 852 99 21 klandret
665 853 33 20 för
714 852 105 21 bristande
835 858 103 21 sparsam-

114 881 36 21 het
171 881 35 21 vid
229 881 122 21 utdelandet
373 881 21 20 af
417 881 45 20 sina
483 881 76 27 medel,
575 881 104 26 betydligt
694 881 115 20 inskränka
823 881 79 20 antalet
917 881 21 20 af

113 910 47 20 sina
175 916 55 21 egna
245 909 74 25 skolor,
335 910 99 27 möjligen
450 909 32 21 till
493 910 39 20 och
544 909 48 22 med
605 909 87 22 alldeles
703 910 94 27 upphöra
808 909 48 21 med
869 909 66 21 dem.»

114 938 11 21 I
147 938 100 21 händelse
271 945 29 14 nu
322 938 23 21 sä
360 939 68 20 skulle
444 945 56 20 vara,
515 938 70 21 säsom
601 939 25 20 hr
640 938 111 21 Melander
765 939 128 26 förutsätter,
908 940 30 19 att

113 967 146 20 samskolorna
274 967 68 20 skulle
357 967 65 20 vinna
438 967 154 20 allmänhetens
608 967 122 26 understöd,
745 967 23 20 sä
780 967 72 20 kunde
862 967 23 26 ju
896 967 42 20 lika

113 997 66 26 gärna
202 995 40 21 den
264 995 155 22 konklusionen
442 995 59 21 däraf
523 995 76 28 dragas
622 997 30 19 att
672 995 127 21 inrättandet
822 995 21 21 af
857 995 81 27 privata

113 1031 58 19 goss-
195 1024 39 21 och
255 1024 125 27 flickskolor,
403 1024 130 27 berättigade
555 1024 32 21 till
610 1024 134 26 subvention,
759 1024 69 21 skulle
843 1023 94 28 upphöra

113 1053 40 20 och
175 1053 100 26 möjligen
299 1053 64 20 redan
383 1053 128 27 förefintliga
532 1059 59 21 goss-
607 1053 39 20 och
661 1053 122 20 flickskolor
798 1052 139 21 sammansläs

113 1081 52 21 eller
183 1081 103 21 ombildas
302 1081 31 21 till
348 1081 121 27 samskolor,
485 1081 40 21 och
540 1082 7 19 i
563 1081 41 21 alla
619 1081 113 21 händelser
746 1081 69 21 skulle
829 1081 24 26 ju
869 1083 68 19 staten

113 1110 73 20 kunna
208 1116 73 21 parera
301 1110 41 21 den
358 1110 164 21 eventualiteten
539 1112 30 19 att
583 1109 68 22 måsta
666 1112 74 25 stänga
756 1110 45 20 sina
816 1109 71 21 skolor
902 1115 35 21 ge-

113 1145 50 14 nom
178 1140 30 19 att
222 1139 8 20 i
245 1139 29 20 tid
290 1138 47 27 själf
352 1139 76 20 inrätta
443 1139 123 26 samskolor,
582 1139 79 20 hvilket
676 1140 136 19 reservanten
824 1138 33 20 för
867 1140 69 19 resten

112 1167 62 20 äfven
188 1167 48 27 själf
251 1167 83 27 hoppas.
359 1167 42 20 För
415 1167 62 27 öfrigt
493 1167 41 21 kan
551 1167 41 21 den
608 1167 21 20 af
644 1167 78 21 honom
738 1167 87 20 anförda
835 1166 101 27 kalkylen

113 1195 125 28 näppeligen
261 1195 99 21 tillmätas
383 1196 69 27 nägon
476 1197 67 20 större
564 1195 110 28 betydelse
689 1195 23 21 sä
727 1195 62 28 länge
805 1195 40 21 han
861 1195 76 21 endast

113 1223 38 21 har
166 1223 101 22 beräknat
282 1224 155 21 samskolornas
452 1224 87 27 möjliga
554 1224 122 27 inkomster,
692 1226 50 19 utan
758 1226 30 19 att
798 1223 48 22 med
859 1225 30 19 ett
899 1223 37 21 ord

112 1254 114 19 omnämna
248 1253 60 20 deras
332 1253 91 27 utgifter,
443 1253 23 20 sä
481 1255 30 18 att
526 1259 50 14 man
592 1253 108 27 värkligen
716 1252 56 27 finge
788 1252 54 21 klart
857 1252 33 21 för
905 1252 31 27 sig

111 1281 55 21 huru
188 1287 49 21 pass
259 1281 95 21 räntabla
377 1281 75 21 affärer
467 1281 61 21 dessa
544 1281 71 21 skolor
630 1282 7 20 i
652 1281 76 27 själfva
744 1281 72 21 värket
831 1283 42 19 äro.
903 1280 33 22 Dä

112 1309 66 28 enligt
195 1310 149 28 förordningen
367 1310 21 21 af
411 1310 41 21 den
475 1311 26 19 11
524 1310 112 21 december
652 1311 56 20 1884
723 1310 103 27 styrelsen
842 1316 50 20 eger
907 1311 29 19 att

111 1338 54 21 efter
181 1339 111 27 »pröfning
307 1339 20 21 af
343 1338 105 22 behofven
464 1339 39 21 och
519 1339 220 27 omständigheterna»
757 1338 72 22 utdela
844 1340 92 18 statsun-

111 1366 84 22 derstöd
211 1367 21 21 ät
247 1368 80 26 privata
342 1367 110 27 gosskolor
466 1367 33 21 för
514 1368 73 26 hvarje
603 1368 5 20 i
624 1367 135 21 värksamhet
773 1366 93 22 varande
879 1366 57 21 klass

111 1395 32 21 till
158 1397 30 19 ett
203 1395 75 28 belopp
293 1396 32 20 för
340 1396 65 26 högre
421 1396 80 20 klasser
516 1396 20 20 af
551 1396 62 27 högst
628 1396 62 27 4,000
706 1396 60 20 mark
781 1396 39 20 och
836 1395 33 21 för
878 1394 57 28 lägre

111 1423 81 21 klasser
212 1424 21 20 af
248 1424 61 28 högst
324 1424 61 27 2,500
401 1424 65 27 mark,
481 1424 111 21 äfvensom
607 1426 31 19 att
643 1412 78 33 "under
736 1424 55 21 vissa
807 1423 129 33 omständig-

110 1452 59 21 heter
184 1452 88 33 indraga
286 1455 30 19 ett
331 1441 64 33 redan
407 1437 70 47 gifvet
492 1452 122 28 understöd,
629 1453 58 21 inser
700 1453 36 27 jag
746 1452 32 22 för
788 1452 44 21 min
843 1451 35 21 del
889 1452 46 21 icke

110 1480 60 21 faran
186 1481 21 20 af
222 1483 30 19 att
266 1481 7 20 i
288 1481 81 27 princip
384 1481 113 27 godkänna
511 1481 82 27 privata
608 1465 128 47 samskolors
747 1480 189 28 subventionering

111 1508 53 22 efter
178 1515 81 15 samma
274 1510 93 26 grunder
382 1516 45 14 som
443 1509 115 27 gosskolor.
585 1510 41 27 Jag
641 1510 38 20 ber
694 1512 30 18 att
738 1510 27 27 på
779 1509 36 21 det
830 1511 105 19 varmaste

109 1536 22 21 få
146 1537 84 21 förorda
245 1538 112 21 utskottets
371 1538 84 27 förslag.
