1095 1717
310 139 175 21 Borgareståndet
497 140 58 16 1894.
579 140 12 16 7
603 139 51 17 febr.
849 134 26 20 51

79 222 32 19 tre
121 220 135 28 suppleanter
265 220 33 20 för
309 220 72 26 hvarje
392 219 68 27 stånd,
469 220 52 21 eller
530 219 75 21 inalles
616 219 44 27 tolf,
671 219 81 21 hvilket
762 219 65 21 också
836 219 70 21 blifvit

81 248 107 28 godkändt
203 248 21 21 af
238 248 129 27 regeringen.
393 247 78 28 Många
485 248 112 21 enahanda
607 248 156 27 invändningar
770 248 72 21 kunde
857 247 49 21 med

81 277 45 21 skäl
141 279 61 25 göras
216 278 44 19 mot
276 276 39 21 den
331 282 30 14 nu
375 276 160 27 proklamerade
551 276 125 28 tolkningen
691 276 130 21 beträffande
836 276 69 28 giltig-

81 306 64 21 heten
168 306 20 20 af
211 305 53 21 1867
288 304 33 21 års
335 304 129 28 förordning.
480 318 27 2 —
521 304 42 22 För
585 304 63 28 öfrigt
663 304 68 21 skulle
746 305 35 27 jag
796 304 26 22 be
837 307 31 19 att
884 304 22 21 få

83 336 50 25 göra
147 334 65 27 några
227 333 65 21 andra
307 333 82 21 mindre
405 333 122 27 erinringar.
556 333 42 27 Jag
613 333 69 21 skulle
699 333 108 27 nämligen
822 333 84 21 anhålla

83 364 30 19 att
133 362 159 22 bankutskottet
311 361 49 21 ville
379 361 32 21 till
434 362 131 26 granskning
589 363 97 25 upptaga,
709 361 105 21 huruvida
838 362 27 20 de
885 361 22 21 af

83 390 101 22 Finlands
207 390 55 21 bank
284 390 99 21 noterade
406 390 102 20 kurserna
531 390 26 27 pä
578 390 112 20 utländska
704 390 84 21 valutor
802 392 106 19 motsvara

84 419 55 21 hvad
155 418 158 22 förhällandena
332 418 39 21 och
386 418 143 28 valutaprisen
545 418 26 28 pä
586 418 114 21 utländska
715 418 72 21 börser
801 418 34 21 för
848 418 59 21 tiden

84 447 98 28 päkallat.
211 447 42 21 Det
274 447 38 20 har
331 447 108 27 nämligen
462 447 144 27 mängfaldiga
626 447 81 28 gänger
721 447 91 27 antydts,
835 449 30 19 att
880 447 26 20 de

85 477 75 20 kurser
181 475 101 22 Finlands
303 475 56 21 bank
381 477 83 20 noterat
485 475 31 21 till
531 482 27 14 en
574 475 35 22 del
623 476 63 20 hafva
701 475 68 22 berott
783 475 28 28 pä
825 482 27 15 en
867 475 42 21 far-

86 504 54 27 häga
162 506 30 19 att
206 504 73 27 guldet
300 503 47 22 frän
368 503 102 22 Finlands
485 503 56 22 bank
556 504 70 21 skulle
640 506 84 25 uttagas
739 504 33 21 för
786 505 76 26 export
876 503 33 22 till

87 533 101 20 utlandet.
217 532 41 21 Det
272 533 38 20 har
325 532 66 21 tillika
406 532 99 21 förefallit
519 533 70 20 säsom
605 539 34 14 om
655 533 57 20 detta
727 533 45 20 skäl
786 532 47 21 icke
849 531 59 22 alltid

88 561 68 21 skulle
178 561 62 20 hafva
256 561 54 20 varit
326 567 42 21 nog
382 560 96 28 hällbart,
494 561 39 21 och
549 561 35 21 det
599 567 50 15 vore
665 561 70 21 därför
750 561 115 21 önskvärdt
879 562 30 19 att

88 589 164 27 bankutskottet,
268 589 46 21 med
331 589 41 21 den
387 589 140 28 sakkunskap,
547 589 113 21 hvaröfver
674 589 36 21 det
724 589 98 28 förfogar,
837 589 50 21 ville
902 589 7 20 i

91 618 56 21 detta
169 617 99 22 afseende
290 617 56 28 gifva
361 624 26 15 en
403 619 96 20 närmare
514 617 120 28 utredning.
650 630 27 3 —
692 617 34 22 En
741 625 70 14 annan
826 617 83 21 mindre

90 646 120 27 betydande
225 646 159 27 omständighet,
399 652 46 15 som
459 647 36 26 jag
509 646 63 21 äfven
583 646 49 21 ville
644 646 81 27 beröra,
735 649 23 18 är
768 648 30 19 att
808 645 101 22 Finlands

90 675 67 20 banks
172 675 6 20 i
194 675 92 20 rörelsen
308 675 172 20 förekommande
496 675 69 20 sedlar
581 675 43 20 ofta
638 677 36 19 äro
690 674 24 21 sä
728 675 95 21 förslitna
838 676 31 19 att
883 674 27 21 de

91 703 73 21 endast
178 703 48 21 med
242 703 80 27 obehag
336 703 73 20 kunna
424 703 22 21 af
460 703 143 21 allmänheten
618 703 111 27 begagnas.
754 703 41 21 Det
805 705 24 19 är
838 704 73 20 natur-

91 731 38 27 ligt
150 733 30 19 att
202 731 20 20 vi
236 731 47 21 icke
298 731 71 21 kunna
384 731 51 28 följa
450 734 29 18 ett
495 731 74 21 sädant
583 731 159 28 förfaringssätt,
758 738 45 14 som
818 732 38 20 här
871 731 40 20 och

91 759 37 21 där
142 759 7 21 i
164 759 96 22 utlandet
282 766 49 20 eger
352 766 53 20 rum,
427 760 107 27 nämligen
557 761 31 20 att
610 766 26 15 en
656 760 58 21 sedel
729 760 54 21 ifrän
799 761 30 20 ett
843 759 69 22 sedel-

92 787 122 28 utgifvande
229 788 83 21 institut
325 788 46 21 icke
387 788 72 21 vidare
481 788 111 27 utlämnas,
612 789 65 20 sedan
693 789 41 20 den
750 789 30 20 dit
794 788 118 27 inkommit,

91 823 49 14 men
163 816 54 21 dock
238 816 59 21 torde
312 816 59 27 långt
385 823 59 14 mera
458 817 8 20 i
481 817 99 20 afseende
588 812 12 36 ä
622 817 203 21 tillfredsställandet
839 816 21 21 af
875 816 38 21 all-

91 845 124 20 mänhetens
230 845 63 20 behof
308 845 20 20 af
343 847 30 18 ett
386 848 48 17 rent
450 845 39 20 och
504 847 63 25 snygt
581 845 121 27 sedelmynt
716 845 72 21 kunna
803 847 67 25 göras,
885 846 28 19 än

92 873 55 20 hvad
163 873 72 20 härtils
250 873 69 27 gjorts.
349 873 38 21 Att
402 873 36 21 det
451 873 47 21 icke
513 875 23 19 är
551 873 53 22 brist
617 874 27 27 pä
655 874 29 20 tid
695 874 33 21 för
738 873 173 27 sedeltryckeriet

93 903 30 18 att
139 901 143 21 åstadkomma
297 901 60 21 dessa
372 901 70 21 sedlar
457 908 62 21 synes
535 902 60 21 däraf
610 904 34 25 att,
660 902 69 21 såsom
745 903 7 20 i
770 902 9 27 &
792 903 11 20 8
814 901 21 21 af
847 901 66 21 bank-

93 929 142 28 fullmäktiges
258 930 111 21 berättelse
391 931 94 26 nämnes,
505 930 173 27 sedeltryckeriet
699 931 53 20 varit
767 930 85 27 stängdt
865 929 48 21 frän

93 957 73 28 början
183 958 21 21 af
218 958 24 21 är
257 959 53 20 1892
326 958 31 21 till
373 958 41 21 den
431 959 10 20 1
458 959 119 27 september
593 959 59 20 1893.

162 1015 32 20 Hr
208 1015 125 21 Heikel:
349 1015 69 21 Jämte
434 1015 35 22 det
483 1016 35 27 jag
533 1015 95 22 anhåller
642 1017 30 20 att
687 1015 21 22 få
723 1016 72 21 förena
810 1015 44 28 mig
869 1015 6 20 i
887 1015 26 20 de

94 1043 128 27 uttalanden,
245 1050 45 14 som
312 1043 21 21 af
355 1044 36 20 hrr
405 1044 105 21 Borenius
525 1045 39 20 och
579 1051 42 14 von
637 1044 71 21 Pfaler
722 1044 63 21 hafva
799 1044 66 27 gjorts
880 1045 33 19 rö-

95 1071 64 21 rande
176 1072 25 26 $$
218 1072 10 20 1
246 1072 38 21 och
300 1073 12 19 2
334 1072 6 20 i
357 1072 69 21 denna
448 1072 118 27 berättelse,
588 1072 38 21 ber
640 1073 34 27 jag
697 1074 31 19 att
742 1073 21 20 få
778 1074 55 25 yttra
848 1072 66 27 några

95 1099 37 20 ord
147 1100 49 21 med
212 1100 114 28 anledning
341 1101 21 20 af
376 1100 200 28 bankfullmäktiges
592 1101 27 27 pä
633 1101 38 20 sid.
686 1101 34 20 III
735 1101 123 20 framstälda
872 1101 42 20 för-

95 1128 50 27 slag,
161 1130 29 19 att
204 1128 48 21 hela
267 1129 40 20 den
323 1129 118 27 disponibla
457 1129 82 21 vinsten
553 1129 8 20 i
576 1129 90 27 banken,
682 1129 125 28 uppgäende
823 1129 31 20 till
870 1135 45 14 om-

94 1156 62 27 kring
178 1157 109 26 3,100,000
310 1157 65 27 mark,
397 1157 69 22 skulle
489 1157 116 21 öfverföras
627 1157 32 21 till
674 1158 94 21 bankens
783 1157 130 21 reservfond.

94 1184 41 27 Jag
150 1185 88 20 förbiser
252 1185 46 21 icke
314 1187 29 19 att
358 1187 29 19 ett
401 1186 90 27 institut,
499 1186 75 21 sädant
589 1192 45 15 som
650 1186 101 21 Finlands
766 1185 62 27 bank,
844 1185 23 20 är
881 1185 34 21 för

95 1212 22 21 är
132 1213 100 21 behöfver
246 1213 142 28 förstärkning
403 1214 21 21 af
439 1215 46 20 sina
500 1214 193 27 kapitaltillsängar
717 1215 33 20 för
764 1216 30 19 att
808 1215 107 19 motsvara

95 1241 26 20 de
136 1241 90 27 anspräk
242 1248 43 14 som
302 1242 71 21 ställas
387 1242 27 27 pä
430 1243 121 20 detsamma.
573 1242 50 21 Men
638 1243 36 27 jag
688 1243 66 21 mäste
765 1242 54 21 dock
829 1242 87 21 betvifla

95 1271 30 18 att
140 1271 29 19 ett
183 1269 90 28 värkligt
287 1270 63 21 behof
364 1271 115 21 förefinnes
493 1271 32 21 för
540 1277 26 15 en
582 1271 23 21 sä
620 1271 57 21 stark
692 1271 80 28 ökning
786 1271 27 27 pä
823 1277 27 15 en
858 1270 57 28 gäng

95 1298 21 20 af
132 1298 94 20 bankens
247 1300 47 25 eget
308 1298 83 28 kapital,
412 1300 60 26 hälst,
488 1300 66 27 enligt
576 1300 124 20 ständernas
715 1300 75 26 beslut,
812 1299 66 21 redan
893 1299 22 21 af

95 1326 83 21 vinsten
194 1326 78 28 ärligen
288 1326 110 22 öfverförts
419 1334 26 14 en
462 1328 42 20 viss
519 1328 34 21 del
575 1328 31 20 till
621 1328 157 21 reservfonden.
807 1327 43 21 Det
864 1333 51 15 vore

95 1354 98 22 särskildt
207 1355 67 21 under
289 1356 130 21 närvarande
434 1356 153 27 förhällanden,
603 1356 31 27 dä,
650 1356 69 21 säsom
729 1356 71 27 kändt,
811 1356 26 21 de
847 1356 68 20 finan-

95 1382 59 21 siella
182 1390 122 14 resurserna
332 1383 85 22 komma
440 1386 29 19 att
491 1386 58 26 tagas
565 1386 80 26 strängt
664 1385 8 21 i
690 1385 90 27 anspråk
796 1385 39 20 och
851 1384 27 20 dä
892 1384 22 20 vi

95 1411 62 21 hafva
172 1413 30 19 att
216 1412 96 20 förvänta
327 1412 153 27 propositioner
494 1413 48 21 med
558 1413 79 27 förslag
652 1413 31 21 till
699 1420 43 20 nya
757 1413 84 26 skatter,
856 1418 59 20 myc-

95 1439 36 21 ket
146 1442 125 25 oangenämt
286 1447 34 14 om
335 1440 114 21 ständerna
463 1441 47 21 icke
521 1441 68 21 skulle
605 1441 73 21 kunna
693 1442 97 20 använda
805 1447 28 15 en
848 1442 67 18 större

95 1467 34 21 del
145 1468 21 20 af
181 1468 41 21 den
237 1474 29 14 nu
292 1468 116 28 disponibla
424 1469 141 21 bankvinsten
589 1469 34 21 för
637 1470 107 20 allmänna
758 1468 157 22 statsändamäl.

95 1494 73 22 Säsom
184 1496 43 20 skäl
252 1496 32 21 för
299 1497 69 21 denna
391 1499 56 19 stora
462 1497 143 27 förstärkning
626 1498 22 20 af
663 1498 95 20 bankens
774 1499 47 26 eget
836 1496 80 28 kapital

95 1524 89 26 anföres,
207 1527 30 18 att
252 1524 41 22 den
316 1528 83 18 senaste
414 1526 70 20 tidens
507 1526 119 20 erfarenhet
640 1526 56 26 änyo
718 1526 111 27 ädagalagt
844 1525 73 21 vikten
