<?xml version="1.0" encoding="UTF-8"?>
<alto xmlns="http://www.loc.gov/standards/alto/ns-v3#" xmlns:xlink="http://www.w3.org/1999/xlink" xmlns:xsi="http://www.w3.org/2001/XMLSchema-instance" xsi:schemaLocation="http://www.loc.gov/standards/alto/ns-v3# http://www.loc.gov/alto/v3/alto-3-0.xsd">
	<Description>
		<MeasurementUnit>pixel</MeasurementUnit>
		<sourceImageInformation>
			<fileName>/tmp/tess_3xjxgb1z_input.PNG</fileName>
		</sourceImageInformation>
		<OCRProcessing ID="OCR_0">
			<ocrProcessingStep>
				<processingSoftware>
					<softwareName>tesseract 5.3.4</softwareName>
				</processingSoftware>
			</ocrProcessingStep>
		</OCRProcessing>
	</Description>
	<Layout>
		<Page WIDTH="1095" HEIGHT="1717" PHYSICAL_IMG_NR="0" ID="page_0">
			<PrintSpace HPOS="0" VPOS="0" WIDTH="1095" HEIGHT="1717">
				<ComposedBlock ID="cblock_0" HPOS="324" VPOS="114" WIDTH="568" HEIGHT="26">
					<TextBlock ID="block_0" HPOS="324" VPOS="114" WIDTH="568" HEIGHT="26">
						<TextLine ID="line_0" HPOS="324" VPOS="114" WIDTH="568" HEIGHT="26">
							<String ID="string_0" HPOS="324" VPOS="118" WIDTH="177" HEIGHT="22" WC="0.91" CONTENT="Borgareståndet"/><SP WIDTH="15" VPOS="118" HPOS="501"/>
							<String ID="string_1" HPOS="516" VPOS="120" WIDTH="57" HEIGHT="16" WC="0.96" CONTENT="1894."/><SP WIDTH="27" VPOS="120" HPOS="573"/>
							<String ID="string_2" HPOS="600" VPOS="120" WIDTH="11" HEIGHT="16" WC="0.61" CONTENT="7"/><SP WIDTH="13" VPOS="120" HPOS="611"/>
							<String ID="string_3" HPOS="624" VPOS="119" WIDTH="51" HEIGHT="17" WC="0.55" CONTENT="fehr."/><SP WIDTH="192" VPOS="119" HPOS="675"/>
							<String ID="string_4" HPOS="867" VPOS="114" WIDTH="25" HEIGHT="19" WC="0.96" CONTENT="59"/>
						</TextLine>
					</TextBlock>
				</ComposedBlock>
				<GraphicalElement ID="cblock_1" HPOS="98" VPOS="148" WIDTH="823" HEIGHT="14"></GraphicalElement >
				<ComposedBlock ID="cblock_2" HPOS="89" VPOS="198" WIDTH="844" HEIGHT="1327">
					<TextBlock ID="block_1" HPOS="89" VPOS="198" WIDTH="844" HEIGHT="1327">
						<TextLine ID="line_1" HPOS="99" VPOS="198" WIDTH="824" HEIGHT="22">
							<String ID="string_5" HPOS="99" VPOS="198" WIDTH="79" HEIGHT="21" WC="0.95" CONTENT="landen"/><SP WIDTH="22" VPOS="198" HPOS="178"/>
							<String ID="string_6" HPOS="200" VPOS="200" WIDTH="52" HEIGHT="19" WC="0.96" CONTENT="stort"/><SP WIDTH="22" VPOS="200" HPOS="252"/>
							<String ID="string_7" HPOS="274" VPOS="198" WIDTH="91" HEIGHT="21" WC="0.95" CONTENT="skolhus."/><SP WIDTH="31" VPOS="198" HPOS="365"/>
							<String ID="string_8" HPOS="396" VPOS="198" WIDTH="74" HEIGHT="21" WC="0.96" CONTENT="Under"/><SP WIDTH="18" VPOS="198" HPOS="470"/>
							<String ID="string_9" HPOS="488" VPOS="199" WIDTH="26" HEIGHT="21" WC="0.96" CONTENT="de"/><SP WIDTH="13" VPOS="199" HPOS="514"/>
							<String ID="string_10" HPOS="527" VPOS="199" WIDTH="28" HEIGHT="20" WC="0.96" CONTENT="33"/><SP WIDTH="15" VPOS="199" HPOS="555"/>
							<String ID="string_11" HPOS="570" VPOS="198" WIDTH="24" HEIGHT="21" WC="0.96" CONTENT="år"/><SP WIDTH="14" VPOS="198" HPOS="594"/>
							<String ID="string_12" HPOS="608" VPOS="198" WIDTH="75" HEIGHT="21" WC="0.96" CONTENT="skolan"/><SP WIDTH="16" VPOS="198" HPOS="683"/>
							<String ID="string_13" HPOS="699" VPOS="198" WIDTH="54" HEIGHT="21" WC="0.96" CONTENT="varit"/><SP WIDTH="14" VPOS="198" HPOS="753"/>
							<String ID="string_14" HPOS="767" VPOS="198" WIDTH="8" HEIGHT="21" WC="0.93" CONTENT="i"/><SP WIDTH="15" VPOS="198" HPOS="775"/>
							<String ID="string_15" HPOS="790" VPOS="198" WIDTH="133" HEIGHT="21" WC="0.91" CONTENT="värksamhet"/>
						</TextLine>
						<TextLine ID="line_2" HPOS="99" VPOS="226" WIDTH="823" HEIGHT="28">
							<String ID="string_16" HPOS="99" VPOS="227" WIDTH="63" HEIGHT="21" WC="0.95" CONTENT="hafva"/><SP WIDTH="16" VPOS="227" HPOS="162"/>
							<String ID="string_17" HPOS="178" VPOS="226" WIDTH="30" HEIGHT="21" WC="0.96" CONTENT="dit"/><SP WIDTH="14" VPOS="226" HPOS="208"/>
							<String ID="string_18" HPOS="222" VPOS="226" WIDTH="86" HEIGHT="27" WC="0.96" CONTENT="intagits"/><SP WIDTH="15" VPOS="226" HPOS="308"/>
							<String ID="string_19" HPOS="323" VPOS="226" WIDTH="40" HEIGHT="21" WC="0.96" CONTENT="527"/><SP WIDTH="17" VPOS="226" HPOS="363"/>
							<String ID="string_20" HPOS="380" VPOS="226" WIDTH="76" HEIGHT="28" WC="0.96" CONTENT="elever,"/><SP WIDTH="16" VPOS="226" HPOS="456"/>
							<String ID="string_21" HPOS="472" VPOS="227" WIDTH="8" HEIGHT="20" WC="0.96" CONTENT="i"/><SP WIDTH="15" VPOS="227" HPOS="480"/>
							<String ID="string_22" HPOS="495" VPOS="226" WIDTH="100" HEIGHT="22" WC="0.96" CONTENT="medeltal"/><SP WIDTH="16" VPOS="226" HPOS="595"/>
							<String ID="string_23" HPOS="611" VPOS="226" WIDTH="26" HEIGHT="21" WC="0.96" CONTENT="16"/><SP WIDTH="16" VPOS="226" HPOS="637"/>
							<String ID="string_24" HPOS="653" VPOS="233" WIDTH="36" HEIGHT="15" WC="0.96" CONTENT="om"/><SP WIDTH="15" VPOS="233" HPOS="689"/>
							<String ID="string_25" HPOS="704" VPOS="226" WIDTH="50" HEIGHT="22" WC="0.95" CONTENT="året."/><SP WIDTH="17" VPOS="226" HPOS="754"/>
							<String ID="string_26" HPOS="771" VPOS="226" WIDTH="80" HEIGHT="22" WC="0.96" CONTENT="Största"/><SP WIDTH="9" VPOS="226" HPOS="851"/>
							<String ID="string_27" HPOS="860" VPOS="226" WIDTH="62" HEIGHT="21" WC="0.96" CONTENT="delen"/>
						</TextLine>
						<TextLine ID="line_3" HPOS="99" VPOS="254" WIDTH="824" HEIGHT="28">
							<String ID="string_28" HPOS="99" VPOS="255" WIDTH="23" HEIGHT="21" WC="0.96" CONTENT="af"/><SP WIDTH="21" VPOS="255" HPOS="122"/>
							<String ID="string_29" HPOS="143" VPOS="255" WIDTH="62" HEIGHT="21" WC="0.95" CONTENT="dessa"/><SP WIDTH="22" VPOS="255" HPOS="205"/>
							<String ID="string_30" HPOS="227" VPOS="254" WIDTH="75" HEIGHT="27" WC="0.95" CONTENT="elever,"/><SP WIDTH="17" VPOS="254" HPOS="302"/>
							<String ID="string_31" HPOS="319" VPOS="255" WIDTH="68" HEIGHT="27" WC="0.64" CONTENT="54%,"/><SP WIDTH="16" VPOS="255" HPOS="387"/>
							<String ID="string_32" HPOS="403" VPOS="255" WIDTH="63" HEIGHT="21" WC="0.96" CONTENT="hafva"/><SP WIDTH="19" VPOS="255" HPOS="466"/>
							<String ID="string_33" HPOS="485" VPOS="256" WIDTH="102" HEIGHT="26" WC="0.96" CONTENT="antingen"/><SP WIDTH="14" VPOS="256" HPOS="587"/>
							<String ID="string_34" HPOS="601" VPOS="254" WIDTH="124" HEIGHT="28" WC="0.93" CONTENT="genomgått"/><SP WIDTH="14" VPOS="254" HPOS="725"/>
							<String ID="string_35" HPOS="739" VPOS="255" WIDTH="118" HEIGHT="21" WC="0.92" CONTENT="lärovärket"/><SP WIDTH="16" VPOS="255" HPOS="857"/>
							<String ID="string_36" HPOS="873" VPOS="255" WIDTH="50" HEIGHT="21" WC="0.96" CONTENT="eller"/>
						</TextLine>
						<TextLine ID="line_4" HPOS="99" VPOS="283" WIDTH="824" HEIGHT="28">
							<String ID="string_37" HPOS="99" VPOS="284" WIDTH="66" HEIGHT="21" WC="0.96" CONTENT="slutat"/><SP WIDTH="14" VPOS="284" HPOS="165"/>
							<String ID="string_38" HPOS="179" VPOS="284" WIDTH="27" HEIGHT="27" WC="0.96" CONTENT="pä"/><SP WIDTH="15" VPOS="284" HPOS="206"/>
							<String ID="string_39" HPOS="221" VPOS="283" WIDTH="48" HEIGHT="21" WC="0.93" CONTENT="dess"/><SP WIDTH="14" VPOS="283" HPOS="269"/>
							<String ID="string_40" HPOS="283" VPOS="283" WIDTH="48" HEIGHT="21" WC="0.92" CONTENT="4:de"/><SP WIDTH="15" VPOS="283" HPOS="331"/>
							<String ID="string_41" HPOS="346" VPOS="283" WIDTH="61" HEIGHT="21" WC="0.93" CONTENT="klass."/><SP WIDTH="27" VPOS="283" HPOS="407"/>
							<String ID="string_42" HPOS="434" VPOS="283" WIDTH="153" HEIGHT="21" WC="0.91" CONTENT="Hufvuddelen"/><SP WIDTH="15" VPOS="283" HPOS="587"/>
							<String ID="string_43" HPOS="602" VPOS="284" WIDTH="21" HEIGHT="20" WC="0.96" CONTENT="af"/><SP WIDTH="15" VPOS="284" HPOS="623"/>
							<String ID="string_44" HPOS="638" VPOS="283" WIDTH="26" HEIGHT="21" WC="0.96" CONTENT="de"/><SP WIDTH="16" VPOS="283" HPOS="664"/>
							<String ID="string_45" HPOS="680" VPOS="284" WIDTH="93" HEIGHT="26" WC="0.96" CONTENT="intagna,"/><SP WIDTH="15" VPOS="284" HPOS="773"/>
							<String ID="string_46" HPOS="788" VPOS="284" WIDTH="52" HEIGHT="21" WC="0.96" CONTENT="eller"/><SP WIDTH="15" VPOS="284" HPOS="840"/>
							<String ID="string_47" HPOS="855" VPOS="284" WIDTH="26" HEIGHT="20" WC="0.92" CONTENT="60"/><SP WIDTH="9" VPOS="284" HPOS="881"/>
							<String ID="string_48" HPOS="890" VPOS="284" WIDTH="33" HEIGHT="26" WC="0.12" CONTENT="&quot;/,,"/>
						</TextLine>
						<TextLine ID="line_5" HPOS="100" VPOS="311" WIDTH="824" HEIGHT="28">
							<String ID="string_49" HPOS="100" VPOS="312" WIDTH="64" HEIGHT="21" WC="0.95" CONTENT="hafva"/><SP WIDTH="22" VPOS="312" HPOS="164"/>
							<String ID="string_50" HPOS="186" VPOS="312" WIDTH="62" HEIGHT="26" WC="0.96" CONTENT="slagit"/><SP WIDTH="14" VPOS="312" HPOS="248"/>
							<String ID="string_51" HPOS="262" VPOS="311" WIDTH="33" HEIGHT="27" WC="0.96" CONTENT="sig"/><SP WIDTH="14" VPOS="311" HPOS="295"/>
							<String ID="string_52" HPOS="309" VPOS="311" WIDTH="26" HEIGHT="28" WC="0.96" CONTENT="pä"/><SP WIDTH="12" VPOS="311" HPOS="335"/>
							<String ID="string_53" HPOS="347" VPOS="312" WIDTH="108" HEIGHT="27" WC="0.96" CONTENT="praktiska"/><SP WIDTH="14" VPOS="312" HPOS="455"/>
							<String ID="string_54" HPOS="469" VPOS="312" WIDTH="72" HEIGHT="27" WC="0.96" CONTENT="banor,"/><SP WIDTH="16" VPOS="312" HPOS="541"/>
							<String ID="string_55" HPOS="557" VPOS="312" WIDTH="78" HEIGHT="20" WC="0.96" CONTENT="medan"/><SP WIDTH="15" VPOS="312" HPOS="635"/>
							<String ID="string_56" HPOS="650" VPOS="312" WIDTH="98" HEIGHT="27" WC="0.96" CONTENT="omkring"/><SP WIDTH="16" VPOS="312" HPOS="748"/>
							<String ID="string_57" HPOS="764" VPOS="312" WIDTH="26" HEIGHT="20" WC="0.92" CONTENT="26"/><SP WIDTH="9" VPOS="312" HPOS="790"/>
							<String ID="string_58" HPOS="799" VPOS="312" WIDTH="26" HEIGHT="25" WC="0.78" CONTENT="/,"/><SP WIDTH="16" VPOS="312" HPOS="825"/>
							<String ID="string_59" HPOS="841" VPOS="312" WIDTH="83" HEIGHT="21" WC="0.96" CONTENT="fortsatt"/>
						</TextLine>
						<TextLine ID="line_6" HPOS="101" VPOS="340" WIDTH="824" HEIGHT="22">
							<String ID="string_60" HPOS="101" VPOS="341" WIDTH="47" HEIGHT="21" WC="0.95" CONTENT="sina"/><SP WIDTH="14" VPOS="341" HPOS="148"/>
							<String ID="string_61" HPOS="162" VPOS="340" WIDTH="81" HEIGHT="21" WC="0.96" CONTENT="studier"/><SP WIDTH="15" VPOS="340" HPOS="243"/>
							<String ID="string_62" HPOS="258" VPOS="340" WIDTH="22" HEIGHT="20" WC="0.97" CONTENT="sä"/><SP WIDTH="15" VPOS="340" HPOS="280"/>
							<String ID="string_63" HPOS="295" VPOS="342" WIDTH="30" HEIGHT="19" WC="0.96" CONTENT="att"/><SP WIDTH="14" VPOS="342" HPOS="325"/>
							<String ID="string_64" HPOS="339" VPOS="340" WIDTH="26" HEIGHT="21" WC="0.96" CONTENT="de"/><SP WIDTH="10" VPOS="340" HPOS="365"/>
							<String ID="string_65" HPOS="375" VPOS="340" WIDTH="82" HEIGHT="21" WC="0.93" CONTENT="hunnit"/><SP WIDTH="13" VPOS="340" HPOS="457"/>
							<String ID="string_66" HPOS="470" VPOS="340" WIDTH="151" HEIGHT="21" WC="0.95" CONTENT="universitetet."/><SP WIDTH="30" VPOS="340" HPOS="621"/>
							<String ID="string_67" HPOS="651" VPOS="340" WIDTH="33" HEIGHT="21" WC="0.95" CONTENT="Då"/><SP WIDTH="16" VPOS="340" HPOS="684"/>
							<String ID="string_68" HPOS="700" VPOS="346" WIDTH="89" HEIGHT="15" WC="0.96" CONTENT="numera"/><SP WIDTH="10" VPOS="346" HPOS="789"/>
							<String ID="string_69" HPOS="799" VPOS="340" WIDTH="33" HEIGHT="21" WC="0.96" CONTENT="för"/><SP WIDTH="11" VPOS="340" HPOS="832"/>
							<String ID="string_70" HPOS="843" VPOS="340" WIDTH="82" HEIGHT="21" WC="0.96" CONTENT="inträde"/>
						</TextLine>
						<TextLine ID="line_7" HPOS="101" VPOS="368" WIDTH="824" HEIGHT="28">
							<String ID="string_71" HPOS="101" VPOS="368" WIDTH="28" HEIGHT="28" WC="0.96" CONTENT="pä"/><SP WIDTH="21" VPOS="368" HPOS="129"/>
							<String ID="string_72" HPOS="150" VPOS="368" WIDTH="52" HEIGHT="22" WC="0.96" CONTENT="flera"/><SP WIDTH="14" VPOS="368" HPOS="202"/>
							<String ID="string_73" HPOS="216" VPOS="368" WIDTH="106" HEIGHT="27" WC="0.93" CONTENT="praktiska"/><SP WIDTH="22" VPOS="368" HPOS="322"/>
							<String ID="string_74" HPOS="344" VPOS="368" WIDTH="72" HEIGHT="28" WC="0.92" CONTENT="banor,"/><SP WIDTH="22" VPOS="368" HPOS="416"/>
							<String ID="string_75" HPOS="438" VPOS="368" WIDTH="69" HEIGHT="21" WC="0.93" CONTENT="säsom"/><SP WIDTH="13" VPOS="368" HPOS="507"/>
							<String ID="string_76" HPOS="520" VPOS="368" WIDTH="35" HEIGHT="21" WC="0.93" CONTENT="vid"/><SP WIDTH="15" VPOS="368" HPOS="555"/>
							<String ID="string_77" HPOS="570" VPOS="368" WIDTH="123" HEIGHT="28" WC="0.92" CONTENT="telegrafen,"/><SP WIDTH="15" VPOS="368" HPOS="693"/>
							<String ID="string_78" HPOS="708" VPOS="370" WIDTH="81" HEIGHT="26" WC="0.93" CONTENT="posten,"/><SP WIDTH="15" VPOS="370" HPOS="789"/>
							<String ID="string_79" HPOS="804" VPOS="369" WIDTH="121" HEIGHT="27" WC="0.93" CONTENT="järnvägen,"/>
						</TextLine>
						<TextLine ID="line_8" HPOS="102" VPOS="396" WIDTH="823" HEIGHT="28">
							<String ID="string_80" HPOS="102" VPOS="396" WIDTH="181" HEIGHT="28" WC="0.92" CONTENT="apotekareyrket,"/><SP WIDTH="14" VPOS="396" HPOS="283"/>
							<String ID="string_81" HPOS="297" VPOS="399" WIDTH="54" HEIGHT="19" WC="0.96" CONTENT="samt"/><SP WIDTH="22" VPOS="399" HPOS="351"/>
							<String ID="string_82" HPOS="373" VPOS="397" WIDTH="32" HEIGHT="21" WC="0.93" CONTENT="för"/><SP WIDTH="17" VPOS="397" HPOS="405"/>
							<String ID="string_83" HPOS="422" VPOS="397" WIDTH="82" HEIGHT="21" WC="0.93" CONTENT="inträde"/><SP WIDTH="15" VPOS="397" HPOS="504"/>
							<String ID="string_84" HPOS="519" VPOS="397" WIDTH="8" HEIGHT="20" WC="0.96" CONTENT="i"/><SP WIDTH="14" VPOS="397" HPOS="527"/>
							<String ID="string_85" HPOS="541" VPOS="397" WIDTH="66" HEIGHT="21" WC="0.93" CONTENT="första"/><SP WIDTH="14" VPOS="397" HPOS="607"/>
							<String ID="string_86" HPOS="621" VPOS="396" WIDTH="175" HEIGHT="22" WC="0.92" CONTENT="handelsklassen"/><SP WIDTH="15" VPOS="396" HPOS="796"/>
							<String ID="string_87" HPOS="811" VPOS="397" WIDTH="22" HEIGHT="21" WC="0.93" CONTENT="af"/><SP WIDTH="14" VPOS="397" HPOS="833"/>
							<String ID="string_88" HPOS="847" VPOS="396" WIDTH="78" HEIGHT="22" WC="0.92" CONTENT="Brahe-"/>
						</TextLine>
						<TextLine ID="line_9" HPOS="103" VPOS="424" WIDTH="822" HEIGHT="29">
							<String ID="string_89" HPOS="103" VPOS="426" WIDTH="58" HEIGHT="21" WC="0.93" CONTENT="stads"/><SP WIDTH="22" VPOS="426" HPOS="161"/>
							<String ID="string_90" HPOS="183" VPOS="424" WIDTH="148" HEIGHT="22" WC="0.92" CONTENT="handelsskola"/><SP WIDTH="22" VPOS="424" HPOS="331"/>
							<String ID="string_91" HPOS="353" VPOS="432" WIDTH="18" HEIGHT="14" WC="0.93" CONTENT="o."/><SP WIDTH="15" VPOS="432" HPOS="371"/>
							<String ID="string_92" HPOS="386" VPOS="432" WIDTH="15" HEIGHT="14" WC="0.94" CONTENT="s."/><SP WIDTH="17" VPOS="432" HPOS="401"/>
							<String ID="string_93" HPOS="418" VPOS="432" WIDTH="18" HEIGHT="14" WC="0.92" CONTENT="v."/><SP WIDTH="22" VPOS="432" HPOS="436"/>
							<String ID="string_94" HPOS="458" VPOS="425" WIDTH="83" HEIGHT="22" WC="0.91" CONTENT="fordras"/><SP WIDTH="16" VPOS="425" HPOS="541"/>
							<String ID="string_95" HPOS="557" VPOS="426" WIDTH="12" HEIGHT="20" WC="0.93" CONTENT="5"/><SP WIDTH="16" VPOS="426" HPOS="569"/>
							<String ID="string_96" HPOS="585" VPOS="425" WIDTH="91" HEIGHT="21" WC="0.93" CONTENT="klassers"/><SP WIDTH="15" VPOS="425" HPOS="676"/>
							<String ID="string_97" HPOS="691" VPOS="426" WIDTH="161" HEIGHT="27" WC="0.91" CONTENT="genomgängen"/><SP WIDTH="15" VPOS="426" HPOS="852"/>
							<String ID="string_98" HPOS="867" VPOS="425" WIDTH="58" HEIGHT="25" WC="0.96" CONTENT="kurs,"/>
						</TextLine>
						<TextLine ID="line_10" HPOS="101" VPOS="453" WIDTH="825" HEIGHT="28">
							<String ID="string_99" HPOS="101" VPOS="454" WIDTH="65" HEIGHT="21" WC="0.89" CONTENT="hafva"/><SP WIDTH="22" VPOS="454" HPOS="166"/>
							<String ID="string_100" HPOS="188" VPOS="454" WIDTH="77" HEIGHT="27" WC="0.91" CONTENT="mänga"/><SP WIDTH="22" VPOS="454" HPOS="265"/>
							<String ID="string_101" HPOS="287" VPOS="454" WIDTH="74" HEIGHT="27" WC="0.92" CONTENT="elever,"/><SP WIDTH="16" VPOS="454" HPOS="361"/>
							<String ID="string_102" HPOS="377" VPOS="454" WIDTH="71" HEIGHT="21" WC="0.92" CONTENT="hvilka"/><SP WIDTH="22" VPOS="454" HPOS="448"/>
							<String ID="string_103" HPOS="470" VPOS="454" WIDTH="123" HEIGHT="27" WC="0.92" CONTENT="genomgätt"/><SP WIDTH="21" VPOS="454" HPOS="593"/>
							<String ID="string_104" HPOS="614" VPOS="454" WIDTH="81" HEIGHT="26" WC="0.96" CONTENT="skolan,"/><SP WIDTH="23" VPOS="454" HPOS="695"/>
							<String ID="string_105" HPOS="718" VPOS="461" WIDTH="50" HEIGHT="14" WC="0.96" CONTENT="men"/><SP WIDTH="22" VPOS="461" HPOS="768"/>
							<String ID="string_106" HPOS="790" VPOS="454" WIDTH="33" HEIGHT="21" WC="0.96" CONTENT="till"/><SP WIDTH="14" VPOS="454" HPOS="823"/>
							<String ID="string_107" HPOS="837" VPOS="453" WIDTH="53" HEIGHT="28" WC="0.91" CONTENT="följd"/><SP WIDTH="15" VPOS="453" HPOS="890"/>
							<String ID="string_108" HPOS="905" VPOS="453" WIDTH="21" HEIGHT="21" WC="0.96" CONTENT="af"/>
						</TextLine>
						<TextLine ID="line_11" HPOS="103" VPOS="482" WIDTH="823" HEIGHT="28">
							<String ID="string_109" HPOS="103" VPOS="482" WIDTH="111" HEIGHT="28" WC="0.91" CONTENT="fattigdom"/><SP WIDTH="15" VPOS="482" HPOS="214"/>
							<String ID="string_110" HPOS="229" VPOS="483" WIDTH="46" HEIGHT="20" WC="0.91" CONTENT="icke"/><SP WIDTH="15" VPOS="483" HPOS="275"/>
							<String ID="string_111" HPOS="290" VPOS="483" WIDTH="54" HEIGHT="20" WC="0.95" CONTENT="varit"/><SP WIDTH="13" VPOS="483" HPOS="344"/>
							<String ID="string_112" HPOS="357" VPOS="483" WIDTH="8" HEIGHT="20" WC="0.93" CONTENT="i"/><SP WIDTH="15" VPOS="483" HPOS="365"/>
							<String ID="string_113" HPOS="380" VPOS="482" WIDTH="82" HEIGHT="21" WC="0.89" CONTENT="tillfälle"/><SP WIDTH="12" VPOS="482" HPOS="462"/>
							<String ID="string_114" HPOS="474" VPOS="484" WIDTH="30" HEIGHT="19" WC="0.93" CONTENT="att"/><SP WIDTH="14" VPOS="484" HPOS="504"/>
							<String ID="string_115" HPOS="518" VPOS="484" WIDTH="114" HEIGHT="25" WC="0.92" CONTENT="yttermera"/><SP WIDTH="12" VPOS="484" HPOS="632"/>
							<String ID="string_116" HPOS="644" VPOS="482" WIDTH="69" HEIGHT="21" WC="0.96" CONTENT="under"/><SP WIDTH="11" VPOS="482" HPOS="713"/>
							<String ID="string_117" HPOS="724" VPOS="485" WIDTH="30" HEIGHT="18" WC="0.93" CONTENT="ett"/><SP WIDTH="10" VPOS="485" HPOS="754"/>
							<String ID="string_118" HPOS="764" VPOS="483" WIDTH="33" HEIGHT="20" WC="0.92" CONTENT="ärs"/><SP WIDTH="10" VPOS="483" HPOS="797"/>
							<String ID="string_119" HPOS="807" VPOS="483" WIDTH="31" HEIGHT="20" WC="0.96" CONTENT="tid"/><SP WIDTH="10" VPOS="483" HPOS="838"/>
							<String ID="string_120" HPOS="848" VPOS="482" WIDTH="78" HEIGHT="21" WC="0.96" CONTENT="besöka"/>
						</TextLine>
						<TextLine ID="line_12" HPOS="103" VPOS="510" WIDTH="824" HEIGHT="28">
							<String ID="string_121" HPOS="103" VPOS="513" WIDTH="66" HEIGHT="19" WC="0.96" CONTENT="annat"/><SP WIDTH="14" VPOS="513" HPOS="169"/>
							<String ID="string_122" HPOS="183" VPOS="511" WIDTH="27" HEIGHT="27" WC="0.93" CONTENT="pä"/><SP WIDTH="15" VPOS="511" HPOS="210"/>
							<String ID="string_123" HPOS="225" VPOS="511" WIDTH="92" HEIGHT="27" WC="0.85" CONTENT="aflägsen"/><SP WIDTH="15" VPOS="511" HPOS="317"/>
							<String ID="string_124" HPOS="332" VPOS="513" WIDTH="32" HEIGHT="18" WC="0.93" CONTENT="ort"/><SP WIDTH="15" VPOS="513" HPOS="364"/>
							<String ID="string_125" HPOS="379" VPOS="511" WIDTH="83" HEIGHT="27" WC="0.93" CONTENT="beläget"/><SP WIDTH="13" VPOS="511" HPOS="462"/>
							<String ID="string_126" HPOS="475" VPOS="511" WIDTH="104" HEIGHT="27" WC="0.92" CONTENT="lärovärk,"/><SP WIDTH="15" VPOS="511" HPOS="579"/>
							<String ID="string_127" HPOS="594" VPOS="512" WIDTH="41" HEIGHT="19" WC="0.96" CONTENT="sett"/><SP WIDTH="15" VPOS="512" HPOS="635"/>
							<String ID="string_128" HPOS="650" VPOS="511" WIDTH="32" HEIGHT="27" WC="0.96" CONTENT="sig"/><SP WIDTH="16" VPOS="511" HPOS="682"/>
							<String ID="string_129" HPOS="698" VPOS="511" WIDTH="23" HEIGHT="20" WC="0.93" CONTENT="sä"/><SP WIDTH="15" VPOS="511" HPOS="721"/>
							<String ID="string_130" HPOS="736" VPOS="511" WIDTH="51" HEIGHT="26" WC="0.95" CONTENT="godt"/><SP WIDTH="11" VPOS="511" HPOS="787"/>
							<String ID="string_131" HPOS="798" VPOS="517" WIDTH="46" HEIGHT="15" WC="0.96" CONTENT="som"/><SP WIDTH="12" VPOS="517" HPOS="844"/>
							<String ID="string_132" HPOS="856" VPOS="511" WIDTH="33" HEIGHT="20" WC="0.96" CONTENT="för"/><SP WIDTH="9" VPOS="511" HPOS="889"/>
							<String ID="string_133" HPOS="898" VPOS="510" WIDTH="29" HEIGHT="21" WC="0.96" CONTENT="all"/>
						</TextLine>
						<TextLine ID="line_13" HPOS="103" VPOS="539" WIDTH="822" HEIGHT="28">
							<String ID="string_134" HPOS="103" VPOS="539" WIDTH="85" HEIGHT="21" WC="0.92" CONTENT="framtid"/><SP WIDTH="21" VPOS="539" HPOS="188"/>
							<String ID="string_135" HPOS="209" VPOS="539" WIDTH="124" HEIGHT="28" WC="0.91" CONTENT="utestängda"/><SP WIDTH="14" VPOS="539" HPOS="333"/>
							<String ID="string_136" HPOS="347" VPOS="539" WIDTH="46" HEIGHT="21" WC="0.92" CONTENT="frän"/><SP WIDTH="24" VPOS="539" HPOS="393"/>
							<String ID="string_137" HPOS="417" VPOS="539" WIDTH="142" HEIGHT="21" WC="0.92" CONTENT="ofvannämda"/><SP WIDTH="22" VPOS="539" HPOS="559"/>
							<String ID="string_138" HPOS="581" VPOS="539" WIDTH="139" HEIGHT="21" WC="0.92" CONTENT="vidsträktare"/><SP WIDTH="18" VPOS="539" HPOS="720"/>
							<String ID="string_139" HPOS="738" VPOS="539" WIDTH="187" HEIGHT="21" WC="0.92" CONTENT="värksamketsfält."/>
						</TextLine>
						<TextLine ID="line_14" HPOS="104" VPOS="567" WIDTH="823" HEIGHT="28">
							<String ID="string_140" HPOS="104" VPOS="567" WIDTH="104" HEIGHT="22" WC="0.81" CONTENT="Behofvet"/><SP WIDTH="22" VPOS="567" HPOS="208"/>
							<String ID="string_141" HPOS="230" VPOS="567" WIDTH="21" HEIGHT="21" WC="0.96" CONTENT="af"/><SP WIDTH="22" VPOS="567" HPOS="251"/>
							<String ID="string_142" HPOS="273" VPOS="570" WIDTH="30" HEIGHT="19" WC="0.93" CONTENT="att"/><SP WIDTH="20" VPOS="570" HPOS="303"/>
							<String ID="string_143" HPOS="323" VPOS="567" WIDTH="160" HEIGHT="28" WC="0.93" CONTENT="ifrågavarande"/><SP WIDTH="16" VPOS="567" HPOS="483"/>
							<String ID="string_144" HPOS="499" VPOS="567" WIDTH="97" HEIGHT="21" WC="0.92" CONTENT="lärovärk"/><SP WIDTH="16" VPOS="567" HPOS="596"/>
							<String ID="string_145" HPOS="612" VPOS="567" WIDTH="79" HEIGHT="22" WC="0.92" CONTENT="erhölle"/><SP WIDTH="16" VPOS="567" HPOS="691"/>
							<String ID="string_146" HPOS="707" VPOS="574" WIDTH="27" HEIGHT="15" WC="0.93" CONTENT="en"/><SP WIDTH="16" VPOS="574" HPOS="734"/>
							<String ID="string_147" HPOS="750" VPOS="568" WIDTH="41" HEIGHT="21" WC="0.93" CONTENT="5:te"/><SP WIDTH="15" VPOS="568" HPOS="791"/>
							<String ID="string_148" HPOS="806" VPOS="567" WIDTH="57" HEIGHT="21" WC="0.95" CONTENT="klass"/><SP WIDTH="14" VPOS="567" HPOS="863"/>
							<String ID="string_149" HPOS="877" VPOS="567" WIDTH="50" HEIGHT="21" WC="0.96" CONTENT="med"/>
						</TextLine>
						<TextLine ID="line_15" HPOS="104" VPOS="595" WIDTH="823" HEIGHT="28">
							<String ID="string_150" HPOS="104" VPOS="596" WIDTH="104" HEIGHT="21" WC="0.92" CONTENT="afslutade"/><SP WIDTH="16" VPOS="596" HPOS="208"/>
							<String ID="string_151" HPOS="224" VPOS="596" WIDTH="74" HEIGHT="21" WC="0.96" CONTENT="kurser"/><SP WIDTH="14" VPOS="596" HPOS="298"/>
							<String ID="string_152" HPOS="312" VPOS="598" WIDTH="23" HEIGHT="19" WC="0.93" CONTENT="är"/><SP WIDTH="14" VPOS="598" HPOS="335"/>
							<String ID="string_153" HPOS="349" VPOS="596" WIDTH="89" HEIGHT="21" WC="0.92" CONTENT="sälunda"/><SP WIDTH="16" VPOS="596" HPOS="438"/>
							<String ID="string_154" HPOS="454" VPOS="598" WIDTH="51" HEIGHT="19" WC="0.96" CONTENT="utan"/><SP WIDTH="15" VPOS="598" HPOS="505"/>
							<String ID="string_155" HPOS="520" VPOS="596" WIDTH="72" HEIGHT="21" WC="0.96" CONTENT="vidare"/><SP WIDTH="15" VPOS="596" HPOS="592"/>
							<String ID="string_156" HPOS="607" VPOS="596" WIDTH="59" HEIGHT="21" WC="0.94" CONTENT="klart."/><SP WIDTH="24" VPOS="596" HPOS="666"/>
							<String ID="string_157" HPOS="690" VPOS="595" WIDTH="41" HEIGHT="22" WC="0.93" CONTENT="Om"/><SP WIDTH="11" VPOS="595" HPOS="731"/>
							<String ID="string_158" HPOS="742" VPOS="596" WIDTH="185" HEIGHT="27" WC="0.92" CONTENT="nödvändigheten"/>
						</TextLine>
						<TextLine ID="line_16" HPOS="105" VPOS="624" WIDTH="822" HEIGHT="28">
							<String ID="string_159" HPOS="105" VPOS="624" WIDTH="22" HEIGHT="21" WC="0.96" CONTENT="af"/><SP WIDTH="22" VPOS="624" HPOS="127"/>
							<String ID="string_160" HPOS="149" VPOS="624" WIDTH="41" HEIGHT="21" WC="0.96" CONTENT="den"/><SP WIDTH="20" VPOS="624" HPOS="190"/>
							<String ID="string_161" HPOS="210" VPOS="624" WIDTH="105" HEIGHT="21" WC="0.93" CONTENT="allmänna"/><SP WIDTH="25" VPOS="624" HPOS="315"/>
							<String ID="string_162" HPOS="340" VPOS="624" WIDTH="183" HEIGHT="27" WC="0.87" CONTENT="bildningsniväns"/><SP WIDTH="22" VPOS="624" HPOS="523"/>
							<String ID="string_163" HPOS="545" VPOS="624" WIDTH="91" HEIGHT="27" WC="0.92" CONTENT="höjande"/><SP WIDTH="22" VPOS="624" HPOS="636"/>
							<String ID="string_164" HPOS="658" VPOS="625" WIDTH="39" HEIGHT="20" WC="0.92" CONTENT="hos"/><SP WIDTH="22" VPOS="625" HPOS="697"/>
							<String ID="string_165" HPOS="719" VPOS="624" WIDTH="116" HEIGHT="28" WC="0.90" CONTENT="borgarena"/><SP WIDTH="20" VPOS="624" HPOS="835"/>
							<String ID="string_166" HPOS="855" VPOS="625" WIDTH="8" HEIGHT="20" WC="0.93" CONTENT="i"/><SP WIDTH="15" VPOS="625" HPOS="863"/>
							<String ID="string_167" HPOS="878" VPOS="624" WIDTH="49" HEIGHT="21" WC="0.92" CONTENT="vära"/>
						</TextLine>
						<TextLine ID="line_17" HPOS="104" VPOS="652" WIDTH="823" HEIGHT="28">
							<String ID="string_168" HPOS="104" VPOS="652" WIDTH="47" HEIGHT="21" WC="0.91" CONTENT="smä"/><SP WIDTH="14" VPOS="652" HPOS="151"/>
							<String ID="string_169" HPOS="165" VPOS="653" WIDTH="180" HEIGHT="27" WC="0.92" CONTENT="landsortsstäder,"/><SP WIDTH="15" VPOS="653" HPOS="345"/>
							<String ID="string_170" HPOS="360" VPOS="653" WIDTH="72" HEIGHT="21" WC="0.91" CONTENT="hvilka"/><SP WIDTH="14" VPOS="653" HPOS="432"/>
							<String ID="string_171" HPOS="446" VPOS="653" WIDTH="22" HEIGHT="27" WC="0.93" CONTENT="ju"/><SP WIDTH="15" VPOS="653" HPOS="468"/>
							<String ID="string_172" HPOS="483" VPOS="653" WIDTH="130" HEIGHT="21" WC="0.92" CONTENT="fortfarande"/><SP WIDTH="16" VPOS="653" HPOS="613"/>
							<String ID="string_173" HPOS="629" VPOS="653" WIDTH="39" HEIGHT="20" WC="0.93" CONTENT="och"/><SP WIDTH="12" VPOS="653" HPOS="668"/>
							<String ID="string_174" HPOS="680" VPOS="653" WIDTH="93" HEIGHT="21" WC="0.92" CONTENT="särdeles"/><SP WIDTH="13" VPOS="653" HPOS="773"/>
							<String ID="string_175" HPOS="786" VPOS="653" WIDTH="69" HEIGHT="21" WC="0.93" CONTENT="under"/><SP WIDTH="9" VPOS="653" HPOS="855"/>
							<String ID="string_176" HPOS="864" VPOS="652" WIDTH="63" HEIGHT="27" WC="0.92" CONTENT="bryd-"/>
						</TextLine>
						<TextLine ID="line_18" HPOS="103" VPOS="681" WIDTH="825" HEIGHT="28">
							<String ID="string_177" HPOS="103" VPOS="687" WIDTH="83" HEIGHT="14" WC="0.96" CONTENT="samma"/><SP WIDTH="22" VPOS="687" HPOS="186"/>
							<String ID="string_178" HPOS="208" VPOS="681" WIDTH="39" HEIGHT="21" WC="0.93" CONTENT="och"/><SP WIDTH="22" VPOS="681" HPOS="247"/>
							<String ID="string_179" HPOS="269" VPOS="681" WIDTH="86" HEIGHT="21" WC="0.92" CONTENT="kritiska"/><SP WIDTH="22" VPOS="681" HPOS="355"/>
							<String ID="string_180" HPOS="377" VPOS="681" WIDTH="55" HEIGHT="21" WC="0.93" CONTENT="tider"/><SP WIDTH="22" VPOS="681" HPOS="432"/>
							<String ID="string_181" HPOS="454" VPOS="681" WIDTH="62" HEIGHT="21" WC="0.92" CONTENT="hafva"/><SP WIDTH="23" VPOS="681" HPOS="516"/>
							<String ID="string_182" HPOS="539" VPOS="683" WIDTH="30" HEIGHT="19" WC="0.96" CONTENT="att"/><SP WIDTH="20" VPOS="683" HPOS="569"/>
							<String ID="string_183" HPOS="589" VPOS="681" WIDTH="8" HEIGHT="20" WC="0.93" CONTENT="i"/><SP WIDTH="19" VPOS="681" HPOS="597"/>
							<String ID="string_184" HPOS="616" VPOS="681" WIDTH="105" HEIGHT="28" WC="0.92" CONTENT="väsentlig"/><SP WIDTH="14" VPOS="681" HPOS="721"/>
							<String ID="string_185" HPOS="735" VPOS="681" WIDTH="49" HEIGHT="21" WC="0.93" CONTENT="män"/><SP WIDTH="16" VPOS="681" HPOS="784"/>
							<String ID="string_186" HPOS="800" VPOS="681" WIDTH="81" HEIGHT="21" WC="0.91" CONTENT="bevaka"/><SP WIDTH="15" VPOS="681" HPOS="881"/>
							<String ID="string_187" HPOS="896" VPOS="681" WIDTH="32" HEIGHT="20" WC="0.96" CONTENT="för"/>
						</TextLine>
						<TextLine ID="line_19" HPOS="105" VPOS="709" WIDTH="823" HEIGHT="28">
							<String ID="string_188" HPOS="105" VPOS="709" WIDTH="115" HEIGHT="22" WC="0.93" CONTENT="vidsträkta"/><SP WIDTH="14" VPOS="709" HPOS="220"/>
							<String ID="string_189" HPOS="234" VPOS="709" WIDTH="142" HEIGHT="28" WC="0.92" CONTENT="landsbygder"/><SP WIDTH="14" VPOS="709" HPOS="376"/>
							<String ID="string_190" HPOS="390" VPOS="709" WIDTH="78" HEIGHT="28" WC="0.93" CONTENT="viktiga"/><SP WIDTH="15" VPOS="709" HPOS="468"/>
							<String ID="string_191" HPOS="483" VPOS="709" WIDTH="110" HEIGHT="27" WC="0.93" CONTENT="intressen,"/><SP WIDTH="11" VPOS="709" HPOS="593"/>
							<String ID="string_192" HPOS="604" VPOS="709" WIDTH="72" HEIGHT="21" WC="0.93" CONTENT="därom"/><SP WIDTH="13" VPOS="709" HPOS="676"/>
							<String ID="string_193" HPOS="689" VPOS="709" WIDTH="59" HEIGHT="22" WC="0.96" CONTENT="torde"/><SP WIDTH="10" VPOS="709" HPOS="748"/>
							<String ID="string_194" HPOS="758" VPOS="710" WIDTH="35" HEIGHT="27" WC="0.93" CONTENT="jag"/><SP WIDTH="13" VPOS="710" HPOS="793"/>
							<String ID="string_195" HPOS="806" VPOS="710" WIDTH="18" HEIGHT="27" WC="0.93" CONTENT="ej"/><SP WIDTH="14" VPOS="710" HPOS="824"/>
							<String ID="string_196" HPOS="838" VPOS="709" WIDTH="90" HEIGHT="21" WC="0.92" CONTENT="behöfva"/>
						</TextLine>
						<TextLine ID="line_20" HPOS="106" VPOS="737" WIDTH="822" HEIGHT="28">
							<String ID="string_197" HPOS="106" VPOS="738" WIDTH="71" HEIGHT="21" WC="0.82" CONTENT="vidare"/><SP WIDTH="23" VPOS="738" HPOS="177"/>
							<String ID="string_198" HPOS="200" VPOS="738" WIDTH="51" HEIGHT="21" WC="0.96" CONTENT="orda"/><SP WIDTH="21" VPOS="738" HPOS="251"/>
							<String ID="string_199" HPOS="272" VPOS="738" WIDTH="55" HEIGHT="21" WC="0.96" CONTENT="inför"/><SP WIDTH="21" VPOS="738" HPOS="327"/>
							<String ID="string_200" HPOS="348" VPOS="738" WIDTH="57" HEIGHT="21" WC="0.92" CONTENT="detta"/><SP WIDTH="22" VPOS="738" HPOS="405"/>
							<String ID="string_201" HPOS="427" VPOS="738" WIDTH="106" HEIGHT="27" WC="0.91" CONTENT="vällofliga"/><SP WIDTH="17" VPOS="738" HPOS="533"/>
							<String ID="string_202" HPOS="550" VPOS="738" WIDTH="67" HEIGHT="21" WC="0.89" CONTENT="ständ."/><SP WIDTH="37" VPOS="738" HPOS="617"/>
							<String ID="string_203" HPOS="654" VPOS="737" WIDTH="154" HEIGHT="28" WC="0.90" CONTENT="Uppfyllandet"/><SP WIDTH="14" VPOS="737" HPOS="808"/>
							<String ID="string_204" HPOS="822" VPOS="738" WIDTH="21" HEIGHT="21" WC="0.96" CONTENT="af"/><SP WIDTH="16" VPOS="738" HPOS="843"/>
							<String ID="string_205" HPOS="859" VPOS="737" WIDTH="69" HEIGHT="21" WC="0.96" CONTENT="denna"/>
						</TextLine>
						<TextLine ID="line_21" HPOS="89" VPOS="765" WIDTH="840" HEIGHT="28">
							<String ID="string_206" HPOS="89" VPOS="787" WIDTH="2" HEIGHT="2" WC="0.86" CONTENT="."/><SP WIDTH="15" VPOS="787" HPOS="91"/>
							<String ID="string_207" HPOS="106" VPOS="766" WIDTH="93" HEIGHT="27" WC="0.95" CONTENT="begäran"/><SP WIDTH="22" VPOS="766" HPOS="199"/>
							<String ID="string_208" HPOS="221" VPOS="766" WIDTH="96" HEIGHT="21" WC="0.95" CONTENT="framstår"/><SP WIDTH="18" VPOS="766" HPOS="317"/>
							<String ID="string_209" HPOS="335" VPOS="766" WIDTH="63" HEIGHT="21" WC="0.96" CONTENT="äfven"/><SP WIDTH="15" VPOS="766" HPOS="398"/>
							<String ID="string_210" HPOS="413" VPOS="766" WIDTH="69" HEIGHT="21" WC="0.96" CONTENT="såsom"/><SP WIDTH="15" VPOS="766" HPOS="482"/>
							<String ID="string_211" HPOS="497" VPOS="773" WIDTH="28" HEIGHT="14" WC="0.93" CONTENT="en"/><SP WIDTH="15" VPOS="773" HPOS="525"/>
							<String ID="string_212" HPOS="540" VPOS="766" WIDTH="59" HEIGHT="27" WC="0.93" CONTENT="billig"/><SP WIDTH="16" VPOS="766" HPOS="599"/>
							<String ID="string_213" HPOS="615" VPOS="766" WIDTH="51" HEIGHT="27" WC="0.92" CONTENT="gärd"/><SP WIDTH="15" VPOS="766" HPOS="666"/>
							<String ID="string_214" HPOS="681" VPOS="766" WIDTH="22" HEIGHT="21" WC="0.93" CONTENT="af"/><SP WIDTH="14" VPOS="766" HPOS="703"/>
							<String ID="string_215" HPOS="717" VPOS="767" WIDTH="86" HEIGHT="20" WC="0.96" CONTENT="rättvisa"/><SP WIDTH="15" VPOS="767" HPOS="803"/>
							<String ID="string_216" HPOS="818" VPOS="768" WIDTH="45" HEIGHT="19" WC="0.93" CONTENT="mot"/><SP WIDTH="14" VPOS="768" HPOS="863"/>
							<String ID="string_217" HPOS="877" VPOS="765" WIDTH="52" HEIGHT="21" WC="0.92" CONTENT="mel-"/>
						</TextLine>
						<TextLine ID="line_22" HPOS="106" VPOS="791" WIDTH="822" HEIGHT="28">
							<String ID="string_218" HPOS="106" VPOS="794" WIDTH="64" HEIGHT="21" WC="0.92" CONTENT="lersta"/><SP WIDTH="20" VPOS="794" HPOS="170"/>
							<String ID="string_219" HPOS="190" VPOS="791" WIDTH="139" HEIGHT="28" WC="0.96" CONTENT="Österbotten,"/><SP WIDTH="22" VPOS="791" HPOS="329"/>
							<String ID="string_220" HPOS="351" VPOS="801" WIDTH="45" HEIGHT="14" WC="0.96" CONTENT="som"/><SP WIDTH="22" VPOS="801" HPOS="396"/>
							<String ID="string_221" HPOS="418" VPOS="795" WIDTH="49" HEIGHT="20" WC="0.96" CONTENT="med"/><SP WIDTH="22" VPOS="795" HPOS="467"/>
							<String ID="string_222" HPOS="489" VPOS="795" WIDTH="100" HEIGHT="20" WC="0.93" CONTENT="afseende"/><SP WIDTH="22" VPOS="795" HPOS="589"/>
							<String ID="string_223" HPOS="611" VPOS="795" WIDTH="12" HEIGHT="20" WC="0.90" CONTENT="å"/><SP WIDTH="20" VPOS="795" HPOS="623"/>
							<String ID="string_224" HPOS="643" VPOS="795" WIDTH="155" HEIGHT="21" WC="0.92" CONTENT="dislokationen"/><SP WIDTH="15" VPOS="795" HPOS="798"/>
							<String ID="string_225" HPOS="813" VPOS="794" WIDTH="22" HEIGHT="21" WC="0.96" CONTENT="af"/><SP WIDTH="14" VPOS="794" HPOS="835"/>
							<String ID="string_226" HPOS="849" VPOS="796" WIDTH="79" HEIGHT="19" WC="0.96" CONTENT="statens"/>
						</TextLine>
						<TextLine ID="line_23" HPOS="106" VPOS="822" WIDTH="822" HEIGHT="29">
							<String ID="string_227" HPOS="106" VPOS="823" WIDTH="207" HEIGHT="27" WC="0.92" CONTENT="bildningsanstalter"/><SP WIDTH="15" VPOS="823" HPOS="313"/>
							<String ID="string_228" HPOS="328" VPOS="823" WIDTH="68" HEIGHT="21" WC="0.96" CONTENT="blifvit"/><SP WIDTH="14" VPOS="823" HPOS="396"/>
							<String ID="string_229" HPOS="410" VPOS="829" WIDTH="46" HEIGHT="15" WC="0.97" CONTENT="mer"/><SP WIDTH="14" VPOS="829" HPOS="456"/>
							<String ID="string_230" HPOS="470" VPOS="825" WIDTH="27" HEIGHT="18" WC="0.93" CONTENT="än"/><SP WIDTH="10" VPOS="825" HPOS="497"/>
							<String ID="string_231" HPOS="507" VPOS="823" WIDTH="110" HEIGHT="27" WC="0.92" CONTENT="tillbörligt"/><SP WIDTH="11" VPOS="823" HPOS="617"/>
							<String ID="string_232" HPOS="628" VPOS="823" WIDTH="156" HEIGHT="28" WC="0.88" CONTENT="styfmoderligt"/><SP WIDTH="10" VPOS="823" HPOS="784"/>
							<String ID="string_233" HPOS="794" VPOS="822" WIDTH="134" HEIGHT="22" WC="0.92" CONTENT="behandladt."/>
						</TextLine>
						<TextLine ID="line_24" HPOS="176" VPOS="851" WIDTH="754" HEIGHT="22">
							<String ID="string_234" HPOS="176" VPOS="851" WIDTH="73" HEIGHT="21" WC="0.92" CONTENT="Skulle"/><SP WIDTH="23" VPOS="851" HPOS="249"/>
							<String ID="string_235" HPOS="272" VPOS="851" WIDTH="116" HEIGHT="21" WC="0.92" CONTENT="emellertid"/><SP WIDTH="22" VPOS="851" HPOS="388"/>
							<String ID="string_236" HPOS="410" VPOS="851" WIDTH="129" HEIGHT="22" WC="0.92" CONTENT="inrättandet"/><SP WIDTH="22" VPOS="851" HPOS="539"/>
							<String ID="string_237" HPOS="561" VPOS="851" WIDTH="21" HEIGHT="21" WC="0.96" CONTENT="af"/><SP WIDTH="22" VPOS="851" HPOS="582"/>
							<String ID="string_238" HPOS="604" VPOS="857" WIDTH="27" HEIGHT="15" WC="0.92" CONTENT="en"/><SP WIDTH="23" VPOS="857" HPOS="631"/>
							<String ID="string_239" HPOS="654" VPOS="852" WIDTH="42" HEIGHT="21" WC="0.92" CONTENT="5:te"/><SP WIDTH="16" VPOS="852" HPOS="696"/>
							<String ID="string_240" HPOS="712" VPOS="851" WIDTH="57" HEIGHT="21" WC="0.93" CONTENT="klass"/><SP WIDTH="15" VPOS="851" HPOS="769"/>
							<String ID="string_241" HPOS="784" VPOS="857" WIDTH="62" HEIGHT="15" WC="0.91" CONTENT="anses"/><SP WIDTH="22" VPOS="857" HPOS="846"/>
							<String ID="string_242" HPOS="868" VPOS="851" WIDTH="62" HEIGHT="20" WC="0.91" CONTENT="altför"/>
						</TextLine>
						<TextLine ID="line_25" HPOS="107" VPOS="879" WIDTH="822" HEIGHT="28">
							<String ID="string_243" HPOS="107" VPOS="879" WIDTH="102" HEIGHT="21" WC="0.93" CONTENT="kostsamt"/><SP WIDTH="21" VPOS="879" HPOS="209"/>
							<String ID="string_244" HPOS="230" VPOS="880" WIDTH="49" HEIGHT="21" WC="0.96" CONTENT="med"/><SP WIDTH="21" VPOS="880" HPOS="279"/>
							<String ID="string_245" HPOS="300" VPOS="880" WIDTH="83" HEIGHT="27" WC="0.96" CONTENT="hänsyn"/><SP WIDTH="20" VPOS="880" HPOS="383"/>
							<String ID="string_246" HPOS="403" VPOS="879" WIDTH="32" HEIGHT="22" WC="0.96" CONTENT="till"/><SP WIDTH="22" VPOS="879" HPOS="435"/>
							<String ID="string_247" HPOS="457" VPOS="880" WIDTH="35" HEIGHT="21" WC="0.92" CONTENT="det"/><SP WIDTH="21" VPOS="880" HPOS="492"/>
							<String ID="string_248" HPOS="513" VPOS="880" WIDTH="105" HEIGHT="21" WC="0.92" CONTENT="elevantal"/><SP WIDTH="22" VPOS="880" HPOS="618"/>
							<String ID="string_249" HPOS="640" VPOS="880" WIDTH="75" HEIGHT="21" WC="0.92" CONTENT="skolan"/><SP WIDTH="22" VPOS="880" HPOS="715"/>
							<String ID="string_250" HPOS="737" VPOS="879" WIDTH="96" HEIGHT="22" WC="0.92" CONTENT="härintils"/><SP WIDTH="14" VPOS="879" HPOS="833"/>
							<String ID="string_251" HPOS="847" VPOS="879" WIDTH="82" HEIGHT="21" WC="0.97" CONTENT="kunnat"/>
						</TextLine>
						<TextLine ID="line_26" HPOS="107" VPOS="908" WIDTH="822" HEIGHT="27">
							<String ID="string_252" HPOS="107" VPOS="908" WIDTH="100" HEIGHT="21" WC="0.91" CONTENT="framvisa"/><SP WIDTH="15" VPOS="908" HPOS="207"/>
							<String ID="string_253" HPOS="222" VPOS="908" WIDTH="69" HEIGHT="21" WC="0.92" CONTENT="säsom"/><SP WIDTH="15" VPOS="908" HPOS="291"/>
							<String ID="string_254" HPOS="306" VPOS="908" WIDTH="26" HEIGHT="27" WC="0.96" CONTENT="pä"/><SP WIDTH="15" VPOS="908" HPOS="332"/>
							<String ID="string_255" HPOS="347" VPOS="915" WIDTH="27" HEIGHT="14" WC="0.93" CONTENT="en"/><SP WIDTH="15" VPOS="915" HPOS="374"/>
							<String ID="string_256" HPOS="389" VPOS="908" WIDTH="55" HEIGHT="27" WC="0.92" CONTENT="gäng"/><SP WIDTH="15" VPOS="908" HPOS="444"/>
							<String ID="string_257" HPOS="459" VPOS="908" WIDTH="176" HEIGHT="21" WC="0.91" CONTENT="frekventerande"/><SP WIDTH="15" VPOS="908" HPOS="635"/>
							<String ID="string_258" HPOS="650" VPOS="908" WIDTH="130" HEIGHT="27" WC="0.91" CONTENT="densamma,"/><SP WIDTH="15" VPOS="908" HPOS="780"/>
							<String ID="string_259" HPOS="795" VPOS="908" WIDTH="40" HEIGHT="21" WC="0.96" CONTENT="och"/><SP WIDTH="15" VPOS="908" HPOS="835"/>
							<String ID="string_260" HPOS="850" VPOS="914" WIDTH="35" HEIGHT="14" WC="0.96" CONTENT="om"/><SP WIDTH="15" VPOS="914" HPOS="885"/>
							<String ID="string_261" HPOS="900" VPOS="909" WIDTH="29" HEIGHT="19" WC="0.96" CONTENT="ett"/>
						</TextLine>
						<TextLine ID="line_27" HPOS="106" VPOS="936" WIDTH="823" HEIGHT="27">
							<String ID="string_262" HPOS="106" VPOS="936" WIDTH="92" HEIGHT="27" WC="0.92" CONTENT="höjande"/><SP WIDTH="16" VPOS="936" HPOS="198"/>
							<String ID="string_263" HPOS="214" VPOS="937" WIDTH="20" HEIGHT="20" WC="0.96" CONTENT="af"/><SP WIDTH="15" VPOS="937" HPOS="234"/>
							<String ID="string_264" HPOS="249" VPOS="943" WIDTH="79" HEIGHT="14" WC="0.93" CONTENT="samma"/><SP WIDTH="15" VPOS="943" HPOS="328"/>
							<String ID="string_265" HPOS="343" VPOS="937" WIDTH="104" HEIGHT="20" WC="0.87" CONTENT="elevantal"/><SP WIDTH="15" VPOS="937" HPOS="447"/>
							<String ID="string_266" HPOS="462" VPOS="937" WIDTH="6" HEIGHT="20" WC="0.96" CONTENT="i"/><SP WIDTH="11" VPOS="937" HPOS="468"/>
							<String ID="string_267" HPOS="479" VPOS="937" WIDTH="113" HEIGHT="20" WC="0.93" CONTENT="framtiden"/><SP WIDTH="15" VPOS="937" HPOS="592"/>
							<String ID="string_268" HPOS="607" VPOS="937" WIDTH="47" HEIGHT="20" WC="0.93" CONTENT="icke"/><SP WIDTH="12" VPOS="937" HPOS="654"/>
							<String ID="string_269" HPOS="666" VPOS="943" WIDTH="62" HEIGHT="15" WC="0.97" CONTENT="anses"/><SP WIDTH="13" VPOS="943" HPOS="728"/>
							<String ID="string_270" HPOS="741" VPOS="943" WIDTH="50" HEIGHT="14" WC="0.96" CONTENT="vara"/><SP WIDTH="12" VPOS="943" HPOS="791"/>
							<String ID="string_271" HPOS="803" VPOS="938" WIDTH="30" HEIGHT="19" WC="0.93" CONTENT="att"/><SP WIDTH="10" VPOS="938" HPOS="833"/>
							<String ID="string_272" HPOS="843" VPOS="937" WIDTH="86" HEIGHT="25" WC="0.92" CONTENT="emotse,"/>
						</TextLine>
						<TextLine ID="line_28" HPOS="107" VPOS="964" WIDTH="822" HEIGHT="28">
							<String ID="string_273" HPOS="107" VPOS="964" WIDTH="25" HEIGHT="21" WC="0.96" CONTENT="sä"/><SP WIDTH="21" VPOS="964" HPOS="132"/>
							<String ID="string_274" HPOS="153" VPOS="965" WIDTH="62" HEIGHT="27" WC="0.96" CONTENT="länge"/><SP WIDTH="23" VPOS="965" HPOS="215"/>
							<String ID="string_275" HPOS="238" VPOS="965" WIDTH="74" HEIGHT="21" WC="0.93" CONTENT="endast"/><SP WIDTH="21" VPOS="965" HPOS="312"/>
							<String ID="string_276" HPOS="333" VPOS="965" WIDTH="93" HEIGHT="27" WC="0.92" CONTENT="manliga"/><SP WIDTH="22" VPOS="965" HPOS="426"/>
							<String ID="string_277" HPOS="448" VPOS="965" WIDTH="70" HEIGHT="21" WC="0.92" CONTENT="elever"/><SP WIDTH="15" VPOS="965" HPOS="518"/>
							<String ID="string_278" HPOS="533" VPOS="965" WIDTH="32" HEIGHT="21" WC="0.93" CONTENT="till"/><SP WIDTH="22" VPOS="965" HPOS="565"/>
							<String ID="string_279" HPOS="587" VPOS="965" WIDTH="124" HEIGHT="21" WC="0.92" CONTENT="densamma"/><SP WIDTH="15" VPOS="965" HPOS="711"/>
							<String ID="string_280" HPOS="726" VPOS="967" WIDTH="122" HEIGHT="24" WC="0.91" CONTENT="emottagas,"/><SP WIDTH="16" VPOS="967" HPOS="848"/>
							<String ID="string_281" HPOS="864" VPOS="964" WIDTH="65" HEIGHT="21" WC="0.96" CONTENT="borde"/>
						</TextLine>
						<TextLine ID="line_29" HPOS="109" VPOS="992" WIDTH="820" HEIGHT="29">
							<String ID="string_282" HPOS="109" VPOS="993" WIDTH="123" HEIGHT="21" WC="0.91" CONTENT="densamma"/><SP WIDTH="21" VPOS="993" HPOS="232"/>
							<String ID="string_283" HPOS="253" VPOS="993" WIDTH="116" HEIGHT="28" WC="0.91" CONTENT="medgifvas"/><SP WIDTH="14" VPOS="993" HPOS="369"/>
							<String ID="string_284" HPOS="383" VPOS="995" WIDTH="41" HEIGHT="19" WC="0.97" CONTENT="rätt"/><SP WIDTH="14" VPOS="995" HPOS="424"/>
							<String ID="string_285" HPOS="438" VPOS="995" WIDTH="30" HEIGHT="19" WC="0.93" CONTENT="att"/><SP WIDTH="14" VPOS="995" HPOS="468"/>
							<String ID="string_286" HPOS="482" VPOS="993" WIDTH="63" HEIGHT="22" WC="0.92" CONTENT="äfven"/><SP WIDTH="15" VPOS="993" HPOS="545"/>
							<String ID="string_287" HPOS="560" VPOS="995" WIDTH="93" HEIGHT="26" WC="0.92" CONTENT="mottaga"/><SP WIDTH="15" VPOS="995" HPOS="653"/>
							<String ID="string_288" HPOS="668" VPOS="993" WIDTH="94" HEIGHT="28" WC="0.91" CONTENT="kvinliga"/><SP WIDTH="14" VPOS="993" HPOS="762"/>
							<String ID="string_289" HPOS="776" VPOS="993" WIDTH="76" HEIGHT="21" WC="0.92" CONTENT="elever."/><SP WIDTH="29" VPOS="993" HPOS="852"/>
							<String ID="string_290" HPOS="881" VPOS="992" WIDTH="48" HEIGHT="21" WC="0.96" CONTENT="Den"/>
						</TextLine>
						<TextLine ID="line_30" HPOS="108" VPOS="1021" WIDTH="821" HEIGHT="28">
							<String ID="string_291" HPOS="108" VPOS="1021" WIDTH="104" HEIGHT="21" WC="0.92" CONTENT="samskola"/><SP WIDTH="16" VPOS="1021" HPOS="212"/>
							<String ID="string_292" HPOS="228" VPOS="1028" WIDTH="45" HEIGHT="14" WC="0.93" CONTENT="som"/><SP WIDTH="14" VPOS="1028" HPOS="273"/>
							<String ID="string_293" HPOS="287" VPOS="1021" WIDTH="121" HEIGHT="27" WC="0.92" CONTENT="härigenom"/><SP WIDTH="16" VPOS="1021" HPOS="408"/>
							<String ID="string_294" HPOS="424" VPOS="1022" WIDTH="102" HEIGHT="27" WC="0.92" CONTENT="uppstode"/><SP WIDTH="15" VPOS="1022" HPOS="526"/>
							<String ID="string_295" HPOS="541" VPOS="1022" WIDTH="121" HEIGHT="21" WC="0.92" CONTENT="försvarade"/><SP WIDTH="15" VPOS="1022" HPOS="662"/>
							<String ID="string_296" HPOS="677" VPOS="1028" WIDTH="46" HEIGHT="15" WC="0.96" CONTENT="mer"/><SP WIDTH="12" VPOS="1028" HPOS="723"/>
							<String ID="string_297" HPOS="735" VPOS="1024" WIDTH="27" HEIGHT="19" WC="0.96" CONTENT="än"/><SP WIDTH="11" VPOS="1024" HPOS="762"/>
							<String ID="string_298" HPOS="773" VPOS="1021" WIDTH="34" HEIGHT="21" WC="0.96" CONTENT="väl"/><SP WIDTH="15" VPOS="1021" HPOS="807"/>
							<String ID="string_299" HPOS="822" VPOS="1021" WIDTH="32" HEIGHT="21" WC="0.96" CONTENT="sin"/><SP WIDTH="15" VPOS="1021" HPOS="854"/>
							<String ID="string_300" HPOS="869" VPOS="1021" WIDTH="60" HEIGHT="27" WC="0.96" CONTENT="plats,"/>
						</TextLine>
						<TextLine ID="line_31" HPOS="109" VPOS="1049" WIDTH="820" HEIGHT="28">
							<String ID="string_301" HPOS="109" VPOS="1050" WIDTH="141" HEIGHT="27" WC="0.92" CONTENT="synnerligast"/><SP WIDTH="15" VPOS="1050" HPOS="250"/>
							<String ID="string_302" HPOS="265" VPOS="1057" WIDTH="45" HEIGHT="14" WC="0.96" CONTENT="som"/><SP WIDTH="15" VPOS="1057" HPOS="310"/>
							<String ID="string_303" HPOS="325" VPOS="1050" WIDTH="70" HEIGHT="21" WC="0.96" CONTENT="denna"/><SP WIDTH="15" VPOS="1050" HPOS="395"/>
							<String ID="string_304" HPOS="410" VPOS="1050" WIDTH="35" HEIGHT="21" WC="0.96" CONTENT="del"/><SP WIDTH="17" VPOS="1050" HPOS="445"/>
							<String ID="string_305" HPOS="462" VPOS="1050" WIDTH="20" HEIGHT="21" WC="0.96" CONTENT="af"/><SP WIDTH="15" VPOS="1050" HPOS="482"/>
							<String ID="string_306" HPOS="497" VPOS="1050" WIDTH="65" HEIGHT="21" WC="0.96" CONTENT="Wasa"/><SP WIDTH="14" VPOS="1050" HPOS="562"/>
							<String ID="string_307" HPOS="576" VPOS="1050" WIDTH="35" HEIGHT="21" WC="0.93" CONTENT="län"/><SP WIDTH="15" VPOS="1050" HPOS="611"/>
							<String ID="string_308" HPOS="626" VPOS="1051" WIDTH="66" HEIGHT="20" WC="0.92" CONTENT="hittils"/><SP WIDTH="23" VPOS="1051" HPOS="692"/>
							<String ID="string_309" HPOS="715" VPOS="1051" WIDTH="76" HEIGHT="20" WC="0.92" CONTENT="saknat"/><SP WIDTH="12" VPOS="1051" HPOS="791"/>
							<String ID="string_310" HPOS="803" VPOS="1050" WIDTH="40" HEIGHT="21" WC="0.97" CONTENT="och"/><SP WIDTH="10" VPOS="1050" HPOS="843"/>
							<String ID="string_311" HPOS="853" VPOS="1049" WIDTH="76" HEIGHT="21" WC="0.96" CONTENT="saknar"/>
						</TextLine>
						<TextLine ID="line_32" HPOS="109" VPOS="1078" WIDTH="821" HEIGHT="27">
							<String ID="string_312" HPOS="109" VPOS="1084" WIDTH="26" HEIGHT="15" WC="0.96" CONTENT="en"/><SP WIDTH="22" VPOS="1084" HPOS="135"/>
							<String ID="string_313" HPOS="157" VPOS="1078" WIDTH="21" HEIGHT="21" WC="0.96" CONTENT="af"/><SP WIDTH="22" VPOS="1078" HPOS="178"/>
							<String ID="string_314" HPOS="200" VPOS="1081" WIDTH="68" HEIGHT="18" WC="0.93" CONTENT="staten"/><SP WIDTH="22" VPOS="1081" HPOS="268"/>
							<String ID="string_315" HPOS="290" VPOS="1078" WIDTH="100" HEIGHT="21" WC="0.91" CONTENT="bekostad"/><SP WIDTH="16" VPOS="1078" HPOS="390"/>
							<String ID="string_316" HPOS="406" VPOS="1079" WIDTH="210" HEIGHT="21" WC="0.92" CONTENT="fruntimmersskola."/><SP WIDTH="23" VPOS="1079" HPOS="616"/>
							<String ID="string_317" HPOS="639" VPOS="1079" WIDTH="164" HEIGHT="26" WC="0.96" CONTENT="Gamlakarleby"/><SP WIDTH="15" VPOS="1079" HPOS="803"/>
							<String ID="string_318" HPOS="818" VPOS="1078" WIDTH="47" HEIGHT="21" WC="0.93" CONTENT="stad"/><SP WIDTH="15" VPOS="1078" HPOS="865"/>
							<String ID="string_319" HPOS="880" VPOS="1083" WIDTH="50" HEIGHT="21" WC="0.93" CONTENT="eger"/>
						</TextLine>
						<TextLine ID="line_33" HPOS="107" VPOS="1106" WIDTH="822" HEIGHT="28">
							<String ID="string_320" HPOS="107" VPOS="1106" WIDTH="125" HEIGHT="27" WC="0.91" CONTENT="visserligen"/><SP WIDTH="11" VPOS="1106" HPOS="232"/>
							<String ID="string_321" HPOS="243" VPOS="1107" WIDTH="105" HEIGHT="20" WC="0.93" CONTENT="tilsvidare"/><SP WIDTH="16" VPOS="1107" HPOS="348"/>
							<String ID="string_322" HPOS="364" VPOS="1113" WIDTH="26" HEIGHT="15" WC="0.97" CONTENT="en"/><SP WIDTH="16" VPOS="1113" HPOS="390"/>
							<String ID="string_323" HPOS="406" VPOS="1107" WIDTH="68" HEIGHT="27" WC="0.93" CONTENT="privat"/><SP WIDTH="15" VPOS="1107" HPOS="474"/>
							<String ID="string_324" HPOS="489" VPOS="1107" WIDTH="210" HEIGHT="27" WC="0.81" CONTENT="fruntimmersskola,"/><SP WIDTH="16" VPOS="1107" HPOS="699"/>
							<String ID="string_325" HPOS="715" VPOS="1107" WIDTH="126" HEIGHT="27" WC="0.92" CONTENT="uppehällen"/><SP WIDTH="12" VPOS="1107" HPOS="841"/>
							<String ID="string_326" HPOS="853" VPOS="1112" WIDTH="76" HEIGHT="21" WC="0.96" CONTENT="genom"/>
						</TextLine>
						<TextLine ID="line_34" HPOS="108" VPOS="1134" WIDTH="822" HEIGHT="28">
							<String ID="string_327" HPOS="108" VPOS="1134" WIDTH="74" HEIGHT="28" WC="0.95" CONTENT="bidrag"/><SP WIDTH="16" VPOS="1134" HPOS="182"/>
							<String ID="string_328" HPOS="198" VPOS="1135" WIDTH="21" HEIGHT="20" WC="0.96" CONTENT="af"/><SP WIDTH="15" VPOS="1135" HPOS="219"/>
							<String ID="string_329" HPOS="234" VPOS="1137" WIDTH="68" HEIGHT="19" WC="0.97" CONTENT="staten"/><SP WIDTH="14" VPOS="1137" HPOS="302"/>
							<String ID="string_330" HPOS="316" VPOS="1136" WIDTH="39" HEIGHT="20" WC="0.96" CONTENT="och"/><SP WIDTH="15" VPOS="1136" HPOS="355"/>
							<String ID="string_331" HPOS="370" VPOS="1135" WIDTH="79" HEIGHT="22" WC="0.96" CONTENT="staden."/><SP WIDTH="29" VPOS="1135" HPOS="449"/>
							<String ID="string_332" HPOS="478" VPOS="1135" WIDTH="51" HEIGHT="21" WC="0.96" CONTENT="Men"/><SP WIDTH="15" VPOS="1135" HPOS="529"/>
							<String ID="string_333" HPOS="544" VPOS="1135" WIDTH="27" HEIGHT="21" WC="0.96" CONTENT="dä"/><SP WIDTH="15" VPOS="1135" HPOS="571"/>
							<String ID="string_334" HPOS="586" VPOS="1135" WIDTH="70" HEIGHT="22" WC="0.96" CONTENT="denna"/><SP WIDTH="15" VPOS="1135" HPOS="656"/>
							<String ID="string_335" HPOS="671" VPOS="1135" WIDTH="60" HEIGHT="21" WC="0.97" CONTENT="skola"/><SP WIDTH="10" VPOS="1135" HPOS="731"/>
							<String ID="string_336" HPOS="741" VPOS="1136" WIDTH="38" HEIGHT="20" WC="0.95" CONTENT="har"/><SP WIDTH="8" VPOS="1136" HPOS="779"/>
							<String ID="string_337" HPOS="787" VPOS="1137" WIDTH="30" HEIGHT="19" WC="0.93" CONTENT="att"/><SP WIDTH="9" VPOS="1137" HPOS="817"/>
							<String ID="string_338" HPOS="826" VPOS="1135" WIDTH="104" HEIGHT="26" WC="0.96" CONTENT="bekämpa"/>
						</TextLine>
						<TextLine ID="line_35" HPOS="109" VPOS="1163" WIDTH="821" HEIGHT="28">
							<String ID="string_339" HPOS="109" VPOS="1163" WIDTH="42" HEIGHT="20" WC="0.95" CONTENT="alla"/><SP WIDTH="21" VPOS="1163" HPOS="151"/>
							<String ID="string_340" HPOS="172" VPOS="1163" WIDTH="26" HEIGHT="21" WC="0.93" CONTENT="de"/><SP WIDTH="22" VPOS="1163" HPOS="198"/>
							<String ID="string_341" HPOS="220" VPOS="1163" WIDTH="128" HEIGHT="28" WC="0.92" CONTENT="svärigheter"/><SP WIDTH="22" VPOS="1163" HPOS="348"/>
							<String ID="string_342" HPOS="370" VPOS="1170" WIDTH="45" HEIGHT="15" WC="0.90" CONTENT="som"/><SP WIDTH="23" VPOS="1170" HPOS="415"/>
							<String ID="string_343" HPOS="438" VPOS="1165" WIDTH="56" HEIGHT="20" WC="0.90" CONTENT="möta"/><SP WIDTH="22" VPOS="1165" HPOS="494"/>
							<String ID="string_344" HPOS="516" VPOS="1166" WIDTH="30" HEIGHT="19" WC="0.95" CONTENT="ett"/><SP WIDTH="21" VPOS="1166" HPOS="546"/>
							<String ID="string_345" HPOS="567" VPOS="1164" WIDTH="68" HEIGHT="27" WC="0.93" CONTENT="privat"/><SP WIDTH="20" VPOS="1164" HPOS="635"/>
							<String ID="string_346" HPOS="655" VPOS="1164" WIDTH="97" HEIGHT="21" WC="0.92" CONTENT="lärovärk"/><SP WIDTH="16" VPOS="1164" HPOS="752"/>
							<String ID="string_347" HPOS="768" VPOS="1163" WIDTH="38" HEIGHT="21" WC="0.96" CONTENT="och"/><SP WIDTH="16" VPOS="1163" HPOS="806"/>
							<String ID="string_348" HPOS="822" VPOS="1163" WIDTH="108" HEIGHT="20" WC="0.96" CONTENT="dessutom"/>
						</TextLine>
						<TextLine ID="line_36" HPOS="109" VPOS="1191" WIDTH="822" HEIGHT="22">
							<String ID="string_349" HPOS="109" VPOS="1191" WIDTH="44" HEIGHT="21" WC="0.94" CONTENT="helt"/><SP WIDTH="22" VPOS="1191" HPOS="153"/>
							<String ID="string_350" HPOS="175" VPOS="1192" WIDTH="39" HEIGHT="20" WC="0.93" CONTENT="och"/><SP WIDTH="23" VPOS="1192" HPOS="214"/>
							<String ID="string_351" HPOS="237" VPOS="1192" WIDTH="63" HEIGHT="21" WC="0.91" CONTENT="hället"/><SP WIDTH="21" VPOS="1192" HPOS="300"/>
							<String ID="string_352" HPOS="321" VPOS="1194" WIDTH="23" HEIGHT="18" WC="0.93" CONTENT="är"/><SP WIDTH="21" VPOS="1194" HPOS="344"/>
							<String ID="string_353" HPOS="365" VPOS="1192" WIDTH="106" HEIGHT="21" WC="0.92" CONTENT="beroende"/><SP WIDTH="22" VPOS="1192" HPOS="471"/>
							<String ID="string_354" HPOS="493" VPOS="1192" WIDTH="22" HEIGHT="21" WC="0.96" CONTENT="af"/><SP WIDTH="20" VPOS="1192" HPOS="515"/>
							<String ID="string_355" HPOS="535" VPOS="1193" WIDTH="48" HEIGHT="20" WC="0.93" CONTENT="dess"/><SP WIDTH="23" VPOS="1193" HPOS="583"/>
							<String ID="string_356" HPOS="606" VPOS="1192" WIDTH="193" HEIGHT="21" WC="0.92" CONTENT="föreständarinnas"/><SP WIDTH="18" VPOS="1192" HPOS="799"/>
							<String ID="string_357" HPOS="817" VPOS="1191" WIDTH="59" HEIGHT="20" WC="0.92" CONTENT="hälsa"/><SP WIDTH="15" VPOS="1191" HPOS="876"/>
							<String ID="string_358" HPOS="891" VPOS="1191" WIDTH="40" HEIGHT="20" WC="0.96" CONTENT="och"/>
						</TextLine>
						<TextLine ID="line_37" HPOS="109" VPOS="1219" WIDTH="822" HEIGHT="29">
							<String ID="string_359" HPOS="109" VPOS="1219" WIDTH="84" HEIGHT="25" WC="0.96" CONTENT="krafter,"/><SP WIDTH="16" VPOS="1219" HPOS="193"/>
							<String ID="string_360" HPOS="209" VPOS="1220" WIDTH="66" HEIGHT="21" WC="0.95" CONTENT="måste"/><SP WIDTH="21" VPOS="1220" HPOS="275"/>
							<String ID="string_361" HPOS="296" VPOS="1220" WIDTH="47" HEIGHT="21" WC="0.93" CONTENT="dess"/><SP WIDTH="22" VPOS="1220" HPOS="343"/>
							<String ID="string_362" HPOS="365" VPOS="1221" WIDTH="129" HEIGHT="21" WC="0.95" CONTENT="fortfarande"/><SP WIDTH="22" VPOS="1221" HPOS="494"/>
							<String ID="string_363" HPOS="516" VPOS="1220" WIDTH="89" HEIGHT="21" WC="0.96" CONTENT="bestånd"/><SP WIDTH="19" VPOS="1220" HPOS="605"/>
							<String ID="string_364" HPOS="624" VPOS="1221" WIDTH="40" HEIGHT="20" WC="0.93" CONTENT="och"/><SP WIDTH="15" VPOS="1221" HPOS="664"/>
							<String ID="string_365" HPOS="679" VPOS="1221" WIDTH="110" HEIGHT="27" WC="0.96" CONTENT="duglighet"/><SP WIDTH="15" VPOS="1221" HPOS="789"/>
							<String ID="string_366" HPOS="804" VPOS="1225" WIDTH="62" HEIGHT="15" WC="0.97" CONTENT="anses"/><SP WIDTH="15" VPOS="1225" HPOS="866"/>
							<String ID="string_367" HPOS="881" VPOS="1225" WIDTH="50" HEIGHT="14" WC="0.97" CONTENT="vara"/>
						</TextLine>
						<TextLine ID="line_38" HPOS="109" VPOS="1247" WIDTH="822" HEIGHT="29">
							<String ID="string_368" HPOS="109" VPOS="1247" WIDTH="61" HEIGHT="28" WC="0.96" CONTENT="högst"/><SP WIDTH="21" VPOS="1247" HPOS="170"/>
							<String ID="string_369" HPOS="191" VPOS="1248" WIDTH="79" HEIGHT="21" WC="0.90" CONTENT="osäker."/><SP WIDTH="31" VPOS="1248" HPOS="270"/>
							<String ID="string_370" HPOS="301" VPOS="1248" WIDTH="212" HEIGHT="28" WC="0.90" CONTENT="Omorganisationen"/><SP WIDTH="17" VPOS="1248" HPOS="513"/>
							<String ID="string_371" HPOS="530" VPOS="1249" WIDTH="21" HEIGHT="20" WC="0.96" CONTENT="af"/><SP WIDTH="15" VPOS="1249" HPOS="551"/>
							<String ID="string_372" HPOS="566" VPOS="1249" WIDTH="85" HEIGHT="21" WC="0.96" CONTENT="stadens"/><SP WIDTH="15" VPOS="1249" HPOS="651"/>
							<String ID="string_373" HPOS="666" VPOS="1248" WIDTH="177" HEIGHT="22" WC="0.95" CONTENT="elementarskola"/><SP WIDTH="15" VPOS="1248" HPOS="843"/>
							<String ID="string_374" HPOS="858" VPOS="1247" WIDTH="32" HEIGHT="21" WC="0.96" CONTENT="till"/><SP WIDTH="14" VPOS="1247" HPOS="890"/>
							<String ID="string_375" HPOS="904" VPOS="1253" WIDTH="27" HEIGHT="15" WC="0.96" CONTENT="en"/>
						</TextLine>
						<TextLine ID="line_39" HPOS="111" VPOS="1275" WIDTH="821" HEIGHT="27">
							<String ID="string_376" HPOS="111" VPOS="1276" WIDTH="11" HEIGHT="20" WC="0.92" CONTENT="5"/><SP WIDTH="16" VPOS="1276" HPOS="122"/>
							<String ID="string_377" HPOS="138" VPOS="1276" WIDTH="78" HEIGHT="26" WC="0.92" CONTENT="klassig"/><SP WIDTH="15" VPOS="1276" HPOS="216"/>
							<String ID="string_378" HPOS="231" VPOS="1277" WIDTH="104" HEIGHT="21" WC="0.96" CONTENT="samskola"/><SP WIDTH="14" VPOS="1277" HPOS="335"/>
							<String ID="string_379" HPOS="349" VPOS="1277" WIDTH="50" HEIGHT="21" WC="0.93" CONTENT="med"/><SP WIDTH="15" VPOS="1277" HPOS="399"/>
							<String ID="string_380" HPOS="414" VPOS="1277" WIDTH="103" HEIGHT="21" WC="0.92" CONTENT="afslutade"/><SP WIDTH="16" VPOS="1277" HPOS="517"/>
							<String ID="string_381" HPOS="533" VPOS="1277" WIDTH="75" HEIGHT="21" WC="0.96" CONTENT="kurser"/><SP WIDTH="10" VPOS="1277" HPOS="608"/>
							<String ID="string_382" HPOS="618" VPOS="1277" WIDTH="69" HEIGHT="21" WC="0.96" CONTENT="skulle"/><SP WIDTH="21" VPOS="1277" HPOS="687"/>
							<String ID="string_383" HPOS="708" VPOS="1277" WIDTH="70" HEIGHT="21" WC="0.96" CONTENT="därför"/><SP WIDTH="9" VPOS="1277" HPOS="778"/>
							<String ID="string_384" HPOS="787" VPOS="1279" WIDTH="52" HEIGHT="19" WC="0.93" CONTENT="utan"/><SP WIDTH="20" VPOS="1279" HPOS="839"/>
							<String ID="string_385" HPOS="859" VPOS="1275" WIDTH="73" HEIGHT="22" WC="0.91" CONTENT="tvifvel"/>
						</TextLine>
						<TextLine ID="line_40" HPOS="109" VPOS="1304" WIDTH="773" HEIGHT="29">
							<String ID="string_386" HPOS="109" VPOS="1304" WIDTH="64" HEIGHT="21" WC="0.93" CONTENT="lända"/><SP WIDTH="15" VPOS="1304" HPOS="173"/>
							<String ID="string_387" HPOS="188" VPOS="1305" WIDTH="62" HEIGHT="21" WC="0.93" CONTENT="äfven"/><SP WIDTH="16" VPOS="1305" HPOS="250"/>
							<String ID="string_388" HPOS="266" VPOS="1305" WIDTH="204" HEIGHT="28" WC="0.90" CONTENT="kvinnobildningen"/><SP WIDTH="15" VPOS="1305" HPOS="470"/>
							<String ID="string_389" HPOS="485" VPOS="1306" WIDTH="8" HEIGHT="20" WC="0.96" CONTENT="i"/><SP WIDTH="15" VPOS="1306" HPOS="493"/>
							<String ID="string_390" HPOS="508" VPOS="1306" WIDTH="71" HEIGHT="21" WC="0.96" CONTENT="denna"/><SP WIDTH="14" VPOS="1306" HPOS="579"/>
							<String ID="string_391" HPOS="593" VPOS="1306" WIDTH="97" HEIGHT="21" WC="0.96" CONTENT="landsdel"/><SP WIDTH="16" VPOS="1306" HPOS="690"/>
							<String ID="string_392" HPOS="706" VPOS="1306" WIDTH="32" HEIGHT="21" WC="0.96" CONTENT="till"/><SP WIDTH="14" VPOS="1306" HPOS="738"/>
							<String ID="string_393" HPOS="752" VPOS="1307" WIDTH="53" HEIGHT="19" WC="0.96" CONTENT="stort"/><SP WIDTH="16" VPOS="1307" HPOS="805"/>
							<String ID="string_394" HPOS="821" VPOS="1311" WIDTH="61" HEIGHT="21" WC="0.96" CONTENT="gagn."/>
						</TextLine>
						<TextLine ID="line_41" HPOS="179" VPOS="1333" WIDTH="753" HEIGHT="27">
							<String ID="string_395" HPOS="179" VPOS="1333" WIDTH="83" HEIGHT="21" WC="0.96" CONTENT="Statens"/><SP WIDTH="15" VPOS="1333" HPOS="262"/>
							<String ID="string_396" HPOS="277" VPOS="1334" WIDTH="113" HEIGHT="20" WC="0.96" CONTENT="kostnader"/><SP WIDTH="14" VPOS="1334" HPOS="390"/>
							<String ID="string_397" HPOS="404" VPOS="1334" WIDTH="32" HEIGHT="21" WC="0.96" CONTENT="för"/><SP WIDTH="16" VPOS="1334" HPOS="436"/>
							<String ID="string_398" HPOS="452" VPOS="1334" WIDTH="147" HEIGHT="21" WC="0.94" CONTENT="skolväsendet"/><SP WIDTH="10" VPOS="1334" HPOS="599"/>
							<String ID="string_399" HPOS="609" VPOS="1334" WIDTH="8" HEIGHT="21" WC="0.93" CONTENT="i"/><SP WIDTH="12" VPOS="1334" HPOS="617"/>
							<String ID="string_400" HPOS="629" VPOS="1334" WIDTH="164" HEIGHT="26" WC="0.91" CONTENT="Gamlakarleby"/><SP WIDTH="13" VPOS="1334" HPOS="793"/>
							<String ID="string_401" HPOS="806" VPOS="1333" WIDTH="69" HEIGHT="21" WC="0.93" CONTENT="skulle"/><SP WIDTH="11" VPOS="1333" HPOS="875"/>
							<String ID="string_402" HPOS="886" VPOS="1333" WIDTH="46" HEIGHT="20" WC="0.93" CONTENT="där-"/>
						</TextLine>
						<TextLine ID="line_42" HPOS="110" VPOS="1361" WIDTH="822" HEIGHT="29">
							<String ID="string_403" HPOS="110" VPOS="1361" WIDTH="84" HEIGHT="27" WC="0.96" CONTENT="igenom"/><SP WIDTH="24" VPOS="1361" HPOS="194"/>
							<String ID="string_404" HPOS="218" VPOS="1362" WIDTH="46" HEIGHT="21" WC="0.96" CONTENT="icke"/><SP WIDTH="23" VPOS="1362" HPOS="264"/>
							<String ID="string_405" HPOS="287" VPOS="1362" WIDTH="49" HEIGHT="20" WC="0.96" CONTENT="ökas"/><SP WIDTH="16" VPOS="1362" HPOS="336"/>
							<String ID="string_406" HPOS="352" VPOS="1364" WIDTH="51" HEIGHT="19" WC="0.96" CONTENT="utan"/><SP WIDTH="15" VPOS="1364" HPOS="403"/>
							<String ID="string_407" HPOS="418" VPOS="1364" WIDTH="91" HEIGHT="20" WC="0.93" CONTENT="tvärtom"/><SP WIDTH="14" VPOS="1364" HPOS="509"/>
							<String ID="string_408" HPOS="523" VPOS="1362" WIDTH="74" HEIGHT="28" WC="0.91" CONTENT="nedgå."/><SP WIDTH="30" VPOS="1362" HPOS="597"/>
							<String ID="string_409" HPOS="627" VPOS="1362" WIDTH="31" HEIGHT="21" WC="0.93" CONTENT="På"/><SP WIDTH="15" VPOS="1362" HPOS="658"/>
							<String ID="string_410" HPOS="673" VPOS="1362" WIDTH="203" HEIGHT="22" WC="0.91" CONTENT="elementarskolans"/><SP WIDTH="15" VPOS="1362" HPOS="876"/>
							<String ID="string_411" HPOS="891" VPOS="1362" WIDTH="41" HEIGHT="19" WC="0.96" CONTENT="stat"/>
						</TextLine>
						<TextLine ID="line_43" HPOS="108" VPOS="1389" WIDTH="825" HEIGHT="29">
							<String ID="string_412" HPOS="108" VPOS="1389" WIDTH="70" HEIGHT="21" WC="0.96" CONTENT="finnas"/><SP WIDTH="20" VPOS="1389" HPOS="178"/>
							<String ID="string_413" HPOS="198" VPOS="1393" WIDTH="105" HEIGHT="24" WC="0.96" CONTENT="upptagna"/><SP WIDTH="22" VPOS="1393" HPOS="303"/>
							<String ID="string_414" HPOS="325" VPOS="1390" WIDTH="13" HEIGHT="20" WC="0.92" CONTENT="5"/><SP WIDTH="20" VPOS="1390" HPOS="338"/>
							<String ID="string_415" HPOS="358" VPOS="1390" WIDTH="177" HEIGHT="28" WC="0.89" CONTENT="kollegatjänster,"/><SP WIDTH="15" VPOS="1390" HPOS="535"/>
							<String ID="string_416" HPOS="550" VPOS="1391" WIDTH="21" HEIGHT="21" WC="0.96" CONTENT="af"/><SP WIDTH="14" VPOS="1391" HPOS="571"/>
							<String ID="string_417" HPOS="585" VPOS="1391" WIDTH="72" HEIGHT="21" WC="0.96" CONTENT="hvilka"/><SP WIDTH="15" VPOS="1391" HPOS="657"/>
							<String ID="string_418" HPOS="672" VPOS="1391" WIDTH="55" HEIGHT="21" WC="0.96" CONTENT="dock"/><SP WIDTH="15" VPOS="1391" HPOS="727"/>
							<String ID="string_419" HPOS="742" VPOS="1397" WIDTH="27" HEIGHT="15" WC="0.95" CONTENT="en"/><SP WIDTH="16" VPOS="1397" HPOS="769"/>
							<String ID="string_420" HPOS="785" VPOS="1390" WIDTH="54" HEIGHT="20" WC="0.95" CONTENT="visat"/><SP WIDTH="14" VPOS="1390" HPOS="839"/>
							<String ID="string_421" HPOS="853" VPOS="1390" WIDTH="32" HEIGHT="25" WC="0.96" CONTENT="sig"/><SP WIDTH="15" VPOS="1390" HPOS="885"/>
							<String ID="string_422" HPOS="900" VPOS="1389" WIDTH="33" HEIGHT="20" WC="0.96" CONTENT="för"/>
						</TextLine>
						<TextLine ID="line_44" HPOS="110" VPOS="1417" WIDTH="822" HEIGHT="29">
							<String ID="string_423" HPOS="110" VPOS="1419" WIDTH="131" HEIGHT="20" WC="0.93" CONTENT="närvarande"/><SP WIDTH="23" VPOS="1419" HPOS="241"/>
							<String ID="string_424" HPOS="264" VPOS="1418" WIDTH="108" HEIGHT="28" WC="0.92" CONTENT="umbärlig,"/><SP WIDTH="23" VPOS="1418" HPOS="372"/>
							<String ID="string_425" HPOS="395" VPOS="1420" WIDTH="89" HEIGHT="20" WC="0.93" CONTENT="emedan"/><SP WIDTH="15" VPOS="1420" HPOS="484"/>
							<String ID="string_426" HPOS="499" VPOS="1419" WIDTH="119" HEIGHT="27" WC="0.91" CONTENT="latinlinjen"/><SP WIDTH="18" VPOS="1419" HPOS="618"/>
							<String ID="string_427" HPOS="636" VPOS="1420" WIDTH="8" HEIGHT="19" WC="0.96" CONTENT="i"/><SP WIDTH="14" VPOS="1420" HPOS="644"/>
							<String ID="string_428" HPOS="658" VPOS="1419" WIDTH="76" HEIGHT="21" WC="0.96" CONTENT="skolan"/><SP WIDTH="20" VPOS="1419" HPOS="734"/>
							<String ID="string_429" HPOS="754" VPOS="1419" WIDTH="44" HEIGHT="21" WC="0.96" CONTENT="helt"/><SP WIDTH="15" VPOS="1419" HPOS="798"/>
							<String ID="string_430" HPOS="813" VPOS="1418" WIDTH="39" HEIGHT="20" WC="0.96" CONTENT="och"/><SP WIDTH="16" VPOS="1418" HPOS="852"/>
							<String ID="string_431" HPOS="868" VPOS="1417" WIDTH="64" HEIGHT="20" WC="0.96" CONTENT="hållet"/>
						</TextLine>
						<TextLine ID="line_45" HPOS="110" VPOS="1445" WIDTH="822" HEIGHT="29">
							<String ID="string_432" HPOS="110" VPOS="1447" WIDTH="95" HEIGHT="26" WC="0.94" CONTENT="upphört."/><SP WIDTH="31" VPOS="1447" HPOS="205"/>
							<String ID="string_433" HPOS="236" VPOS="1446" WIDTH="79" HEIGHT="22" WC="0.93" CONTENT="Största"/><SP WIDTH="22" VPOS="1446" HPOS="315"/>
							<String ID="string_434" HPOS="337" VPOS="1447" WIDTH="61" HEIGHT="21" WC="0.95" CONTENT="delen"/><SP WIDTH="23" VPOS="1447" HPOS="398"/>
							<String ID="string_435" HPOS="421" VPOS="1447" WIDTH="21" HEIGHT="21" WC="0.96" CONTENT="af"/><SP WIDTH="15" VPOS="1447" HPOS="442"/>
							<String ID="string_436" HPOS="457" VPOS="1448" WIDTH="40" HEIGHT="20" WC="0.93" CONTENT="den"/><SP WIDTH="17" VPOS="1448" HPOS="497"/>
							<String ID="string_437" HPOS="514" VPOS="1448" WIDTH="41" HEIGHT="20" WC="0.92" CONTENT="5:te"/><SP WIDTH="22" VPOS="1448" HPOS="555"/>
							<String ID="string_438" HPOS="577" VPOS="1448" WIDTH="110" HEIGHT="26" WC="0.91" CONTENT="kollegans"/><SP WIDTH="23" VPOS="1448" HPOS="687"/>
							<String ID="string_439" HPOS="710" VPOS="1445" WIDTH="222" HEIGHT="27" WC="0.91" CONTENT="undervisningsskyl-"/>
						</TextLine>
						<TextLine ID="line_46" HPOS="109" VPOS="1473" WIDTH="822" HEIGHT="30">
							<String ID="string_440" HPOS="109" VPOS="1474" WIDTH="73" HEIGHT="28" WC="0.96" CONTENT="dighet"/><SP WIDTH="25" VPOS="1474" HPOS="182"/>
							<String ID="string_441" HPOS="207" VPOS="1476" WIDTH="69" HEIGHT="20" WC="0.96" CONTENT="kunde"/><SP WIDTH="20" VPOS="1476" HPOS="276"/>
							<String ID="string_442" HPOS="296" VPOS="1476" WIDTH="69" HEIGHT="20" WC="0.93" CONTENT="därför"/><SP WIDTH="22" VPOS="1476" HPOS="365"/>
							<String ID="string_443" HPOS="387" VPOS="1475" WIDTH="114" HEIGHT="21" WC="0.92" CONTENT="öfverföras"/><SP WIDTH="16" VPOS="1475" HPOS="501"/>
							<String ID="string_444" HPOS="517" VPOS="1476" WIDTH="26" HEIGHT="27" WC="0.96" CONTENT="på"/><SP WIDTH="22" VPOS="1476" HPOS="543"/>
							<String ID="string_445" HPOS="565" VPOS="1476" WIDTH="42" HEIGHT="20" WC="0.93" CONTENT="den"/><SP WIDTH="23" VPOS="1476" HPOS="607"/>
							<String ID="string_446" HPOS="630" VPOS="1476" WIDTH="41" HEIGHT="20" WC="0.91" CONTENT="5:te"/><SP WIDTH="19" VPOS="1476" HPOS="671"/>
							<String ID="string_447" HPOS="690" VPOS="1476" WIDTH="91" HEIGHT="26" WC="0.95" CONTENT="klassen,"/><SP WIDTH="15" VPOS="1476" HPOS="781"/>
							<String ID="string_448" HPOS="796" VPOS="1474" WIDTH="46" HEIGHT="21" WC="0.96" CONTENT="ifall"/><SP WIDTH="15" VPOS="1474" HPOS="842"/>
							<String ID="string_449" HPOS="857" VPOS="1480" WIDTH="27" HEIGHT="14" WC="0.93" CONTENT="en"/><SP WIDTH="16" VPOS="1480" HPOS="884"/>
							<String ID="string_450" HPOS="900" VPOS="1473" WIDTH="31" HEIGHT="21" WC="0.93" CONTENT="så-"/>
						</TextLine>
						<TextLine ID="line_47" HPOS="111" VPOS="1502" WIDTH="822" HEIGHT="23">
							<String ID="string_451" HPOS="111" VPOS="1502" WIDTH="42" HEIGHT="22" WC="0.93" CONTENT="dan"/><SP WIDTH="23" VPOS="1502" HPOS="153"/>
							<String ID="string_452" HPOS="176" VPOS="1503" WIDTH="68" HEIGHT="21" WC="0.74" CONTENT="bicfve"/><SP WIDTH="22" VPOS="1503" HPOS="244"/>
							<String ID="string_453" HPOS="266" VPOS="1504" WIDTH="96" HEIGHT="21" WC="0.93" CONTENT="inrättad."/><SP WIDTH="30" VPOS="1504" HPOS="362"/>
							<String ID="string_454" HPOS="392" VPOS="1503" WIDTH="177" HEIGHT="22" WC="0.91" CONTENT="Sammanräknas"/><SP WIDTH="22" VPOS="1503" HPOS="569"/>
							<String ID="string_455" HPOS="591" VPOS="1504" WIDTH="64" HEIGHT="21" WC="0.96" CONTENT="lönen"/><SP WIDTH="23" VPOS="1504" HPOS="655"/>
							<String ID="string_456" HPOS="678" VPOS="1504" WIDTH="33" HEIGHT="21" WC="0.96" CONTENT="för"/><SP WIDTH="18" VPOS="1504" HPOS="711"/>
							<String ID="string_457" HPOS="729" VPOS="1504" WIDTH="41" HEIGHT="20" WC="0.96" CONTENT="den"/><SP WIDTH="15" VPOS="1504" HPOS="770"/>
							<String ID="string_458" HPOS="785" VPOS="1502" WIDTH="47" HEIGHT="22" WC="0.96" CONTENT="icke"/><SP WIDTH="19" VPOS="1502" HPOS="832"/>
							<String ID="string_459" HPOS="851" VPOS="1502" WIDTH="82" HEIGHT="21" WC="0.96" CONTENT="besatta"/>
						</TextLine>
					</TextBlock>
				</ComposedBlock>
				<GraphicalElement ID="cblock_3" HPOS="1082" VPOS="699" WIDTH="13" HEIGHT="989"></GraphicalElement >
			</PrintSpace>
		</Page>
	</Layout>
</alto>
