1095 1717
319 125 178 22 Borgareståndet
510 126 57 17 1894.
593 126 22 16 13
627 126 59 21 april.
846 120 40 21 637

158 206 118 27 Föredrogs
293 205 241 28 bevillningsutskottets
550 206 35 20 vid
601 208 83 19 senaste
699 206 88 28 plenum
801 205 116 28 bordlagda

92 234 133 22 betänkande
246 240 35 15 n:o
302 234 11 20 2
331 234 8 20 i
354 234 116 27 anledning
485 234 22 21 af
522 234 77 28 nådiga
613 235 158 27 propositionen
787 241 35 14 n:o
839 235 26 20 15
880 240 37 15 an-

92 263 81 28 gående
196 263 41 21 den
260 262 208 28 näringsbevillning,
491 270 46 14 som
559 263 55 21 skall
629 263 96 28 erläggas
740 263 22 21 af
776 263 142 27 utländingar,

92 292 72 21 hvilka
178 292 7 20 i
200 291 89 21 Finland
304 291 50 21 idka
369 292 78 21 handel
462 292 52 21 eller
529 298 69 15 annan
615 292 81 28 näring.

158 348 34 22 Hr
213 348 134 22 Jusélius
367 348 67 22 utbad
454 349 31 27 sig
506 349 60 21 ordet
581 349 39 21 och
635 349 95 27 yttrade:
760 349 11 21 I
786 349 35 21 det
836 348 81 22 författ-

92 377 146 27 ningsförslag,
254 384 44 14 som
313 377 62 27 ingår
389 377 7 21 i
411 378 42 20 den
468 378 78 27 nådiga
557 378 164 27 propositionen,
732 378 38 20 har
780 377 137 27 bevillnings-

91 406 102 21 utskottet
212 406 101 27 tillstyrkt
333 406 103 21 särskilda
455 406 153 28 förändringar.
637 406 43 22 Det
693 406 66 22 första
774 406 143 27 ändringsför-

90 435 68 27 slaget
180 435 55 20 afser
257 437 30 19 att
305 435 133 27 undanrödja
454 435 35 21 det
504 435 189 27 missförhållande,
709 442 44 14 som
770 435 27 28 på
811 435 69 28 grund
895 435 22 20 af

91 470 29 14 nu
135 463 97 28 gällande
248 463 130 28 stadganden
394 470 50 21 eger
459 471 47 14 rum
521 464 8 21 i
544 464 36 21 det
595 464 99 21 afseende
710 466 30 19 att
754 464 113 21 utländska
880 465 37 19 nä-

91 492 131 27 ringsidkare
246 494 34 19 äro
303 493 6 20 i
331 492 83 21 tillfälle
436 494 30 19 att
488 493 139 27 undandraga
642 493 32 27 sig
689 492 228 28 bevillningsafgiftens

90 521 134 27 erläggande.
255 521 118 21 Orsakerna
391 521 32 21 till
439 521 56 21 detta
511 521 183 22 missförhållande
710 521 111 28 uppgifver
835 521 82 21 utskot-

91 551 31 19 tet
143 549 57 28 ligga
221 549 52 21 först
292 550 38 20 och
345 549 74 22 främst
434 550 69 21 däruti
519 552 30 19 att
564 550 190 27 bevillningsafgift
769 550 100 21 behöfver
885 556 31 15 er-

91 577 72 28 läggas
183 578 21 21 af
219 578 111 27 utländing
344 578 52 21 först
411 579 54 20 efter
480 579 35 20 det
530 579 43 20 han
587 581 32 19 tre
634 579 58 27 dygn
708 579 38 20 har
761 579 73 20 vistats
849 579 7 20 i
871 578 45 21 lan-

91 606 41 21 det.
161 606 47 21 Den
224 607 66 20 andra
305 607 87 21 orsaken
408 609 24 18 är
446 609 35 25 att,
497 607 66 28 enligt
578 607 98 28 gällande
691 607 177 28 passförordning,
883 608 33 19 ut-

90 635 88 27 länding
199 635 47 21 icke
269 637 23 19 är
306 636 74 27 pliktig
395 638 30 19 att
440 636 133 21 annorlunda
588 638 26 19 än
630 636 27 27 på
672 636 114 21 anfordran
801 638 64 25 uppte
881 635 35 21 sitt

91 670 48 21 pass
154 663 32 22 för
201 664 157 21 vederbörande
374 664 49 21 tull-
439 665 52 20 eller
505 665 187 27 polistjänsteman,
708 665 39 20 och
762 666 31 19 att
807 665 47 25 den,
870 670 45 15 som

91 692 65 27 hyser
176 693 117 27 utländing,
308 693 18 26 ej
343 695 23 18 är
381 693 85 28 skyldig
480 696 65 25 uppte
561 694 80 20 dennes
656 700 48 21 pass
719 694 33 20 för
763 693 152 28 polismyndig-

92 721 68 26 heten,
182 721 45 21 ifall
248 722 41 20 han
305 721 46 21 icke
366 722 65 21 vistas
446 722 6 20 i
468 722 46 21 stad
530 722 83 21 utöfver
628 724 31 19 tre
675 722 57 27 dygn
748 722 39 21 och
802 721 27 28 på
843 721 73 21 landet

91 749 83 21 utöfver
188 749 43 22 åtta
246 750 63 27 dygn.
324 750 63 21 Hvad
403 751 41 20 den
460 757 75 14 senare
551 752 88 19 orsaken
654 751 137 26 vidkommer,
807 750 52 21 eller
873 750 41 21 den

90 784 47 14 som
158 778 62 21 beror
239 779 21 20 af
275 779 206 27 passförfattningen,
496 781 23 19 är
535 779 35 21 det
585 779 55 21 klart
655 781 30 19 att
700 779 113 21 ständerna
829 778 85 21 därmed

90 807 47 20 icke
159 807 73 20 kunna
254 809 48 26 taga
317 807 127 28 befattning;
460 815 49 14 men
526 808 55 21 hvad
597 808 41 21 den
653 808 56 21 förra
724 808 143 27 anledningen
883 807 32 21 till

90 835 128 22 missbruket
240 836 102 26 beträffar,
364 837 38 20 har
417 836 231 28 bevillningsutskottet
662 837 80 21 försökt
757 837 91 26 afhjälpa
863 836 52 21 den-

90 869 82 15 samma
192 871 76 20 genom
284 871 25 14 en
325 865 123 27 förändring
463 865 21 21 af
500 866 12 26 $
529 866 18 20 1.
578 865 74 21 Ehuru
666 866 36 27 jag
716 865 8 21 i
738 865 42 21 allo
795 865 62 27 gillar
871 865 43 26 syf-

91 894 30 19 tet
143 893 47 20 med
207 893 57 20 detta
279 893 185 28 ändringsförslag,
479 894 42 21 kan
537 895 36 26 jag
588 894 54 21 dock
657 894 47 21 icke
719 894 82 21 biträda
816 894 41 21 den
873 893 41 21 for-

90 921 111 27 mulering,
223 928 45 14 som
290 922 101 21 utskottet
405 922 33 21 för
452 923 161 27 ifrågavarande
628 923 97 20 ändamål
741 923 61 27 gifvit
817 929 97 20 paragra-

90 949 41 21 fen.
161 949 42 22 Det
223 950 66 21 måste
312 951 32 20 väl
366 957 62 15 anses
451 958 48 14 vara
523 951 115 28 oegentligt
653 953 30 20 att
698 953 56 26 säga,
770 951 69 21 såsom
854 957 59 21 para-

90 978 74 27 grafen
186 978 67 28 enligt
274 979 110 21 utskottets
399 979 140 28 formulering
554 980 69 27 lyder:
642 980 136 27 »Utländing,
793 986 46 15 som
855 980 37 20 här
906 979 7 20 i

89 1006 73 21 landet
184 1007 32 20 för
237 1013 53 22 egen
313 1008 52 21 eller
387 1015 81 14 annans
491 1009 90 27 räkning
596 1011 62 18 ärnar
673 1009 64 27 bjuda
753 1011 24 19 ut
791 1008 52 21 eller
858 1008 55 21 sluta

91 1035 78 21 handel
190 1042 35 14 om
247 1038 63 19 annat
331 1037 62 20 lands
414 1043 67 21 varor,
496 1037 49 21 med
562 1037 108 28 undantag
685 1037 21 21 af
720 1037 110 21 medförda
845 1037 68 20 landt-

91 1064 194 27 mannaprodukter
307 1065 38 21 och
367 1065 65 22 alster
454 1066 20 20 af
490 1066 101 27 husslöjd,
607 1066 59 27 skall,
681 1066 65 21 innan
762 1066 58 26 dylik
835 1065 78 21 handel

89 1092 22 20 af
132 1093 78 20 honom
232 1093 33 21 får
286 1093 101 28 påbörjas,
409 1095 84 26 erlägga
509 1095 203 27 näringsbevillning
727 1095 48 20 med
791 1094 121 21 etthundra-

89 1121 61 27 tjugu
172 1122 60 20 mark
254 1123 7 20 i
282 1123 116 20 månaden»
416 1125 39 19 etc.
484 1123 64 21 Detta
563 1123 65 21 borde
642 1124 30 26 ju,
687 1123 126 21 åtminstone
828 1122 85 21 formelt

89 1151 62 25 taget,
166 1150 68 21 tolkas
249 1151 89 21 sålunda
353 1153 30 19 att
397 1158 28 15 en
440 1151 101 22 utländsk
552 1152 166 27 näringsidkare,
728 1152 64 21 innan
804 1152 41 20 han
856 1151 56 28 finge

87 1177 87 28 påbörja
200 1179 33 21 sin
257 1179 84 28 rörelse,
366 1180 140 27 ovilkorligen
531 1181 66 20 måste
617 1181 63 20 hafva
694 1181 55 20 klart
763 1181 33 20 för
811 1181 32 26 sig
857 1180 56 21 huru

88 1205 77 28 många
187 1207 101 22 månader
310 1209 41 20 han
373 1211 64 18 ärnar
450 1209 8 20 i
480 1209 73 21 landet
569 1209 124 25 kvarblifva,
708 1209 39 21 och
763 1215 50 15 vore
829 1209 84 26 skyldig

86 1236 31 19 att
132 1235 132 22 förskottsvis
279 1237 33 20 för
326 1237 47 21 hela
389 1237 58 22 tiden
463 1237 69 22 betala
548 1238 122 27 bevillning.
685 1237 42 22 Det
741 1237 93 28 framgår
849 1237 64 21 emel-

87 1263 62 21 lertid
170 1264 22 21 af
211 1265 12 27 $
248 1265 13 20 2
284 1267 29 19 att
328 1266 91 21 afsikten
435 1268 23 19 är
472 1268 31 19 att
518 1267 215 27 bevillningsafgiften
748 1266 54 21 skall
817 1266 96 27 erläggas

86 1292 132 22 förskottsvis
234 1294 74 21 endast
322 1294 33 21 för
370 1301 26 15 en
412 1295 77 21 månad
505 1296 8 20 i
528 1296 81 20 sänder.
634 1295 42 21 Vid
692 1295 75 21 sådant
781 1295 131 21 förhållande

86 1327 65 20 synes
166 1321 36 21 det
216 1322 44 28 mig
275 1325 30 19 att
319 1323 70 27 någon
405 1324 120 27 antydning
539 1324 8 20 i
562 1324 57 21 detta
634 1324 100 21 afseende
749 1324 31 20 als
789 1324 47 20 icke
847 1323 65 21 erfor-

87 1349 49 21 dras
157 1350 7 20 i
188 1350 12 27 $
224 1351 18 27 1,
265 1353 49 19 utan
337 1352 49 21 ville
401 1352 36 28 jag
452 1352 33 21 för
499 1353 44 20 min
560 1352 34 22 del
609 1352 78 22 föreslå
702 1354 30 20 att
746 1354 116 19 momentet
878 1352 11 20 1
905 1352 8 20 i

87 1378 69 21 denna
171 1380 98 26 paragraf
278 1380 68 21 skulle
355 1381 82 21 erhålla
448 1381 95 27 följande
554 1381 90 27 lydelse:
656 1381 135 27 »Utländing,
800 1387 45 15 som
858 1381 38 20 här
905 1380 8 20 i

86 1406 72 22 landet
173 1407 33 21 för
220 1414 54 21 egen
290 1408 51 21 eller
356 1416 82 14 annans
453 1410 91 27 räkning
561 1410 74 27 bjuder
650 1412 24 18 ut
688 1410 52 20 eller
754 1410 67 20 sluter
835 1409 77 21 handel

86 1441 35 14 om
137 1438 64 19 annat
216 1436 62 21 lands
293 1444 66 20 varor,
374 1438 49 20 med
440 1438 110 28 undantag
565 1439 22 20 af
601 1438 110 21 medförda
726 1438 187 27 landtmannapro-

86 1463 76 21 dukter
182 1465 39 20 och
240 1465 64 21 alster
322 1466 21 20 af
358 1466 102 28 husslöjd,
475 1466 55 21 skall
545 1467 85 27 erlägga
645 1467 203 27 näringsbevillning
863 1466 49 21 med

86 1492 175 28 etthundratjugu
282 1494 60 21 mark
357 1494 7 20 i
380 1494 117 22 månaden»
516 1502 18 14 o.
550 1502 15 14 s.
581 1502 18 14 v.
624 1495 76 21 Likaså
715 1495 65 21 borde
795 1496 7 20 i
817 1501 95 15 momen-

86 1521 30 19 tet
138 1521 12 20 2
173 1522 66 20 orden
261 1524 74 19 »ärnar
349 1523 70 27 gifva»
437 1524 65 26 jämte
519 1524 26 20 de
560 1524 93 27 följande
668 1524 143 21 infinitiverna
827 1524 85 26 utbytas
