1095 1717
344 129 180 21 Borgareständet
535 128 58 18 1894.
606 139 4 2 -
618 129 26 17 25
654 128 44 22 jan.
881 123 25 21 11

111 207 113 28 Aflägsnar
239 208 32 27 sig
286 208 92 21 ledamot
392 208 69 21 under
475 208 110 27 pägäende
600 208 162 27 sammanträde,
779 210 51 19 utan
845 209 30 20 att
890 208 46 20 där-

111 236 32 21 till
158 236 62 22 hafva
235 236 82 21 erhållit
332 236 94 22 ständets
441 236 155 28 medgifvande,
611 236 66 28 plikto
692 234 14 23 4
721 236 78 21 mark."

179 293 33 21 Hr
233 292 104 27 Nybom
359 293 72 21 anhöll
453 300 34 14 om
509 293 61 21 ordet
592 293 40 21 och
654 293 94 27 yttrade:
778 292 48 22 Den
841 292 96 28 upplästa

111 321 190 27 ordningsstadgan
316 323 23 19 är
353 321 23 28 ju
390 322 81 26 ganska
486 321 109 27 obetydlig
610 322 39 20 och
664 321 70 21 skulle
748 322 36 26 jag
801 321 71 21 därför
886 327 50 15 anse

111 352 31 19 att
163 350 83 21 ständet
268 350 85 26 mycket
374 350 34 20 väl
430 350 69 21 skulle
521 350 74 21 kunna
617 350 51 21 reda
690 350 33 27 sig
741 352 51 18 utan
808 349 128 21 densamma.

111 378 103 21 Särskildt
228 378 69 21 skulle
311 378 35 28 jag
360 378 78 21 föreslä
452 380 29 19 att
496 378 7 21 i
519 378 42 21 alla
570 378 38 21 fall
618 378 241 28 pliktbestämningarna
868 378 68 21 skulle

112 406 135 22 bortlämnas.

180 463 33 21 Hr
227 463 158 21 Dahlström:
416 463 42 21 För
471 463 46 21 min
531 463 35 22 del
581 463 65 28 vägar
660 463 36 28 jag
710 463 57 21 hälla
781 463 44 21 före
836 464 30 20 att
875 463 62 27 plikt-

113 491 186 27 bestämningarna
314 491 137 28 ovilkorligen
467 492 50 21 böra
532 492 50 27 ingä
596 492 8 20 i
615 492 197 27 ordningsstadgan,
823 493 22 26 ty
860 497 77 16 annars

113 520 38 21 har
172 520 71 21 denna
265 520 175 27 ordningsstadga
460 521 65 26 ingen
547 521 116 26 betydelse.
693 520 48 21 Kan
764 527 27 14 en
809 520 92 21 medlem
917 520 21 21 af

113 548 84 23 ständet
218 550 38 19 när
278 555 45 14 som
344 549 55 21 hälst
420 549 103 20 uteblifva
544 549 48 20 frän
614 549 162 27 sammanträde,
791 551 51 18 utan
857 550 31 20 att
903 548 35 21 det

113 577 39 21 har
172 577 69 27 någon
264 583 46 15 som
331 577 54 21 hälst
407 577 85 28 påföljd,
515 577 23 21 sä
553 577 72 22 kunde
640 577 36 22 det
693 577 101 28 möjligen
809 577 84 22 inträffa
908 579 30 19 att

113 611 28 15 en
163 605 52 21 eller
237 612 70 14 annan
329 605 92 22 medlem
443 612 46 15 mer
509 608 27 19 än
552 606 109 27 tillbörligt
676 606 68 21 skulle
760 607 116 20 försumma
891 605 46 21 sina

113 633 141 28 förpliktelser
275 634 8 20 i
306 634 57 21 detta
377 634 105 21 afseende.
511 634 170 27 Bötesbeloppen
697 637 36 18 äro
748 634 125 27 visserligen
888 633 49 22 obe-

113 662 87 27 tydliga,
215 669 49 14 men
279 663 36 20 det
329 665 22 18 är
365 663 8 20 i
388 663 42 20 alla
444 663 37 20 fall
496 663 67 20 bättre
578 665 31 19 att
623 663 70 27 nägon
709 663 67 20 sädan
790 662 146 22 bestämmelse

114 690 69 21 finnes
198 692 27 19 än
241 693 30 19 att
286 691 42 21 den
343 691 43 21 helt
401 691 40 21 och
456 691 64 21 hället
535 691 83 21 saknas.

182 747 33 22 Hr
228 747 109 28 Elving:
367 747 42 21 För
427 747 44 21 min
487 747 35 21 del
537 747 69 21 skulle
621 748 36 27 jag
671 747 53 28 yrka
739 747 27 28 pä
781 747 157 21 bibehällandet

114 775 21 21 af
158 775 60 22 dessa
240 775 220 28 straffbestämningar.
489 775 74 22 Säsom
585 777 26 20 hr
632 776 86 27 Nybom
736 776 109 21 anmärkte
861 777 35 19 äro
912 775 25 22 de

112 803 129 28 obetydliga,
263 810 49 15 men
334 804 35 21 det
391 806 23 19 är
435 805 44 26 just
500 804 35 21 det
551 811 46 15 som
612 806 22 19 är
649 805 121 26 meningen,
786 806 23 25 ty
827 804 36 21 det
877 805 24 20 är
915 804 23 27 ju

113 832 47 21 icke
176 833 90 20 afsikten
282 834 29 19 att
326 832 25 21 de
367 833 59 20 skola
441 835 74 25 utgöra
530 833 117 27 väsentliga
662 833 88 27 ingrepp
769 833 7 20 i
792 832 146 21 medlemmar-

115 867 38 15 nes
179 861 308 27 förmögenhetsförhällanden,
512 863 52 19 utan
590 861 53 22 blott
668 861 43 21 tala
733 861 32 21 till
787 861 62 21 deras
871 861 67 21 bättre

114 889 80 27 känsla,
210 889 39 21 och
264 891 24 19 är
302 889 35 22 det
351 889 87 22 alldeles
453 889 102 28 pätagligt
570 892 29 19 att
615 890 202 27 ordningsstadgans
832 889 55 21 anda
899 889 39 21 och

115 918 87 27 mening
224 918 103 27 tydligare
349 918 124 21 framträder
495 925 35 14 om
555 918 36 21 det
612 918 69 21 finnes
704 918 78 21 sädana
797 918 46 21 smä
857 917 82 28 plikter,

113 952 49 15 som
184 948 50 25 göra
257 946 160 27 uppfattningen
440 947 22 20 af
483 947 42 21 den
544 947 108 21 allmänna
666 947 81 27 plikten
762 947 89 21 klarare.
881 946 57 21 Utan

113 974 178 28 ordningsstadga
306 975 37 20 har
358 975 129 21 ambitionen
502 975 47 21 icke
565 981 80 15 samma
660 975 105 21 stimulus.

184 1031 32 20 Hr
230 1031 77 27 Berg:
337 1031 41 28 Jag
396 1031 69 22 skulle
479 1032 33 20 för
526 1031 46 21 min
587 1031 35 21 del
636 1031 64 21 hafva
715 1033 69 20 ansett
799 1033 30 19 att
843 1031 74 27 frägan
933 1031 7 20 i

115 1059 36 21 det
171 1059 47 21 hela
239 1061 57 26 taget
317 1060 47 21 icke
386 1066 50 15 vore
459 1060 20 21 af
495 1060 41 21 den
552 1060 144 21 beskaffenhet
711 1062 30 19 att
756 1060 35 21 det
806 1059 69 22 skulle
890 1059 49 21 löna

116 1087 33 28 sig
163 1089 30 19 att
208 1088 40 21 öda
263 1088 29 21 tid
308 1088 26 27 pä
349 1088 128 27 densamma,
492 1095 49 14 men
557 1088 27 21 dä
599 1089 24 20 hr
638 1088 78 28 Elving
731 1089 94 26 antydde
839 1090 30 19 att
879 1088 60 21 dessa

116 1116 217 27 pliktbestämmelser,
355 1117 71 20 hvilka
440 1117 36 27 jag
491 1123 62 15 anser
567 1117 130 27 fullkomligt
712 1117 143 27 ötverflödiga,
871 1116 68 21 skulle

114 1151 51 14 vara
187 1145 81 27 egnade
291 1147 29 19 att
342 1145 66 21 väcka
430 1145 87 21 känslan
533 1145 22 21 af
571 1145 133 27 punktlighet
719 1146 38 20 hos
773 1145 94 21 ständets
881 1145 58 20 med-

114 1173 94 27 lemmar,
231 1175 59 25 tager
307 1174 34 27 jag
356 1174 44 27 mig
415 1174 90 21 friheten
521 1175 30 20 att
565 1173 97 28 begagna
677 1174 44 27 mig
736 1174 21 21 af
773 1174 42 20 min
832 1173 108 27 yttrande-

114 1203 41 19 rätt
176 1201 33 21 för
228 1203 31 19 att
272 1201 73 22 förena
360 1202 44 27 mig
418 1202 50 21 med
482 1202 25 21 hr
522 1202 86 27 Nybom
623 1202 51 25 däri,
690 1204 30 19 att
735 1202 61 21 dessa
811 1201 129 21 bestämnin-

113 1236 39 21 gar
173 1229 69 22 skulle
264 1230 83 26 strykas
369 1233 28 18 ut.
427 1230 42 21 Det
489 1231 38 20 har
547 1231 58 20 förut
624 1231 55 20 varit
700 1230 59 27 fräga
779 1237 34 14 om
835 1232 30 19 att
880 1229 60 22 dessa

115 1257 157 28 bestämningar
296 1259 108 26 värkligen
428 1259 46 20 icke
497 1259 63 20 hafva
580 1259 70 27 någon
665 1259 128 26 befogenhet
807 1259 33 20 för
855 1259 32 27 sig
902 1258 38 21 och

116 1286 33 21 för
163 1286 132 21 närvarande
310 1287 59 21 torde
383 1287 67 27 några
464 1287 80 21 sådana
558 1287 47 23 icke
620 1287 67 21 häller
701 1287 69 21 finnas
785 1287 7 21 i
803 1287 64 27 något
877 1291 65 17 annat

111 1314 70 22 stånd.
214 1315 41 27 Jag
280 1316 23 19 är
327 1316 125 27 öfvertygad
477 1322 34 14 om
539 1318 30 18 att
591 1316 184 27 borgareståndets
797 1316 143 24 medlemmar,

113 1343 63 21 dessa
206 1343 211 28 pliktbestämningar
443 1344 90 27 förutan,
555 1347 97 25 nogsamt
674 1346 48 19 veta
737 1344 56 21 hvad
807 1344 135 27 punktlighet

115 1371 95 27 betyder.
239 1372 41 27 Jag
302 1378 62 14 anser
386 1374 91 19 tvärtom
492 1374 30 19 att
537 1372 62 21 dessa
614 1372 213 28 pliktbestämningar
841 1372 100 27 möjligen

114 1399 70 21 skulle
199 1400 73 21 kunna
287 1400 110 21 framkalla
412 1401 38 21 hos
466 1400 41 22 den
523 1407 40 15 ena
579 1401 51 21 eller
645 1401 66 21 andra
727 1401 41 21 den
779 1400 162 28 uppfattningen

112 1430 32 20 att
157 1434 50 16 man
223 1435 77 21 genom
315 1431 30 19 att
359 1429 70 21 betala
444 1429 80 27 plikten
540 1431 23 19 är
577 1429 117 28 berättigad
710 1431 30 19 att
754 1429 63 21 äfven
832 1430 52 20 utan
894 1428 48 28 laga

113 1456 45 22 skäl
174 1463 50 15 vara
238 1457 147 21 frånvarande.
415 1457 82 27 Frågan
512 1459 29 25 är,
556 1457 71 22 såsom
641 1457 67 28 sagdt,
723 1457 47 21 icke
784 1458 22 20 af
819 1457 70 27 någon
899 1458 43 20 stor

113 1484 115 28 betydelse,
240 1492 48 14 men
304 1485 35 28 jag
354 1486 37 21 vill
407 1486 54 20 dock
476 1486 84 21 ansluta
576 1486 43 27 mig
629 1485 32 21 till
672 1486 54 27 dem,
737 1492 46 15 som
793 1485 70 22 skulle
876 1484 66 22 önska

112 1512 22 21 få
148 1513 240 27 pliktbestämmelserna
404 1514 113 22 uteslutna,
