1095 1717
194 120 40 20 660
389 126 181 22 Borgareståndet
583 127 56 17 1894.
666 128 21 16 17
700 127 59 21 april.

163 206 86 21 område
271 206 32 21 för
324 208 30 19 att
369 207 41 21 den
426 208 38 20 där
479 207 34 21 må
529 208 120 20 öfverköras
665 208 21 20 af
701 208 84 27 bantåg.
814 208 50 20 Icke
879 208 42 20 alla
935 207 55 27 jord-

164 241 62 21 egare
243 235 62 21 hafva
320 235 53 21 dock
389 236 24 20 så
428 236 47 20 usla
489 236 87 21 kreatur
591 238 30 19 att
636 236 36 21 det
686 236 73 21 kunde
775 243 48 14 vara
839 236 52 21 affär
905 238 29 19 att
948 235 42 21 låta

163 264 49 20 dem
234 264 120 21 öfverköras
377 264 21 21 af
414 264 104 28 bantäget.
548 264 42 22 Det
605 264 68 22 finnes
688 265 120 27 jordegare,
824 271 45 15 som
885 265 62 21 hafva
964 270 25 14 en

164 293 94 21 utmärkt
273 292 84 28 boskap,
373 293 74 21 utvald
463 294 38 20 och
517 293 159 27 sammanbragt
691 300 77 21 genom
784 293 76 27 många
875 294 33 20 års
922 292 68 27 möda,

163 321 41 21 och
226 321 41 21 den
291 322 64 20 skada
378 328 46 14 som
441 322 109 27 uppstode,
565 322 7 20 i
587 322 102 21 händelse
708 322 61 21 dessa
784 322 85 21 kreatur
884 322 106 21 öfverkör-

164 350 38 20 des
227 350 12 20 å
263 350 120 27 järnvägen,
411 352 23 19 är
459 350 46 22 icke
526 352 65 20 ersatt
607 350 48 21 med
670 353 30 19 att
715 357 49 14 man
780 350 32 21 får
827 351 40 20 150
883 351 50 21 eller
948 350 41 20 200

162 378 61 21 mark
245 378 33 21 för
300 380 29 20 ett
351 379 91 21 kreatur.
472 378 114 22 Dessutom
603 381 35 19 äro
654 379 234 21 skiftesförhållandena
903 380 37 20 hos
956 385 34 15 oss

163 406 80 22 sådana
266 409 29 19 att
317 408 43 20 ofta
375 414 42 21 nog
432 408 7 20 i
454 408 159 27 skogsmarken,
628 408 40 20 och
683 408 71 21 denna
769 410 23 18 är
806 408 23 27 ju
845 408 54 21 dock
914 408 75 27 många

163 436 133 27 lägenheters
315 437 56 20 enda
387 437 124 26 betesmark,
527 437 41 20 den
585 437 96 21 enskilda
696 437 124 27 jordegaren
836 437 46 21 icke
898 437 39 20 kan
954 436 35 21 he-

164 471 68 20 gagna
254 465 32 20 sin
302 465 38 21 lott
355 465 31 21 till
403 465 53 25 bete,
471 465 7 20 i
493 465 101 21 händelse
610 466 53 21 hans
678 466 87 21 kreatur
779 466 46 21 icke
841 466 60 20 äfven
918 465 20 20 få
953 465 36 20 be-

163 493 59 20 träda
244 500 105 20 grannens
366 494 65 26 mark,
447 494 90 27 hvarför,
553 494 38 21 där
606 494 62 21 skifte
684 495 139 25 förekommit,
839 494 150 27 skogsmarken

162 521 67 22 måste
252 522 22 20 få
294 522 107 27 begagnas
424 523 32 20 till
470 525 132 25 gemensamt
617 523 100 24 mulbete,
733 523 63 21 äfven
812 523 26 20 då
853 523 74 20 sådant
942 522 46 21 icke

162 552 24 19 är
207 551 8 20 i
237 551 204 27 skifteshandlingen
464 552 103 20 förutsatt.
601 551 93 21 Sålunda
716 551 69 21 skulle
808 551 60 21 svåra
883 551 105 28 praktiska

162 579 136 28 olägenheter
313 579 85 22 komma
414 582 29 19 att
458 580 83 21 inträffa
555 581 8 20 i
579 580 99 21 händelse
696 581 177 26 järnvägsegaren
885 579 103 22 befriades

162 607 47 21 från
225 609 250 26 hägnadsskyldigheten,
491 609 141 27 olägenheter,
648 616 44 13 som
709 609 47 21 icke
773 615 48 14 vore
831 609 100 27 afhjälpta
942 608 46 21 där-

162 636 48 21 med
227 639 30 18 att
272 637 40 21 den
327 637 117 28 jordegare,
459 638 62 20 hvars
537 637 62 21 skifte
615 637 67 28 ligger
697 640 94 18 närmast
806 637 31 21 till
848 637 73 25 banan,
932 637 56 27 finge

162 666 118 27 ersättning
301 666 21 20 af
341 666 214 27 järnvägsbyggaren.
585 665 41 22 Det
641 668 23 19 är
680 666 61 21 dessa
757 666 105 27 praktiska
876 665 112 21 förhållan-

162 693 48 27 den,
232 701 45 14 som
293 694 62 21 äfven
370 695 7 20 i
393 695 57 20 detta
465 695 36 20 fall
518 695 90 20 dikterat
623 695 162 27 uppfattningen
802 695 37 20 hos
854 695 40 20 den
911 694 76 27 mängd

162 722 21 21 af
203 725 138 26 reservanter,
361 730 46 14 som
423 723 154 21 undertecknat
592 723 41 21 den
649 724 65 20 första
730 724 39 20 och
785 723 41 21 den
841 723 66 21 andra
921 729 66 14 reser-

162 751 99 21 vationen
285 752 38 20 och
346 752 82 21 hvilkas
446 752 136 27 uppfattning
596 753 36 26 jag
647 754 43 19 tror
705 754 30 19 att
750 759 49 14 man
814 752 47 21 icke
876 752 40 20 kan
933 751 55 21 kalla

162 779 62 22 altför
240 780 80 27 oriktig.

230 837 34 20 Hr
278 837 133 21 Jansson:
432 837 69 21 Innan
516 838 35 27 jag
567 837 96 28 öfvergår
678 838 31 20 till
725 840 31 19 att
771 838 31 20 till
818 837 68 28 någon
903 837 33 21 del
952 837 35 21 be-

162 867 57 19 möta
241 865 27 21 de
288 866 165 27 anmärkningar
468 867 25 20 hr
507 866 102 27 Tallqvist
623 867 39 20 har
676 867 64 20 riktat
755 869 56 18 emot
827 866 109 21 utskottets
952 865 36 22 be-

161 893 113 28 tänkande,
296 894 72 21 såvida
384 897 30 18 ett
429 895 74 20 sådant
519 895 126 20 bemötande
661 895 53 21 efter
729 895 26 20 hr
769 895 88 26 Elvings
872 894 114 21 anförande

160 928 59 15 mera
239 925 25 18 är
278 923 77 27 nödigt,
372 923 37 21 ber
424 923 36 28 jag
474 925 30 19 att
518 923 21 21 få
554 923 33 21 för
602 923 84 21 ståndet
700 923 111 21 framhålla
826 923 44 20 min
885 923 53 20 ifrån
955 925 32 19 ut-

160 951 89 21 skottets
265 951 112 22 afvikande
392 952 87 27 mening
494 953 7 19 i
517 958 26 15 en
559 952 65 27 fråga,
640 959 45 14 som
701 952 116 21 föranledts
828 952 21 20 af
859 951 40 21 den
911 951 76 28 nådiga

160 980 163 27 propositionen.
339 980 42 27 Jag
391 987 62 14 anser
463 981 43 27 mig
516 981 85 26 skyldig
613 982 35 25 att,
659 981 66 20 innan
736 980 199 28 specialdiskussion
947 981 40 20 och

160 1009 132 26 omröstning
307 1015 34 14 om
357 1009 26 21 de
399 1009 103 21 särskilda
512 1009 150 27 paragraferna
672 1015 50 21 eger
732 1016 53 19 rum,
796 1009 109 20 framhålla
917 1009 69 20 denna

160 1036 60 27 åsikt,
243 1037 90 21 emedan
355 1038 130 27 densamma,
508 1038 103 21 ehuruväl
634 1038 40 21 den
699 1037 62 22 berör
776 1044 26 15 en
818 1037 89 21 särskild
922 1037 64 28 fråga,

159 1065 83 21 likvisst
266 1066 107 21 eventuelt
395 1067 73 20 kunde
490 1067 85 27 betinga
598 1068 30 19 ett
646 1066 114 27 afböjande
776 1067 21 20 af
811 1066 47 21 hela
874 1066 56 21 detta
944 1066 42 21 för-

159 1093 187 28 fattningsförslag.
376 1094 47 22 Den
448 1095 77 27 nådiga
544 1095 157 27 propositionen
716 1095 133 27 framställer,
865 1095 69 20 såsom
949 1095 37 20 här

159 1122 66 21 redan
241 1123 38 20 har
289 1123 68 21 blifvit
376 1123 105 28 beaktadt,
492 1126 59 19 utom
561 1126 71 24 annat,
642 1125 30 20 ett
682 1124 76 21 sådant
768 1123 77 28 förslag
856 1123 31 21 till
897 1123 89 27 ändring

159 1151 22 20 af
196 1151 12 27 8
224 1151 12 20 2
250 1151 8 20 i
274 1152 53 20 1889
344 1151 33 22 års
392 1152 124 27 förordning
531 1159 35 14 om
582 1152 96 21 enskilda
692 1153 113 26 järnvägar
815 1154 30 19 att
853 1151 133 28 subvention,

159 1187 47 14 som
212 1180 90 27 beviljas
307 1180 186 28 järnvägsföretag,
498 1181 56 27 finge
560 1181 98 20 afräknas
663 1181 53 20 ifrån
722 1180 264 28 anläggningskostnaden,

159 1209 27 20 då
209 1209 36 20 det
267 1208 66 28 gäller
355 1212 29 18 att
405 1209 117 22 bestämma
544 1210 112 20 minimum
671 1210 33 20 för
719 1209 162 28 aktiekapitalet.
910 1209 76 21 Denna

159 1237 92 28 ändring
276 1238 37 20 har
338 1238 113 21 utskottets
475 1238 67 21 flertal
570 1240 68 19 ansett
654 1238 93 27 behöflig
762 1238 39 21 och
816 1237 71 21 därför
901 1237 85 21 beslutit

158 1266 86 21 förorda
268 1267 127 27 antagandet
418 1267 21 20 af
462 1267 40 21 den
523 1267 77 27 nådiga
616 1267 157 27 propositionen
789 1267 7 20 i
807 1267 70 20 denna
887 1266 40 21 del.
946 1266 40 20 För

158 1296 44 20 min
211 1295 35 21 del
254 1296 39 20 har
298 1296 35 26 jag
341 1296 46 20 icke
394 1296 83 20 kunnat
483 1296 73 20 förena
562 1296 44 26 mig
611 1302 34 14 om
652 1296 70 20 denna
728 1296 112 20 utskottets
846 1295 139 27 uppfattning.

157 1323 43 21 Det
214 1330 66 20 synes
294 1324 43 26 mig
353 1324 108 27 nämligen
477 1327 29 18 att
522 1324 53 21 hvad
592 1331 49 14 man
656 1324 38 21 här
710 1324 65 21 borde
791 1324 73 27 stadga
879 1324 40 20 och
931 1324 54 20 hvad

158 1352 115 21 ständerna
299 1352 101 28 möjligen
426 1353 88 27 tidigare
539 1353 63 20 hafva
627 1353 77 27 åsyftat
720 1353 74 27 stadga
808 1352 66 22 redan
890 1352 95 27 tydligen

157 1381 120 27 inneligger
291 1381 7 20 i
314 1381 12 27 $
343 1382 12 20 2
371 1381 21 21 af
408 1382 56 20 1889
479 1382 34 20 års
527 1381 130 28 förordning,
673 1381 66 21 sådan
756 1382 41 20 den
812 1381 33 21 för
855 1381 130 21 närvarande

156 1409 67 26 lyder.
254 1409 42 21 Det
317 1410 85 27 stadgas
417 1410 7 20 i
440 1410 69 21 denna
525 1410 123 27 förordning
663 1412 30 19 att
708 1410 131 26 aktiebolags
854 1410 79 27 kapital
949 1410 37 20 bör

157 1438 71 27 uppgå
251 1438 32 21 till
304 1438 128 21 åtminstone
448 1438 79 21 hälften
543 1438 21 21 af
579 1438 41 21 den
636 1438 138 28 erforderliga
789 1438 196 28 anläggningskost-

157 1466 77 21 naden.
264 1466 33 21 Då
318 1473 51 14 man
384 1468 39 19 här
437 1468 38 20 har
490 1467 105 27 begagnat
611 1467 65 21 orden
692 1467 129 27 erforderlig
837 1467 148 27 anläggnings-

156 1494 98 27 kostnad,
270 1501 63 21 synes
348 1496 36 20 det
399 1496 44 27 mig
459 1502 50 14 vara
523 1502 46 14 mer
583 1498 26 18 än
625 1496 77 27 tydligt
726 1498 30 18 att
771 1496 86 20 härmed
872 1496 43 26 just
930 1496 55 20 afses

157 1523 40 21 och
222 1524 48 20 icke
295 1524 41 20 kan
363 1524 57 20 afses
445 1526 64 19 annat
533 1526 27 18 än
576 1524 40 21 den
633 1524 35 21 del
683 1524 21 21 af
720 1524 264 28 anläggningskostnaden,
