1095 1717
319 120 178 22 Borgareståndet
510 121 56 17 1894.
591 121 12 17 9
617 125 61 13 mars,
841 116 42 20 429

87 201 36 21 dre
147 201 41 21 den
210 200 54 21 varit
287 200 123 27 öfvertygad
430 207 41 16 om,
487 200 68 21 såsom
572 207 30 14 nu
617 201 98 27 gällande
730 201 35 27 lag
780 201 87 24 fordrar,
883 203 30 19 att

85 236 105 20 personen
215 229 7 20 i
237 229 59 27 fråga
311 229 46 20 icke
373 229 38 20 har
426 230 53 20 varit
495 229 81 21 anstäld
592 229 7 20 i
615 236 81 14 annans
712 230 68 26 tjänst.
809 230 51 20 Man
875 230 38 20 har

86 258 82 21 således
190 258 54 20 varit
265 261 94 23 tvungen
379 259 30 19 att
424 257 71 21 fordra
510 258 21 20 af
546 258 165 21 arbetssökande
727 261 29 18 ett
772 258 139 27 arbetsbetyg.

87 286 48 22 Men
157 286 47 22 icke
220 293 42 20 nog
278 286 91 20 därmed.
400 286 49 21 Man
466 286 37 20 har
518 286 46 21 icke
580 286 39 21 fått
634 286 56 21 hålla
706 286 57 22 detta
778 287 135 27 arbetsbetyg

87 315 53 21 kvar
154 315 27 27 pä
196 314 173 27 arbetskontoret,
385 316 51 19 utan
453 317 134 25 guvernören
602 315 7 20 i
624 315 58 21 länet
697 316 39 20 har
751 316 89 26 behagat
858 316 54 20 före-

88 344 79 20 skrifva
182 345 35 25 att,
233 344 69 20 förrän
318 350 27 14 en
355 343 95 21 arbetare
461 343 32 21 får
504 344 7 20 i
519 344 81 20 arbetet
611 342 107 28 anställas,
729 344 54 20 skall
794 344 40 20 han
847 344 65 21 förete

89 372 36 21 sitt
147 372 136 27 arbetsbetyg
297 372 32 20 för
344 372 147 26 polismakten,
506 372 97 20 länsman
619 372 26 27 på
660 375 66 18 orten.
756 372 27 21 Sä
799 379 36 14 var
850 374 13 19 t.
879 379 33 14 ex.

89 401 60 21 fallet
170 401 7 20 i
200 400 92 28 Viborgs
315 400 34 21 län
366 400 35 20 vid
416 400 97 21 karelska
529 400 234 28 järnvägsbyggnaden.
793 401 35 21 Nu
843 401 69 21 hände

89 430 36 21 det
140 432 29 19 att
184 429 41 21 den
241 429 95 21 länsman
353 429 52 21 eller
420 429 110 27 polisman,
545 430 33 20 för
593 430 79 21 hvilket
683 430 87 27 betyget
779 430 68 21 skulle
858 430 54 21 före-

89 461 38 24 tes,
148 458 69 21 bodde
240 458 58 27 långt
320 458 54 20 ifrån
393 458 159 27 arbetsplatsen,
568 458 23 21 sä
607 461 29 18 att
651 459 35 20 det
701 459 72 20 kunde
788 458 27 27 gå
829 458 84 27 dagatal

89 487 71 20 förrän
176 487 110 20 arbetaren
301 486 41 21 fick
358 487 35 20 sitt
408 487 65 26 betyg
489 487 92 20 viseradt
597 487 38 20 och
651 487 95 21 äterkom
761 487 30 21 till
805 487 109 27 arbetsgif-

90 522 65 14 varen
178 515 38 21 och
239 515 42 21 blef
296 515 86 20 anstäld.
412 515 37 21 Ett
464 515 75 21 sädant
555 515 110 21 viserande
681 516 109 21 medförde
806 516 107 21 dessutom

89 550 27 15 en
139 544 69 21 direkt
230 544 68 27 utgift,
320 544 31 27 ity
374 545 29 19 att
422 543 140 22 länsmannen
578 544 54 21 hade
648 546 30 19 att
693 544 71 21 därför
779 545 92 26 uppbära
887 551 26 14 en

90 573 66 26 afgift,
178 579 46 14 som
246 572 89 21 sälunda
358 573 50 20 kom
433 574 29 19 att
477 574 75 25 utgöra
567 579 27 14 en
611 573 135 27 beskattning
761 573 21 20 af
797 573 116 21 arbetaren.

91 601 161 27 Svårigheterna
275 601 34 20 vid
331 601 77 20 nämda
431 601 143 27 banbyggnad
597 601 7 20 i
629 601 57 21 detta
709 601 99 21 afseende
824 608 50 14 voro
891 601 23 20 sä

91 631 55 19 stora
168 631 30 19 att
220 630 110 26 styrelsen,
347 636 44 14 som
408 631 93 19 närmast
517 630 54 21 hade
587 630 32 27 sig
634 630 81 21 arbetet
730 630 122 27 anförtrodt,
867 632 48 19 rent

90 658 22 21 af
126 658 66 21 mäste
208 659 68 20 vända
291 658 32 27 sig
338 658 32 21 till
385 660 132 25 guvernören
535 659 38 20 och
589 658 83 21 försöka
688 661 30 18 att
730 659 20 20 fä
763 659 64 26 nägot
838 659 76 20 modus

92 687 84 20 vivendi
199 687 31 20 till
254 687 65 26 ständ,
342 687 90 20 sälunda
455 689 29 18 att
507 687 61 20 dessa
583 687 70 34 betyg,
669 693 45 15 som
730 694 30 13 nu
776 687 138 33 ovilkorligen

91 711 115 40 fordrades,
222 703 126 33 åtminstone
363 715 69 21 skulle
448 715 21 21 fi
483 715 82 21 lämnas
581 715 20 21 ät
617 715 156 21 arbetsledaren
789 716 20 27 pä
841 716 73 25 platsen,

93 744 97 31 ingeniör
205 744 51 21 eller
271 744 153 27 byggmästare,
440 744 69 21 under
524 744 60 21 deras
600 745 81 26 garanti
696 746 31 19 att
742 740 156 31 arbetsbetyget
907 732 8 32 i

91 779 67 14 sinom
175 773 29 20 tid
220 766 72 27 skulle
301 760 106 33 tillställas
424 773 96 20 länsman
535 773 64 26 jämte
600 760 50 33 den
664 773 78 20 honom
755 773 159 20 tillkommande

91 801 88 26 afgiften
195 801 75 20 härför.
300 801 102 26 Slutligen
420 808 36 13 var
472 801 70 20 denna
557 801 177 27 kronobetjäning
746 801 46 21 icke
804 801 49 27 nöjd
866 801 48 21 med

91 831 31 19 att
147 829 61 21 dessa
231 829 63 28 betyg
321 836 25 14 en
369 829 56 28 gång
448 830 125 25 företeddes,
596 833 50 17 utan
662 830 98 21 fordrade
776 832 29 19 att
835 836 12 15 de
863 829 52 22 efter

93 858 50 21 visst
165 858 129 27 tidsförlopp,
317 865 34 14 om
373 859 35 26 jag
432 859 46 20 icke
494 859 135 20 missminner
643 859 45 26 mig
702 861 32 18 tre
749 859 106 23 månader,
871 858 44 21 åter

92 887 68 20 skulle
183 887 76 20 företes
284 887 32 20 för
331 887 79 26 polisen
427 887 26 27 på
468 889 66 18 orten.
565 887 50 20 Man
630 887 88 21 anförde
734 887 68 21 såsom
818 887 45 20 skäl
886 889 29 18 att

92 921 50 14 man
157 915 121 27 därigenom
295 916 64 20 visste
369 916 53 20 hvar
433 922 25 14 en
472 922 75 21 person
558 915 68 27 fanns,
638 918 29 18 att
678 922 48 14 man
740 915 69 21 kunde
819 915 96 21 utkräfva

93 943 52 21 hans
170 944 136 21 kommunala
331 944 39 21 och
391 944 98 27 kyrkliga
512 944 111 27 utskylder
645 951 17 14 o.
685 951 16 14 s.
718 951 18 14 v.
766 944 40 21 För
821 944 44 20 min
881 943 34 22 del

92 972 68 21 skulle
182 973 36 26 jag
239 973 54 20 hälst
315 979 22 14 se
360 974 29 19 att
412 973 61 20 dessa
496 973 136 26 arbetsbetyg
654 973 44 20 helt
713 973 39 20 och
767 973 55 20 hället
846 972 69 21 skulle

93 1001 97 20 afskaffas
216 1001 40 20 och
282 1003 30 20 att
333 1001 62 27 lagen
411 1001 68 21 skulle
495 1001 77 20 ändras
588 1002 6 19 i
610 1001 35 21 det
660 1001 55 27 syfte
731 1003 29 19 att
775 1001 46 21 icke
837 1001 78 21 arbets-

93 1029 93 27 gifvaren
210 1036 49 14 vore
285 1030 102 27 ansvarig,
403 1037 35 13 om
454 1030 41 20 han
511 1030 101 27 möjligen
628 1030 32 20 fär
675 1036 26 15 en
718 1036 80 14 annans
813 1030 80 21 tjänare
908 1029 7 20 i

93 1058 32 20 sin
141 1059 69 26 tjänst,
226 1061 50 18 utan
292 1060 30 19 att
337 1061 98 18 ansvaret
450 1058 68 21 skulle
534 1059 49 20 falla
600 1058 26 27 p&
641 1058 47 25 den,
704 1065 45 14 som
760 1059 108 26 värkligen
879 1059 38 20 har

94 1086 70 27 brutit,
187 1087 19 20 d.
229 1094 18 13 v.
270 1093 14 14 s.
308 1087 101 26 tjänaren,
426 1093 46 14 som
487 1087 116 21 öfverträdt
618 1087 35 20 sitt
668 1087 104 26 kontrakt,
788 1087 38 20 och
842 1089 30 18 att
887 1089 29 19 ett

94 1115 80 27 vanligt
196 1115 121 27 prästbetyg
340 1115 68 21 skulle
424 1122 49 14 vara
490 1115 121 28 tillräckligt
626 1115 64 21 ocksä
705 1115 33 21 för
752 1115 41 21 den
809 1115 107 27 simplaste

93 1143 101 27 arbetare,
218 1144 26 20 dä
266 1145 41 20 han
327 1144 6 20 i
357 1144 72 21 landet
444 1146 34 19 rör
493 1144 33 27 sig
541 1144 40 21 och
597 1144 61 21 söker
674 1144 171 27 arbetsförtjänst.
876 1143 40 28 Jag

93 1171 84 22 förenar
191 1173 44 26 mig
250 1173 69 20 därför
334 1173 48 20 med
398 1173 26 20 hr
439 1173 154 26 Schybergson,
609 1179 44 14 som
669 1173 62 26 yrkat
746 1173 26 26 pä
782 1172 135 21 förkastande

92 1200 22 20 af
128 1201 120 26 petitionen.

160 1257 33 21 Hr
208 1257 164 28 Holmberg:
396 1258 60 21 Hvar
471 1259 40 20 och
527 1265 32 18 en,
575 1265 46 14 som
637 1259 52 26 tagit
707 1260 96 19 närmare
819 1257 51 21 reda
891 1257 27 27 pä

94 1286 27 27 $$
138 1286 11 20 1
166 1286 38 21 och
221 1287 11 20 2
248 1287 8 20 i
271 1287 39 21 den
328 1287 77 27 nådiga
420 1287 143 27 kungörelsen
581 1287 20 21 af
617 1287 39 21 den
674 1287 25 21 17
716 1294 56 14 mars
789 1287 60 26 1879,
865 1285 53 21 skall

94 1315 106 27 medgifva
223 1318 29 18 att
275 1316 25 20 de
316 1315 108 21 innehälla
439 1316 164 26 bestämningar,
621 1322 45 14 som
682 1316 46 20 icke
744 1316 119 20 efterlefvas
879 1315 40 20 och

92 1343 47 21 icke
161 1344 73 20 kunna
256 1344 125 21 efterlefvas.
413 1344 45 20 Och
480 1344 7 20 i
508 1344 37 20 fall
562 1344 158 21 vederbörande
736 1345 126 26 tjänstemän
877 1343 42 21 för-

93 1372 51 20 söka
158 1374 31 18 att
204 1372 109 21 efterlefva
329 1372 113 27 desamma,
459 1373 48 20 sker
523 1373 57 20 detta
597 1372 26 28 pä
638 1373 40 20 den
695 1373 125 20 allmänhets
836 1372 83 20 bekost-

93 1400 48 27 nad,
167 1401 84 20 hvilken
268 1401 53 20 skall
337 1401 95 27 uppfylla
448 1401 42 21 alla
506 1402 26 19 de
548 1401 74 24 vilkor,
638 1401 71 21 hvilka
724 1402 7 19 i
746 1401 61 21 dessa
822 1406 97 22 paragra-

93 1428 32 21 fer
147 1428 69 22 finnas
238 1430 125 20 föreskrifna
385 1430 34 20 för
436 1430 100 20 utfäende
552 1430 21 20 af
588 1429 120 27 flyttnings-
724 1430 40 20 och
779 1428 140 27 arbetsbetyg.

93 1456 34 21 En
150 1464 49 14 snar
221 1458 122 26 förändring
366 1458 21 20 af
409 1458 48 20 dem
481 1460 23 18 är
528 1458 23 26 ju
565 1458 70 20 därför
650 1458 21 20 af
686 1458 76 20 nöden.
791 1458 44 26 Att,
851 1457 69 20 såsom

92 1485 66 27 nägra
172 1486 66 20 talare
253 1486 37 20 här
305 1486 62 20 hafva
383 1487 61 26 gjort,
459 1486 53 27 yrka
528 1486 26 27 pä
570 1488 29 19 att
615 1487 69 20 denna
699 1486 87 27 petition
797 1486 46 20 icke
852 1485 68 21 skulle

94 1513 109 22 föranleda
226 1514 31 21 till
280 1514 69 28 nägon
373 1514 79 28 ätgärd,
468 1515 90 21 emedan
575 1515 113 21 ständerna
704 1515 34 20 vid
754 1517 83 18 senaste
852 1514 69 20 landt-
