1095 1717
323 114 179 21 Borgareständet
515 114 58 17 1894.
597 114 21 16 17
631 113 58 21 april.
847 107 41 20 665

91 198 22 18 är
129 195 35 21 det
180 195 34 21 väl
229 195 53 20 dock
298 197 29 18 att
341 194 111 21 enahanda
468 194 98 27 exempel
581 194 7 20 i
604 193 100 21 afseende
720 193 12 21 ä
746 194 115 26 järnvägen
878 193 39 20 och

91 224 48 21 dess
159 224 103 20 intressen
285 223 72 21 kunna
379 223 127 27 uppräknas,
527 222 71 21 hvilka
621 222 71 20 kunde
716 222 48 21 leda
785 222 78 20 därhän
887 223 30 19 att

91 253 48 21 hela
162 252 201 27 järnvägsföretaget
383 251 69 21 skulle
475 251 26 27 gå
523 250 87 22 omkull.
643 250 42 21 Det
700 257 64 20 synes
779 250 43 27 mig
837 252 30 18 att
883 250 36 20 det

93 288 40 14 ena
148 281 98 20 intresset
261 280 108 26 härvidlag
384 282 23 18 är
421 280 43 20 lika
481 279 126 27 berättigadt
622 286 45 14 som
684 279 35 21 det
734 279 71 20 andra.
835 278 32 21 Dä
888 284 29 14 nu

92 310 35 20 vid
151 309 75 27 själfva
247 308 255 28 järnvägsanläggningen
525 308 125 27 jordegaren
674 308 84 20 beredts
780 307 82 21 tillfälle
888 309 30 19 att

90 338 116 21 framställa
229 338 41 20 alla
292 338 25 20 de
339 337 90 27 anspräk
451 337 42 21 han
509 337 41 20 kan
565 336 69 28 hafva,
650 336 40 21 och
705 342 50 15 man
770 336 23 27 ju
809 336 110 26 därvidlag

93 367 47 21 icke
165 366 95 21 uteslutit
279 366 134 27 möjligheten
430 367 30 19 att
475 366 64 20 tänka
555 365 32 27 sig
602 372 26 14 en
644 365 98 21 framtida
758 364 123 28 disposition
897 364 22 20 af

92 396 54 20 hans
168 401 51 21 egor
241 395 39 21 och
302 394 97 21 särskildt
421 394 186 27 nödvändigheten
628 394 21 20 af
672 395 30 19 att
724 393 105 21 bibehälla
845 392 74 28 nödigt

92 424 102 21 samband
217 424 77 21 mellan
317 423 113 25 desamma,
451 422 23 21 sä
489 429 64 20 synes
569 422 36 21 det
619 422 43 27 mig
678 424 30 19 att
724 422 41 21 den
780 422 90 26 ändring
885 423 33 19 ut-

93 453 78 20 skottet
192 453 38 20 här
252 452 107 27 föreslagit
381 452 46 21 icke
451 453 22 19 är
495 451 66 21 sädan
584 453 30 19 att
629 451 41 21 den
686 451 66 20 borde
768 451 20 20 af
804 451 113 20 ständerna

92 481 128 28 godkännas.
236 493 27 3 —
278 481 61 20 Hvad
355 481 95 20 däremot
465 480 133 21 vidkommer
615 480 50 20 sista
687 481 116 19 momentet
825 479 21 20 af
862 479 12 27 $
891 479 25 20 11

93 510 109 27 angäende
218 509 246 27 stängselskyldigheten,
479 509 67 20 mäste
561 509 36 27 jag
611 509 33 20 för
659 509 44 20 min
722 508 34 21 del
778 508 73 21 förena
874 507 45 28 mig

95 545 34 14 om
145 539 155 20 reservationen
317 545 33 14 n:o
367 538 18 20 2.
415 537 41 28 Jag
471 537 68 21 finner
555 537 107 27 nämligen
678 537 75 20 endast
776 537 35 20 det
833 536 84 26 förslag,

93 574 46 14 som
162 567 37 20 där
220 567 130 24 framställes,
373 566 78 21 bereda
473 566 110 27 möjlighet
606 568 29 19 att
651 565 66 21 ordna
733 565 70 21 denna
817 565 59 27 fräga
891 565 27 26 pä

94 596 35 20 det
145 597 45 24 sätt,
206 602 44 14 som
265 596 7 19 i
288 595 71 27 hvarje
375 595 98 21 särskildt
488 595 37 20 fall
541 597 22 18 är
579 595 36 20 det
629 594 218 27 ändamälsenligaste.
868 593 49 20 Man

93 624 67 21 mäste
183 624 106 27 nämligen
312 624 63 21 tänka
397 624 31 27 sig
451 625 30 19 att
496 623 241 27 stängselskyldigheten
753 623 41 20 kan
811 622 60 21 ställa
887 622 32 26 sig

94 653 55 20 olika
172 653 29 20 alt
223 653 98 20 eftersom
341 653 114 26 järnvägen
479 652 38 27 går
532 658 76 21 genom
624 658 26 15 en
667 651 107 22 ödemark,
789 657 77 21 genom
882 651 37 20 od-

94 681 49 21 lade
165 688 56 20 egor,
243 688 75 21 genom
342 681 69 21 städer
434 681 39 20 och
495 681 52 26 byar
570 687 18 14 o.
611 687 15 14 s.
643 687 17 13 v.
691 680 10 20 I
718 680 60 21 dessa
793 679 38 21 fall
846 679 72 20 kunna

95 710 56 21 olika
166 710 153 27 förfaringssätt
334 716 49 14 vara
399 709 35 21 det
449 709 32 21 för
497 709 54 20 båda
574 712 98 24 parterna
694 708 224 27 ändamälsenligaste
908 704 13 37 ;

94 739 8 20 i
117 739 36 20 det
168 745 40 14 ena
223 739 59 20 fallet
296 738 40 21 kan
353 745 26 14 en
395 738 156 27 expropriation
569 745 49 13 vara
632 737 126 28 lämpligast,
773 737 6 20 i
796 737 35 20 det
855 736 64 21 andra

95 773 25 14 en
137 767 82 20 enskild
235 767 213 20 öfverenskommelse
464 766 47 21 med
529 773 26 14 en
571 766 52 21 eller
637 773 70 14 annan
720 765 109 28 jordegare
843 771 18 14 o.
873 771 15 14 s.
901 771 18 14 v.

97 795 41 28 Jag
153 795 68 21 skulle
236 795 70 21 därför
321 795 129 21 beträffande
466 795 57 20 detta
539 797 93 18 moment
647 795 26 20 be
685 797 31 18 att
725 794 21 21 fä
757 793 84 22 förorda
854 799 67 15 reser-

95 824 99 21 vationen
210 831 34 14 n:o
260 825 18 19 2.

164 881 33 20 Hr
211 881 150 26 Federley:
392 880 42 27 Jag
449 880 53 21 skall
518 880 46 21 icke
580 880 62 27 länge
658 879 112 28 uppehälla
785 879 94 21 ständets
890 879 29 20 tid

97 909 53 21 efter
172 909 27 21 de
221 909 75 27 mänga
319 909 38 21 och
373 909 83 20 sakrika
472 909 157 26 andraganden,
644 915 46 14 som
706 909 37 20 här
758 908 62 21 hafva
836 907 85 21 anförts.

96 937 42 28 Jag
160 938 91 27 begärde
275 938 162 27 ursprungligen
460 937 60 21 ordet
535 937 32 21 för
583 940 29 18 att
627 937 129 20 understöda
768 937 24 20 hr
809 936 112 27 Tallgvists

96 967 79 26 förslag
190 966 127 21 beträffande
332 973 62 14 mom.
411 967 12 20 2
439 966 7 20 i
463 966 11 27 $
492 967 31 19 11.
554 966 41 27 Jag
611 967 36 26 gör
663 965 35 21 det
713 965 23 21 sä
751 965 86 27 mycket
848 965 73 24 hällre,

97 1001 46 14 som
164 995 36 27 jag
222 995 53 20 ifrän
299 995 42 20 min
367 995 134 20 värksamhet
530 995 37 20 har
595 1001 26 14 en
650 994 78 27 sorglig
753 993 120 22 erfarenhet
901 993 21 20 af

97 1023 26 21 de
150 1023 147 28 mängahanda
319 1023 42 21 ofta
383 1023 62 28 högst
475 1023 86 26 obilliga
590 1023 96 27 anspräk,
717 1029 45 14 som
787 1023 22 20 af
834 1028 26 15 en
888 1021 34 22 del

97 1052 111 27 jordegare
224 1052 70 21 ställas
310 1052 54 27 uppä
379 1053 115 26 järnvägen
510 1051 130 21 beträffande
663 1051 186 27 vägöfvergängar.
881 1050 42 21 Det

99 1083 22 18 är
136 1081 46 20 icke
199 1081 114 26 nägonting
329 1081 89 26 sällsynt
433 1083 29 18 att
478 1087 26 14 en
520 1081 116 26 jordegare,
652 1087 44 14 som
713 1080 37 20 har
766 1086 25 15 en
808 1079 53 21 eller
872 1079 51 20 flere

98 1109 180 27 vägöfvergängar
292 1109 58 21 öfver
365 1110 113 26 järnvägen
496 1109 76 20 mellan
589 1109 45 20 sina
650 1115 56 20 egor,
721 1109 82 20 fordrar
825 1114 42 20 nya
891 1107 32 20 sä-

99 1137 54 21 dana
176 1137 26 27 pä
225 1144 25 14 en
269 1138 43 20 half
326 1138 128 24 kilometers,
469 1138 22 26 ja
506 1137 31 21 till
553 1137 39 20 och
608 1137 47 21 med
672 1137 82 20 mindre
770 1136 83 21 afständ
869 1136 54 20 ifrän

99 1172 26 15 en
141 1173 70 14 annan
228 1166 159 27 vägöfvergäng.
416 1165 64 22 Detta
496 1166 69 21 skulle
581 1173 28 13 nu
631 1166 43 20 ofta
694 1165 34 21 för
750 1165 96 21 enskilda
868 1165 56 26 järn-

99 1196 64 25 vägar
178 1194 66 21 blifva
257 1195 7 20 i
280 1195 73 27 högsta
368 1195 51 27 grad
435 1195 142 27 betungande,
592 1195 7 20 i
615 1194 116 27 synnerhet
746 1201 40 20 om,
802 1193 69 21 säsom
883 1193 42 21 för-

99 1223 119 27 fattningen
233 1223 126 27 förutsätter,
373 1224 141 26 järnvägarna
529 1223 76 27 själfva
619 1229 50 14 vore
685 1225 95 24 tvnngna
795 1224 30 19 att
843 1221 26 28 pä
892 1221 33 21 sin

99 1251 117 21 bekostnad
238 1252 89 27 anlägga
349 1252 60 21 dessa
435 1251 187 28 vägöfvergängar,
647 1251 55 20 huru
730 1251 90 26 dyrbara
847 1250 26 21 de
898 1252 27 19 än

99 1280 71 21 kunde
194 1280 70 27 blifva,
282 1281 67 21 såsom
364 1281 25 20 hr
403 1280 103 27 Tallgvist
520 1280 65 21 redan
602 1280 92 21 anförde.
724 1279 32 21 De
772 1280 21 20 af
808 1279 25 21 hr
848 1279 78 27 Elving

99 1309 88 21 anförda
202 1309 112 27 exemplen
329 1309 66 21 mäste
411 1310 35 26 jag
461 1309 33 20 för
509 1309 44 20 min
569 1309 34 21 del
619 1309 46 20 icke
681 1315 50 15 anse
754 1308 49 21 fullt
825 1308 100 20 hällbara.

100 1336 40 22 Om
155 1337 27 27 pä
198 1344 26 15 en
240 1338 98 27 lägenhet
353 1344 26 14 en
395 1338 61 26 träng
471 1339 54 19 tomt
540 1337 69 22 blifvit
624 1344 77 20 genom
716 1338 115 26 järnvägen
855 1336 72 20 afsku-

99 1372 39 14 ren
160 1366 55 20 ifrän
238 1366 26 21 de
286 1366 66 28 öfriga
367 1372 85 21 egorna,
467 1366 24 20 sä
506 1366 38 20 har
560 1366 34 20 vid
611 1366 185 26 expropriationen
813 1364 112 28 vägöfver-

100 1394 55 27 gång
178 1394 137 28 ovilkorligen
339 1394 68 22 blifvit
430 1395 124 20 densamma
579 1394 136 21 förbehållen.
753 1394 38 20 Låt
818 1400 51 14 vara
897 1394 30 20 att

101 1422 69 22 denna
186 1423 157 27 vägöfvergång
358 1423 53 21 dock
428 1423 20 21 af
463 1422 217 28 lämplighetshänsyn
692 1423 69 20 blifvit
772 1422 79 27 dragen
862 1421 65 27 några

101 1451 83 21 hundra
200 1454 67 18 meter
282 1452 58 27 längs
355 1452 116 26 järnvägen
487 1452 65 20 innan
569 1451 41 21 den
626 1452 44 26 gått
685 1452 59 20 öfver
759 1451 130 25 densamma,
905 1450 23 20 så

101 1481 30 19 att
152 1480 90 20 sålunda
264 1482 67 25 vägen
354 1480 31 20 till
409 1480 26 20 de
458 1482 59 18 strax
541 1480 26 26 på
587 1480 65 20 andra
668 1480 60 20 sidan
744 1480 90 26 belägna
849 1484 79 22 egorna

101 1508 69 21 blifvit
196 1510 29 19 ett
247 1515 37 21 par
302 1508 82 21 hundra
400 1511 68 18 meter
482 1508 73 27 längre
571 1509 26 19 än
614 1508 41 21 den
670 1508 92 21 kortaste
777 1510 75 25 vägen,
868 1506 23 22 så
905 1508 24 18 är
