1095 1717
189 121 41 21 436
387 128 179 22 Borgareståndet
579 128 57 18 1894.
662 129 22 17 13
696 132 62 13 mars.

160 207 70 21 beslut
246 207 39 21 bör
299 208 106 26 inrymma
424 208 40 21 den
481 208 168 28 bestämningen,
667 211 30 19 att
712 208 125 28 afgörandet
850 208 48 22 icke
913 210 23 18 är
951 208 36 22 de-

160 236 78 21 finitivt
253 238 51 19 utan
319 236 75 22 endast
409 237 114 21 eventuelt.

228 293 34 21 Hr
276 293 156 27 Holmberg:
463 293 33 21 Då
510 293 146 27 föreliggande
678 293 60 27 fråga
754 294 35 20 vid
813 296 30 19 ett
860 293 126 28 föregående

160 322 87 28 plenum
264 329 36 13 var
315 322 87 21 föremål
418 322 33 21 för
465 322 95 21 ståndets
575 322 105 28 pröfning,
696 322 85 28 gjordes
796 322 41 21 den
852 322 134 21 anmärknin-

160 357 41 21 gen
216 353 46 19 mot
276 350 211 22 ekonomiutskottets
511 351 134 21 betänkande
668 352 30 20 att
720 350 36 22 det
772 358 37 14 var
823 350 162 28 knapphändigt,

160 381 31 19 att
206 386 50 14 man
272 379 36 21 där
329 379 94 21 saknade
438 379 63 27 fakta,
523 386 47 14 som
587 381 96 19 närmare
706 379 70 21 skulle
791 379 74 27 belyst,
883 380 54 20 huru
953 381 32 19 ut-

159 408 77 21 skottet
252 408 53 20 hade
320 408 89 21 kommit
424 408 32 20 till
471 408 157 27 öfvertygelsen
644 410 30 19 att
686 408 42 20 den
738 408 7 20 i
756 408 157 28 propositionen
932 408 53 21 före-

160 437 74 27 slagna
250 437 95 28 måttliga
359 437 149 27 förhöjningen
531 437 48 21 icke
596 437 64 21 borde
682 437 113 21 framkalla
810 437 64 27 några
888 437 98 26 farhågor

159 465 33 21 för
207 467 30 20 att
252 472 27 14 en
294 465 79 28 ökning
388 465 21 21 af
424 465 199 28 lagöfverträdelser
637 465 125 28 därigenom
777 465 69 22 skulle
862 465 82 22 komma
956 467 30 20 att

159 500 39 21 ega
214 501 54 13 rum.
296 494 33 20 En
345 494 50 21 ärad
410 494 66 21 talare
499 494 94 21 önskade
609 494 109 21 dessutom
741 494 120 28 utredning,
881 494 104 21 huruvida

160 522 183 28 spanmålsprisets
358 523 128 20 variationer
500 523 7 20 i
523 523 46 20 vårt
591 523 49 20 land
657 523 83 20 utöfvat
756 523 63 27 något
833 523 106 20 märkbart
953 523 31 20 in-

159 551 95 27 flytande
270 551 26 28 på
310 551 143 21 förekomsten
469 551 21 21 af
501 551 165 28 lönnbränning.
689 551 33 21 En
734 551 183 22 utskottsledamot
927 552 57 20 inom

159 579 84 22 ståndet
265 580 124 21 meddelade
412 580 35 21 vid
469 587 82 14 samma
565 580 83 21 tillfälle
664 580 65 27 några
744 580 169 28 sifferuppgifter,
929 580 54 21 utvi-

159 609 66 20 sande
240 610 32 19 att
286 609 56 20 såväl
365 609 185 27 lönnbränningen
574 615 46 14 som
642 609 162 27 lurendrejeriet
818 609 7 20 i
840 609 72 20 landet
926 611 35 18 äro
976 609 7 20 i

160 637 119 28 aftagande.
308 637 40 21 För
363 639 30 19 att
408 637 127 28 tillmötesgå
559 637 94 21 uttalade
668 637 131 28 önskningar
813 638 38 20 har
865 637 35 27 jag
910 637 74 22 samlat

160 666 108 27 uppgifter
282 666 45 21 dels
341 666 60 21 öfver
423 666 103 27 rägpriset
540 666 7 20 i
563 666 73 21 landet
656 666 69 21 under
740 666 50 21 åren
807 666 116 26 1881—90,
939 666 44 21 dels

159 694 55 21 ifrån
230 695 114 20 statistiska
367 694 67 27 byrån
457 695 60 20 öfver
540 695 80 20 antalet
640 701 43 20 nya
704 694 43 21 mål
763 695 96 26 gällande
876 694 108 21 bränvins-

159 723 113 27 bränning,
287 723 225 27 bränvinsförsäljning
527 723 40 21 och
583 723 162 21 öfverträdelser
760 723 21 21 af
795 725 65 19 annat
875 723 44 27 slag
929 723 53 20 ifrån

160 752 54 20 1881
230 751 33 22 till
278 752 39 21 och
331 752 48 21 med
397 752 61 26 1892,
473 752 40 21 och
528 752 38 20 har
580 752 36 27 jag
636 752 147 21 sammanstält
803 751 61 22 dessa
879 751 105 28 uppgifter

158 780 8 20 i
181 787 27 14 en
224 780 62 27 tablå,
308 787 45 14 som
368 781 35 26 jag
426 780 38 21 ber
478 782 30 19 att
531 780 21 21 få
567 780 71 21 lämna
662 780 32 21 till
709 780 131 27 protokollet.
870 781 29 20 Af
913 780 71 21 denna

158 809 58 20 tablå
236 809 92 27 framgår
343 811 30 19 att
387 809 103 27 rågpriset
504 809 47 21 icke
568 809 81 21 utöfvat
664 809 65 26 något
747 809 106 20 märkbart
868 809 115 26 inflytande

158 837 27 28 på
200 837 141 22 förekomsten
364 837 21 21 af
399 837 164 28 lönnbränning,
586 839 23 24 ty
624 839 30 19 ett
673 837 93 21 fallande
781 838 7 20 i
803 837 102 28 rågpriset
919 837 63 21 fram-

158 866 68 21 kallar
240 873 41 14 ena
302 866 83 27 gången
401 872 27 15 en
450 866 94 27 stegring
559 866 21 21 af
602 866 239 27 lönnbränningsmålen
864 866 39 21 och
918 866 66 21 andra

157 894 84 28 gången
258 901 22 14 se
295 895 20 20 vi
330 897 91 18 tvärtom
436 897 30 18 att
481 895 26 20 de
522 895 84 26 åtföljas
621 895 21 20 af
657 901 27 14 en
696 894 59 27 lägre
772 894 63 27 siffra,
845 896 30 19 ett
885 894 97 21 fallande.

158 922 50 22 Men
224 923 20 21 af
261 923 68 21 denna
345 923 56 21 tablå
417 923 92 27 framgår
523 925 36 25 att,
575 923 53 21 efter
644 923 35 21 det
695 923 183 21 bränvinsskatten
894 923 23 20 år
928 923 53 21 1886

157 951 81 28 höjdes,
261 958 27 15 en
303 951 98 21 märkbar
423 952 113 27 förökning
559 951 58 21 såväl
634 951 8 21 i
656 951 102 22 afseende
773 951 12 21 å
799 951 184 28 lönnbränningen

158 986 46 15 som
220 980 66 21 andra
301 980 162 21 öfverträdelser
477 980 22 21 af
511 980 254 27 bränvinsförfattningen
776 980 67 21 under
853 980 26 21 de
890 979 92 28 följande

157 1011 32 18 tre
205 1009 51 21 åren
272 1009 101 21 inträdde.
403 1008 98 21 Därefter
515 1009 94 20 inträder
624 1008 45 21 åter
684 1010 30 19 ett
732 1009 97 26 fallande,
844 1015 45 14 som
904 1008 80 27 fortgår

157 1037 57 21 ända
227 1037 34 21 till
282 1037 39 21 och
336 1037 49 21 med
409 1037 60 21 1892.
499 1037 42 21 Det
564 1043 50 15 vore
629 1037 55 21 dock
706 1037 117 21 förhastadt
837 1039 30 19 att
890 1037 52 21 blott
956 1036 27 28 på

157 1066 69 27 grund
242 1066 22 21 af
279 1066 69 21 denna
370 1066 95 27 stegring
479 1066 8 20 i
501 1065 182 28 anhängiggjorda
705 1065 44 21 mål
764 1065 53 22 efter
834 1065 149 28 förhöjningen

157 1094 22 21 af
194 1094 184 22 bränvinsskatten
394 1094 24 21 år
433 1094 54 21 1886
503 1094 57 21 sluta
575 1094 32 21 till
622 1101 26 14 en
667 1094 95 27 stegring
777 1094 21 21 af
812 1093 171 28 lagöfverträdel-

156 1129 68 15 serna.
254 1123 42 21 Det
317 1125 24 19 är
361 1123 25 27 ju
408 1123 108 21 sannolikt
538 1124 30 20 att
591 1123 35 21 det
648 1123 43 20 lika
714 1123 86 27 mycket
817 1122 69 22 berott
899 1122 27 28 på
941 1122 41 21 den

157 1151 85 28 skärpta
258 1151 124 22 kontrollen.
413 1151 48 21 Den
483 1151 55 21 enda
560 1151 62 21 säkra
644 1151 88 21 slutsats
754 1157 49 15 man
825 1151 42 21 kan
883 1151 63 27 draga
962 1151 21 20 af

156 1179 71 22 denna
242 1180 58 21 tablå
314 1182 23 19 är
359 1182 30 19 att
403 1181 31 20 ett
456 1179 125 28 nedgående
603 1180 21 20 af
646 1179 225 28 lagöfverträdelserna
890 1179 54 22 ifrån
960 1179 23 21 år

158 1209 54 20 1888
228 1209 40 20 har
288 1209 84 20 inträdt.
402 1208 65 21 Detta
480 1209 55 20 talar
555 1209 24 26 ju
595 1208 82 21 således
700 1208 34 21 för
748 1208 126 27 riktigheten
897 1208 22 21 af
933 1208 49 21 eko-

158 1237 171 21 nomiutskottets
344 1237 7 20 i
367 1237 144 21 betänkandet
525 1237 94 21 uttalade
635 1237 59 20 åsikt.
724 1236 43 22 Det
781 1243 64 20 synes
855 1237 44 26 mig
913 1237 70 20 därför

156 1272 50 13 vara
222 1265 46 21 skäl
283 1268 29 18 att
329 1265 174 28 borgareständet
517 1265 69 21 skulle
603 1265 87 21 omfatta
710 1265 42 21 den
768 1265 21 21 af
803 1265 180 21 ekonomintskot-

156 1296 30 18 tet
200 1294 113 21 förordade
329 1295 39 20 och
383 1295 7 20 i
406 1294 78 28 nädiga
499 1294 159 28 propositionen
673 1294 121 28 föreslagna
804 1294 147 27 förhöjningen
962 1293 21 21 af

156 1322 189 22 bränvinsskatten.
