1095 1717
323 122 178 22 Borgareståndet
515 122 58 18 1894.
599 122 21 17 17
633 122 59 21 april.
854 116 41 21 703

98 205 31 19 att
147 203 47 27 den,
210 208 44 15 som
270 202 58 21 sökte
345 202 167 27 hypotekslånet,
523 202 80 27 uppgaf
619 202 74 27 10,000
709 202 130 21 reducerade
854 202 71 20 tolfter

99 232 69 20 såsom
193 230 126 28 förefintliga
346 231 40 20 och
411 232 31 20 att
457 230 35 22 det
507 230 65 22 sedan
590 230 133 28 ådagalades,
738 230 124 28 visserligen
878 230 47 21 icke

99 260 49 21 med
171 260 38 20 full
226 259 91 27 evidens,
333 261 30 19 att
379 259 34 21 vid
429 259 144 27 insättningen
589 259 76 21 endast
680 259 58 21 cirka
753 259 62 26 6,000
830 258 95 22 förefun-

99 289 47 21 nits.
169 288 41 21 Det
225 290 23 18 är
262 288 46 21 icke
323 288 69 27 någon
408 288 38 20 lätt
461 288 37 20 sak
514 294 49 15 vare
579 288 32 27 sig
626 288 32 20 för
674 294 26 14 en
712 287 214 27 magistratsledamot

99 317 52 21 eller
172 316 129 27 kronofogde
323 318 30 19 att
367 316 26 28 på
409 322 26 15 en
451 316 103 28 brädgård
570 316 117 22 bestämma
703 316 104 21 huruvida
816 316 41 21 den
865 316 61 20 inne-

99 346 67 20 håller
188 345 36 21 det
241 345 57 21 antal
313 345 129 21 reducerade
457 345 71 21 tolfter
543 345 81 27 bräder,
640 352 46 14 som
703 345 120 27 uppgifvits,
838 346 23 25 ty
878 344 47 21 där-

99 374 33 21 till
153 374 82 21 fordras
255 374 42 20 helt
312 374 66 20 andra
393 373 168 22 kvalifikationer
577 376 26 18 än
619 374 27 20 de
661 374 119 20 innehafva.
810 372 115 22 Dessutom

100 402 66 22 mäste
189 402 35 21 det
245 402 63 21 värka
323 402 91 28 pinsamt
429 404 35 24 att,
479 402 27 21 dä
521 409 26 14 en
563 402 143 28 förskingring
722 404 34 25 egt
772 408 53 20 rum,
841 402 85 20 banken

100 431 67 22 häller
189 431 32 27 sig
242 431 46 21 icke
306 431 75 21 endast
396 430 32 22 till
443 431 170 27 tjänstemannen
628 434 59 24 utan,
703 430 70 22 säsom
787 431 8 20 i
810 430 57 21 detta
883 430 44 27 fall,

101 461 61 20 äfven
185 460 32 21 till
232 460 52 21 hans
300 460 101 21 sterbhus.
431 459 48 22 Den
494 460 123 27 ersättning,
632 466 46 15 som
694 459 84 22 banken
793 459 6 20 i
816 459 57 21 detta
888 459 38 20 fall

101 489 89 26 utsökte,
212 488 41 21 fick
276 488 40 21 den
339 489 53 26 icke,
414 489 38 20 och
475 489 35 26 jag
525 491 44 18 tror
583 491 31 18 att
629 488 35 21 det
679 489 7 20 i
702 488 26 21 de
743 488 61 21 flesta
819 488 37 21 fall
872 487 55 21 skall

101 517 27 27 gä
143 517 22 21 sä
180 519 30 19 att
225 517 35 21 det
274 517 41 20 kan
331 517 55 21 visas
401 519 30 19 att
446 517 170 28 förskingringen
632 517 55 21 skett
696 520 51 18 utan
756 516 171 21 vederbörandes

101 546 136 21 förvällande.
262 545 41 22 Det
318 552 49 15 vore
383 546 63 21 äfven
461 546 32 21 för
508 545 96 22 bankens
619 546 99 21 säkerhet
732 545 87 27 mycket
833 545 94 21 förmän-

101 575 72 26 ligare,
196 581 34 14 om
248 574 57 21 detta
320 575 116 26 stadgande
451 574 55 28 finge
522 581 27 14 en
565 581 71 14 annan
651 574 121 28 redigering
786 574 41 21 och
841 573 86 21 banken

102 604 57 20 sökte
174 603 26 26 pä
216 605 64 19 annat
294 605 41 19 sätt
349 603 89 21 förvissa
453 603 32 28 sig
500 609 34 15 om
550 603 46 21 sina
611 603 99 27 hypotek.

170 660 32 21 Hr
216 660 105 21 Kurtén
337 660 143 21 understödde
495 660 62 21 äfven
574 661 23 20 hr
613 660 101 21 Jusölius'
730 660 84 27 förslag.

108 740 3 3 N
172 717 68 21 Sedan
263 717 146 21 diskussionen
432 717 50 21 härä
503 717 102 26 afslutats,
624 717 123 22 framstälde
762 717 25 21 hr
802 717 124 21 talmannen

104 746 93 27 följande
213 746 278 27 omröstningsproposition:

175 803 37 27 De,
228 803 74 21 hvilka
314 803 117 28 godkänna
446 803 111 21 utskottets
573 803 83 28 förslag
671 803 35 21 till
722 803 78 28 lydelse
815 803 37 28 för
866 805 15 24 $
897 803 32 20 25

105 832 148 27 oförändradt,
268 834 59 19 rösta
335 832 40 27 ja;
391 832 31 27 de,
437 832 35 21 det
486 832 45 21 icke
544 834 60 25 göra,
620 833 60 20 rösta
694 832 49 27 nej;

173 861 79 20 vinner
273 861 42 27 nej,
334 861 42 20 har
391 861 176 27 borgareständet
582 861 88 20 beslutit
684 860 161 21 äterremittera
856 867 71 20 para-

102 889 80 27 grafen
204 889 35 21 till
260 889 101 21 utskottet
382 889 37 27 för
434 889 182 28 omformulering
631 889 9 20 i
655 889 35 21 det
704 889 100 28 afseende
820 889 27 20 hr
861 888 66 21 Juse-

105 917 44 21 lus
161 917 101 28 päyrkat.

172 975 49 21 Med
236 975 155 28 öfvervägande
407 976 34 27 nej
459 975 67 22 beslöt
541 975 83 22 ståndet
640 975 151 22 återremittera
806 975 65 20 första
884 980 45 15 mo-

103 1005 81 20 mentet
205 1004 21 21 af
248 1004 12 27 $
283 1005 27 20 25
333 1004 30 21 till
386 1004 101 21 utskottet
510 1004 26 27 pä
551 1004 36 21 det
602 1006 30 19 att
646 1004 126 27 stadgandet
787 1010 34 14 om
837 1004 92 27 pantsatt

103 1032 53 27 gods
178 1032 102 21 ställande
303 1033 67 20 under
392 1033 73 26 tillsyn
488 1033 39 21 och
548 1033 51 20 värd
615 1033 20 20 af
650 1032 130 28 kronofogde
797 1032 51 21 eller
863 1031 66 28 magi-

104 1061 154 21 stratsledamot
280 1061 63 21 mätte
366 1061 51 27 utgä
440 1064 54 19 samt
509 1061 85 22 banken
609 1061 129 21 beträffande
754 1057 40 25 slik
810 1060 118 27 deposition

104 1089 101 21 likställas
220 1089 48 21 med
284 1090 79 27 privata
378 1090 194 27 läneinrättningar.

172 1146 26 27 $$
214 1147 83 20 26-—31
313 1146 70 21 blefvo
399 1149 51 19 utan
467 1147 120 20 diskussion
603 1147 118 27 godkända.

172 1203 96 22 Rörande
285 1204 11 27 $
313 1204 26 20 32
355 1204 72 21 anhöll

171 1261 25 20 hr
211 1261 144 27 Wegelius
371 1268 33 14 om
421 1261 59 21 ordet
495 1261 39 21 och
550 1261 93 27 yttrade:
671 1261 43 20 Vid
730 1262 82 19 senaste
827 1260 102 27 landtdag

103 1292 76 25 antogo
202 1290 113 20 ständerna
336 1290 33 21 för
390 1290 71 21 denna
480 1290 97 28 paragraf
592 1296 27 15 en
634 1289 144 28 formulering,
794 1289 67 27 enligt
875 1289 54 21 hvil-

102 1318 41 21 ken
167 1318 134 28 provisionen
324 1318 32 21 för
378 1318 96 22 bankens
488 1319 158 26 inkasseringar
660 1318 78 28 jämväl
753 1318 69 21 skulle
838 1317 91 22 bestäm-

102 1353 46 14 mas
163 1347 21 21 af
199 1347 192 27 bankfullmäktige.
422 1347 49 21 Med
487 1347 41 21 den
543 1347 82 27 lydelse
640 1346 124 28 paragrafen
779 1346 28 21 då
821 1346 41 21 fick
878 1346 51 20 hän-

102 1375 70 21 fördes
188 1376 31 20 till
235 1376 200 27 bankfullmäktiges
450 1376 115 27 afgörande
581 1375 41 21 alla
638 1376 79 20 sådana
733 1375 79 21 tariffer
827 1375 39 21 och
881 1381 47 21 pro-

103 1404 242 28 visionsbestämningar,
360 1411 46 14 som
422 1404 46 21 icke
484 1404 93 21 berodde
593 1404 21 20 af
628 1404 33 20 för
676 1404 68 27 dagen
754 1403 174 21 förekommande

102 1432 116 28 växlingar.
241 1432 100 22 Däremot
356 1433 38 20 har
409 1433 7 20 i
432 1433 50 21 sista
496 1434 118 20 momentet
628 1432 151 21 öfverlämnats
793 1432 22 20 åt
829 1432 100 20 direktio-

102 1467 42 15 nen
168 1463 29 19 att
213 1461 115 21 bestämma
343 1461 80 21 sådana
438 1462 75 20 kurser
528 1462 40 20 och
583 1461 125 27 inköpspris,
723 1467 46 15 som
785 1460 81 21 variera
881 1460 47 20 från

102 1489 41 27 dag
165 1490 31 20 till
220 1490 45 27 dag.
301 1490 195 26 Bankfullmäktige
519 1490 64 20 hafva
598 1496 35 20 nu,
648 1490 49 20 med
714 1489 133 27 åberopande
862 1488 21 21 af
898 1490 30 19 att

102 1517 35 21 det
160 1524 49 15 vore
232 1524 44 15 mer
299 1518 104 27 sakenligt
422 1520 29 19 att
464 1518 135 28 provisionen
615 1518 32 21 för
663 1518 94 21 bankens
772 1517 157 27 inkasseringar
