1095 1717
212 125 42 21 126
420 130 181 22 Borgareståndet
615 131 55 17 1894.
696 131 12 17 9
721 130 50 18 febr.

182 211 40 21 och
244 211 101 27 fördragit
367 211 69 21 under
455 211 144 27 förhoppning
619 212 29 19 att
663 210 78 28 ljusare
757 210 54 21 tider
825 210 68 22 skulle
908 211 77 21 randas
1001 211 7 21 i

182 240 50 20 våra
247 239 211 27 prässförhällanden.
491 239 50 21 Men
557 239 71 21 denna
643 239 141 27 förhoppning
800 239 37 21 har
851 239 54 21 visat
915 239 32 27 sig
958 246 50 14 vara

182 274 27 15 en
224 274 62 21 grym
302 268 147 27 missräkning.
479 261 32 27 Är
522 268 33 20 för
568 268 23 20 är
601 268 38 20 har
649 268 138 21 munkafveln
798 268 87 20 härdare
896 268 112 28 tilldragits

182 297 40 21 och
237 296 98 28 slutligen
353 297 38 20 har
405 303 50 14 man
471 296 59 21 öfver
545 296 48 20 hela
609 296 40 21 den
666 296 121 27 periodiska
802 298 85 25 prässen
902 297 66 25 hängt
978 299 30 19 ett

182 325 179 26 damoklessvärd,
371 332 46 14 som
426 326 72 26 hvarje
507 324 113 28 ögonblick
627 325 62 21 hotar
697 325 122 21 densamma
827 325 48 21 med
883 325 124 21 ekonomisk

182 354 47 20 ruin
253 354 39 20 och
314 354 145 27 dödstystnad,
480 354 40 20 och
541 354 42 20 den
603 354 111 20 inhemska
729 354 130 27 regeringen,
875 354 31 20 till
922 354 86 20 hvilken

181 382 74 21 landet
278 382 53 21 dock
346 382 89 27 tidigare
451 385 50 18 vant
517 382 32 26 sig
564 384 30 18 att
609 382 37 21 lita
661 382 69 20 under
745 382 135 26 brydsamma
895 382 114 21 förhällan-

183 411 47 27 den,
249 411 41 21 den
305 412 43 26 har,
364 411 69 21 sävidt
448 411 31 21 till
495 411 155 20 allmänhetens
666 411 96 27 kunskap
778 410 93 28 kommit,
887 411 54 28 gjort
955 411 54 21 intet

182 440 33 21 för
230 442 31 19 att
275 440 69 21 lindra
358 440 88 27 trycket,
462 442 90 19 tvärtom
563 440 38 20 har
611 440 42 21 den
663 440 93 27 ständigt
765 440 92 21 utfärdat
868 446 43 21 nya
923 440 86 21 restrik-

182 469 75 20 tioner.
287 469 49 20 Men
352 469 68 20 under
436 469 41 20 alla
492 469 61 20 dessa
569 468 97 21 tröstlösa
681 468 145 21 förhällanden
839 468 62 21 hafva
911 470 98 26 prässens

182 499 50 18 män
248 497 47 21 icke
309 497 87 21 förlorat
411 497 72 21 modet
497 499 53 18 utan
567 497 62 20 käckt
644 497 50 20 stätt
709 497 35 20 vid
760 497 33 20 sin
808 497 55 20 fana.
892 497 48 21 Med
957 497 51 20 hän-

183 526 109 27 gifvenhet
310 526 39 21 och
365 526 140 27 päpasslighet
520 526 63 20 hafva
601 526 25 20 de
642 525 47 21 sökt
704 525 56 21 hälla
774 525 141 21 allmänheten
931 525 77 21 under-

183 554 83 27 kunnig
286 561 33 14 om
343 555 55 20 hvad
421 561 46 14 som
489 554 103 27 tilldragit
611 554 32 27 sig
658 555 7 20 i
681 554 55 21 olika
752 554 96 27 regioner
863 554 21 21 af
899 554 110 21 samhället

184 583 45 27 och,
252 583 67 21 sävidt
335 583 87 27 möjligt,
445 583 76 21 uttalat
543 583 32 26 sig
597 583 7 20 i
627 583 80 27 dagens
728 583 110 27 viktigaste
858 583 75 27 frägor.
964 583 44 21 Och

183 614 109 25 gentemot
307 612 40 21 den
363 612 64 27 ryska
443 614 96 25 prässens
552 611 42 21 lika
606 611 95 28 ihärdiga
712 618 45 14 som
768 611 138 27 hänsynslösa
916 618 92 21 angrepp

183 643 45 18 mot
250 641 49 20 vära
321 641 123 26 dyrbaraste
466 641 123 26 rättigheter
609 641 38 20 och
668 641 61 20 deras
744 640 143 27 upphetsande
903 641 106 26 äreröriga

184 669 159 27 beskyllningar
358 671 44 19 mot
418 669 35 21 det
467 669 69 20 finska
552 669 67 20 folket
634 669 38 20 har
686 671 86 25 prässen
788 669 101 27 oaflätligt
899 669 38 20 och
950 675 58 14 man-

183 697 39 28 ligt
244 700 74 19 värnat
339 698 38 20 vär
398 699 41 19 rätt
462 698 38 20 och
525 697 44 21 värt
592 698 165 20 samhällsskick.
788 697 81 21 Genom
889 699 30 19 ett
933 697 75 21 sädant

184 727 71 20 arbete
279 727 36 20 har
337 729 87 24 prässen
446 727 55 26 gjort
523 726 32 27 sig
579 726 87 27 förtjänt
688 733 34 14 om
744 726 168 21 fäderneslandet
933 727 39 20 och
988 726 21 21 af

184 755 104 27 offentligt
310 755 141 21 erkännande.
481 755 88 20 Hvilket
592 755 35 20 det
649 755 107 27 praktiska
779 755 107 20 resultatet
908 755 21 20 af
952 755 56 20 detta

183 784 184 27 petitionsförslag.
383 786 26 18 än
432 783 35 21 mä
489 783 72 27 blifva,
583 784 39 20 och
645 786 56 18 stora
721 783 164 28 förhoppningar
900 783 72 21 kunna
988 784 20 19 vi

182 813 48 20 icke
246 813 7 20 i
269 813 56 20 detta
340 812 100 21 afseende
455 813 58 26 hysa,
529 812 24 21 sä
568 812 80 27 hoppas
663 812 35 27 jag
714 812 59 27 dock,
788 814 30 19 att
829 812 115 21 detsamma
954 812 54 21 skall

183 841 110 20 föranleda
315 841 113 20 ständerna
450 841 32 20 till
505 847 27 14 en
556 841 77 27 kraftig
656 843 79 25 protest
750 843 57 18 emot
821 840 41 21 den
878 841 130 20 närvarande

182 870 156 27 prässregimen
361 870 39 20 och
420 871 30 19 ett
469 871 68 19 varmt
553 869 109 21 uttalande
677 869 32 22 till
724 869 82 21 förmän
821 869 32 20 för
867 871 86 25 prässen
970 869 38 21 och

184 904 26 15 en
226 898 122 27 lagbunden
363 898 130 27 tryckfrihet.

252 954 147 22 Förevarande
422 955 179 27 petitionsförslag
624 955 43 20 blef
689 955 50 20 härä
761 955 21 20 af
804 954 83 21 ständet
909 955 101 27 enhälligt

183 983 132 21 remitteradt
329 983 31 21 till
375 983 143 28 lagutskottet.

252 1126 33 21 Hr
306 1126 65 21 Lille
394 1126 95 27 uppläste
512 1128 30 19 ett
564 1126 21 21 af
607 1127 78 20 honom
704 1127 65 26 jämte
787 1126 36 20 hrr
837 1125 117 21 Jus6lius
970 1124 38 21 och

182 1155 134 20 Borenius
332 1155 169 21 undertecknadt
516 1155 180 27 petitionsförslag
713 1155 21 20 af
748 1154 93 27 följande
856 1153 103 21 innehäll:

415 1241 39 20 Till
469 1241 107 26 vällofliga
591 1240 184 27 borgareständet!

252 1298 72 21 Såsom
348 1298 78 21 bekant
448 1298 123 27 uppehåller
593 1298 33 27 sig
646 1298 7 20 i
673 1297 66 27 några
760 1297 20 21 af
798 1296 82 21 landets
895 1296 70 20 städer
980 1302 27 14 en

182 1327 131 26 befolkning,
335 1333 46 14 som
404 1329 51 19 utan
477 1329 30 18 att
528 1326 87 21 faktiskt
629 1332 39 21 ega
684 1326 65 26 nägra
764 1325 65 21 andra
844 1324 122 27 rättigheter
980 1325 27 19 än

182 1356 40 20 den
239 1356 175 26 styrelsemakten
430 1355 131 27 godtyckligt
574 1354 110 28 medgifvit
694 1354 129 26 densamma,
833 1353 54 21 dock
897 1352 32 21 till
940 1352 68 21 öfver-

182 1384 97 28 vägande
302 1384 33 21 del
358 1386 23 18 är
402 1384 38 20 här
462 1384 50 20 född
535 1384 40 20 och
597 1383 123 27 uppfostrad
744 1384 53 19 samt
812 1382 27 27 på
854 1382 69 20 denna
938 1380 71 32 grund

181 1413 78 21 räknar
274 1412 90 21 Finland
377 1412 70 21 såsom
459 1412 36 21 sitt
504 1412 122 21 fosterland.
656 1412 42 27 Jag
708 1411 56 21 afser
774 1410 87 21 härmed
871 1410 41 20 den
924 1409 85 27 judiska

182 1441 158 27 befolkningen,
362 1441 88 21 hvilken
472 1441 69 21 bosatt
563 1440 23 21 så
607 1440 51 28 godt
677 1446 46 14 som
739 1438 134 22 uteslutande
888 1438 7 20 i
911 1438 98 31 städerna

180 1469 142 28 Helsingfors,
344 1463 47 27 Åbo
416 1470 40 20 och
477 1469 81 27 Viborg
579 1469 33 21 till
635 1469 79 20 antalet
734 1468 46 21 icke
803 1467 59 21 torde
878 1466 131 32 öfverskrida

182 1498 61 27 1,000
265 1505 106 21 personer.
400 1498 40 21 Till
456 1498 55 21 huru
526 1500 44 18 stor
585 1497 34 21 del
634 1497 71 21 denna
720 1496 124 27 befolkning
859 1496 65 20 redan
940 1497 23 18 är
977 1501 32 14 in-

180 1527 52 21 född
253 1527 8 20 i
282 1527 72 21 landet
376 1527 60 21 torde
451 1527 73 20 kunna
540 1526 100 21 bedömas
655 1526 21 20 af
691 1525 141 21 förhållandet
846 1524 7 21 i
868 1523 140 28 Helsingfors.
