1095 1717
323 130 178 22 Borgareståndet
515 131 57 17 1894.
597 131 22 17 16
632 135 61 13 mars.
849 126 40 20 461

97 212 54 20 vidd.
180 212 48 21 Den
243 211 85 27 frångår
343 211 90 21 sålunda
448 211 35 21 det
499 212 96 20 härintils
610 212 66 26 följda
692 213 107 25 systemet,
814 214 22 24 ty
854 212 66 26 enligt

95 240 176 22 kommissionens
286 240 22 20 af
317 240 23 20 är
354 240 53 20 1877
421 240 78 26 förslag
512 247 37 13 var
559 240 199 27 hufvudprincipen,
768 246 45 15 som
824 247 49 13 man
885 240 33 20 vid

95 268 222 28 järnvägsbyggnader
332 269 6 19 i
355 268 45 21 värt
415 268 50 21 land
480 268 54 21 hade
551 271 29 18 att
595 268 57 27 följa,
668 269 41 21 den
725 272 29 18 att
769 275 22 14 se
807 268 31 21 till
853 271 30 18 att
893 268 26 21 de

95 297 89 27 anlagda
210 298 94 20 banorna
328 297 71 21 kunde
422 299 105 19 motsvara
549 304 27 14 en
599 298 55 20 huru
678 300 43 18 stor
736 297 123 27 utveckling
874 304 44 14 som

96 324 56 23 hälst
164 326 21 21 af
200 326 94 20 trafiken.
324 325 33 21 Då
372 326 70 26 sörjde
458 332 48 14 man
522 326 83 20 således
620 326 32 20 för
663 326 118 20 framtiden.
798 326 49 20 Man
858 326 61 20 moti-

96 355 76 21 verade
194 354 36 21 det
251 354 85 21 därmed
360 357 29 18 att
405 354 35 21 det
456 361 36 14 var
508 354 95 27 omöjligt
619 357 34 24 att,
669 354 49 22 med
734 354 41 21 den
791 355 59 27 ringa
866 354 53 21 erfa-

96 384 74 20 renhet
184 390 48 14 man
249 385 58 18 ännu
321 383 6 20 i
344 383 45 21 vårt
403 383 50 20 land
469 383 60 27 hade,
543 384 25 26 pä
579 383 89 21 förhand
681 383 49 21 med
741 383 96 21 säkerhet
846 383 73 21 kunna

96 412 66 20 uttala
184 412 32 27 sig
238 418 34 14 om
291 412 54 20 huru
362 414 43 18 stor
421 412 122 27 utveckling
557 412 189 27 järnvägstrafiken
762 412 71 20 kunde
850 412 68 20 vinna.

95 440 37 21 Ett
156 441 128 27 fullkomligt
303 443 84 18 motsatt
403 441 168 27 tillvägagäende
587 441 37 20 har
640 441 94 20 komitön
749 441 22 20 af
786 441 54 20 1893
856 440 62 21 insla-

95 469 36 27 git,
156 469 27 21 dä
208 469 40 21 den
276 469 45 21 icke
344 469 41 21 fäst
407 469 32 20 sin
462 469 56 21 blick
538 469 27 28 pä
580 469 128 21 kommande
724 469 69 27 dagar,
810 472 50 18 utan
875 469 44 21 helt

95 497 72 22 enkelt
190 498 74 21 uttalat
278 498 41 21 den
334 498 109 27 principen
460 500 29 19 att
504 498 113 21 framdeles
632 498 33 21 för
680 499 71 26 hvarje
766 498 93 27 järnväg,
873 505 45 14 som

95 526 54 21 skall
171 527 86 26 utföras,
278 527 35 20 det
335 530 79 23 system
438 527 36 20 bör
495 527 72 27 väljas,
583 533 45 14 som
644 528 46 19 bäst
703 530 117 17 motsvarar
834 527 84 20 förhan-

95 555 135 21 denvarande
245 555 151 21 förhållanden.
426 555 99 21 Komiten
542 556 21 20 af
579 556 54 20 1893
649 555 109 22 utvecklar
774 555 62 21 också
856 555 61 27 följd-

95 583 77 27 riktigt,
193 584 85 21 hvarför
297 584 40 21 den
360 591 62 14 anser
443 586 29 19 att
487 584 159 21 förhällandena
662 585 6 19 i
684 584 26 21 de
725 584 84 25 trakter,
825 584 37 21 där
877 583 39 21 den

95 618 30 15 nu
139 612 121 28 ifrågasatta
275 613 114 27 järnvägen
405 613 54 20 skall
474 613 87 27 byggas,
576 613 86 27 betinga
677 613 150 26 öfvergäendet
842 612 31 21 till
889 614 29 19 ett

96 641 62 20 smalt
183 641 53 27 spår,
260 641 134 27 hvarigenom
420 641 283 28 anläggningskostnaderna
728 641 23 21 sä
772 641 85 26 mycket
872 647 43 14 som

96 669 82 28 möjligt
192 670 69 21 skulle
277 670 132 27 nedbringas.
440 670 72 21 Säsom
524 676 48 15 man
581 670 53 21 hade
648 673 30 18 att
689 671 84 26 hoppas,
783 676 56 14 vann
849 669 68 21 denna

96 698 54 21 äsikt
169 698 31 21 till
216 705 26 14 en
259 699 72 27 början
347 699 115 27 sympatier
476 699 62 20 äfven
554 699 57 20 inom
628 699 132 26 regeringen,
776 705 48 14 men
840 698 21 21 af
877 698 40 21 den

95 733 30 14 nu
147 727 143 27 föreliggande
313 727 156 28 propositionen
491 727 70 21 finner
576 734 48 14 man
641 729 30 19 att
686 727 125 27 regeringen
826 727 91 26 frängätt

95 755 79 21 tanken
196 756 26 27 pä
244 756 140 27 anläggandet
406 756 22 20 af
450 763 25 14 en
498 756 125 27 smalspärig
640 757 89 26 järnväg
744 755 77 21 mellan
837 755 80 25 Keuru,

95 783 117 28 Jyväskylä
227 785 39 20 och
277 784 135 27 Suonenjoki.
438 785 10 20 I
459 785 157 27 propositionen
628 785 88 20 föreslås
729 784 105 27 nämligen
846 783 72 28 anläg-

95 812 78 27 gandet
195 813 21 20 af
238 819 27 15 en
284 813 152 28 normalspärig
452 813 55 21 bana
521 813 78 21 mellan
616 813 61 21 dessa
692 815 61 18 orter.
783 812 48 21 Man
849 812 69 27 frägar

95 841 32 26 sig
142 841 138 28 ovilkorligen
296 842 78 27 hvarpä
389 842 57 21 detta
462 842 66 21 beror.
559 842 127 26 Isynnerhet
696 843 38 26 gör
744 848 48 14 man
804 841 31 27 sig
848 841 69 20 denna

95 869 64 27 fräga,
182 870 26 20 dä
227 877 49 14 man
291 871 6 20 i
313 871 156 27 propositionen
484 871 69 20 finner
569 877 25 14 en
612 871 67 26 tydlig
695 870 136 27 hänsyftning
847 869 26 27 pä
889 871 29 19 att

95 897 221 23 trafikförhällandena
336 899 26 27 pä
385 899 69 21 denna
477 899 55 21 bana
554 899 62 21 äfven
632 899 66 27 enligt
713 899 135 26 regeringens
864 897 54 22 äsikt

95 927 121 27 antagligen
238 927 47 22 icke
307 928 84 21 komma
414 930 30 19 att
466 928 89 27 gestalta
577 928 32 27 sig
629 927 23 21 sä
667 934 46 14 som
729 927 25 28 pä
770 933 25 15 en
812 933 105 14 samman-

95 955 170 28 bindningsbana
280 957 6 20 i
302 957 91 26 egentlig
416 957 92 27 mening,
524 959 49 18 utan
591 957 23 20 sä
628 963 46 14 som
690 956 26 27 pä
730 957 77 20 tvänne
824 955 93 26 bibanor,

96 983 41 21 den
158 990 40 15 ena
220 985 31 20 till
274 985 73 21 Keuru
369 985 26 27 pä
411 985 134 26 Vasabanan,
561 985 40 21 den
618 985 65 20 andra
699 985 31 20 till
746 983 130 27 Suonenjoki
892 983 25 28 pä

95 1011 177 23 Savolaksbanan.
303 1013 90 22 Oaktadt
414 1014 125 27 regeringen
563 1014 7 20 i
590 1013 219 21 öfverensstämmelse
831 1012 85 21 härmed

95 1041 87 21 föreslär
206 1042 121 27 byggandet
342 1043 75 20 endast
432 1043 21 20 af
468 1044 78 19 tvänne
561 1043 74 20 länkar
650 1042 22 20 af
687 1042 75 26 banan,
778 1041 19 21 d.
813 1048 18 13 v.
847 1047 15 14 s.
879 1041 38 20 lin-

93 1070 36 26 jen
150 1070 136 27 Jyväskylä
301 1071 68 21 Keuru
385 1071 11 20 &
412 1077 40 15 ena
467 1071 60 21 sidan
550 1071 39 20 och
605 1071 65 26 linjen
686 1069 231 28 Kuhjo—Suonenjoki

95 1098 12 21 å
121 1099 66 20 andra
202 1099 66 26 sidan,
283 1100 37 20 har
335 1100 41 21 den
392 1100 54 20 dock
461 1100 46 21 icke
523 1100 88 20 anslutit
626 1100 32 25 sig
673 1099 31 20 till
720 1099 104 20 komitöns
839 1097 78 28 förslag

94 1133 35 14 om
144 1133 26 15 en
186 1128 123 27 smalspärig
323 1128 61 25 bana,
400 1130 51 19 utan
467 1128 93 27 godkänt
575 1128 41 21 den
631 1128 136 24 reservation,
778 1134 44 14 som
833 1129 24 18 är
865 1126 52 21 bifo-

93 1155 41 27 gad
160 1156 221 22 komitöbetänkandet
405 1157 39 21 och
470 1157 158 20 undertecknad
657 1157 21 20 af
711 1155 205 28 generaldirektören

94 1183 128 29 Strömberg,
242 1192 45 14 som
303 1185 88 22 föreslär
405 1186 36 20 det
456 1185 95 21 normala
566 1185 70 27 späret
650 1185 62 20 äfven
729 1185 37 20 där
781 1191 26 14 en
823 1184 23 21 sä
856 1183 61 20 mini-

93 1212 43 21 mal
151 1213 61 21 trafik
227 1216 23 18 är
265 1216 30 19 att
309 1214 92 27 päräkna
416 1215 7 19 i
439 1214 40 21 den
496 1216 105 19 närmaste
617 1213 112 21 framtiden
745 1219 45 14 som
807 1213 26 27 pä
847 1212 70 21 denna

94 1240 60 21 bana.
184 1241 49 22 Med
249 1243 115 27 anledning
379 1243 59 20 häraf
454 1245 86 25 antager
555 1249 49 14 man
621 1242 109 27 ofrivilligt
744 1244 30 18 att
788 1242 43 27 just
847 1241 70 20 denna

93 1271 129 21 reservation
244 1271 90 21 dikterat
356 1271 100 27 förslaget
471 1271 6 21 i
493 1271 42 21 den
549 1271 145 27 föreliggande
710 1270 156 28 propositionen
882 1275 33 14 om

93 1300 30 19 ett
138 1300 90 20 normalt
243 1300 48 27 spår
306 1300 31 21 för
352 1300 76 21 banan.
458 1300 87 21 Vänder
560 1306 49 14 man
625 1300 32 26 sig
672 1299 26 21 dä
712 1299 31 21 till
753 1298 163 26 reservationen,

93 1326 69 22 finner
184 1334 49 14 man
249 1331 30 19 att
293 1329 7 20 i
315 1329 124 21 densamma
454 1329 124 27 visserligen
594 1328 106 27 ätskilliga
716 1328 63 20 motiv
795 1326 122 22 framhällas

93 1355 32 21 för
147 1362 26 15 en
198 1357 153 27 normalspärig
373 1358 55 20 bana
450 1358 33 20 för
505 1357 57 21 detta
579 1357 44 26 fall
638 1363 50 15 men
703 1356 26 21 de
744 1356 60 21 flesta
819 1356 22 21 af
856 1356 61 20 dessa

93 1384 65 21 motiv
179 1385 27 27 gä
227 1388 23 18 ut
268 1386 26 27 pä
309 1388 30 19 att
353 1385 111 28 gendrifva
479 1386 81 21 äsikten
577 1392 35 14 om
628 1385 136 27 möjligheten
780 1385 21 21 af
816 1384 101 27 smalspä-

92 1412 45 28 riga
153 1413 65 21 banor
232 1414 7 20 i
254 1414 113 22 allmänhet
383 1415 6 20 i
405 1414 45 21 värt
465 1414 56 22 land.
552 1414 27 21 Sä
594 1414 52 21 talas
662 1414 38 20 här
714 1420 34 14 om
759 1414 157 26 svärigheterna

92 1441 35 21 vid
148 1442 161 28 omlastningen,
331 1450 34 14 om
389 1443 35 21 det
446 1443 94 27 menliga
562 1443 21 20 af
602 1442 133 27 frostknölar,
751 1449 33 14 om
801 1442 36 21 det
851 1441 65 21 härda

92 1469 101 28 klimatet,
216 1472 40 20 och
277 1472 29 20 alt
321 1472 56 20 detta
396 1472 3 20 i
415 1478 81 14 samma
512 1478 64 20 genre
592 1478 45 14 som
653 1471 89 27 tidigare
757 1470 85 22 uttalats
858 1470 58 20 inom

91 1497 93 22 komitön
200 1500 22 20 af
237 1500 23 20 är
276 1500 59 26 1877,
351 1500 26 20 dä
393 1500 35 20 det
444 1500 61 27 gälde
521 1502 30 19 att
566 1500 103 27 bekämpa
684 1499 149 21 användandet
848 1498 21 21 af
881 1498 35 21 det

91 1526 67 21 smala
180 1528 70 26 späret
271 1528 7 20 i
302 1528 44 21 värt
364 1528 56 21 land.
451 1528 50 21 Men
517 1529 122 20 därutöfver
653 1528 69 21 finner
737 1534 49 14 man
801 1529 115 25 yttermera
