1095 1717
322 120 179 22 Borgareståndet
513 122 58 17 1894.
595 122 26 16 27
636 121 51 18 febr.
849 115 39 21 367

94 206 41 21 kan
152 206 73 21 därvid
241 206 35 22 det
291 206 102 21 förbehåll
416 208 61 25 göras
492 209 31 18 att
544 206 174 28 obligationerna,
732 207 66 20 innan
814 206 26 22 de
856 206 63 28 utgif-

94 242 43 18 vas,
153 235 59 21 skola
234 235 77 20 företes
325 234 32 21 för
381 234 158 22 vederbörande
562 235 131 27 myndighet,
709 235 142 27 borgmästare
867 235 52 21 eller

94 263 137 27 kronofogde,
247 263 84 21 hvilken
347 263 67 21 tillser
429 265 30 19 att
474 263 26 21 de
515 266 36 18 äro
567 264 115 26 behörigen
698 264 121 27 stämplade.
842 263 76 21 Likaså

94 292 60 27 skall,
170 292 27 20 då
212 291 119 27 aktiebolag
345 291 75 28 bildas,
435 292 101 27 antingen
552 292 240 27 koncessionssystemet
802 292 116 21 bibehållas

94 320 52 22 eller
160 320 53 26 icke,
229 320 127 21 åtminstone
379 326 25 15 en
421 320 97 21 anmälan
540 321 39 21 hos
594 321 241 27 registermyndigheten
850 322 67 26 göras.

95 348 33 22 Då
143 349 40 21 kan
200 349 69 21 denna
284 348 124 28 myndighet
423 349 124 21 föreskrifva
569 349 42 21 viss
627 349 77 21 officiel
719 356 82 20 person,
817 350 33 20 för
865 349 53 21 hvil-

94 378 41 20 ken
151 378 95 20 aktierna
262 377 58 21 skola
335 377 83 27 företes,
433 378 65 20 innan
515 378 26 20 de
556 378 98 27 utgifvas,
665 378 32 21 för
707 380 31 19 att
747 378 42 20 han
800 378 34 20 må
845 378 72 20 kunna

94 406 128 21 kontrollera
244 409 30 18 att
289 406 26 20 de
330 408 35 18 äro
381 406 113 27 behörigen
511 406 122 28 stämplade.

162 435 134 21 Beträffande
310 435 64 20 sedan
389 435 172 27 stämpelskatten
572 435 25 28 på
609 435 310 28 bouppteckningsinstrument

95 463 58 21 delar
167 465 35 26 jag
217 463 129 27 fullkomligt
367 463 25 21 de
408 463 83 27 åsikter,
511 464 72 21 hvilka
599 464 37 21 här
650 464 89 27 tidigare
755 463 62 22 hafva
832 463 85 22 uttalats

95 492 78 27 därom,
188 494 30 19 att
233 492 55 21 skatt
302 492 27 27 på
344 492 31 21 arf
390 494 23 19 är
428 499 26 14 en
469 493 86 26 mycket
564 493 87 26 lämplig
661 493 199 26 beskattningsform
879 493 38 20 och

95 523 30 18 att
139 521 70 20 därför
224 521 103 26 stämpeln
343 521 26 26 på
385 521 310 27 bouppteckningsinstrument
710 523 51 19 utan
772 521 69 27 någon
851 523 66 19 större

95 549 111 27 olägenhet
221 549 71 21 kunde
308 549 103 27 betydligt
426 549 63 27 höjas.
513 549 41 21 För
568 550 44 20 min
629 549 34 21 del
679 549 49 22 ville
742 550 36 27 jag
792 549 77 21 föreslå
888 551 30 19 att

95 578 26 21 de
137 580 66 19 satser
218 578 21 20 af
254 577 117 28 respektive
387 578 37 27 ?/,,
439 579 27 25 ”/,
482 578 32 21 till
531 579 10 20 1
558 579 33 26 %,
613 578 72 21 hvilka
700 578 87 21 föreslås
802 579 6 19 i
824 578 93 27 proposi-

94 607 78 24 tionen,
188 606 68 21 skulle
272 607 58 26 höjas
349 607 54 20 ifrån
420 607 35 20 det
470 607 83 26 nämda,
574 607 52 20 eller
641 607 63 26 något
720 609 64 18 annat
799 607 117 26 minimum,

94 635 32 20 till
141 635 12 20 2
169 635 52 21 eller
237 636 12 19 3
264 635 33 27 %,.
327 635 49 21 Men
391 635 35 27 jag
441 635 38 21 har
494 635 102 27 därjämte
612 637 78 19 tvänne
709 635 164 27 anmärkningar
887 638 31 18 att

95 665 50 26 göra
168 666 44 18 mot
234 663 41 21 den
298 663 76 27 nådiga
395 664 164 27 propositionen.
589 664 37 21 Uti
642 664 122 21 densamma
779 664 93 26 föreslås,
887 665 31 19 att

95 692 73 21 endast
189 692 315 27 bouppterkningsinstrument,
526 693 66 26 enligt
612 693 72 20 hvilka
699 693 149 26 behållningen
865 699 52 20 upp-

94 721 37 26 går
146 721 31 20 till
194 721 40 20 500
250 721 58 20 mark
324 721 52 20 eller
397 721 111 26 därunder,
524 721 69 21 skulle
609 728 49 13 vara
674 721 112 21 skattefria.
816 721 41 20 För
872 721 43 20 min

95 749 33 20 del
144 755 61 15 anser
219 749 36 27 jag
270 749 56 21 detta
342 749 75 28 belopp
434 750 49 20 böra
499 749 104 28 betydligt
624 750 59 27 höjas
699 762 27 3 —
744 749 126 21 åtminstone
885 749 32 21 till

95 778 60 26 2,000
170 778 60 20 mark
246 790 28 3 —
289 778 37 20 där
341 778 152 21 efterlefvande
508 778 51 21 barn
575 778 51 21 eller
642 779 62 20 maka
719 778 73 21 finnes.
817 778 47 21 Den
875 777 42 22 till-

94 806 61 27 gång,
170 813 44 14 som
230 806 114 21 förefinnes
359 807 7 20 i
381 807 122 26 fattigmans
518 807 27 20 bo
561 807 35 20 vid
611 807 52 20 hans
679 807 95 26 dödsfall,
785 809 22 18 är
818 809 29 18 ett
857 813 58 19 myc-

94 835 36 20 ket
145 835 108 27 olämpligt
267 835 144 27 skatteobjekt,
435 838 23 24 ty
473 835 70 21 denna
565 835 45 21 lilla
625 835 146 27 förmögenhet
791 835 53 21 skall
860 835 56 27 tjäna

95 863 151 21 efterlefvande
262 863 73 21 hustru
351 864 39 20 och
405 863 52 21 barn
473 863 32 21 till
521 863 60 22 deras
593 864 116 21 underhåll.
733 864 111 21 Beskattas
855 864 61 20 dessa

95 891 45 21 små
155 891 117 28 tillgångar,
287 892 23 20 så
324 892 59 21 leder
397 892 36 21 det
447 892 53 21 blott
521 892 86 27 därhän,
623 894 29 19 att
667 895 67 18 staten
754 893 51 20 eller
820 892 96 21 kommu-

95 927 40 14 nen
151 921 59 20 desto
226 921 87 26 tidigare
335 921 32 20 får
381 923 48 24 taga
444 921 56 20 hand
521 927 34 14 om
569 921 26 20 de
611 921 157 21 efterlefvande.
797 921 10 20 I
823 921 94 27 proposi-

94 949 71 20 tionen
181 949 39 20 har
233 949 75 21 införts
323 949 40 21 den
380 949 99 27 nyheten,
501 952 30 18 att
553 949 171 28 stämpelskatten
747 950 6 20 i
770 949 32 27 bo,
817 949 38 21 där
869 949 47 20 icke

95 977 151 22 efterlefvande
261 978 62 20 maka
339 978 51 21 eller
405 966 154 39 bröstarfvinge
573 978 74 27 finnes,
667 978 69 21 skulle
751 966 58 39 höjas
825 978 48 20 med
889 978 27 20 50

95 1006 33 26 9/,.
158 1005 46 22 Den
221 1006 87 27 princip,
327 1013 45 14 som
388 1007 67 27 ligger
470 1007 31 20 till
523 1007 68 32 grund
607 1002 39 25 för
654 1007 70 20 denna
739 1007 139 26 bestämning,
894 1008 23 18 är

95 1034 87 21 alldeles
204 1035 64 32 riktig
283 1035 38 20 och
343 1037 23 18 är
381 1035 88 21 allmänt
490 1035 69 20 införd
575 1035 8 20 i
599 1035 40 21 alla
662 1042 65 19 nyare
743 1035 176 26 arfsskattelagar,

95 1063 39 20 och
150 1069 61 15 anser
225 1063 35 27 jag
276 1063 122 21 densamma
414 1064 50 20 böra
476 1063 85 21 komma
572 1064 31 21 till
615 1057 149 28 vidsträcktare
776 1063 142 27 användning,

96 1093 27 19 än
137 1091 7 20 i
159 1092 158 27 propositionen
332 1092 93 21 föreslås.
472 1092 114 21 Åtminstone
602 1099 25 14 en
644 1092 109 33 gradation
769 1092 38 21 bör
822 1092 96 27 tilläggas

95 1120 89 21 sälunda
200 1123 35 24 att,
256 1121 38 20 där
308 1121 93 20 hvarken
419 1121 62 20 maka
497 1121 52 20 eller
572 1121 52 20 barn
640 1121 39 20 och
694 1121 18 26 ej
730 1121 65 20 häller
810 1120 108 26 föräldrar,

95 1148 40 21 far-
151 1148 52 21 eller
225 1137 148 33 morföräldrar
396 1149 52 21 eller
470 1149 80 27 syskon
572 1149 75 27 finnas,
662 1149 171 28 stämpelskatten
849 1148 70 21 skulle

95 1177 51 20 ökas
160 1177 32 20 till
208 1177 79 21 dubbla
302 1177 102 28 beloppet.

164 1233 32 21 Hr
211 1233 171 22 Söderlund:
413 1235 63 20 Utom
493 1235 27 20 de
535 1234 77 27 mänga
627 1235 147 27 päminnelser,
789 1241 46 14 som
851 1235 37 19 här
899 1234 21 20 af

95 1261 51 22 flere
161 1262 63 21 ärade
239 1262 65 21 talare
319 1263 86 21 uttalats
421 1265 44 19 mot
480 1263 57 21 detta
547 1263 79 27 förslag
636 1263 31 21 till
678 1263 123 27 förordning
811 1269 33 14 om
857 1264 62 19 stäm-

95 1290 158 28 pelbevillning,
268 1292 38 20 har
319 1292 36 27 jag
370 1292 41 20 fäst
426 1292 43 27 mig
488 1292 35 20 vid
542 1294 30 18 att
587 1280 171 39 stämpelskatten
772 1292 32 20 för
813 1292 107 26 lysnings-

95 1319 58 21 sedel
168 1319 53 21 ifrän
238 1322 30 18 att
290 1320 61 21 hafva
367 1320 54 21 varit
442 1320 55 20 ifrän
514 1321 83 20 1—200
613 1321 65 26 mark,
699 1320 69 21 blifvit
782 1320 62 21 sänkt
859 1320 31 20 till
907 1320 13 20 3

95 1348 59 20 mark
170 1348 32 20 för
217 1348 41 21 alla
273 1348 7 20 i
296 1355 81 21 gemen.
407 1349 11 20 I
433 1349 155 27 motiveringen
608 1349 26 27 pä
650 1349 36 20 sid.
710 1350 26 20 10
752 1349 83 20 anföres
851 1348 69 20 såsom

96 1376 44 21 skäl
156 1376 76 27 härför,
248 1379 29 19 att
293 1377 62 21 bland
371 1377 156 27 prästeständet
542 1378 77 26 klagan
634 1378 38 20 har
686 1378 101 26 försports
803 1377 59 21 öfver
874 1376 46 21 svä-

96 1405 94 26 righeten
207 1407 30 19 att
252 1405 65 27 enligt
332 1412 29 14 nu
383 1406 98 26 gällande
497 1406 158 27 bestämningar
678 1406 47 20 med
741 1406 40 20 full
796 1406 79 20 visshet
890 1405 30 20 af-

97 1435 49 25 göra
161 1433 32 21 till
208 1434 86 20 hvilken
310 1434 93 27 kategori
414 1440 111 21 personen,
535 1441 44 14 som
592 1436 61 19 ärnar
662 1434 50 27 ingä
723 1434 121 27 äktenskap,
855 1433 66 21 borde

97 1461 103 21 hänföras.
230 1462 50 20 Men
296 1462 66 27 enligt
385 1462 40 21 den
442 1469 27 14 nu
492 1463 98 27 gällande
606 1463 150 27 förordningen
772 1469 35 14 om
822 1462 99 27 stämpel-

97 1490 55 20 skatt
173 1490 64 21 borde
254 1490 34 21 det
304 1491 30 20 als
356 1491 46 21 icke
418 1498 50 13 vara
483 1491 65 27 något
568 1491 130 27 pärlstickeri
714 1493 30 19 att
758 1491 73 20 kunna
846 1490 75 21 utreda

97 1518 31 20 till
143 1518 86 21 hvilken
245 1519 93 27 kategori
361 1520 80 20 enhvar
460 1526 77 20 person
560 1520 38 20 bör
613 1520 103 20 hänföras.
745 1519 77 21 Medan
839 1518 35 22 det
889 1518 32 21 för
