1095 1717
852 114 41 21 485

325 120 177 22 Borgareståndet
515 121 58 17 1894.

599 121 22 17 16
633 125 62 12 mars.

164 202 118 26 Föredrogs
303 201 26 21 H.
353 201 25 21 K.
394 201 41 21 M:s
457 201 34 20 vid
513 203 84 19 senaste
613 200 87 28 plenum
716 200 115 27 bordlagda
846 200 78 27 nådiga

95 231 129 27 proposition
251 237 34 13 n:o
307 230 26 20 29
356 230 109 27 angående
488 229 107 21 arbetares
616 229 119 27 försäkring
757 229 32 20 för
813 228 110 27 olycksfall

95 260 7 20 i
117 260 86 20 arbetet.

164 316 33 21 Hr
227 316 134 21 Borenius
384 315 72 21 anhöll
478 322 34 14 om
537 315 60 21 ordet
619 315 39 21 och
680 314 93 27 yttrade:
796 314 41 27 Jag
861 314 64 27 vågar

96 346 66 20 uttala
186 345 40 21 den
248 344 141 27 förhoppning
408 346 30 18 att
460 344 174 26 borgareståndet
650 344 48 20 icke
720 343 54 21 skall
795 343 81 21 skänka
891 343 33 20 sin

95 374 129 21 medvärkan
248 373 32 21 till
303 372 126 28 antagandet
452 373 20 20 af
495 372 72 21 denna
587 372 130 27 proposition
740 372 39 20 och
795 372 35 20 det
845 373 79 25 system

96 403 41 20 den
153 402 121 26 företräder,
290 403 29 19 ett
334 403 77 25 system
428 408 45 14 som
489 401 70 21 under
574 401 51 21 sken
642 401 20 20 af
678 402 30 19 att
723 407 49 14 vara
785 400 139 21 välmenande

96 431 39 21 och
161 430 135 25 humanitärt,
321 430 54 21 dock
397 430 91 21 kränker
503 430 42 21 den
561 429 139 21 individuella
723 429 101 21 frihetens
846 428 79 28 grund-

96 460 106 27 principer
217 459 39 21 och
272 459 123 20 åsidosätter
410 459 35 20 det
460 459 102 20 modärna
577 458 157 27 näringslifvets
749 458 66 20 första
827 458 97 27 begrepp.

95 488 33 21 De
151 488 51 27 skäl,
223 494 45 14 som
291 487 41 21 tala
351 489 56 19 emot
422 487 119 21 införandet
557 487 21 20 af
593 493 26 15 en
636 487 136 26 obligatorisk
788 487 137 21 arbetareför-

96 517 92 27 säkring,
210 518 36 19 äro
267 516 61 21 altför
350 516 43 21 ofta
414 516 121 27 upprepade
559 516 39 20 och
614 516 32 19 för
662 515 87 21 allmänt
764 515 69 21 kända
848 515 33 21 för
896 517 30 18 att

97 545 64 28 något
183 545 113 27 väsentligt
315 547 46 24 nytt
384 544 109 27 därvidlag
509 551 50 14 vore
575 546 30 19 att
620 544 92 27 tillägga.
741 543 42 22 Det
797 544 43 20 kan
855 543 70 21 därför

97 575 18 26 ej
139 574 67 21 häller
228 573 50 21 falla
300 573 41 27 mig
361 573 22 20 in
399 575 30 18 att
444 573 38 20 här
498 575 92 25 upptaga
605 573 94 20 ståndets
715 572 30 21 tid
760 572 48 21 med
825 574 29 19 att
869 572 56 26 ånyo

97 603 109 27 uppräkna
228 602 113 26 desamma,
362 602 23 20 så
408 602 85 26 mycket
515 602 82 20 mindre
620 608 45 14 som
685 601 26 21 de
726 601 7 20 i
749 600 176 21 arbetareförsäk-

96 631 165 27 ringskomiténs
279 631 138 26 betänkande,
432 630 65 21 femte
513 630 68 27 delen,
597 630 80 21 hvilket
692 630 62 20 äfven
771 629 28 21 till
813 629 113 21 ständerna

98 660 70 20 blifvit
192 659 100 26 utdeladt,
315 659 68 20 finnas
403 659 27 27 på
452 661 35 24 ett,
506 659 70 20 såsom
592 659 35 20 det
645 665 64 20 synes
724 659 50 26 mig,
788 658 138 27 synnerligen

97 688 152 27 öfvertygande
273 690 40 18 sätt
333 687 168 21 sammanstälda.
532 687 41 27 Jag
594 688 36 20 ber
645 687 75 21 endast
735 689 30 18 att
779 687 22 20 få
815 686 111 21 framhålla

97 719 30 18 att
149 717 118 27 problemet
290 717 23 26 ju
335 717 53 20 dock
411 718 23 19 är
452 716 154 27 jämförelsevis
621 716 23 20 så
659 718 53 24 nytt,
728 715 25 21 de
769 715 158 21 konsekvenser

97 745 36 21 det
151 745 32 21 för
202 752 26 14 en
253 745 90 26 aflägsen
360 745 85 20 framtid
461 745 83 20 medför
559 745 22 20 så
597 744 166 27 oöfverskådliga
781 744 39 20 och
835 743 90 21 oberäk-

97 774 70 27 neliga
184 776 30 19 att
230 774 40 26 det,
286 780 33 14 om
335 780 48 14 man
399 773 64 21 också
477 773 48 21 icke
541 773 36 20 vill
593 773 38 21 stäl

98 803 78 20 toriska
199 802 156 27 försäkringens
377 802 133 27 principiella
532 802 98 21 motstånd

641 780 12 13 a
668 773 32 27 sig
716 773 63 20 bland
795 773 41 20 den
847 772 79 27 obliga-

640 808 42 20 are,
702 801 54 21 dock
772 807 49 14 vore
837 801 44 20 skäl
897 803 30 18 att

97 831 7 20 i
121 831 73 27 hvarje
210 831 100 20 händelse
326 831 31 20 till
373 837 25 14 en
417 831 72 26 början
505 830 85 21 afvakta
605 831 147 20 erfarenheten
769 830 38 20 och
818 829 109 21 resultatet

99 860 20 20 af
135 860 155 27 experimentet
304 859 7 20 i
326 859 25 20 de
367 859 79 27 länder,
462 859 38 20 där
515 861 117 24 systement

98 888 116 27 trängande
240 888 43 20 skäl
305 888 32 20 för
352 894 34 14 oss
401 889 31 19 att
446 888 139 27 ovilkorligen
603 888 23 20 så

98 917 74 26 början
194 916 114 21 förefinnes
330 917 23 26 ju
373 917 53 20 icke.
456 916 41 21 Det
513 916 41 21 kan
571 923 50 14 vara

642 859 65 20 redan
718 861 23 18 är
751 858 84 21 infördt.
857 858 71 27 Något

640 889 30 19 att
685 889 51 25 säga
750 894 51 13 vara
816 886 48 21 med
880 886 47 21 från

636 916 37 21 bra
688 922 43 21 nog
745 916 7 20 i
768 915 115 21 allmänhet
898 917 31 18 att

98 945 26 27 gå
147 945 7 20 i
177 947 91 25 spetsen,
290 951 49 14 men
362 947 80 25 vägens
464 945 95 26 riktning
578 945 38 20 bör

632 945 21 20 ju
668 945 63 20 äfven
746 951 51 14 vara
812 944 116 27 någonting

98 980 46 14 som
168 973 34 20 vid
224 973 86 27 frågans
332 973 114 28 afgörande
470 977 59 24 tages
552 973 48 21 med
623 973 6 20 i
645 973 150 27 beräkningen.
827 972 44 21 Och
887 972 40 21 den

98 1009 46 14 som
166 1004 24 18 är
208 1003 42 20 den
268 1002 64 21 första
348 1004 29 19 att
392 1002 50 27 ingå
456 1003 8 19 i
479 1009 26 14 en
522 1002 186 27 återvändsgränd,
720 1004 28 24 är,
764 1001 68 21 såsom
848 1001 79 20 försäk-

98 1031 183 27 ringsinpektören
304 1031 6 20 i
333 1031 36 20 sitt
392 1031 107 20 utlåtande
523 1031 60 20 öfver
598 1030 330 27 arbetareförsäkringskomiténs

98 1059 79 27 förslag
199 1060 85 26 mycket
306 1059 72 27 riktigt
399 1059 118 25 anmärker,
533 1059 63 20 äfven
611 1059 40 20 den
667 1059 51 20 sista
733 1065 45 14 som
795 1059 96 20 kommer
906 1060 22 18 ut

99 1088 98 20 därifrån.
227 1089 38 19 Att
285 1095 48 13 man
349 1088 8 20 i
376 1088 46 20 vårt
436 1088 118 27 grannland
571 1087 91 26 Sverige,
679 1087 37 20 där
730 1088 23 26 ju
769 1087 160 21 förhållandena

97 1117 8 20 i
129 1116 115 21 allmänhet
264 1116 87 27 erbjuda
374 1116 23 21 så
418 1117 78 26 många
511 1116 213 27 jämförelsepunkter
739 1116 48 21 med
803 1115 50 21 våra
869 1121 59 21 egna,

99 1145 27 20 då
141 1147 29 18 ett
186 1145 114 27 lagförslag
314 1145 7 20 i
337 1151 80 14 samma
433 1145 54 26 syfte
504 1151 46 14 som
567 1145 34 20 det
617 1151 28 14 nu
661 1144 145 27 föreliggande
822 1144 31 21 för
864 1144 65 27 några

99 1173 23 20 år
137 1173 65 21 sedan
217 1173 104 21 förelades
337 1174 120 27 riksdagen,
473 1173 51 21 fann
542 1173 116 21 detsamma
673 1180 51 13 vara
736 1173 21 20 af
769 1172 160 21 förhållandena

99 1201 23 21 så
136 1201 46 21 litet
197 1202 106 27 påkalladt
318 1204 29 19 att
363 1202 35 21 det
413 1204 50 19 utan
480 1202 72 21 vidare
569 1202 101 26 enhälligt
684 1202 84 27 afslogs,
787 1203 23 18 är
825 1201 104 20 måhända

99 1236 26 15 en
155 1231 161 26 omständighet,
343 1237 44 14 som
415 1231 7 20 i
449 1231 57 20 detta
535 1231 154 26 sammanhang
714 1230 102 27 förtjänar
840 1229 90 21 anföras.

100 1259 264 20 Arbetareförhållandena
382 1259 38 20 hos
436 1265 34 14 oss
485 1261 36 18 äro
537 1259 23 27 ju
576 1259 199 27 öfverhufvudtaget
790 1258 47 21 icke
853 1258 20 20 af
889 1257 40 21 den

100 1289 62 19 natur
185 1290 30 18 att
237 1287 26 21 de
286 1287 68 21 skulle
375 1287 83 27 påkalla
478 1287 66 27 några
567 1287 23 21 så
605 1289 95 19 extrema
716 1287 97 27 åtgärder
827 1294 45 13 som
889 1286 40 21 den

100 1316 150 27 obligatoriska
274 1316 281 27 olycksfallsförsäkringens
578 1316 116 20 införande.
727 1316 75 26 Någon
826 1315 105 21 arbetare-

99 1344 60 27 fråga
182 1345 7 19 i
212 1345 93 27 egentlig
320 1345 87 27 mening
422 1344 69 21 finnes
506 1345 24 27 ju
545 1345 47 20 icke
608 1345 37 20 hos
661 1351 40 20 oss,
716 1344 124 27 jordmånen
856 1344 33 20 för
904 1350 26 14 en

100 1373 65 21 sådan
188 1375 23 18 är
234 1374 38 19 här
293 1373 46 21 icke
354 1373 94 27 lämplig,
464 1373 25 21 de
505 1373 107 27 naturliga
627 1373 155 27 betingelserna
798 1372 71 21 därför
884 1372 47 20 sak-

100 1408 39 14 nas
160 1402 39 20 hos
223 1408 34 14 oss
279 1402 44 20 helt
346 1402 39 20 och
406 1402 70 20 hållet.
507 1401 42 21 Det
564 1404 23 18 är
602 1402 74 20 endast
691 1401 27 27 på
733 1401 95 21 artificiel
843 1402 46 25 väg,
905 1400 26 27 på

100 1430 184 20 teoretiserandets
306 1432 40 25 väg
368 1436 50 14 man
443 1430 81 20 försökt
547 1432 29 18 att
599 1430 62 20 äfven
676 1430 38 20 hos
730 1436 34 14 oss
779 1429 152 27 frambesvärja

101 1458 70 21 denna
194 1458 58 27 fråga
275 1459 38 20 och
329 1458 48 21 dess
401 1458 166 27 konsekvenser,
582 1459 39 20 och
636 1465 50 14 man
701 1458 41 20 kan
757 1458 47 21 icke
820 1457 111 21 underlåta

101 1489 29 18 att
153 1486 59 28 fråga
235 1487 37 27 sig,
296 1487 20 20 af
335 1487 72 20 hvilka
422 1487 66 20 motiv
505 1487 26 20 de
546 1486 65 26 ledas,
626 1487 71 20 hvilka
713 1486 49 21 stält
777 1487 32 26 sig
824 1486 7 20 i
847 1488 84 25 spetsen

100 1515 33 20 för
156 1515 56 21 detta
235 1515 125 21 sträfvande.
391 1515 63 21 Hvad
477 1522 46 14 som
542 1515 130 21 beträffande
688 1514 243 27 arbetareförsäkringen
