1095 1717
204 121 40 21 322
403 126 182 22 Borgareståndet
597 127 58 17 1894.
680 127 27 17 20
720 126 50 18 febr.

174 208 121 20 hänseende
310 207 69 21 skulle
394 214 50 14 vara
459 208 22 20 af
496 208 99 20 behofvet
611 207 117 27 påkallade.
752 208 44 20 Och
812 208 35 21 det
858 208 85 21 oaktadt
953 208 47 21 dra-

174 242 37 22 ger
225 236 27 21 hr
266 236 76 21 Heikel
364 236 47 21 icke
427 236 7 20 i
449 236 135 21 betänkande
605 237 29 19 att
648 236 78 21 föreslå
742 236 26 21 de
783 238 54 19 mest
853 236 147 28 vidtåtgående

174 265 147 27 förändringar
343 264 6 21 i
365 264 99 22 valsättet
482 265 3 20 i
508 264 80 21 bonde-
604 264 39 21 och
664 264 184 28 borgareständen.
877 265 48 21 Han
941 265 38 27 går
993 266 7 20 i

174 294 100 20 afseende
289 294 12 20 ä
315 293 97 21 valsättet
428 294 8 20 i
452 293 155 21 bondeständet
626 295 59 19 ännu
700 293 74 27 längre
789 296 27 18 än
832 294 167 27 petitionärerna.

174 322 49 21 Han
238 328 63 15 anser
315 324 30 19 att
360 322 56 21 valet
431 328 78 20 genom
525 322 105 20 elektorer
644 322 47 20 icke
706 322 135 27 sammangär
851 323 47 21 med
910 323 90 21 fordrin-

174 358 65 20 garna
255 351 6 20 i
278 351 129 21 närvarande
430 350 36 26 tid,
489 352 30 19 att
539 350 62 21 dessa
624 350 34 21 val
674 350 71 21 därför
764 350 65 22 borde
844 351 108 21 förändras
967 351 32 21 till

174 380 81 20 direkta
272 379 38 21 val.
330 379 64 21 Detta
408 381 24 19 är
447 379 124 27 visserligen
588 379 130 27 fullkomligt
732 379 64 27 fallet,
812 380 39 20 och
865 380 36 27 jag
916 382 22 19 är
948 386 50 14 ense

173 408 49 21 med
238 408 78 21 honom
322 404 12 36 i
353 408 87 27 princip,
471 408 50 20 Men
537 408 62 20 dessa
614 408 110 27 yrkanden
740 408 69 21 skulle
823 409 24 26 ju
862 408 48 22 leda
925 408 31 21 till
972 415 25 15 en

172 437 24 21 sä
208 437 127 27 vidtgäende
357 437 124 26 förändring
496 437 21 20 af
541 437 97 20 valsättet
652 437 58 20 inom
730 437 77 20 nämda
822 437 67 27 stånd,
905 440 30 19 att
949 444 48 15 man

172 468 58 25 trygt
245 465 42 21 kan
302 465 57 28 påstå
375 468 30 19 att
426 466 38 20 här
478 467 24 19 är
522 465 59 27 fråga
597 472 34 14 om
653 471 26 15 en
695 465 68 21 likaså
778 468 43 18 stor
835 466 163 27 omgestaltning

172 495 21 20 af
208 494 159 21 förhällandena
383 501 45 14 som
444 494 6 20 i
465 494 101 21 händelse
583 501 48 13 man
647 494 69 21 skulle
731 494 53 27 yrka
799 494 26 27 pä
841 495 25 28 de
883 495 114 20 nödvändi-

171 525 59 25 gaste
245 523 175 26 förändringarna
435 523 6 20 i
458 523 97 20 valsättet
574 523 58 20 inom
647 523 158 27 prästeståndet.
835 523 70 21 Äfven
922 523 75 21 beträf-

171 551 63 21 fande
254 551 172 27 borgareständet
449 553 23 19 är
487 552 24 20 hr
533 551 78 21 Heikel
627 551 69 28 färdig
718 553 30 19 att
763 551 26 28 gä
812 552 21 20 in
849 552 26 27 pä
891 552 106 27 betydliga

172 580 119 27 ändringar.
320 581 47 20 Han
384 580 97 21 framhöll
503 580 123 27 visserligen
642 582 30 19 att
695 580 26 21 de
736 581 116 26 yrkanden,
875 587 45 14 som
936 583 61 25 göras

171 609 21 20 af
206 609 170 27 petitionärerna,
399 609 46 20 icke
461 609 73 20 kunna
549 609 6 20 i
571 609 42 20 allo
630 609 88 24 bifallas,
741 615 49 14 men
805 609 41 21 han
862 609 73 21 tvekar
949 610 47 21 icke

170 639 30 20 att
216 637 66 21 uttala
304 637 39 21 den
359 637 89 26 äsikten,
471 640 30 19 att
523 644 49 14 man
595 644 43 20 nog
652 637 41 21 kan
716 637 26 28 gä
757 638 21 19 in
794 637 27 28 pä
835 638 62 21 äfven
913 644 26 15 en
954 638 42 21 för-

171 666 123 27 minskning
316 667 21 20 af
351 666 168 27 röstmaximum,
543 666 54 21 blott
612 673 48 13 man
682 666 72 21 ställer
773 666 73 21 skalan
862 667 95 26 därefter,
972 667 24 20 sä

171 697 30 18 att
216 695 41 20 den
274 695 95 27 politiska
389 695 163 27 tyngdpunkten
568 695 41 20 blir
624 695 64 26 nägot
702 695 22 20 sä
741 697 39 18 när
794 695 131 20 oförändrad.
954 695 42 28 Jag

171 723 40 21 kan
228 723 48 21 icke
290 723 58 21 finna
367 723 55 20 huru
438 730 48 14 man
503 723 41 20 kan
565 729 51 15 anse
632 723 58 21 tiden
706 723 87 27 lämplig
807 724 32 20 för
855 723 22 21 sä
893 724 43 20 vidt
951 730 43 14 om-

171 752 96 21 fattande
282 752 146 27 förändringar
442 752 6 20 i
465 752 98 26 borgare-
579 752 39 21 och
631 751 172 22 bondeständens
814 752 80 27 valsätt,
905 752 26 21 dä
946 759 47 14 man

172 787 62 14 anser
257 781 57 20 tiden
337 781 46 20 icke
399 787 49 14 vara
464 781 68 26 egnad
557 787 37 14 ens
609 781 33 20 för
661 782 29 19 ett
706 780 125 21 vidrörande
853 781 22 20 af
889 781 26 20 de
930 781 65 21 andra

171 809 102 21 ständens
290 809 122 27 rättigheter
428 809 39 20 och
483 809 97 21 valsättet
601 809 58 20 inom
675 809 158 27 prästeständet.
863 809 50 20 Man
929 809 65 21 mäste

172 837 54 21 dock
242 838 90 20 betänka
347 840 30 18 att
392 840 197 25 representanterna
604 838 56 20 inom
677 838 57 20 detta
750 837 60 22 ständ
824 838 95 21 tillsättas
935 838 21 20 af
965 841 29 18 ett

171 867 61 26 högst
248 866 117 27 obetydligt
379 866 58 21 antal
452 866 84 21 valmän
552 867 57 20 inom
625 866 77 27 landet,
718 866 40 21 och
779 866 56 21 detta
851 866 84 21 oaktadt
956 867 38 20 har

170 895 155 27 prästeständet
342 895 53 20 dock
411 895 43 20 lika
469 897 44 19 stor
528 895 127 27 befogenhet
670 901 45 14 som
732 895 41 20 alla
787 895 66 20 andra
876 895 66 27 ständ,
960 895 36 21 det

170 923 124 28 disponerar
309 930 34 14 om
358 929 25 15 en
401 923 21 21 af
437 923 25 21 de
477 924 47 27 fyra
540 925 73 25 röster,
628 930 44 14 som
689 923 31 21 stä
731 923 31 20 till
774 923 123 21 ständernas
907 923 89 28 disposi-

170 952 44 21 tion
230 952 37 20 vid
282 952 123 27 afgörandet
426 952 21 21 af
462 953 26 20 de
504 952 35 20 vid
560 952 128 26 landtdagen
704 952 173 21 förekommande
892 952 103 27 frägorna.

170 980 42 27 Jag
234 987 64 14 anser
316 980 70 21 därför
401 981 40 20 och
456 981 125 26 isynnerhet
595 981 27 26 pä
638 981 40 20 den
694 980 77 27 grund,
787 983 29 18 att
829 981 24 20 hr
862 980 77 21 Heikel
949 981 46 20 icke

169 1011 71 25 sparat
255 1009 27 27 pä
296 1009 67 20 loford
379 1009 59 21 öfver
453 1009 37 21 vär
506 1009 95 28 urgamla
617 1009 239 27 ständsrepresentation
872 1009 39 20 och
922 1009 72 20 därvid

169 1037 117 21 framhållit
300 1037 41 21 alla
356 1037 27 21 de
398 1038 122 27 förtjänster
543 1037 41 21 den
600 1038 37 20 hos
653 1044 34 14 oss
702 1038 64 20 äfven
781 1037 68 21 under
864 1038 131 21 närvarande

169 1066 146 21 förhällanden
331 1073 54 20 eger,
409 1068 30 19 att
454 1066 162 21 konsekvensen
639 1066 21 21 af
675 1066 33 28 alt
727 1066 54 21 hvad
797 1066 25 21 hr
839 1066 77 21 Heikel
931 1068 65 25 yttrat

170 1095 46 20 bort
231 1101 51 14 vara
297 1095 46 26 den,
359 1097 30 18 att
403 1095 42 20 han
461 1095 82 21 förenat
558 1095 32 26 sig
605 1101 35 14 om
656 1095 24 20 hr
695 1095 94 20 Öhmans
803 1094 84 27 förslag.
903 1094 33 21 Då
946 1101 48 14 man

168 1123 47 21 icke
230 1129 64 14 anser
308 1125 55 19 stora
378 1123 149 27 förändringar
541 1123 73 21 kunna
629 1123 141 27 genomföras,
785 1123 26 20 dä
827 1129 49 14 man
891 1129 62 14 anser
966 1125 30 19 att

168 1151 42 21 den
227 1151 130 21 närvarande
372 1152 195 27 representationen
583 1152 102 27 fungerar
700 1151 40 21 och
761 1151 78 28 fullgör
853 1152 32 20 sin
901 1151 94 28 skyldig-

169 1180 35 21 het
220 1180 129 27 fullkomligt
372 1180 31 21 till
419 1180 83 21 landets
525 1180 64 27 bästa,
605 1180 27 21 dä
655 1187 65 20 synes
736 1180 36 21 det
793 1180 43 27 mig
851 1187 50 14 vara
920 1180 76 27 tydligt

169 1209 39 20 och
224 1209 56 20 klart
295 1211 29 18 att
339 1215 48 14 man
400 1209 48 20 icke
463 1209 38 20 bör
516 1209 67 20 önska
597 1209 124 26 förändring
736 1208 22 21 af
772 1209 131 20 närvarande
919 1209 76 21 förhäl-

170 1237 79 20 landen
273 1237 38 20 och
333 1237 70 21 därför
426 1237 62 21 äfven
512 1237 37 21 bör
564 1239 63 25 vägra
642 1237 161 28 ifrägavarande
819 1237 86 27 petition
922 1238 74 20 remiss

170 1265 30 21 till
218 1265 86 21 utskott.
326 1265 41 21 Det
383 1268 23 18 är
421 1266 54 21 dock
487 1266 47 21 icke
549 1272 30 14 nu
593 1265 59 28 fräga
667 1272 34 14 om
718 1265 53 21 blott
786 1265 54 20 huru
856 1265 140 22 förhällandet

170 1294 102 27 gestaltar
286 1295 31 27 sig
331 1294 46 21 ifall
392 1301 50 14 man
458 1294 107 22 betraktar
580 1294 232 28 petitionsmemorialet
827 1301 26 13 ur
867 1297 47 18 rent
929 1296 67 19 teore-

170 1322 41 21 tisk
227 1323 114 27 synpunkt.
363 1322 51 22 Man
430 1323 42 21 kan
486 1324 23 25 ju
525 1330 50 14 vara
590 1323 101 27 anslagen
708 1323 21 20 af
744 1322 101 27 ätskilligt
860 1323 7 20 i
883 1322 57 22 detta
951 1330 45 14 me-

170 1351 82 27 morial,
268 1358 34 14 om
317 1358 48 14 man
382 1352 67 20 håller
471 1352 32 27 sig
519 1352 74 20 endast
608 1352 75 20 härtill.
714 1351 50 21 Men
779 1358 29 14 nu
823 1351 67 27 gäller
905 1351 35 21 det
954 1352 42 20 frä-

170 1386 41 20 gan
228 1380 105 20 huruvida
348 1380 68 21 under
432 1380 131 21 närvarande
578 1380 146 21 förhällanden
742 1380 26 20 de
781 1379 120 27 föreslagna
911 1379 84 21 ändrin-

170 1414 66 21 garna
258 1410 36 19 äro
310 1408 106 28 antagliga
438 1408 52 21 eller
504 1409 53 21 icke.
587 1408 41 27 Jag
643 1408 37 20 vill
702 1408 28 20 dä
745 1408 74 21 främst
840 1408 110 20 framhälla
966 1411 30 18 att

169 1436 74 28 frägan
268 1436 65 28 gäller
347 1439 30 19 ett
399 1437 99 21 störande
513 1438 22 20 af
555 1437 42 21 den
611 1437 90 27 jämvikt
722 1437 57 20 inom
795 1437 200 27 representationen,

168 1471 46 15 som
230 1465 71 21 funnit
315 1467 29 19 ett
359 1466 86 26 uttryck
460 1466 7 20 i
482 1466 35 20 det
534 1466 68 20 kända
617 1465 150 21 förhållandet:
784 1464 35 22 två
834 1465 61 21 stånd
906 1467 44 19 mot
960 1465 35 21 två

168 1494 7 19 i
190 1493 72 27 frägor
284 1494 20 20 af
319 1496 75 18 största
417 1494 109 27 betydelse
542 1494 32 20 för
596 1494 46 20 värt
657 1494 56 20 land.
744 1493 39 21 Om
799 1494 36 26 jag
850 1494 104 26 uppfattat
968 1494 26 21 de

169 1522 63 20 ärade
247 1522 69 21 finska
331 1522 85 22 talande
430 1525 208 25 representanternas
654 1522 113 27 yttranden
783 1522 7 20 i
805 1524 30 19 ett
850 1522 55 27 syfte
921 1522 74 21 ätmin-
