1095 1717
325 126 179 21 Borgareståndet
517 127 58 17 1894.
599 127 12 17 5
623 130 61 13 mars.
846 120 41 21 413

93 214 45 14 som
153 208 73 20 kunna
241 207 86 27 bidraga
343 206 31 21 till
390 208 30 20 att
438 207 101 21 förbättra
555 207 54 21 dem.
638 206 37 21 Ett
690 206 129 28 stipendium
835 206 32 21 för
882 212 35 20 pe-

93 236 97 27 dagoger,
206 242 45 14 som
267 235 68 21 skulle
351 237 54 19 sätta
421 236 48 20 dem
475 230 12 37 i
507 236 82 20 tillfälle
601 237 29 19 att
640 236 7 19 i
658 235 98 21 utlandet
766 235 95 20 bedrifva
871 234 46 20 icke

93 264 53 21 blott
160 264 142 28 pedagogiska
324 266 50 18 utan
397 264 64 20 äfven
483 264 159 27 vetenskapliga
665 264 86 26 studier,
774 266 23 18 är
812 263 69 21 därför
896 263 21 20 af

93 293 99 21 behofvet
207 292 111 28 påkalladt.
348 292 32 21 De
396 299 30 14 nu
442 292 128 28 förefintliga
582 292 144 28 stipendierna
741 292 44 21 afse
801 292 40 20 den
854 292 63 26 peda-

93 322 87 27 gogiska
195 321 152 27 utbildningen.
377 320 34 22 Då
426 321 36 21 det
482 328 30 14 nu
527 322 136 26 petitioneras
684 328 34 14 om
734 323 29 19 ett
778 322 47 26 nytt
839 320 78 27 stipen-

93 350 65 28 dium,
174 356 64 21 synes
253 350 44 27 mig
312 350 63 20 ofvan
391 350 88 20 anförda
502 350 156 26 omständighet
672 350 52 20 böra
739 352 59 24 tagas
813 350 7 19 i
835 348 82 22 betrak-

92 379 69 27 tande,
183 379 24 20 så
222 380 29 20 att
272 379 7 19 i
295 378 114 26 petitionen
432 378 122 21 framhålles
578 380 30 19 att
631 378 137 21 understödet
784 378 37 20 bör
835 378 82 20 utdelas

93 408 62 21 äfven
170 408 34 20 för
219 407 157 27 vetenskapliga
398 407 86 21 studier.
514 407 71 21 Jämte
601 407 35 21 det
658 408 36 26 jag
713 406 138 21 understöder
865 406 52 27 peti-

93 437 72 20 tionen
181 437 39 20 och
236 436 97 21 särskildt
353 436 105 27 yrkandet
472 436 27 27 på
518 436 60 21 sidan
595 437 12 20 5
624 437 6 20 i
645 435 144 22 betänkandet
811 437 30 19 att
855 435 62 21 äfven

93 465 254 20 fruntimmersskolornas
381 467 54 18 samt
464 465 179 27 privatskolornas
672 464 166 27 lärarepersonal
868 464 49 20 böra

93 494 85 20 komma
193 494 7 19 i
216 493 123 27 åtnjutande
354 493 21 20 af
391 493 148 27 stipenpierna,
555 493 38 21 ber
607 494 35 27 jag
658 496 30 18 att
703 493 22 20 få
739 493 77 20 föreslå
831 494 30 19 att
870 493 47 20 bor-

93 522 134 27 gareståndet
241 522 65 21 måtte
321 522 72 20 förena
409 523 32 26 sig
456 529 35 13 om
503 523 116 26 petitionen
632 522 48 21 med
694 522 36 21 det
742 521 72 27 tillägg
825 522 35 27 jag
873 527 42 15 om-

94 553 64 24 nämt,
174 551 22 20 så
212 552 29 19 att
255 551 65 20 första
335 551 108 20 klämmen
458 551 85 20 komme
559 553 30 18 att
605 551 58 26 lyda:
684 553 29 18 att
728 551 67 20 lärare
811 551 38 20 och
864 550 53 20 lära-

93 579 73 21 rinnor
182 579 34 20 vid
232 581 78 19 statens
333 579 212 21 elementarlärovärk
561 580 39 20 och
623 579 216 21 fruntimmersskolor
854 578 63 21 måtte

94 608 88 21 beredas
198 608 63 21 ökadt
276 608 81 21 tillfälle
373 609 29 19 att
425 608 47 21 med
489 608 169 21 statsunderstöd
679 607 95 22 bedrifva
789 607 126 27 vetenskap-

94 637 45 26 liga
154 636 52 21 eller
220 637 141 27 pedagogiska
377 637 80 20 studier
471 637 7 20 i
494 637 102 20 utlandet.

163 710 33 21 Hr
218 710 121 21 Kurtén:
369 710 34 21 Då
426 711 106 20 allmänna
554 711 189 20 besvärsutskottet
765 711 38 20 har
821 710 98 27 framlagt

94 739 54 27 goda
164 739 45 20 skäl
224 739 32 21 för
272 741 29 19 att
323 740 56 27 gifva
393 739 116 27 petitionen
533 746 24 14 en
574 739 130 21 allmännare
726 739 53 20 form
795 741 25 18 än
837 739 81 26 petitio-

95 770 91 19 närerna
201 768 161 27 ursprungligen
379 768 62 20 hafva
458 767 82 28 äsyftat,
555 768 24 20 sä
593 768 69 21 finner
676 768 36 27 jag
728 768 34 20 det
772 774 49 14 vara
832 767 45 20 skäl
889 769 30 18 att

95 797 26 26 gä
136 799 56 18 ännu
208 796 72 27 längre
296 803 75 20 genom
387 798 31 19 att
432 796 42 21 läta
487 797 39 20 den
539 797 66 20 andra
615 797 107 20 klämmen
733 796 46 21 icke
790 796 52 21 blott
854 795 65 21 uttala

95 825 81 20 önskan
192 825 71 20 därom
276 832 11 13 att
316 825 65 21 lärare
393 825 39 20 och
443 825 118 21 lärarinnor
572 825 34 20 vid
618 825 21 21 af
649 827 69 19 staten
728 824 190 21 subventionerade

95 853 164 28 privatlärovärk
275 854 63 20 mätte
354 853 79 22 erhälla
448 854 175 26 statsunderstöd,
639 856 50 19 utan
706 856 30 18 att
747 854 7 19 i
764 853 115 21 allmänhet
889 853 30 20 lä-

96 889 45 14 rare
158 883 39 20 och
212 882 117 21 lärarinnor
344 883 34 20 vid
394 883 81 26 privata
497 883 97 20 lärovärk
609 883 71 20 kunde
696 882 79 21 erhälla
790 881 129 21 statsunder-

96 912 47 19 stöd
158 911 33 20 för
206 911 164 27 ofvanuppgifna
385 911 104 20 ändamäl.
519 911 42 21 Det
576 911 68 21 finnes
660 911 81 27 privata
756 910 101 26 lärovärk,
873 916 45 14 som

95 939 53 27 fylla
163 939 87 21 alldeles
264 939 108 22 bestämda
388 939 69 27 behof,
473 946 45 14 som
535 940 62 20 hafva
612 939 108 21 faststälda
736 939 123 27 läseplaner,
869 945 49 14 men

96 968 71 20 hvilka
190 968 20 20 af
226 975 26 14 en
275 968 51 21 eller
341 975 70 14 annan
435 969 61 20 orsak
512 970 58 19 ännu
590 969 46 20 icke
652 968 63 21 hafva
736 968 88 20 kommit
840 967 79 20 därhän

96 999 29 18 att
141 997 25 20 de
182 997 82 20 erhällit
280 997 172 20 statsunderstöd.
482 997 93 27 Mängen
591 997 55 27 gäng
662 997 80 20 känner
757 1003 50 14 man
822 996 46 20 icke
881 1002 38 14 ens

95 1025 89 21 orsaken
200 1025 74 21 härtill.
304 1025 123 21 Emellertid
444 1026 105 20 dimittera
572 1026 61 20 dessa
648 1025 71 21 skolor
740 1025 70 21 elever
825 1025 31 20 till
872 1025 46 20 uni-

96 1054 112 25 versitetet,
224 1055 39 20 och
278 1054 68 21 finnas
369 1054 34 20 vid
420 1054 48 21 dem
491 1054 80 21 fästade
588 1054 85 27 mycket
687 1054 142 21 framstående
845 1053 72 27 lärare,

95 1082 71 21 hvilka
189 1083 43 20 ofta
247 1083 7 20 i
269 1083 112 20 framtiden
404 1083 85 20 komma
505 1084 30 19 att
557 1083 86 27 öfvergå
659 1083 31 20 till
706 1082 157 26 statsskolorna,
879 1082 39 20 och

95 1111 36 20 det
146 1111 85 20 oaktadt
253 1111 68 20 skulle
336 1111 102 27 lärarene,
461 1111 23 21 så
498 1111 63 28 länge
585 1111 59 21 dessa
664 1111 82 27 privata
760 1111 96 20 lärovärk
872 1110 45 21 icke

95 1139 62 21 hafva
172 1140 173 26 statsunderstöd,
361 1140 46 20 icke
423 1140 72 20 kunna
510 1140 86 21 komma
611 1140 7 20 i
633 1140 59 27 fråga
712 1139 35 21 vid
763 1139 155 27 bortgifvandet

95 1167 21 21 af
131 1168 115 27 stipendier
260 1169 33 20 för
308 1168 137 28 pedagogiskt
461 1169 103 20 ändamål.
595 1168 41 27 Jag
651 1168 69 21 skulle
736 1168 69 21 därför
821 1168 25 20 be
857 1169 30 19 att
897 1167 21 20 få

94 1196 76 21 föreslå
193 1198 29 19 att
238 1197 35 20 det
294 1197 8 20 i
317 1197 40 21 den
380 1203 74 14 senare
476 1197 109 21 klämmen
608 1197 74 27 gjorda
704 1197 130 26 undantaget
849 1196 68 21 skulle

94 1225 81 20 lämnas
190 1225 48 21 bort
260 1226 39 20 och
314 1227 29 19 att
359 1225 40 21 den
416 1225 82 21 således
513 1226 85 20 komme
614 1228 30 18 att
658 1225 59 28 lyda:
735 1227 29 19 att
774 1225 81 21 tillfälle
865 1225 52 26 jäm-

94 1253 32 20 väl
143 1253 64 21 måtte
230 1254 87 21 beredas
340 1254 66 21 lärare
430 1255 38 20 och
489 1255 120 20 lärarinnor
631 1254 34 21 vid
681 1255 81 26 privata
776 1253 97 21 lärovärk
889 1255 29 18 att

94 1281 78 22 erhålla
188 1283 167 21 statsunderstöd
371 1283 32 21 för
426 1283 168 27 ofvanuppgifna
609 1283 103 21 ändamål.
742 1283 41 27 Jag
800 1283 36 20 ber
851 1281 67 22 tillika

94 1313 29 18 att
138 1310 21 21 få
173 1310 74 22 förena
262 1312 44 27 mig
320 1312 48 20 med
384 1312 24 20 hr
423 1312 116 20 Lönnbeck
555 1318 34 14 om
605 1314 30 18 att
650 1312 120 20 ändamålet
780 1311 49 21 med
840 1311 78 27 stipen-

94 1340 72 20 dierna
182 1340 38 20 bör
235 1347 50 13 vara
307 1340 136 27 allmännare,
460 1340 17 20 d.
494 1348 19 12 v.
529 1347 16 14 s.
561 1340 103 27 befrämja
687 1340 58 21 såväl
761 1339 157 27 vetenskapliga

93 1374 45 14 som
154 1368 141 28 pedagogiska
311 1369 79 20 studier
405 1369 6 19 i
428 1369 101 21 utlandet.

160 1436 33 21 Hr
207 1436 116 22 Heikel:
354 1436 33 22 Då
401 1437 36 27 jag
452 1437 7 20 i
475 1437 41 21 allo
533 1439 23 19 är
571 1444 50 14 ense
637 1437 49 21 med
699 1438 25 19 hr
740 1436 114 21 Lönnbeck
869 1436 5 20 i
888 1435 29 21 af-

93 1464 77 21 seende
194 1465 12 21 å
230 1466 26 20 de
279 1466 133 26 synpunkter
434 1466 41 20 han
498 1466 81 26 uttalat,
597 1466 37 21 ber
648 1466 35 27 jag
698 1467 30 19 att
743 1466 32 20 för
789 1466 43 19 min
850 1464 35 21 del
897 1464 21 20 få

92 1493 128 21 understöda
236 1494 52 20 hans
304 1494 83 27 förslag.
