1095 1717
330 126 179 20 Borgareståndet
522 125 53 17 1894.
601 126 25 16 27
638 126 52 16 febr.
858 120 39 21 387

375 207 33 19 att
430 206 157 20 vederbörande
609 206 82 20 utskott
716 205 67 28 blefve
805 205 122 21 anmodade

308 235 32 19 att
355 234 24 20 så
395 234 65 27 tidigt
474 234 34 28 sig
521 236 54 26 göra
591 234 55 21 låter
661 234 125 28 handlägga
795 234 87 21 sådana
892 234 35 20 till

307 262 48 21 dem
376 262 137 22 remitterade
532 262 197 28 petitionsförslag,
751 270 47 14 som
815 262 113 28 innefatta

309 291 171 27 anslagsfrågor.

358 348 31 21 På
404 349 165 21 statsutskottets
585 351 87 25 vägnar:

450 406 21 20 0.
488 406 97 21 Donner.

670 463 58 21 Karl
747 463 112 28 Willgren.

173 525 31 22 På
220 525 71 21 därom
307 525 59 28 gjord
382 525 99 21 anhållan
496 526 44 21 blef
555 526 156 21 statsutskottes
726 526 133 21 förestående
868 525 61 22 skrif-

105 554 57 21 velse
177 554 102 27 bordlagd
294 554 31 21 till
340 556 59 19 nästa
414 555 93 26 plenum.

174 697 32 21 Hr
221 697 120 22 talmannen
357 697 125 22 meddelade
498 699 29 20 att
542 698 42 20 han
599 698 8 20 i
622 697 83 21 samråd
721 698 49 21 med
785 698 144 21 sekreteraren

105 726 32 21 till
147 726 81 21 notarie
239 727 7 20 i
257 726 82 21 ståndet
350 727 80 26 antagit
440 727 186 20 senatskanslisten
642 726 123 21 Richard
780 726 148 27 Lindberg,

106 761 45 14 som
166 755 78 27 jämväl
259 755 35 20 vid
310 757 82 19 senaste
407 755 102 27 landtdag
523 755 56 21 skött
594 755 153 28 befattningen.

174 908 44 21 Hrr
238 909 119 27 Idmans,
381 909 167 28 Ahlströms,
573 909 146 27 Sommers,
743 909 122 27 Elvings
890 909 39 20 och

107 937 107 21 Genets'
230 937 98 22 anhällan
344 940 29 19 att
387 938 22 21 fä
424 945 49 14 vara
488 938 141 21 fränvarande
647 938 47 21 frän
710 940 60 19 nästa
785 938 86 27 plenum
887 937 43 21 blef

107 966 20 21 af
142 965 84 22 ständet
241 965 90 22 bifallen.

175 1119 33 22 Hr
223 1120 122 21 talmannen
367 1121 125 21 meddelade
515 1123 30 19 att
567 1122 61 19 nästa
646 1121 88 28 plenum
749 1121 84 21 komme
849 1123 29 18 att
893 1127 39 21 ega

107 1155 48 14 rum
169 1148 101 28 fredagen
286 1149 41 21 den
343 1150 12 20 2
370 1156 57 14 mars
441 1149 28 21 kl.
485 1150 12 19 6
513 1156 18 15 e.
546 1156 27 14 m.

176 1291 91 21 Plenum
284 1292 105 28 upplöstes
404 1292 28 21 kl.
449 1293 32 21 10:
498 1292 27 21 05
541 1299 16 15 e.
573 1300 28 14 m.

713 1349 22 18 In
746 1350 61 17 fidem:

658 1390 28 21 A.
708 1390 23 21 V.
745 1390 117 27 Lindberg.
