1095 1717
192 112 41 21 250
393 119 179 21 Borgareståndet
585 120 56 17 1894.
667 120 22 16 15
702 118 50 18 febr.

162 204 38 21 fall
222 204 28 20 då
272 204 118 22 sökandens
412 205 83 27 uppgift
517 205 132 27 någorlunda
670 205 161 21 öfverensstämt
852 203 47 21 med
921 209 66 15 sanna

162 232 142 22 förbållandet
319 246 25 2 —
360 233 128 22 förorsakats
511 234 21 20 af
555 233 84 28 otyglad
663 233 126 27 afvärkning
804 233 39 20 och
858 231 92 22 vanvård
966 232 22 20 af

163 262 125 26 ungskogen
305 262 30 20 uti
350 262 138 21 hemmanens
503 262 84 26 skiften,
603 268 49 15 men
667 262 123 27 påståendet
803 263 29 19 att
848 256 70 37 egorna
931 260 57 27 legat

162 290 87 27 spridda
264 290 7 20 i
286 290 140 28 kronojorden
442 291 38 21 har
495 291 6 20 i
517 291 115 21 allmänhet
647 291 45 20 haft
706 290 45 21 skäl
768 290 31 20 för
814 290 37 26 sig.
881 289 73 21 Likväl
964 291 24 18 är

162 318 36 28 jag
220 318 122 28 öfvertygad
366 326 33 14 om
422 321 29 19 att
467 320 63 26 nödig
545 319 201 27 sammandragning
761 319 38 21 och
815 318 136 26 arrondering
966 317 22 21 af

163 347 139 21 hemmanens
317 354 50 21 egor
382 348 81 20 kunnat
475 348 155 21 åstadkommas
641 348 48 20 med
700 347 104 27 betydligt
816 346 80 21 mindre
907 346 81 21 arealer

163 376 22 20 af
199 376 153 27 tillskottsjord.

232 404 34 21 Då
292 411 87 15 numera
404 405 289 27 placeringssammanträden
720 404 32 22 för
779 404 40 21 alla
846 403 141 21 ofvannämda

162 433 78 21 skiften
257 434 69 21 hållits
341 434 38 21 och
395 441 51 20 egor
461 434 91 21 därefter
566 434 151 27 lägenheterna
729 433 101 27 tillmätts,
840 432 40 21 kan
891 432 35 27 jag
936 434 50 19 utan

164 462 77 21 tvekan
265 462 67 21 såsom
355 463 43 20 min
422 463 39 20 och
482 463 26 21 de
529 463 65 26 öfrige
610 463 118 24 forstmäns,
744 462 70 21 hvilka
830 461 67 21 under
911 460 76 27 ifråga-

164 491 94 20 varande
278 491 126 20 decennium
419 491 7 20 i
440 491 82 21 Torneå
537 492 68 20 revier
620 491 124 28 tjänstgjort,
760 491 53 20 åsikt
828 489 108 22 framhålla
952 491 35 24 att,

164 519 7 20 i
186 519 95 27 enlighet
296 520 46 20 med
359 520 54 21 hvad
427 520 62 21 också
502 520 75 27 själfva
587 520 109 21 resultatet
706 520 22 20 af
738 519 249 26 skiftesförrättningarna

164 554 91 14 numera
278 548 65 26 börjat
365 549 30 20 alt
417 549 104 26 tydligare
539 549 75 21 utvisa,
630 549 6 20 i
652 549 41 20 alla
708 548 123 21 förenämda
846 547 142 26 ansökningar

164 577 161 26 spekulationen
341 579 30 18 att
385 577 97 21 tillvinna
498 577 32 28 sig
545 577 41 21 den
602 579 75 19 största
692 577 86 27 möjliga
793 576 56 21 areal
866 576 21 20 af
896 575 91 21 kronans

164 605 58 20 inom
238 606 90 21 revieret
342 605 108 28 befintliga
466 606 123 27 försäljbara
604 606 76 27 skogar
698 605 67 28 spelat
775 612 26 14 en
812 604 119 28 betydande
941 603 45 21 roll.

165 633 74 21 Redan
263 634 34 21 vid
320 634 25 21 de
368 635 296 27 placeringssammanträden,
686 635 36 26 jag
742 634 7 21 i
770 633 105 28 egenskap
891 633 20 20 af
926 632 60 21 forst-

164 662 80 21 ombud
262 663 93 26 bevistat,
371 663 37 21 har
424 663 56 21 detta
494 663 68 21 blifvit
571 663 44 27 mig
625 663 76 27 tydligt
711 669 77 21 genom
799 662 41 21 den
851 661 136 27 enträgenhet

164 691 88 21 hvilken
268 691 172 28 hemmansegare
451 692 34 20 vid
498 692 94 27 antydda
602 691 97 22 tillfällen
710 691 115 27 ådagalagt,
836 690 26 21 då
873 690 25 21 de
909 689 78 21 enhvar

164 719 90 21 sträfvat
269 723 29 18 att
312 720 21 21 få
348 721 32 20 sin
396 721 145 26 tillskottsjord
557 720 97 27 placerad
670 720 28 26 så,
714 723 30 18 att
756 720 26 21 de
793 719 114 27 besparade
919 718 68 21 stock-

164 748 83 27 skogar,
263 755 44 14 som
323 749 80 20 säkrast
418 749 32 21 stå
465 749 31 21 till
511 749 111 21 finnandes
636 749 28 27 på
674 749 84 26 trakter,
768 748 71 21 hvilka
849 749 35 19 äro
895 747 92 26 aflägsna

163 776 47 21 från
226 777 111 27 byalagen,
353 777 63 22 måtte
432 778 49 20 falla
496 778 57 21 inom
570 777 89 22 skiftet.»

233 805 43 21 Det
290 808 23 18 är
327 806 81 21 således
424 807 76 26 tydligt
515 809 30 18 att
560 807 61 20 dessa
634 806 83 21 marker
727 806 47 20 icke
785 805 98 27 upplåtits
893 804 52 21 blott
956 803 32 21 för

164 834 144 27 arrondering.
328 835 132 21 Beträffande
472 835 170 26 ansökningarna
653 841 34 14 om
696 834 113 27 kronojord
817 833 33 21 för
857 832 130 28 anläggande

164 862 22 21 af
200 862 210 28 nybyggeshemman
427 866 67 24 yttrar
508 864 32 27 sig
556 864 25 20 hr
595 863 109 27 Sandberg
720 863 26 27 på
760 862 93 27 följande
869 863 48 19 sätt:

235 891 250 28 »Nybyggessökandene
508 892 62 21 hafva
585 892 99 27 vanligen
700 891 89 28 utgjorts
810 891 21 20 af
849 889 139 28 kronoskogs-

164 921 90 26 torpare,
278 926 47 15 men
348 921 61 20 äfven
433 920 132 21 stockflötare
589 921 38 20 och
649 920 33 21 till
702 920 40 21 och
763 919 47 21 med
827 918 161 28 sägvärksegare

165 948 63 21 hafva
244 949 97 26 uppträdt
356 949 70 20 säsom
442 949 246 28 nybyggareaspiranter.

234 977 10 20 I
261 977 25 20 de
302 977 57 21 flesta
375 977 37 21 fall
428 978 38 20 har
481 978 143 27 ansökningen
642 977 43 28 gält
700 979 29 19 ett
744 976 188 27 kronoskogstorps
946 975 42 20 för-

165 1005 122 21 vandlande
310 1006 30 21 till
363 1007 135 25 nyhemman,
522 1013 46 14 men
593 1006 26 21 dä
641 1013 35 14 om
698 1004 291 29 nybyggesanläggningsrätt

165 1033 87 22 ansökts
274 1034 26 27 pä
320 1041 25 14 en
361 1035 55 27 plats
430 1035 7 20 i
452 1035 149 27 kronojorden,
617 1035 37 20 där
668 1035 65 26 ingen
749 1033 120 27 bosättning
884 1032 104 21 tillförene

165 1062 88 25 funnits,
278 1063 37 20 har
336 1063 35 21 det
392 1063 66 21 händt
481 1065 29 19 att
532 1063 109 21 sökanden
664 1063 53 21 varit
740 1069 26 14 en
786 1068 75 21 person
881 1067 45 15 som
942 1060 46 21 icke

164 1090 106 27 nägonsin
286 1091 53 22 visat
354 1091 133 28 benägenhet
501 1092 33 21 för
545 1091 206 28 jordbruksarbeten,
763 1097 48 14 men
822 1090 95 21 däremot
927 1091 63 26 egnat

166 1119 36 21 det
216 1122 68 19 mesta
300 1120 21 21 af
335 1120 32 21 sin
383 1121 29 20 tid
428 1120 22 21 ät
464 1121 86 20 arbeten
567 1121 6 19 i
589 1121 38 20 och
643 1121 32 20 för
690 1119 125 27 afvärkning
831 1119 38 20 och
885 1119 104 26 transport

165 1148 22 20 af
209 1148 133 27 skogsalster.
379 1149 61 20 Hans
462 1149 60 20 urval
545 1149 21 20 af
587 1148 165 28 nybyggesplats
775 1148 38 20 har
835 1146 62 22 också
919 1146 70 21 därför

165 1176 86 21 korrekt
276 1177 67 21 träffat
365 1183 26 15 en
414 1177 193 27 kronoskogstrakt,
629 1177 37 21 där
688 1177 81 27 skogen
791 1176 50 21 stått
862 1175 127 26 urskogslikt

165 1205 81 26 fredad,
262 1205 145 28 grofstammig
422 1206 40 21 och
477 1208 34 25 tät,
528 1212 48 15 men
592 1206 26 21 de
634 1206 21 21 af
669 1205 109 21 sökanden
794 1203 122 28 namngifna
928 1205 61 26 ängs-

166 1233 114 21 markerna
290 1234 93 21 däremot
395 1235 107 20 befunnits
513 1235 58 27 längt
581 1235 53 20 ifrän
646 1234 65 21 andra
722 1233 173 27 odlingsmarker,
905 1232 84 27 spridda

164 1261 58 21 inom
246 1262 28 21 de
298 1263 95 27 djupaste
416 1263 161 26 vildmarkerna,
600 1263 94 27 omgifna
716 1263 22 20 af
758 1262 57 21 förut
838 1261 150 27 odisponerade

165 1290 145 28 stockskogar.
325 1304 27 3 —
368 1291 32 21 En
417 1292 64 20 sådan
497 1292 206 27 nybyggesansökan
719 1298 37 14 var
771 1293 13 19 t.
800 1297 33 14 ex.
849 1289 41 22 den
906 1296 25 14 en
947 1289 42 21 viss

164 1318 70 22 Johan
250 1319 122 28 Taapajärvi
387 1320 34 20 för
435 1320 63 27 något
513 1320 23 21 är
551 1320 64 21 sedan
631 1320 31 21 till
678 1320 68 20 länets
761 1320 106 26 guvernör
881 1318 108 20 inlämnat.

235 1347 50 22 Mitt
306 1349 118 27 antagande
447 1352 30 18 att
498 1348 224 28 skogsspekulationen
746 1348 67 27 spelat
827 1353 27 15 en
869 1346 121 26 betydande

166 1376 39 20 roll
220 1376 35 20 vid
273 1376 40 21 alla
328 1378 142 20 ofvannämda
485 1377 58 21 säväl
558 1376 245 28 storskiftesreglerings-
813 1382 46 14 som
870 1375 120 27 nybygges-

165 1404 145 28 ansökningar
337 1406 71 20 stöder
430 1406 34 27 jag
486 1406 47 20 icke
555 1406 89 21 allenast
666 1406 25 27 pä
714 1404 159 27 ofvanantydda
895 1403 95 21 enskilda

165 1433 142 27 iakttagelser,
330 1437 49 18 utan
403 1434 39 21 ock
465 1434 26 28 pä
512 1434 63 24 fakta,
598 1434 21 21 af
641 1434 71 20 hvilka
735 1432 157 22 nedanstående
907 1432 83 21 anföras

164 1461 70 21 såsom
250 1462 104 27 exempel.

235 1490 50 21 Alla
307 1491 25 21 de
348 1491 78 27 byalag
440 1492 39 20 och
495 1491 96 21 enskilda
606 1492 105 26 hemman,
726 1490 72 21 hvilka
813 1489 83 22 erhållit
911 1488 80 28 egotill-

165 1518 62 27 skott,
243 1519 64 21 hafva
322 1520 150 27 ofördröjligen
487 1520 98 26 föryttrat
600 1520 31 20 sin
648 1520 58 27 skog,
721 1518 90 22 flertalet
827 1518 21 21 af
863 1518 48 20 dem
926 1517 65 21 redan
