1095 1717
324 126 178 22 Borgareständet
514 127 57 17 1894.
595 128 12 16 7
619 127 50 17 febr.
858 122 27 20 49

88 206 134 28 fullmäktige
244 206 50 21 ville
315 207 36 26 jag
372 208 115 24 yttermera
508 206 112 21 framhålla
640 208 35 25 att,
698 206 28 21 då
742 207 25 21 de
783 209 130 25 gemensamt

88 235 65 21 hafva
173 236 75 20 endast
263 234 35 22 två
311 234 171 22 sammanträden
497 242 36 14 om
548 234 49 27 året,
613 234 216 22 solidaritetskänslan
846 235 67 27 aldrig

89 264 43 20 kan
154 264 66 21 blifva
239 263 62 27 stark,
324 265 51 19 utan
398 262 66 22 måste
480 263 26 21 de
521 263 113 21 förstärkta
648 263 133 27 fullmäktige
797 264 70 21 känna
881 263 32 27 sig

89 298 47 16 mer
157 292 52 21 eller
231 291 82 21 mindre
335 291 137 27 främmande,
493 292 27 20 då
542 291 70 21 därtill
635 298 27 14 en
681 292 23 20 så
720 292 95 21 bestämd
830 292 83 21 skilnad

87 320 93 22 emellan
201 320 49 21 dem
265 320 38 20 och
318 320 25 20 de
357 320 105 20 ordinarie
477 322 66 25 göres.
574 320 41 27 Jag
630 319 96 22 anhåller
747 322 30 19 att
792 320 57 22 detta
864 320 47 21 mitt

89 349 110 21 uttalande
214 348 36 21 må
263 348 22 21 få
300 348 71 28 åtfölja
385 348 103 21 remissen
504 348 31 21 till
551 348 164 21 bankutskottet.

158 405 34 21 Hr
213 405 155 28 Appelberg:
390 404 42 28 Jag
450 405 38 21 har
511 405 73 27 begärt
601 405 60 21 ordet
677 405 75 21 endast
766 405 33 21 för
813 407 30 19 att
858 407 55 25 yttra

90 435 45 26 mig
150 433 109 29 angående
274 434 41 21 den
330 434 21 21 af
366 433 189 28 bankfullmäktige
573 434 4 20 i
592 434 13 27 8
621 435 12 19 5
649 434 113 21 omnämda
773 434 100 28 åtgärden
884 436 29 19 att

90 463 72 20 inleda
184 462 189 21 affärsförbindelse
395 462 49 21 med
466 468 26 15 en
515 462 58 21 bank
587 462 7 21 i
609 462 58 21 Nord
691 463 112 20 Amerikas
823 463 90 21 Förenta

89 491 76 21 Stater.
195 491 41 26 Jag
251 491 40 20 kan
306 491 46 20 icke
367 492 65 19 annat
447 492 27 19 än
489 491 66 20 uttala
570 491 47 20 mitt
632 491 138 27 fullständiga
785 491 92 27 gillande
892 491 21 21 af

90 519 44 21 den
156 519 142 28 synpunkten,
318 521 30 19 att
369 525 50 15 man
441 519 27 27 pä
483 519 30 21 alt
535 521 40 19 sätt
590 519 38 21 bör
643 522 129 25 uppmuntra
787 520 39 20 och
841 526 72 21 gynna

90 547 126 22 sambandet
238 547 90 22 emellan
350 547 50 21 vära
421 547 130 27 emigrerade
573 547 112 22 landsmän
708 548 39 21 och
769 548 142 21 fosterlandet.

91 575 42 28 Jag
155 576 67 21 skulle
244 576 108 27 härvidlag
373 577 59 20 ännu
453 575 51 28 vilja
526 575 27 28 gå
573 578 29 19 ett
617 578 45 26 steg
677 576 73 28 längre
765 579 27 18 än
808 576 105 21 bankfull-

91 604 98 27 mäktige,
204 605 106 27 nämligen
325 607 35 24 att,
375 604 62 21 äfven
452 604 49 21 med
515 604 44 21 risk
569 606 30 19 att
609 607 50 25 göra
669 605 70 27 nägon
750 605 83 21 mindre
845 605 68 20 direkt

91 633 81 26 förlust,
187 633 146 21 statsbankens
351 633 140 20 förbindelser
506 633 48 20 med
570 633 100 21 Amerika
686 633 64 21 borde
766 633 109 21 utvecklas
890 633 23 20 sä

91 661 85 26 mycket
198 667 45 15 som
264 661 86 28 möjligt,
371 662 43 26 just
437 661 70 20 därför
528 663 30 18 att
579 661 23 27 ju
623 661 85 21 säkrare
733 662 49 21 vära
805 661 107 21 därstädes

91 689 96 22 vistande
202 689 111 21 landsmän
322 690 73 21 kunna
405 689 112 21 värkställa
527 690 206 27 penningeremisser
742 690 33 21 till
785 689 127 27 hemlandet,

91 717 60 22 desto
176 724 58 15 mera
254 718 58 21 skola
334 718 61 21 deras
411 717 37 21 där
462 718 139 27 inbesparade
616 719 70 20 medel
701 719 85 20 komma
801 718 46 21 värt
862 718 50 21 land

92 746 32 21 till
132 746 60 27 godo,
208 747 40 20 och
262 747 121 27 härigenom
397 746 69 21 skulle
481 752 27 15 en
523 748 66 19 större
605 747 62 20 äfven
683 747 71 27 andlig
769 746 142 21 växelvärkan

91 774 77 21 mellan
191 775 154 27 emigranterna
367 775 39 20 och
428 774 137 21 fosterlandet
587 775 85 21 komma
686 775 32 21 till
734 775 65 21 ständ.
830 774 40 21 För
885 780 27 15 en

91 803 109 20 statsbank
214 809 46 14 som
275 803 99 20 Finlands
389 803 56 20 bank
460 803 38 20 bör
509 803 24 27 ju
544 803 46 20 icke
601 803 53 21 bloit
666 803 136 28 synpunkten
813 803 21 20 af
845 803 68 20 direkt

91 831 102 27 pekuniär
215 831 61 27 vinst,
297 833 49 19 utan
369 831 62 21 äfven
454 831 41 20 den
513 831 22 20 af
548 831 92 22 indirekt
655 834 61 25 nytta
730 832 32 21 för
778 831 47 21 hela
840 831 72 21 landet

91 865 51 15 vara
157 859 162 22 bestämmande.
348 859 41 22 Det
404 862 23 18 är
442 859 33 21 väl
490 859 83 27 möjligt
587 862 30 19 att
631 860 55 21 First
701 860 98 21 National
815 859 61 21 Bank
891 859 22 21 of

91 887 91 28 Chicago
205 888 63 21 äfven
290 889 37 20 har
347 888 75 21 filialer
437 887 12 21 ä
464 888 66 21 andra
552 890 61 25 orter,
633 889 37 20 där
692 889 110 20 landsmän
823 888 5 20 i
846 889 65 20 större

91 916 78 27 mängd
193 916 69 27 vistas,
284 923 48 14 men
350 917 44 20 ifall
410 916 57 21 detta
481 916 47 21 icke
544 923 49 15 vore
609 917 64 27 fallet,
689 917 23 21 sä
727 917 77 21 tillåter
818 917 35 26 jag
867 916 45 27 mig

91 944 66 21 uttala
180 945 40 20 den
243 945 144 28 förhoppning,
402 947 30 19 att
447 945 25 20 de
488 945 21 20 af
524 945 43 27 mig
582 945 126 22 framhållna
724 945 73 21 skälen
812 945 33 20 för
859 944 53 21 inle-

91 972 69 21 dande
175 973 21 20 af
211 973 172 22 affärsrelationer
397 974 8 21 i
420 973 165 27 emigranternas
600 975 88 20 intresse
704 974 64 21 måtte
784 973 127 27 tillbörligen

90 1001 200 28 uppmärksammas.

158 1058 32 21 Hr
205 1059 91 20 Erkko:
313 1059 76 27 Syystä
404 1059 58 27 kyllä
476 1061 49 20 ovat
540 1059 74 27 säädyt
628 1059 93 28 pitäneet
736 1059 94 26 erityistä
839 1057 73 21 huolta

90 1086 170 22 lakiehdotusten
282 1088 157 21 suomalaisesta
460 1088 101 21 tekstistä.
590 1088 27 21 Jo
640 1087 101 21 näilläkin
762 1085 150 28 valtiopäivillä

89 1121 29 14 on
133 1115 128 21 hallituksen
283 1116 98 27 esityksiä
397 1116 168 21 tarkastettaessa
580 1117 58 26 tehty
654 1116 93 27 erityisiä
762 1114 151 22 muistutuksia

90 1143 75 21 niitten
188 1144 170 21 suomenkielistä
380 1151 52 14 asua
454 1147 91 18 vastaan.
576 1144 44 21 Sitä
642 1144 107 27 suurempi
768 1150 40 20 syy
824 1149 28 14 on
867 1144 45 19 sää-

89 1171 67 26 dyillä
177 1172 118 21 mielestäni
316 1173 68 20 vaatia
401 1173 98 26 myöskin
515 1173 73 21 omilta
602 1172 240 21 luottamusmiehiltään
857 1172 56 19 tässä

89 1200 109 21 suhteessa
217 1200 118 22 kelvollista
357 1203 63 24 työtä.
449 1201 64 21 Tämä
533 1201 255 27 pankkivaltuusmiesten
803 1199 110 21 kertomus

89 1234 27 14 on
132 1227 111 22 kuitenkin
258 1229 145 21 semmoisessa
418 1236 79 20 asussa,
512 1231 43 20 että
570 1230 47 20 siitä
632 1236 28 14 on
676 1229 74 21 vaikea
765 1227 64 22 saada
842 1227 71 21 selvää

89 1256 134 27 semmoisen,
238 1257 50 26 joka
303 1258 19 20 ei
338 1258 32 20 voi
386 1258 133 21 ruotsalaista
529 1257 77 22 tekstiä
616 1259 89 20 seurata.
731 1257 89 27 Pyydän
831 1256 82 20 ainoas-

88 1285 50 20 taan
153 1285 136 21 huomauttaa
304 1286 75 27 parista
395 1286 108 21 kohdasta.
519 1299 27 3 —
562 1286 13 27 $
590 1286 12 20 6
619 1286 57 21 esim.
693 1285 61 21 alkaa
769 1285 66 27 hyvin
851 1284 61 20 kum-

88 1312 112 23 mallisella
220 1313 106 27 lauseella,
347 1314 54 27 josta
422 1315 20 21 ei
465 1315 34 21 voi
521 1315 64 20 saada
600 1314 163 21 minkäänlaista
778 1313 77 21 selvää.
885 1312 27 21 Se

87 1340 94 22 kuuluu:
204 1358 3 11 ,
210 1341 149 28 Keisarillisen
381 1342 100 22 Senaatin
496 1343 120 27 kassöörejä
631 1344 73 20 varten
720 1342 94 21 Suomen
829 1340 84 22 Pankin

87 1370 167 26 pääkonttorissa
276 1370 133 22 maaliskuun
430 1372 28 20 24
472 1373 50 25 p:nä
538 1372 54 20 1886
608 1370 184 22 noudatettavaksi
808 1369 105 21 vahvista-

87 1404 50 14 man
158 1398 154 27 johtosäännön
333 1399 12 20 2
369 1399 34 27 &:n
426 1400 92 20 mukaan
541 1400 76 20 saatiin
641 1398 201 28 vaihtajakassöörin
865 1397 48 31 kas-

86 1432 59 15 sassa
169 1427 57 27 pitää
250 1427 137 21 korkeintaan
418 1428 89 26 150,000
532 1428 106 26 markkaa,
663 1428 43 26 jota
732 1427 62 27 paitsi
818 1426 94 20 Senaatti

86 1455 134 21 tammikuun
236 1456 26 20 22
285 1458 48 24 p:nä
349 1456 54 21 1890
418 1456 90 20 määräsi
523 1462 37 14 sen
573 1456 82 26 kassan,
665 1456 65 26 jonka
739 1455 32 21 sai
781 1454 132 21 käsivarassa

85 1482 57 26 pitää
170 1483 159 27 ylimääräiseen
351 1484 229 21 vuosirahansääntöön
602 1484 82 27 pantiin
706 1483 112 21 kesäkuun
836 1482 11 19 1
863 1483 50 25 p:nä

87 1510 55 22 1890
158 1514 90 18 asetettu
262 1512 71 21 toinen
349 1512 100 28 kassööri,
465 1512 76 27 75,000
556 1512 123 21 markaksi*.

833 1549 11 16 4
