1095 1717
330 124 181 22 Borgareståndet
523 126 58 16 1894.
607 126 22 16 12
641 125 52 17 febr.
861 121 40 20 173

101 203 44 22 Det
160 204 68 21 skulle
244 204 75 21 äterstä
341 206 30 19 att
387 205 73 21 bevisa
480 205 123 27 detsamma,
619 212 33 14 om
677 206 39 20 ock
732 206 75 20 endast
822 206 48 20 med
886 206 44 20 led-

102 232 54 27 ning
176 232 21 21 af
219 233 54 20 huru
295 233 216 27 passagerareantalet
533 234 6 20 i
556 234 89 27 Ungern
667 234 67 26 ökats,
754 234 39 21 och
808 240 76 21 genom
900 236 30 19 ett

101 261 167 27 approximativt
282 262 154 26 uppskattande
452 262 21 20 af
495 262 55 21 huru
574 262 50 28 högt
646 269 50 14 man
720 263 71 21 kunde
813 262 60 21 anslä
887 262 42 21 den

101 290 70 21 ökade
194 290 88 20 trafiken
297 290 7 20 i
320 290 45 21 vårt
380 290 56 21 land.
465 290 133 28 Härigenom
621 291 71 21 kunde
716 298 49 14 man
788 291 91 27 komma,
895 297 34 15 om

101 318 49 21 icke
166 318 32 21 till
213 318 70 28 någon
298 325 116 21 noggrann,
436 319 23 21 sä
475 319 128 21 åtminstone
619 320 30 20 till
665 326 27 14 en
708 320 154 27 approximativ
878 320 51 20 slut-

101 354 92 20 summa,
209 354 45 14 som
270 347 67 21 skulle
354 348 44 20 visa
414 348 55 20 huru
485 348 85 27 ofarligt
590 348 35 21 det
640 354 51 15 vore
707 350 31 19 att
752 348 86 27 öfvergä
853 348 32 21 till
900 349 30 21 äf-

104 382 41 14 ven
162 382 26 14 en
211 376 84 26 mycket
309 376 34 27 låg
365 376 61 21 tariff
456 376 41 28 Jag
512 377 38 20 har
573 377 32 20 för
621 377 61 24 1887,
705 377 33 20 för
752 377 81 21 hvilket
851 377 22 20 är
889 377 40 21 den

101 404 97 27 värkliga
212 404 118 21 inkomsten
346 405 33 20 för
401 405 57 21 olika
472 405 131 21 reseafständ
619 405 113 21 beräknats
743 406 34 20 vid
787 406 143 26 järnvässsty-

102 432 77 28 relsen,
195 432 67 22 delvis
277 433 53 27 gjort
348 433 101 22 liknande
464 434 144 21 betraktelser.
638 434 42 21 Det
702 436 24 19 är
748 436 30 19 att
799 434 78 26 märka,
900 436 30 19 att

102 461 28 21 de
146 461 21 21 af
181 462 44 27 mig
240 462 117 27 föreslagna
371 469 91 14 zonerna
479 463 46 20 icke
541 463 189 20 öfverensstämma
742 463 49 21 med
804 463 26 21 de
841 463 88 27 afständ,

102 490 35 21 för
151 490 71 21 hvilka
246 491 61 20 dessa
321 491 141 27 beräkningar
485 491 34 20 vid
535 492 203 26 järnvägsstyrelsen
758 491 118 28 egentligen
893 494 36 19 äro

103 518 102 24 anstälda,
220 525 49 15 men
285 519 35 21 det
341 519 69 21 finnes
426 520 54 21 dock
496 520 66 27 nägra
577 527 69 20 zoner,
669 527 45 14 som
730 520 130 27 fullkomligt
875 527 54 14 sam-

103 547 107 21 manfalla.
239 547 41 21 Det
295 550 22 18 är
332 548 32 21 för
387 548 147 27 beräkningar,
557 555 46 14 som
618 549 88 20 hänföra
729 549 32 27 sig
776 549 31 20 till
823 549 41 20 den
879 549 51 21 sista

103 582 74 19 zonen,
192 582 45 15 som
253 577 35 26 jag
303 579 58 24 tager
376 577 44 26 mig
436 577 89 21 friheten
547 579 30 19 att
591 577 38 21 här
644 580 48 25 taga
708 577 94 22 ständets
818 577 111 28 uppmärk-

103 604 83 21 samhet
200 605 7 20 i
223 605 94 27 anspråk.
341 606 53 20 1887
411 608 46 25 steg
473 606 79 21 antalet
567 606 95 26 resande,
679 612 46 15 som
741 606 147 27 tillryggalade
899 606 30 21 öf-

104 639 38 14 ver
157 633 40 21 300
213 633 116 27 kilometer,
344 634 31 20 till
391 636 30 19 ett
436 634 35 27 tal,
488 641 45 14 som
546 635 36 26 gaf
597 641 27 14 en
639 635 94 20 inkomst
748 635 22 20 af
785 635 89 24 582,000
887 635 42 20 mk.

104 661 74 21 Skulle
201 669 49 13 man
273 662 92 28 tillämpa
388 663 26 20 de
430 663 85 27 afgifter
535 669 46 14 som
596 663 35 27 jag
652 663 109 27 föreslagit
776 663 32 21 för
823 663 40 21 den
879 663 50 21 sista

103 696 68 15 zonen
186 690 7 20 i
210 691 213 26 öfvergängstariffen,
439 691 19 20 d.
474 699 19 13 v.
508 698 15 14 s.
539 692 32 26 10,
588 692 26 20 15
630 692 39 20 och
685 692 27 20 25
728 692 66 27 mark,
810 692 39 21 och
864 692 65 21 förut-

103 720 54 19 sätta
172 720 30 20 att
216 720 214 26 passagerareantalet
445 720 71 21 blefve
532 720 136 21 oförändradt
689 721 54 20 efter
752 720 135 21 zontariffens
897 721 32 20 in-

104 747 92 27 förande,
212 747 23 21 sä
250 748 83 21 komme
355 755 48 14 man
420 748 32 21 till
468 755 26 14 en
511 749 93 20 inkomst
619 749 21 20 af
661 749 91 27 465,500
769 749 65 26 mark,
850 749 79 21 hvilket

102 775 84 22 således
210 776 67 21 skulle
298 777 102 20 innebära
420 783 25 15 en
468 777 76 21 förlust
559 777 22 20 af
604 777 89 27 116,500
709 778 66 20 mark.
804 777 36 21 Ett
855 777 74 22 sådant

103 804 89 21 resultat
215 811 49 14 vore
279 805 23 27 ju
325 805 152 22 afskräckande
492 813 49 20 nog,
565 813 33 13 om
615 807 64 20 redan
703 807 7 19 i
726 813 26 14 en
768 813 39 14 zon
825 806 104 21 förlusten

103 832 71 21 blefve
189 833 23 20 sä
227 835 48 19 stor.
304 833 48 21 Men
369 834 104 21 beräknar
488 841 50 14 man
553 835 56 20 huru
624 837 44 18 stor
683 835 114 27 tillökning
813 835 20 20 af
843 841 86 21 person-

103 861 88 21 trafiken
208 861 36 21 det
259 862 67 21 skulle
349 863 105 20 erfordras
469 863 7 20 i
493 863 70 21 denna
585 870 47 20 zon,
656 864 32 20 för
703 865 30 19 att
755 863 77 21 nämda
854 863 75 21 förlust

104 889 70 21 skulle
189 890 133 28 fullständigt
331 891 105 25 betäckas,
444 891 23 21 sä
477 891 70 22 finner
557 899 51 14 man
619 894 29 19 att
657 892 189 27 passageraretalet
856 892 74 21 endast

105 918 90 21 behöfde
209 919 51 20 ökas
275 919 47 21 med
338 921 27 19 25
374 920 35 26 ?/,,
424 920 34 21 för
472 922 30 19 att
517 921 72 20 lämna
603 927 81 14 samma
700 921 88 20 resultat
803 927 45 14 som
864 921 35 20 det
909 921 22 20 af

105 947 25 20 är
146 947 60 20 1887.
236 947 123 22 Emellertid
375 948 70 21 känna
460 949 20 20 vi
496 949 21 20 af
532 949 148 21 erfarenheten
695 949 47 20 frän
753 949 134 21 zontariffens
898 949 32 20 in-

106 975 88 21 förande
210 976 7 20 i
232 976 93 27 Ungern,
348 979 29 18 att
393 977 78 21 antalet
493 978 90 21 resande
600 978 37 20 där
658 978 28 27 pä
701 978 65 27 nägra
789 978 23 20 är
827 978 56 27 stigit
899 977 31 21 till

103 1003 37 21 det
166 1004 119 28 fyrfaldiga.
315 1005 49 21 Man
387 1012 65 20 synes
473 1006 67 21 redan
563 1007 60 20 häraf
643 1007 74 20 kunna
737 1009 82 24 antaga,
844 1009 30 18 att
895 1006 34 21 det

104 1032 47 21 icke
166 1039 50 15 vore
231 1033 96 21 förenadt
341 1034 49 21 med
406 1034 70 27 nägon
491 1035 44 20 risk
551 1037 30 19 att
595 1035 128 21 ätminstone
738 1035 28 27 pä
778 1035 82 21 aiständ
871 1035 59 20 öfver

102 1061 42 20 300
160 1061 41 21 km.
217 1061 68 22 införa
299 1063 121 20 zontariffen
437 1063 38 21 hos
491 1070 34 14 oss
541 1064 49 21 med
605 1063 78 21 nämda
706 1063 90 28 afgifter.
819 1063 50 21 Men
879 1070 50 14 man

107 1089 76 22 vinner
205 1097 27 14 en
255 1090 124 22 bekräftelse
402 1092 71 27 härpå,
496 1099 35 14 om
553 1099 50 14 man
625 1092 77 27 jämför
717 1093 56 20 huru
789 1092 140 27 tillökningen

102 1118 23 21 af
146 1119 214 27 passagerareantalet
381 1120 59 21 inom
463 1120 70 21 denna
555 1127 40 15 zon
618 1123 56 18 emot
697 1121 23 20 år
741 1121 54 20 1886
816 1121 113 26 försiggick

103 1147 38 20 hos
156 1153 34 14 oss
206 1147 24 21 är
245 1148 61 27 1887,
328 1148 35 21 det
380 1148 65 21 första
461 1149 28 26 är,
514 1149 27 21 dä
556 1149 41 22 den
620 1149 96 21 nedsatta
737 1149 85 21 tariffen
837 1149 22 21 af
874 1149 54 20 1886

102 1175 139 28 tillämpades.
267 1176 49 21 Man
331 1177 69 20 finner
415 1177 108 28 nämligen
539 1180 30 19 att
585 1179 53 20 1887
656 1178 80 21 antalet
751 1184 136 21 passagerare
897 1177 32 22 för

102 1203 71 21 denna
188 1211 40 14 zon
244 1207 46 24 steg
304 1205 48 21 med
368 1206 27 20 26
411 1206 27 26 */,
454 1208 45 19 mot
514 1206 45 21 året
575 1207 60 20 1886.
666 1206 140 27 Naturligtvis
821 1206 62 21 hafva
899 1206 30 21 äf-

102 1238 42 15 ven
159 1232 66 21 andra
240 1233 116 27 inflytelser
371 1236 26 19 än
412 1234 183 27 nedsättningen
579 1228 10 38 i
606 1235 81 21 tariffen
699 1235 75 21 värkat
792 1235 70 21 denna
873 1236 56 19 stora

102 1260 118 28 tillökning.
250 1261 50 22 Men
315 1269 48 14 man
379 1263 39 20 bör
432 1263 7 20 i
455 1263 42 20 alla
518 1263 36 21 fall
571 1263 93 28 besinna,
685 1265 30 19 att
730 1264 41 21 den
787 1263 141 28 nedsättning,

102 1296 47 14 som
164 1289 27 21 dä
206 1290 53 27 egde
275 1298 52 20 rum,
343 1298 37 14 var
395 1292 116 27 obetydlig,
527 1293 91 26 jämförd
634 1292 48 21 med
699 1292 41 22 den
756 1299 30 14 nu
801 1292 127 27 ifrägasatta.

102 1318 50 20 Man
167 1318 93 22 bibehöll
284 1320 26 20 dä
331 1320 33 20 för
379 1320 35 21 det
436 1320 83 27 längsta
541 1321 105 21 afständet
668 1327 27 15 en
711 1321 61 27 afgift
791 1321 21 21 af
827 1321 26 21 30
869 1321 60 21 mark

103 1346 33 21 för
150 1346 67 28 tredje
233 1348 90 26 klassen,
338 1349 39 20 och
392 1355 30 14 nu
438 1350 23 19 är
476 1349 37 21 det
527 1349 60 28 fräga
602 1356 35 14 om
652 1351 36 25 att,
704 1350 36 20 vid
752 1349 135 22 zontariffens
897 1350 32 20 in-

103 1375 94 27 förande,
213 1376 69 28 nedgä
297 1377 30 20 till
343 1377 26 21 10
385 1377 52 21 eller
452 1378 13 20 8
481 1378 61 20 mark
557 1379 32 19 för
605 1384 81 15 samma
701 1378 89 21 afständ.
806 1378 51 21 Man
869 1377 59 22 torde

103 1404 34 20 väl
151 1404 69 21 mästa
234 1405 112 27 medgifva,
357 1408 30 18 att
403 1406 69 26 nägon
488 1406 47 21 fara
550 1406 89 21 sälunda
654 1406 47 21 icke
712 1407 113 27 föreligger
836 1408 29 19 att
876 1406 53 26 väga

101 1432 43 20 den
159 1432 69 21 såsom
244 1433 62 28 farlig
320 1434 94 21 ansedda
429 1434 170 28 nedsättningen.
628 1435 42 27 Jag
684 1436 39 20 har
740 1435 34 21 för
788 1434 141 22 normaltarif-

102 1460 36 21 fen
155 1461 108 27 föreslagit
278 1464 29 19 att
328 1462 51 21 sista
394 1469 67 15 zonen
477 1463 70 21 skulle
568 1464 99 27 begynna
682 1464 66 20 redan
768 1464 35 20 vid
820 1464 41 20 200
876 1462 52 22 kilo-

101 1490 78 20 meters
194 1490 89 21 afständ.
313 1490 10 21 1
339 1490 59 22 detta
413 1491 37 21 fall
473 1492 89 26 gestalta
577 1492 33 27 sig
631 1492 160 27 jämförelserna
813 1492 64 26 nägot
892 1498 37 14 an-

101 1517 112 22 norlunda.
230 1518 114 22 Skilnaden
360 1520 90 20 emellan
468 1520 54 21 1887
539 1520 34 21 ärs
587 1520 93 21 inkomst
696 1521 39 20 och
746 1520 47 28 den,
804 1526 46 15 som
859 1520 69 21 skulle
