1095 1717
204 114 43 20 418
404 120 180 22 Borgareståndet
597 120 58 18 1894.
679 121 12 16 5
704 124 61 13 mars.

175 200 92 21 bestämt
288 200 31 28 sig
334 200 33 22 för
381 200 71 28 någon
468 201 43 21 viss
527 207 90 21 summa,
632 202 53 20 utan
700 200 99 22 stiliserat
813 200 108 21 klämmen
936 200 24 21 så
971 200 30 21 al-

175 230 63 20 mänt.
270 228 49 22 Man
334 230 39 20 har
394 231 51 19 trott
467 230 32 27 sig
521 230 91 20 sålunda
634 232 51 25 göra
707 230 142 20 tonsättarene
869 229 41 21 den
925 230 76 20 största

175 258 92 26 tjänsten
290 258 39 20 och
344 259 30 20 att
388 264 51 15 man
454 258 124 27 därigenom
594 258 64 21 borde
674 258 21 21 få
710 258 127 21 åtminstone
852 257 64 28 något
928 257 74 27 anslag

175 286 33 21 för
222 286 58 21 detta
295 286 103 21 ändamål.
428 286 138 28 Exempelvis
589 294 37 14 var
648 287 36 21 det
705 287 60 27 fråga
784 293 35 14 om
834 288 29 19 att
879 288 29 19 ett
923 286 42 27 pris
980 286 22 21 af

176 315 60 27 1,200
254 315 59 21 mark
328 316 61 20 hvart
403 317 65 20 annat
489 316 53 21 eller
556 316 62 20 hvart
637 316 67 26 tredje
720 315 24 21 år
758 315 65 21 borde
838 315 73 21 kunna
925 314 75 28 åväga-

175 343 92 27 bringas.
296 343 41 28 Jag
352 344 38 21 ber
405 344 70 21 därför
491 346 30 19 att
541 344 85 21 ståndet
640 344 50 21 ville
710 344 113 27 godkänna
837 344 112 20 utskottets
964 343 36 21 be-

175 372 106 21 tänkande
296 373 39 20 och
351 372 41 22 den
407 372 64 28 kläm,
487 373 32 21 till
534 373 88 21 hvilken
638 373 102 21 utskottet
755 373 38 20 har
803 372 93 21 kommit.

244 429 72 22 Sedan
330 430 149 21 diskussionen
493 430 89 21 härmed
597 430 113 21 förklarats
727 429 97 27 afslutad,
839 428 121 23 framstälde
976 429 25 21 hr

175 458 81 21 talman
271 459 7 20 i
293 459 115 28 anledning
429 459 21 21 af
465 459 24 21 hr
508 459 84 20 Erkkos
607 459 95 27 yrkande
724 465 28 15 en
768 458 22 21 så
804 458 93 27 lydande
913 459 87 20 omröst-

175 487 192 28 ningsproposition
373 495 5 14 :

244 544 40 27 De,
300 544 74 21 hvilka
387 545 118 27 godkänna
519 545 118 21 allmänna
653 544 199 21 besvärsutskottets
867 543 133 22 betänkande

175 573 39 22 och
228 573 52 21 däri
293 573 115 27 förordade
428 573 216 28 resolutionsförslag
668 573 150 28 oförändrade,
841 574 60 19 rösta
915 573 37 27 ja;
968 573 31 26 de,

175 602 35 21 det
224 602 46 21 icke
283 604 59 25 göra,
357 604 61 19 rösta
432 603 45 26 nej;

244 631 81 20 vinner
338 631 43 27 nej,
405 631 43 20 har
471 631 176 27 borgareständet
668 631 89 27 förenat
778 630 33 27 sig
826 637 36 14 om
876 630 41 21 den
933 630 65 26 kläm,

174 666 48 14 som
237 659 67 28 ingär
325 659 35 21 uti
381 659 36 21 det
447 659 34 21 till
502 659 76 28 grund
599 659 37 28 för
660 659 143 21 betänkandet
825 658 101 28 liggande
938 658 59 27 peti-

175 687 201 22 tionsmemorialet.

244 745 162 28 Propositionen
429 745 126 21 besvarades
578 745 49 21 med
649 745 154 27 öfvervägande
820 745 27 26 ja,
863 744 135 27 hvarigenom

175 773 85 22 ständet
274 773 81 22 säledes
371 774 80 27 antagit
466 774 112 21 utskottets
593 773 133 22 betänkande
742 773 140 21 oförändradt.

243 916 118 28 Föredrogs
372 917 107 21 allmänna
490 917 200 22 besvärsutskottets
700 917 36 20 vid
746 919 83 19 senaste
840 917 86 27 plenum
936 917 62 20 bord-

174 945 62 27 lagda
252 945 133 21 betänkande
400 952 35 14 n:o
452 947 12 19 5
479 947 7 20 i
497 946 116 27 anledning
624 946 21 21 af
655 947 78 20 tvänne
744 945 6 21 i
761 945 153 22 bondeständet
924 945 74 21 väckta

174 973 183 28 petitionsförslag,
369 974 35 21 det
414 980 40 15 ena
465 975 109 27 angående
587 975 88 26 delning
686 974 22 21 af
718 974 74 21 Kittilä
801 973 197 28 provincialläkare-

174 1002 90 27 distrikt,
287 1002 34 21 det
343 1003 66 20 andra
432 1003 110 28 angående
564 1003 137 28 förläggande
723 1003 21 20 af
764 1009 26 15 en
805 1005 61 18 extra
880 1003 71 20 läkare
966 1002 32 21 till

173 1030 112 21 Kuusamo
301 1031 83 21 socken.

242 1087 34 22 Hr
290 1088 103 27 Idman,
416 1095 46 14 som
484 1089 32 20 till
538 1089 53 20 först
611 1089 72 20 anhöll
698 1095 35 14 om
749 1088 64 27 ordet,
828 1088 92 27 yttrade:
950 1087 48 22 Den

173 1116 86 27 komitö,
275 1123 45 14 som
334 1117 132 28 regeringen,
481 1118 7 19 i
504 1117 116 27 anledning
630 1117 21 21 af
661 1117 124 21 ständernas
798 1116 154 27 framställning
963 1116 35 21 vid

174 1145 55 20 1885
245 1145 35 21 ärs
293 1145 108 28 landtdag,
416 1146 73 21 tillsatt
504 1146 33 21 för
552 1147 30 20 att
597 1147 94 26 uppgöra
701 1145 79 28 förslag
789 1145 32 21 till
831 1145 166 27 reorganisation

173 1173 21 21 af
208 1173 153 22 läkarevärden
377 1174 26 27 pä
418 1174 78 27 landet,
505 1175 38 20 har
558 1175 69 20 säsom
640 1181 28 14 en
682 1174 165 27 hufvudprincip
857 1174 8 19 i
875 1174 35 20 sitt
925 1173 73 22 betän-

172 1202 70 21 kande
258 1202 90 21 faststält
363 1204 30 19 att
408 1203 227 27 provincialläkarenes
652 1203 197 26 hufvudsakligaste
859 1202 81 27 uppgift
950 1202 48 21 här-

173 1231 53 20 efter
241 1231 39 20 bör
295 1231 65 20 blifva
375 1233 30 19 att
420 1232 120 20 handhafva
556 1232 40 20 och
616 1231 48 21 leda
680 1231 42 21 den
738 1231 105 21 allmänna
858 1231 140 20 hälsovärden

172 1259 59 20 inom
246 1259 48 21 sina
308 1260 118 27 respektive
442 1260 83 21 distrikt
540 1261 40 20 och
595 1262 30 19 att
640 1260 26 21 de
677 1259 91 22 endast
760 1255 13 37 i
779 1259 156 27 undantagsfall
947 1259 51 21 böra

172 1287 80 22 befatta
268 1288 32 28 sig
314 1288 48 21 med
379 1289 41 21 den
444 1289 96 21 enskilda
555 1289 135 27 sjukvärden,
713 1288 86 21 hvilken
813 1288 8 20 i
840 1288 86 20 främsta
940 1294 58 14 rum-

172 1321 44 16 met
231 1316 69 22 skulle
323 1317 141 21 öfverlämnas
487 1318 21 21 ät
523 1318 140 24 kommunal-,
687 1318 67 20 stads-
770 1318 38 20 och
831 1316 166 28 sjukhusläkare.

172 1344 113 28 Utgående
300 1345 46 21 från
362 1346 71 21 denna
448 1346 81 27 princip
544 1346 39 20 har
597 1346 94 21 komitön
714 1346 47 21 icke
777 1346 66 20 häller
860 1345 82 20 kunnat
956 1345 42 20 för-

172 1374 52 20 orda
246 1374 165 27 godkännandet
426 1375 22 20 af
462 1375 26 21 de
503 1374 48 21 frän
566 1374 51 22 flere
632 1374 43 21 häll
691 1374 27 28 pä
733 1380 74 16 senare
822 1373 55 21 tider
891 1373 107 27 päyrkade

172 1402 141 28 delningarna
327 1403 22 20 af
364 1403 97 21 enskilda
476 1403 280 27 provincialläkaredistrikt,
771 1402 64 22 bland
854 1402 49 21 dem
918 1401 80 27 Kittilä,

170 1432 52 19 utan
237 1431 88 21 fastmer
346 1431 109 28 föreslagit
477 1432 193 20 sammansläendet
692 1432 22 20 af
728 1432 65 26 nägra
808 1431 66 21 redan
890 1430 108 27 befintliga

170 1460 280 26 provincialläkaredistrikt.
480 1460 33 21 Då
527 1461 24 26 ju
566 1460 106 21 komitöns
694 1460 135 28 uppfattning
851 1459 66 21 måste
936 1465 62 14 anses

171 1494 51 14 vara
237 1488 6 20 i
260 1488 41 20 allo
317 1488 123 22 välbetänkt
456 1489 39 21 och
511 1489 105 27 tidsenlig,
627 1495 61 15 anser
700 1489 36 27 jag
746 1491 30 19 att
786 1488 107 21 allmänna
903 1487 95 21 besvärs-

170 1516 104 21 utskottet
296 1517 82 21 förfarit
401 1518 87 20 alldeles
511 1518 132 27 följdriktigt
666 1518 26 20 dä
712 1518 36 20 det
763 1517 108 27 föreslagit
886 1518 30 19 att
930 1516 68 21 landt-
