1095 1717
329 132 180 21 Borgareståndet
522 133 57 16 1894.
604 133 12 16 5
628 136 61 13 mars.
849 127 42 20 405

93 214 67 25 mark,
182 220 48 14 men
255 213 86 21 därmed
366 215 43 19 tror
430 214 36 27 jag
487 214 32 20 för
534 214 64 26 ingen
614 213 34 21 del
663 215 31 19 att
708 213 136 27 obilligheten
861 213 58 21 alltid

94 242 69 20 blefve
186 242 54 20 häfd.
270 242 31 26 Ty
319 242 146 20 erfarenheten
481 242 7 20 i
504 242 70 21 denna
593 242 45 21 stad
655 242 38 20 har
708 242 111 27 ådagalagt
839 244 30 19 att
884 242 35 20 det

94 270 205 21 existensminimum
314 270 21 20 af
347 270 42 21 800
403 270 65 27 mark,
481 271 80 20 hvilket
569 270 108 21 härstädes
686 272 22 19 är
716 270 85 28 fritaget
807 271 47 20 från
865 270 54 21 skatt

94 299 32 20 till
143 299 137 27 kommunen,
296 305 85 14 snarare
396 301 23 18 är
434 299 32 21 för
475 299 44 27 lågt
529 301 26 19 än
567 300 32 20 för
609 300 55 26 högt.
683 299 32 21 En
727 299 77 27 mängd
817 305 103 21 personer

93 334 46 14 som
156 328 52 20 varit
222 327 87 27 päförda
324 327 35 21 två
373 328 106 20 skattören
496 328 32 20 för
543 328 42 20 300
601 328 71 20 marks
687 328 94 20 inkomst
799 328 39 20 och
849 328 70 20 därför

94 355 47 22 bort
156 356 70 21 betala
240 356 32 20 för
288 358 29 18 ett
332 356 97 27 skattöre,
445 356 62 21 hafva
522 356 107 27 nämligen
642 357 46 20 icke
699 356 85 21 förmått
795 357 62 21 detta,
868 358 50 19 utan

94 385 62 21 hafva
178 385 62 21 deras
262 391 64 14 namn
349 384 126 22 återfunnits
495 385 7 20 i
525 385 253 27 afkortningslängderna.
807 385 40 21 Till
867 385 52 27 följd

94 414 59 21 däraf
175 414 63 20 hafva
258 413 224 28 taxeringsnämderna
497 414 27 27 på
539 420 74 15 senare
629 414 55 21 tider
698 416 41 19 sett
754 414 32 27 sig
800 413 119 22 föranlåtna

94 445 30 18 att
139 443 43 20 ofta
205 449 41 20 nog
269 442 39 21 och
323 442 6 20 i
345 443 115 25 synnerhet
475 443 26 20 då
516 443 79 20 sådana
611 443 112 20 ömmande
741 443 179 27 omständigheter

94 471 120 26 förefinnas,
229 477 44 14 som
290 471 7 20 i
316 471 25 20 19
353 471 12 26 $
376 473 95 24 nämnas,
481 471 46 20 från
538 471 98 27 taxering
646 472 76 26 fritaga
733 478 104 21 personer,
848 471 71 21 hvilka

94 499 62 21 hafva
179 499 81 21 mindre
283 501 25 18 än
334 500 59 26 1,000
413 499 71 21 marks
507 500 131 21 årsinkomst.
668 500 42 27 Jag
732 500 38 21 har
790 502 69 19 ansett
874 500 43 27 mig

95 528 50 21 böra
160 528 82 27 påpeka
258 528 61 21 dessa
334 528 178 27 omständigheter
527 529 31 20 till
574 529 118 20 beaktande
708 529 22 20 af
744 529 107 21 utskottet.

162 585 33 21 Hr
210 585 204 27 Schybergson:
444 585 60 21 Efter
519 585 26 21 de
568 585 128 28 föregående
712 586 137 21 uttalandena
865 586 53 20 åter-

95 613 43 21 står
152 614 33 20 för
200 614 43 27 mig
265 614 74 21 endast
354 616 30 19 att
406 614 74 21 förena
495 615 43 26 mig
561 621 34 14 om
611 615 48 20 dem
675 615 40 20 och
731 615 98 20 särskildt
844 621 34 14 om
894 615 25 20 hr

94 642 64 21 Lilles
174 643 104 26 yttrande.
298 642 42 21 Det
355 649 63 20 synes
434 643 43 26 mig
492 643 100 26 tämligen
609 643 55 21 klart
678 645 36 25 att,
729 644 65 20 innan
810 650 43 20 nya
863 643 56 20 skat-

95 674 32 17 ter
142 671 64 20 blifva
223 671 72 20 landet
318 671 94 27 pålagda,
435 671 164 28 besparingarna
622 672 5 19 i
644 672 150 21 statskontoret
809 672 109 21 efterhand

95 706 46 14 som
156 700 149 20 annuiteterna
320 700 74 26 inflyta
409 700 59 21 skola
484 702 59 25 tagas
558 701 7 19 i
581 700 89 27 anspråk
682 701 39 20 och
731 701 77 26 jämväl
819 701 99 26 begräns-

95 728 78 27 ningen
190 728 77 21 mellan
282 729 136 26 regeringens
433 735 79 20 pengar
527 729 38 20 och
578 729 124 20 ständernas
719 735 80 21 pengar
814 728 103 21 afskaffas.

96 756 76 21 Denna
187 757 69 26 tanke,
272 763 44 14 som
332 757 33 20 väl
382 757 58 21 delas
456 757 88 21 öfveralt
559 758 7 19 i
582 757 45 21 vårt
641 757 57 27 land,
708 757 38 21 har
754 758 26 20 hr
789 757 53 21 Lille
854 757 64 21 emel-

96 785 60 21 lertid
173 785 23 21 så
211 785 131 27 fullständigt
357 786 116 26 motiverat,
489 788 30 19 att
533 786 36 27 jag
583 786 47 21 icke
642 786 100 21 behöfver
752 786 113 27 uppehålla
875 786 43 27 mig

97 813 78 21 därvid.
206 813 49 21 Men
271 815 66 20 ehuru
352 815 36 26 jag
403 814 94 27 sålunda,
513 815 7 20 i
535 815 66 20 likhet
617 815 47 20 med
680 815 26 20 de
724 815 127 27 föregående
867 815 51 20 tala-

97 849 56 15 rene,
168 843 79 26 hoppas
262 844 30 19 att
308 843 68 20 denna
392 843 128 27 proposition
535 843 47 21 icke
598 843 52 20 skall
666 843 32 21 till
710 844 68 27 någon
789 843 71 28 åtgärd
871 843 47 20 från

97 871 123 20 ständernas
243 871 45 20 sida
310 871 113 24 föranleda,
446 874 42 18 tror
503 872 35 26 jag
554 872 43 27 mig
612 872 53 21 dock
681 872 57 27 böra,
754 872 47 21 med
818 872 99 21 afseende

95 899 12 20 å
123 899 141 27 möjligheten,
280 907 33 13 om
337 900 63 21 också
415 900 46 21 icke
477 900 160 21 sannolikheten
662 901 21 20 af
706 907 25 14 en
748 907 69 14 annan
833 901 85 27 utgång,

95 928 109 21 framhålla
220 930 77 19 tvänne
313 928 234 28 detaljanmärkningar.
577 929 47 21 Den
641 935 40 14 ena
697 929 65 27 gäller
780 929 138 21 slutmomen-

95 958 30 19 tet
146 957 7 20 i
169 957 11 26 $
197 957 32 26 14,
245 957 37 20 där
297 957 34 21 det
353 957 85 28 stadgas
454 959 29 19 att
502 957 212 28 inkomstbevillning
728 958 46 21 icke
790 958 52 21 skall
859 959 59 26 utgö-

95 991 34 14 ras
144 985 32 20 för
191 985 79 28 ökning
285 985 21 21 af
320 986 147 27 förmögenhet
481 993 76 20 genom
574 987 37 24 arf,
623 987 68 26 gåfva,
702 987 140 25 lifförsäkring
853 993 26 14 m.
891 993 26 14 m.

94 1013 47 21 Den
157 1014 87 27 princip,
267 1021 44 14 som
335 1014 67 27 ligger
425 1015 31 20 till
471 1015 70 26 grund
557 1015 75 26 härför,
648 1021 64 21 synes
727 1022 50 14 vara
792 1015 63 27 riktig
870 1021 47 20 nog,

94 1049 49 14 men
160 1043 233 27 bevillningsutskottet,
412 1043 32 21 till
459 1043 80 21 hvilket
560 1043 70 21 denna
644 1044 129 27 proposition
795 1044 123 26 remitteras,

95 1071 38 20 bör
148 1071 53 20 dock
216 1071 46 21 icke
278 1072 77 20 förbise
378 1074 29 18 att
424 1072 35 21 det
473 1072 66 21 redan
555 1079 29 13 nu
600 1072 69 27 någon
685 1073 56 26 gång
751 1073 70 26 händt,
833 1074 29 19 att
872 1079 46 20 per-

95 1105 67 21 soner,
177 1100 33 20 för
225 1100 135 21 undvikande
376 1101 21 20 af
409 1101 146 26 stämpelskatt
565 1101 26 27 på
601 1101 317 27 bouppteckningsinstrument,

94 1128 45 21 före
154 1128 32 21 sin
202 1129 41 20 död
260 1129 75 20 skänkt
350 1129 31 20 sin
398 1129 147 26 förmögenhet
557 1129 20 21 åt
590 1129 46 20 sina
647 1131 104 19 närmaste
762 1130 107 26 arfvingar
879 1129 38 20 och

95 1158 34 23 att,
149 1157 2 20 i
167 1157 99 21 händelse
290 1157 171 28 stämpelskatten
477 1158 65 27 höjes,
563 1158 109 21 frästelsen
690 1158 69 21 härtill
777 1159 67 26 ligger
860 1160 57 18 ännu

95 1187 95 19 närmare
213 1185 32 21 till
260 1186 71 21 hands.
362 1186 41 21 Det
418 1188 24 19 är
464 1187 70 20 därför
549 1187 45 20 skäl
617 1189 30 18 att
661 1187 7 20 i
684 1187 57 20 detta
764 1190 93 18 moment
873 1189 44 18 ute-

94 1212 55 21 sluta
164 1214 60 21 ordet
241 1214 92 27 »gäfva».

162 1241 79 22 Vidare
258 1243 37 20 ber
308 1244 35 26 jag
359 1245 30 19 att
410 1243 22 21 få
447 1243 54 21 fästa
524 1243 213 27 uppmärksamheten
753 1244 34 20 vid
805 1244 11 26 $
833 1244 32 25 66,
882 1244 37 20 där

94 1270 35 21 det
144 1271 84 27 stadgas
244 1273 30 19 att
289 1272 25 20 de
330 1272 106 20 allmänna
451 1272 284 28 uppbördsförfattningarna
745 1273 75 27 jämväl
833 1273 85 20 komma

93 1301 30 19 att
138 1299 105 28 tillämpas
258 1300 12 20 å
286 1300 258 28 bevillningsuppbörden.
574 1300 33 21 Då
623 1307 24 14 en
670 1308 28 20 ny
714 1302 55 20 skatt
784 1302 135 26 tillkommer,

93 1334 63 20 synes
173 1328 35 21 det
223 1329 43 27 mig
281 1329 106 27 nämligen
405 1336 49 14 vara
470 1330 28 20 all
513 1329 116 27 anledning
644 1332 30 18 att
689 1332 48 25 taga
752 1330 5 20 i
776 1330 142 26 betraktande,

93 1357 106 20 huruvida
213 1357 47 21 icke
276 1358 61 20 dessa
353 1358 256 27 uppbördsförfattningar
624 1358 70 21 lämna
704 1358 101 28 åtskilligt
815 1359 64 26 öfrigt
889 1360 30 19 att

94 1385 71 27 önska,
181 1386 105 20 huruvida
302 1386 25 21 de
343 1386 46 21 icke
405 1386 51 21 böra
471 1386 66 21 blifva
552 1386 88 21 föremål
661 1387 33 20 för
709 1394 26 14 en
751 1387 98 27 grundlig
864 1387 55 20 revi-

94 1413 51 21 sion.
175 1414 61 20 Inom
252 1414 133 28 Helsingfors
409 1415 102 20 kommun
535 1415 38 20 har
595 1415 35 21 det
649 1422 45 14 mer
709 1418 26 18 än
752 1422 25 14 en
794 1416 55 26 gång
865 1415 54 21 varit

92 1442 59 26 fråga
166 1448 35 14 om
216 1443 111 21 införande
343 1444 20 20 af
379 1445 30 19 ett
424 1444 42 20 vite
481 1444 33 20 för
529 1444 55 23 dem,
601 1450 43 14 som
661 1444 111 20 underlåta
787 1446 30 18 att
832 1444 49 26 själf
892 1443 27 27 på

93 1470 94 21 bestämd
211 1471 41 27 dag
273 1472 93 20 inbetala
389 1472 145 26 utskylderna.
564 1472 68 20 Dessa
654 1473 79 26 förslag
749 1473 61 20 hafva
826 1472 93 27 ständigt

91 1498 82 27 afböjts,
189 1500 89 20 emedan
302 1500 25 20 de
342 1503 79 17 ansetts
436 1500 65 21 strida
517 1503 44 18 mot
579 1500 282 28 kommunalförfattningen,
878 1501 38 20 och

91 1526 79 22 sådana
186 1528 97 26 åtgärder
298 1528 71 21 därför
384 1528 47 21 icke
447 1529 83 21 kunnat
545 1535 38 21 ega
601 1535 59 17 yum,
676 1532 50 18 utan
740 1530 87 20 särskild
839 1529 80 27 lagstift
