1095 1717
202 126 42 20 446
402 132 179 21 Borgareståndet
593 132 57 17 1894.
676 132 22 17 18
710 136 62 13 mars.

174 210 41 27 del,
240 211 69 21 såsom
333 212 36 27 jag
393 212 65 20 redan
481 212 84 27 nämde,
587 212 47 21 icke
657 214 65 19 annat
744 213 27 19 än
791 213 70 19 varmt
876 210 128 22 understöda

175 240 113 21 utskottets
303 240 62 21 kläm.

244 302 34 22 Hr
292 302 128 30 Lindén:
436 303 41 28 Jag
492 304 39 20 har
545 303 32 21 till
593 310 26 14 en
636 304 33 20 del
686 303 69 21 blifvit
769 303 146 21 förekommen
930 302 21 21 af
961 302 41 22 den

175 334 85 18 senaste
275 332 85 20 talaren.
389 332 72 21 Äfven
475 332 36 27 jag
526 338 63 15 anser
603 334 30 19 att
648 332 36 21 det
699 332 78 26 arbete,
792 338 45 14 som
853 331 78 27 åsyftar
941 331 63 27 dryc-

175 360 133 28 kenskapens
323 360 126 22 minskande
465 361 38 21 och
517 360 110 22 drinkares
638 360 131 28 förbättring,
779 362 24 19 är
812 360 61 21 värdt
885 360 29 21 alt
925 360 78 20 under-

173 388 52 22 stöd.
266 388 70 22 Staten
363 389 134 21 underhåller
520 390 24 26 ju
569 389 107 21 allmänna
700 388 219 28 sjukvårdsanstalter.
958 388 42 21 Det

176 417 98 27 stadium,
301 418 6 20 i
325 418 80 21 hvilket
421 418 114 21 drinkaren
552 418 65 27 råkat,
632 420 24 19 är
671 418 61 21 äfven
749 419 29 20 ett
793 417 208 28 sjukdomsstadium,

174 446 55 21 ifrån
246 447 81 20 hvilket
341 447 42 20 han
398 447 47 20 icke
461 447 41 20 kan
519 447 49 21 med
584 453 55 21 egna
654 447 80 21 krafter
748 446 89 21 utträda.
867 445 42 22 Det
923 448 23 19 är
956 446 46 21 där-

174 475 34 20 för
223 475 78 27 nyttigt
316 478 29 18 att
361 475 35 21 det
410 475 69 21 finnas
495 475 102 21 anstalter
612 475 79 21 sådana
706 481 47 15 som
766 475 75 24 Turva,
852 475 83 20 hvarest
945 475 58 20 drin-

174 503 66 21 karen
264 504 99 27 möjligen
389 504 42 21 kan
453 504 59 21 finna
536 504 41 21 bot.
607 503 48 22 Den
678 511 30 14 nu
723 503 160 28 ifrågavarande
898 503 103 21 anstalten

175 532 42 21 kan
240 532 34 21 för
294 533 113 20 framtiden
431 533 90 27 troligen
544 533 47 20 icke
611 533 66 20 räkna
692 532 27 28 på
734 532 121 26 understöd,
870 532 43 21 lika
928 531 75 28 rikliga

174 567 46 14 som
243 561 40 20 den
306 561 65 21 hittils
393 561 158 28 tillgodonjutit,
575 561 65 21 sedan
661 561 256 27 utskänkningsbolagens
938 561 65 20 vinst-

175 589 70 21 medel
262 589 30 21 till
309 589 34 22 två
358 590 125 21 femtedelar
498 590 86 21 komma
600 593 30 18 att
640 590 26 27 gå
679 589 31 22 till
723 589 279 21 kommunikationsfonden.

173 617 33 22 De
228 618 114 21 statistiska
357 619 112 27 uppgifter,
484 619 73 20 hvilka
572 619 54 20 varit
640 619 33 20 för
688 618 102 21 utskottet
805 618 135 27 tillgängliga,
957 618 44 20 visa

175 649 30 18 att
226 647 62 20 dessa
303 647 78 27 anslag,
397 647 54 21 ifrån
467 649 30 19 att
512 647 63 21 hafva
591 647 54 21 varit
660 647 55 21 ända
730 647 32 21 till
779 647 75 23 18,900
869 647 65 26 mark,
951 646 51 21 ned-

175 675 45 27 gått
240 675 33 21 till
295 676 60 26 9,700
378 676 66 21 mark.
474 675 64 22 Detta
559 676 81 21 utvisar
658 676 66 21 redan
740 682 26 14 en
782 675 68 28 tydlig
865 675 89 21 tendens
969 675 32 20 till

174 704 145 27 nedåtgående
335 705 21 20 af
371 704 108 27 bidragen,
495 704 72 21 hvilka
582 705 70 20 säkert
668 705 85 20 komma
768 706 29 19 att
812 704 108 25 uteblifva,
935 703 65 21 sedan

174 732 109 28 värkligen
300 733 34 21 två
346 733 125 21 femtedelar
481 733 21 21 af
512 733 258 27 utskänkningsbolagens
780 732 126 21 vinstmedel
917 732 84 21 komma

174 763 30 19 att
227 761 116 21 öfverföras
365 761 32 21 till
420 761 281 22 kommunikationsfonden.
731 761 42 28 Jag
796 761 37 21 ber
851 761 70 20 därför
936 762 29 19 att
980 760 22 21 få

175 789 129 22 understöda
319 790 112 21 utskottets
446 790 84 27 förslag.

244 851 70 22 Sedan
340 853 148 20 diskussionen
516 853 51 20 härå
591 853 112 20 förklarats
728 852 98 27 afslutad,
841 851 121 21 framstälde
977 851 26 21 hr

175 880 123 21 talmannen
313 881 32 20 till
361 881 94 21 ståndets
471 881 130 21 besvarande
615 881 93 27 följande
720 880 281 27 omröstningsproposition:

245 943 39 26 De,
298 943 75 21 hvilka
386 944 117 27 godkänna
519 944 118 21 allmänna
653 943 200 22 besvärsutskottets
868 943 134 21 betänkande

174 979 40 14 n:o
231 973 21 26 6,
268 974 59 19 rösta
335 972 42 27 ja;
393 973 31 26 de,
440 973 35 20 det
488 973 46 20 icke
547 975 61 24 göra,
624 974 60 19 rösta
698 972 51 27 nej;

244 1000 80 21 vinner
338 1001 43 27 nej,
397 1001 41 20 har
454 1001 176 28 borgareståndet
646 1001 87 20 beslutit
747 1001 76 20 lämna
833 1000 42 21 den
885 1000 29 27 af
920 1000 82 20 utskot-

176 1030 30 19 tet
220 1029 127 28 föreslagna
359 1029 124 28 petitionen
497 1031 57 20 utan
569 1029 106 28 afseende.

244 1091 44 21 Vid
308 1092 82 21 anstäld
413 1092 96 27 votering
532 1092 126 21 besvarades
682 1092 70 21 denna
767 1091 127 27 proposition
911 1090 46 21 med
974 1091 27 20 39

176 1120 21 27 ja
212 1120 41 21 och
270 1121 24 20 17
311 1121 40 26 nej,
366 1121 32 20 till
413 1121 52 26 följd
481 1121 74 20 hvaraf
571 1121 112 20 utskottets
698 1119 135 22 betänkande
843 1119 69 21 blifvit
923 1119 20 21 af
953 1119 49 20 bor-

174 1148 136 27 gareståndet
324 1149 114 27 godkändt.

243 1211 50 21 Med
309 1211 100 21 afseende
424 1211 12 21 å
452 1212 171 27 omröstningens
638 1211 81 28 utgång
734 1211 39 21 och
789 1210 27 21 då
829 1210 174 27 borgareståndet

175 1239 90 27 tidigare
290 1240 85 21 beslutit
397 1242 31 19 att
450 1240 72 27 slutlig
542 1240 99 27 pröfning
663 1240 21 20 af
702 1241 67 20 större
785 1239 154 27 anslagsfrågor
954 1239 47 20 icke

175 1268 71 21 skulle
262 1268 37 21 ske
313 1269 65 20 innan
395 1269 165 20 statsutskottets
570 1268 99 28 yttrande
680 1268 119 26 inhämtats,
811 1267 156 21 öfverlämnade
978 1267 26 20 hr

174 1296 130 28 talmannen,
326 1304 46 14 som
394 1297 47 21 icke
464 1298 66 27 ansåg
551 1298 33 26 sig
606 1298 74 20 kunna
695 1297 73 27 afgöra
783 1296 32 21 till
830 1296 81 21 hvilket
925 1296 76 26 belopp

175 1327 30 19 ett
226 1326 73 27 anslag
321 1326 65 20 borde
407 1326 71 27 uppgå
497 1326 34 20 för
555 1328 30 19 att
600 1326 74 20 remiss
689 1326 33 20 till
737 1325 155 21 statsutskottet
906 1324 7 20 i
929 1324 74 20 nämdt

174 1354 102 21 afseende
296 1354 68 21 skulle
379 1360 39 22 ega
434 1361 52 20 rum,
499 1354 32 22 till
546 1354 94 21 ståndets
657 1354 115 28 afgörande
788 1353 105 21 huruvida
908 1352 95 22 ståndets

174 1388 52 21 nyss
248 1382 79 22 fattade
343 1382 71 22 beslut
428 1382 65 22 borde
509 1383 68 21 såsom
594 1382 106 22 definitivt
715 1382 53 21 eller
782 1381 109 22 eventuelt
906 1387 67 15 anses.

243 1439 35 21 Hr
298 1446 51 14 von
368 1440 98 20 Pfaler
489 1440 71 20 anhöll
583 1446 34 14 om
639 1440 60 20 ordet
714 1440 40 20 och
770 1438 92 27 yttrade:
877 1438 42 27 Jag
933 1438 70 20 skulle

174 1467 26 21 be
216 1470 31 18 att
268 1468 21 20 få
303 1468 78 20 föreslå
396 1468 36 21 det
447 1468 173 27 borgareståndet
635 1468 75 21 endast
726 1467 68 21 skulle
810 1467 121 21 underrätta
941 1468 62 20 stats-

174 1496 104 21 utskottet
302 1502 33 15 om
361 1497 35 20 sitt
420 1496 69 21 beslut
508 1497 7 20 i
538 1497 71 20 saken.
639 1496 71 28 Något
732 1496 99 21 särskildt
853 1495 107 21 utlåtande
982 1495 22 21 af

174 1524 155 22 statsutskottet
343 1525 43 20 kan
401 1525 106 27 svårligen
523 1531 90 15 numera
627 1525 85 21 komma
728 1525 7 20 i
750 1524 65 28 fråga.
