1095 1717
208 103 40 21 650
416 110 179 22 Borgareståndet
609 111 56 17 1894.
690 111 23 17 13
726 110 59 22 april.

180 189 128 21 densamma.
338 189 55 22 Från
416 190 67 22 andra
497 190 62 22 stånd
575 191 59 21 torde
651 191 34 21 väl
700 190 64 22 också
779 191 85 27 jurister
878 191 84 21 komma
977 193 30 19 att

179 218 32 21 till
226 218 36 21 det
277 218 101 22 särskilda
393 219 103 23 utskottet
510 219 97 27 inväljas,
623 220 39 20 och
677 220 69 21 skulle
762 220 116 28 någonting
893 220 36 20 där
940 219 66 21 blifva

180 246 108 26 förbisedt,
302 247 23 21 så
341 249 35 19 äro
392 248 42 21 alla
450 248 94 21 ståndets
554 248 86 27 jurister
650 248 38 21 här
691 242 10 38 i
715 248 83 22 tillfälle
809 250 30 19 att
848 250 47 26 taga
906 248 100 21 utskottet

179 275 39 21 och
241 275 48 21 dess
310 276 71 21 arbete
401 276 7 20 i
424 278 97 19 närmare
536 276 164 22 skärskådande.
730 277 42 27 Jag
786 279 43 19 tror
844 279 29 19 att
888 277 35 21 det
936 276 70 22 finnes

179 303 125 29 tillräckliga
322 304 154 28 billighetsskäl
492 312 46 14 som
553 306 103 20 motivera
672 307 30 19 ett
716 306 119 27 antagande
850 306 47 20 från
912 305 93 21 ståndets

179 332 45 21 sida
246 333 22 20 af
290 333 162 27 inbjudningen.
482 334 41 20 För
545 334 83 21 ståndet
643 334 68 28 ligger
726 334 73 28 frågan
815 334 44 21 helt
873 334 132 21 annorlunda

179 362 27 19 än
226 361 41 21 den
288 362 81 21 kunnat
384 365 21 18 te
420 362 33 28 sig
467 362 34 21 för
516 362 240 27 talmanskonferensen,
772 363 84 21 hvilken
871 363 22 27 ju
908 363 53 21 hade
977 362 28 21 all

179 389 116 29 anledning
310 392 29 20 att
355 390 56 21 hålla
426 392 32 26 sig
473 391 32 21 till
521 391 36 21 det
571 393 81 25 strängt
667 392 103 20 formella.

247 447 33 20 Hr
302 444 120 25 Öhman:
446 448 57 21 Utan
519 450 30 19 att
563 449 73 20 vidare
652 449 50 26 vilja
716 449 51 27 ingå
781 449 7 20 i
804 449 124 21 bemötande
943 449 21 20 af
978 449 26 20 hr

178 475 90 28 Elvings
282 476 157 28 invändningar
455 480 43 17 mot
514 477 47 21 mitt
576 479 83 19 senaste
674 477 106 27 yttrande,
796 477 37 21 ber
847 478 34 27 jag
897 480 28 18 att
939 477 7 21 i
961 477 42 21 for-

178 504 52 21 melt
249 504 99 21 afseende
370 507 58 18 ännu
444 505 21 21 få
480 505 111 21 framhålla
607 508 29 19 att
651 506 36 21 det
702 508 22 19 är
740 506 81 27 möjligt
837 509 29 18 att
880 507 7 20 i
903 506 55 21 detta
973 512 30 14 nu

178 534 31 19 tre
232 532 60 21 stånd
315 533 42 21 alla
378 534 67 21 redan
467 535 116 20 remitterat
606 535 87 20 ärendet
715 535 33 20 till
770 535 135 27 lagutskottet
919 537 39 18 och
973 537 30 18 att

179 563 79 19 tvänne
279 561 60 22 stånd
360 562 93 21 vidhålla
468 563 32 20 sin
516 563 55 21 åsikt
586 565 30 19 att
630 563 158 28 propositionen
805 563 37 21 bör
857 563 20 21 af
892 563 63 28 sagda
970 566 33 18 ut-

179 589 56 22 skott
258 590 121 21 behandlas.
406 591 10 20 I
432 591 101 22 händelse
549 591 174 28 borgareståndet
738 599 30 13 nu
783 592 129 21 omedelbart
927 591 76 22 ändrar

178 619 36 20 sitt
236 619 76 24 beslut,
334 620 71 20 kunde
429 620 36 21 det
487 620 89 21 sålunda
598 620 83 21 inträffa
704 623 30 18 att
750 621 33 20 två
805 621 60 20 stånd
881 621 121 26 därigenom

177 647 85 22 komme
287 650 28 19 att
337 651 76 19 stanna
435 651 44 18 mot
502 649 26 21 de
544 649 35 21 två
595 649 66 27 öfriga
677 649 39 21 och
732 649 89 21 sålunda
836 649 63 21 redan
916 655 86 15 vunnen

177 676 192 28 ständerpluralitet
391 677 122 28 upphäfvas.
553 677 64 22 Detta
639 684 50 15 vore
710 678 79 27 ganska
815 677 123 28 obehagligt,
963 678 39 20 och

177 707 44 18 tror
240 705 36 28 jag
292 705 69 22 därför
383 709 31 18 att
436 706 35 21 det
494 713 49 14 vore
566 707 46 20 bäst
627 709 30 18 att
672 707 42 21 låta
730 707 87 20 ärendet
832 707 49 20 bero
896 706 31 21 till
942 708 60 19 nästa

177 733 93 27 plenum.

246 791 69 21 Sedan
337 791 149 29 diskussionen
509 792 50 21 härå
582 792 111 21 förklarats
716 793 97 26 afslutad,
836 792 120 22 framstälde
977 792 25 21 hr

176 819 130 28 talmannen,
328 820 26 21 då
377 821 24 20 hr
424 821 81 20 Öhman
523 821 96 27 återtagit
634 821 36 20 sitt
685 821 79 27 förslag
779 828 34 13 om
829 821 96 21 ärendets
940 820 62 21 bord-

176 847 108 28 läggning,
299 849 94 27 följande
409 849 283 28 omröstningsproposition:

246 905 38 26 De,
301 905 74 22 hvilka
389 906 56 28 vilja
456 908 83 25 antaga
550 906 26 21 R.
590 913 18 14 o.
622 907 40 20 A:s
672 907 135 27 inbjudning
820 913 35 14 om
866 907 134 20 tillsättande

176 933 29 27 af
216 935 30 19 ett
260 934 104 21 särskildt
377 935 83 21 utskott
474 935 37 27 för
525 935 161 28 behandlingen
701 935 29 28 af
741 935 82 28 nådiga
835 935 165 28 propositionen

176 969 38 14 n:o
231 963 38 26 32,
285 965 59 18 rösta
356 963 37 26 ja;
408 963 32 27 de,
456 963 35 21 det
505 963 44 21 icke
565 964 61 27 vilja,
642 965 59 20 rösta
716 964 48 27 nej;

244 991 80 21 vinner
345 992 42 27 nej,
411 992 43 21 har
476 992 174 27 borgareståndet
672 992 88 21 beslutit
775 992 106 27 vidblifva
896 992 38 21 sitt
950 992 50 21 tidi-

174 1025 52 43 Jon
254 1020 93 21 rörande
372 1020 179 28 propositionens
581 1021 78 20 remiss
689 1021 36 20 till
755 1021 137 27 lagutskottet
917 1021 83 27 fattade

188 1048 63 21 eslut.

244 1105 160 28 Propositionen
420 1105 127 22 besvarades
562 1106 49 21 med
627 1106 156 27 öfvervägande
793 1106 26 27 ja.
849 1105 87 21 Ständet
946 1105 53 21 hade

174 1133 90 24 således,
279 1134 47 21 med
339 1134 130 27 frångående
480 1135 21 20 af
511 1135 36 21 sitt
557 1135 57 20 förut
623 1135 8 20 i
641 1135 65 20 saken
717 1135 79 20 fattade
808 1134 73 27 beslut,
892 1134 39 21 och
942 1136 58 19 anta-

174 1162 70 27 gande
256 1162 22 21 af
289 1162 24 21 R.
326 1169 17 14 o.
355 1163 38 20 A:s
408 1163 161 27 ifrågavarande
581 1163 133 27 inbjudning,
727 1163 86 20 beslutit
823 1165 30 18 att
864 1163 33 20 för
907 1162 93 21 behand-

174 1190 73 27 lingen
259 1191 21 20 af
290 1191 154 21 ofvanberörda
454 1191 76 28 nådiga
541 1192 130 27 proposition
682 1191 87 22 tillsätta
777 1193 29 19 ett
814 1191 97 20 särskildt
920 1191 79 20 utskott

175 1218 114 22 bestående
295 1219 20 21 af
322 1221 31 19 tre
361 1220 140 21 medlemmar
507 1221 39 20 och
555 1221 36 20 två
599 1220 145 27 suppleanter;
756 1220 45 27 och,
808 1219 27 28 på
845 1219 154 27 framställning

174 1247 22 20 af
217 1247 25 20 hr
265 1247 144 28 Neovius,
434 1249 107 27 uppdrogs
556 1249 21 20 åt
593 1249 93 20 ståndets
710 1248 105 21 elektorer
837 1250 34 23 att,
887 1248 64 21 sedan
967 1254 32 14 er-

173 1275 59 22 farits
256 1276 35 21 det
311 1277 157 21 ständerbeslut
491 1277 128 21 härutinnan
641 1277 101 27 föreläge,
757 1277 31 21 till
804 1277 35 21 det
853 1276 89 21 sålunda
957 1276 42 21 till-

173 1306 54 19 satta
244 1305 100 21 utskottet
360 1308 46 18 utse
423 1306 73 27 nödigt
511 1306 58 20 antal
585 1306 116 21 ledamöter
716 1306 40 20 och
772 1305 139 28 suppleanter.

243 1362 31 20 Pä
288 1362 68 27 grund
369 1362 22 21 af
401 1362 94 22 ständets
505 1363 7 20 i
523 1363 151 21 ofvanstäende
686 1362 65 22 mätto
762 1362 78 21 fattade
851 1361 68 21 beslut
929 1361 69 21 skulle

173 1390 77 27 utdrag
272 1397 26 13 ur
319 1391 133 27 protokollet,
467 1392 146 20 innefattande
629 1392 41 20 den
687 1391 126 27 diskussion,
829 1397 43 14 som
889 1390 109 27 försiggätt

172 1418 36 21 vid
230 1418 179 29 föredragningen
432 1420 21 20 af
473 1420 161 27 ifrägavarande
659 1420 136 27 proposition,
818 1419 30 21 till
871 1418 128 27 nyssnämda

172 1446 82 22 utskott
269 1448 7 20 i
290 1448 68 20 sinom
374 1448 30 20 tid
420 1448 141 21 öfversändas.
