1095 1717
186 124 42 21 184
407 129 181 22 Borgareståndet
601 130 59 17 1894.
685 130 23 17 12
721 129 51 17 febr.

158 210 66 21 andra
238 210 62 21 sidan
315 210 35 21 det
364 210 104 22 rationela
481 210 243 26 forstkultursintresset,
740 211 50 19 utan
804 211 30 19 att
845 208 140 22 underkänna

157 239 71 21 vikten
254 239 22 20 af
295 238 135 28 jordbrukets
445 239 148 27 utsträckning
608 238 62 21 äfven
686 238 32 22 till
734 238 159 27 ifrågavarande
907 237 78 27 jordar,

158 269 69 19 ansett
250 268 73 26 nödigt
345 269 30 19 att
397 268 7 20 i
425 269 80 19 statens
528 274 39 20 ego
590 267 106 21 bibehålla
719 273 27 15 en
762 266 23 22 så
800 268 43 19 stor
858 266 33 21 del
907 266 21 21 af
942 266 42 21 den

158 296 107 27 egentliga
280 296 150 27 skogsmarken
446 302 45 15 som
507 296 82 27 möjligt
605 296 39 20 och
659 296 39 20 har
713 295 72 21 därvid
801 295 47 21 sökt
863 295 121 21 säkerställa

157 324 71 22 denna
252 324 34 22 del
308 326 44 19 mot
373 324 41 21 alla
430 324 26 22 de
471 324 72 27 vådor,
559 331 45 14 som
620 330 77 20 genom
714 326 115 25 egennytta
844 324 39 20 och
898 324 88 26 misstag

157 353 35 21 vid
209 353 149 27 bosättningen
374 353 7 20 i
397 353 128 21 ödemarken
541 353 42 21 kan
597 353 50 20 hota
663 352 129 22 densamma.

227 381 98 28 Kampen
347 382 90 20 emellan
454 382 26 20 de
497 382 56 20 olika
569 382 111 26 åsikterna,
695 381 73 21 hvilka
782 381 38 21 lätt
834 381 54 21 hade
903 380 83 21 kunnat

158 410 184 28 sammanjämkas,
365 410 38 21 har
425 410 82 28 skärpts
530 416 77 22 genom
630 410 26 21 de
680 410 133 27 vidtgäende,
834 410 49 27 inga
899 409 87 27 utgifter

158 439 96 27 skyende
274 439 83 27 förslag,
372 446 46 14 som
434 439 191 28 odlingstintresset
640 439 82 26 lyckats
737 439 123 27 genomföra
874 438 27 27 pä
915 437 69 28 grund

158 467 22 21 af
202 469 30 20 ett
254 467 139 28 betänkande,
417 468 88 27 afgifvet
525 468 21 21 af
565 468 133 27 majoriteten
714 467 59 21 inom
788 467 41 21 den
845 467 23 20 är
884 467 52 20 1886
952 466 34 21 för

156 496 87 27 frågans
259 496 84 27 lösning
358 497 96 20 nedsatta
471 497 99 20 komiten.
600 496 76 21 Därtill
692 496 85 21 komma
791 497 114 25 yttermera
918 495 25 20 de
955 495 29 20 fel

158 525 39 20 och
220 525 93 28 misstag,
335 525 72 21 hvilka
430 525 69 21 under
521 527 84 19 senaste
627 525 60 26 tider,
710 525 86 20 oaktadt
817 523 169 28 forststyrelsens

158 553 138 28 afstyrkande
311 554 131 27 utlåtanden,
458 554 81 27 begåtts
555 553 35 21 vid
607 553 152 28 dispositionen
775 553 21 20 af
810 553 119 26 kronoskog
945 552 39 21 och

156 582 45 21 ledt
224 582 32 21 till
277 584 29 19 att
326 583 81 20 kronan
428 582 44 27 gått
487 582 98 27 förlustig
601 589 26 14 en
643 582 79 27 dyrbar
738 581 102 28 egendom
857 581 30 21 till
903 581 81 20 förmån

156 611 34 20 för
214 611 41 20 den
279 611 94 21 enskilda
397 611 162 27 spekulationen
582 611 39 20 och
644 610 219 27 vinningslystnaden,
884 611 51 19 utan
956 611 29 19 att

158 639 123 28 därigenom
297 640 26 27 på
338 639 65 26 något
418 641 40 19 sätt
473 640 100 27 odlingen
590 640 38 20 och
642 639 148 27 jordkulturen
804 639 119 26 befrämjats
935 638 51 21 eller

158 668 43 21 den
217 668 112 21 obesuttna
344 668 150 27 befolkningen
512 668 118 21 hänvändts
646 668 32 21 till
694 668 70 20 denna
780 667 79 27 näring.

226 697 36 20 Må
286 697 73 21 endast
381 697 65 27 några
469 697 98 27 exempel
589 697 65 26 därpå
675 697 37 20 här
728 696 90 26 anföras,
833 695 71 21 hvilka
919 695 66 21 tillika

156 727 36 19 äro
216 725 92 21 särdeles
330 725 145 22 betecknande
498 725 33 21 för
554 725 41 21 den
618 725 132 20 närvarande
773 724 101 28 politiken
896 724 7 20 i
916 724 69 21 denna

156 754 64 27 fråga.

226 783 73 27 Enligt
313 783 70 27 utslag
397 783 22 20 af
434 783 42 20 den
493 783 26 20 14
535 783 41 20 okt.
595 783 55 20 1874
665 782 55 21 hade
733 783 86 20 senaten
832 781 113 25 förordnat,
956 782 30 19 att

158 811 27 21 de
200 811 60 21 inom
275 811 103 28 Bengtilä,
393 811 77 21 Länttä
485 811 38 21 och
540 811 92 21 Tenhola
648 811 166 26 samfälligheter
829 810 6 20 i
845 809 103 27 Kivijärvi
956 809 29 27 by

156 840 22 20 af
201 839 116 22 Viitasaari
339 840 79 21 socken
441 840 90 27 belägna
555 846 14 14 s.
591 840 19 20 k.
632 839 140 28 impediment
792 845 34 14 om
847 838 139 21 tillsammans

158 869 76 25 22,342
250 868 104 21 tunnland
371 869 49 26 35/;
435 869 106 26 kappland
558 868 68 21 skulle
637 868 33 21 för
680 868 94 20 kronans
784 867 90 27 räkning
884 867 101 26 utbrytas.

156 896 48 21 Den
227 897 27 20 10
276 897 41 27 maj
340 897 54 21 1887
417 897 37 21 har
474 899 87 19 senaten
584 897 117 20 emellertid
721 896 7 20 i
744 896 114 26 anledning
874 895 21 21 af
909 895 77 20 under-

158 925 64 28 dänig
237 925 99 21 anhällan
352 932 34 14 om
401 925 124 28 förändring
537 925 22 21 af
570 925 88 21 berörda
669 925 71 26 utslag
750 924 109 21 förordnat
873 925 30 19 att
913 923 74 21 endast

157 955 79 20 tvänne
258 954 137 27 jordstycken
418 955 21 20 af
461 954 76 21 inalles
559 954 62 27 8,100
642 953 105 21 tunnland
766 953 68 20 skulle
849 952 80 21 kronan
944 952 42 21 för-

157 983 102 26 behällas,
282 983 108 20 hvaremot
407 983 35 20 det
457 983 68 26 öfriga
540 982 95 21 omrädet
650 982 48 21 med
715 982 28 20 all
759 981 50 21 därä
824 981 95 26 befintlig
934 980 53 28 skog

156 1011 33 21 till
212 1011 193 27 samfälligheterna
428 1011 115 21 öfverlätits
566 1012 57 19 emot
642 1011 136 26 skogsränta,
801 1009 47 21 frän
870 1009 116 27 utgörande

156 1040 76 20 hvaraf
254 1039 277 28 lägenhetsinnehafvarene
553 1039 53 21 dock
622 1039 90 21 erhållit
728 1040 32 19 50
774 1037 111 29 frihetsär.
916 1037 70 21 Forst-

157 1068 107 27 styrelsen
280 1068 52 21 hade
347 1070 87 19 motsatt
449 1069 31 26 sig
497 1068 192 27 egodispositionen
705 1067 33 21 för
754 1067 81 21 enskild
846 1066 90 27 räkning
946 1067 39 20 och

157 1097 73 20 därvid
254 1097 120 27 uppskattat
395 1097 92 27 skogens
507 1097 64 20 värde
587 1096 32 21 till
633 1096 82 21 inemot
731 1096 109 27 1,000,000
856 1095 64 20 mark.
951 1094 35 21 Mä

156 1125 38 21 här
210 1125 103 27 tilläggas,
329 1127 29 19 att
373 1125 69 21 under
458 1125 22 20 är
497 1125 54 21 1893
567 1125 45 20 frän
627 1124 77 21 Länttä
714 1125 40 20 och
764 1123 98 28 Bengtilä
873 1123 113 27 samfällig-

156 1153 46 21 hets
226 1160 57 21 egor,
306 1154 65 27 enligt
385 1154 7 20 i
408 1154 135 27 tidningarna
559 1153 70 27 synlig
644 1153 90 27 uppgift,
749 1152 83 21 försälts
849 1152 74 24 57,000
938 1151 48 21 tim-

156 1182 94 21 merträd
267 1184 56 19 emot
339 1183 11 20 5
366 1183 37 20 mk
418 1183 89 26 stycket,
522 1182 53 21 altsä
589 1182 33 21 för
637 1188 27 14 en
680 1188 84 14 summa
779 1181 21 20 af
815 1180 90 27 285,000
920 1180 65 21 mark.

226 1211 38 20 Ett
286 1211 99 20 liknande
409 1211 37 20 fall
469 1211 99 26 erbjuder
589 1210 87 21 ärendet
691 1209 110 28 angäende
816 1209 100 26 Kiminge
931 1215 55 14 sam-

156 1239 98 27 fällighet
269 1239 7 20 i
291 1239 112 27 Saarijärvi
419 1239 83 21 socken.
533 1239 73 27 Enligt
621 1241 99 18 senatens
732 1238 69 27 utslag
812 1237 21 21 af
843 1237 41 21 den
895 1237 27 20 23
933 1237 52 28 april

157 1268 56 20 1873
236 1267 139 21 förordnades
391 1269 30 19 att
437 1269 75 26 17,345
528 1267 104 21 tunnland
648 1267 109 21 skattbara
772 1266 83 21 marker
870 1265 68 21 skulle
953 1266 33 20 för

156 1296 94 21 kronans
273 1296 90 28 räkning
386 1296 97 28 utbrytas
505 1296 48 21 frän
575 1296 71 21 denna
660 1296 147 26 samfällighet.
837 1294 48 21 Den
901 1295 26 19 28
942 1294 42 27 maj

158 1326 55 20 1885
229 1325 39 20 har
284 1325 53 21 dock
353 1325 66 27 enligt
435 1327 98 19 senatens
549 1325 70 21 beslut
634 1325 57 21 detta
707 1324 70 26 utslag
791 1324 86 20 ändrats
891 1322 95 27 sälunda,

156 1355 30 19 att
208 1354 76 20 endast
305 1354 61 26 9,000
382 1354 111 26 tunnland,
508 1353 140 21 inberäknadt
664 1353 123 27 därigenom
803 1351 92 21 fallande
913 1351 73 20 »värk-

155 1382 56 27 liga»
236 1382 146 27 impediment,
405 1382 132 20 förbehällits
551 1382 87 26 kronan,
653 1382 111 20 hvaremot
779 1381 42 21 den
836 1380 67 27 öfriga
918 1379 68 21 öfver-

155 1410 139 28 loppsjorden
317 1410 117 21 öfverlätits
455 1410 30 21 till
509 1410 169 27 samfälligheten
700 1411 57 19 utan
779 1408 204 28 skatteförhöjning.

155 1438 167 27 Forststyrelsen
338 1439 55 21 hade
404 1440 85 20 motsatt
501 1439 32 27 sig
545 1438 174 28 egoafträdelsen.
749 1438 76 26 Nägon
836 1437 81 27 uppgift
927 1436 60 21 öfver

156 1467 92 28 skogens
265 1467 144 21 beskaffenhet
424 1468 7 20 i
447 1468 35 20 det
497 1467 96 21 afträdda
609 1467 95 21 omrädet
718 1466 115 21 förefinnes
847 1466 54 20 icke.

226 1495 50 21 Den
299 1496 26 20 30
345 1502 48 20 aug.
410 1496 55 20 1892
480 1496 55 20 hade
551 1496 155 26 forststyrelsen
724 1494 93 22 förordat
832 1493 154 29 godkännande

156 1524 22 20 af
198 1526 145 26 guvernörens
358 1524 7 20 i
380 1524 130 21 Tavastehus
525 1524 35 20 län
576 1523 215 28 dispositionsförslag
805 1522 90 22 rörande
910 1522 76 20 krono-
