1095 1717
326 121 177 21 Borgareständet
517 122 56 16 1894.
599 122 22 16 15
633 121 50 17 febr.
841 118 40 20 235

87 201 46 21 sille
149 201 110 21 uskottaisi
275 200 76 21 mitään
368 207 50 14 osaa
433 202 53 19 tästä
501 201 177 21 kallisarvoisesta
694 203 74 25 työstä.
798 202 113 26 Nykyajan

87 230 64 20 henki
166 236 28 14 on
209 229 151 27 kehittymässä
375 229 58 26 yhäti
449 229 253 27 kansanvaltaisempaan,
718 230 194 21 demokraattisem-

87 265 54 20 paan
164 261 111 17 suuntaan.
300 257 109 21 Ruvetaan
426 258 118 20 vaatimaan
561 258 42 26 yhä
615 261 111 18 enemmän
739 259 84 20 kaikille
834 259 77 27 yhteis-

88 287 87 20 kunnan
191 286 95 28 jäsenille
302 286 79 27 samoja
397 286 115 26 oikeuksia,
528 287 80 26 samoja
624 288 58 26 etuja
697 288 107 20 elämässä.
835 287 76 21 Kallis-

89 315 89 21 arvoisin
202 315 66 20 näistä
290 315 83 20 eduista
395 321 26 14 on
446 315 33 20 kai
503 321 22 15 se
547 317 41 25 etu,
611 316 43 26 jota
676 316 85 26 sivistys
778 316 32 20 voi
826 318 85 18 tuottaa.

88 344 51 20 Kun
155 350 26 14 on
198 344 95 20 tahdottu
316 344 66 26 jotain
402 344 83 20 laitosta
501 344 176 26 vapaamieliseen
694 346 104 19 suuntaan
815 344 97 27 kehittää,

89 379 27 14 on
133 372 168 27 tavallisimpana
323 372 164 20 vastaväitteenä
510 372 63 20 tähän
597 373 39 20 asti
652 373 48 20 aina
716 373 58 25 ollut,
790 375 41 19 eitä
847 373 65 20 kansa

89 401 19 21 ei
130 401 32 21 ole
184 400 56 21 vielä
262 400 137 21 valmistunut
415 400 39 21 sitä
469 402 85 19 vastaan
571 403 111 19 ottamaan.
712 401 64 21 Tämä
791 408 26 14 on
834 402 77 20 useasti

89 430 111 20 voinutkin
216 429 42 21 olla
272 431 57 25 totta,
346 429 46 20 sillä
408 431 98 25 vapautta
522 430 33 20 voi
572 429 157 22 luonnollisesti
746 430 68 21 oikein
828 430 84 27 käyttää

89 459 122 20 ainoastaan
234 465 22 14 se
271 458 50 27 jolla
337 465 26 14 on
380 458 122 21 siveellinen
519 461 68 18 tarmo
602 459 21 26 ja
638 459 167 26 jonkimmoinen
821 459 91 26 sivistys.

89 487 120 21 Sentähden
225 493 27 14 on
268 487 74 20 minun
359 487 116 20 mielestäni
491 487 128 26 sivistyksen
634 487 158 21 kohottaminen
812 488 100 20 kansassa

89 516 152 20 ensimmäinen
258 516 20 26 ja
294 515 135 21 välttämätön
446 516 47 20 ehto
509 515 90 21 kaikelle
616 515 68 22 lakien
700 517 22 26 ja
738 517 68 26 olojen
822 516 90 27 kehitty-

90 544 80 21 miselle
186 544 173 27 vapaamieliseen
376 546 111 18 suuntaan.

156 601 33 21 Hr
211 601 119 21 Neovius:
352 601 39 20 Till
411 601 51 26 följd
479 601 58 20 däraf
552 603 30 19 att
597 602 35 27 jag
647 601 46 21 icke
710 603 39 19 rätt
765 602 80 20 kunnat
861 608 52 21 upp-

91 630 52 21 fatta
158 630 24 20 hr
198 629 112 21 Schvindts
325 629 136 28 andragande
477 630 64 21 afstär
555 631 36 26 jag
606 631 46 19 frän
668 630 29 21 alt
710 630 125 21 bemötande
855 631 21 20 af
887 630 24 21 de

89 658 95 21 enskilda
206 658 118 27 punkterna
347 658 49 21 däri.
426 658 42 27 Jag
490 659 36 20 vill
547 659 75 20 endast
637 659 111 20 framhålla
764 661 29 18 att
807 659 35 26 jag
854 659 59 26 inga-

89 687 66 20 lunda
177 687 79 20 skattar
278 687 59 27 ringa
360 687 122 26 betydelsen
499 687 21 20 af
535 687 169 26 folkbildningen
721 688 6 19 i
743 687 44 21 värt
802 687 56 27 land,
874 687 38 20 och

89 717 30 20 att
141 716 35 27 jag
198 722 62 14 anser
278 715 121 21 densamma
415 715 50 21 böra
481 715 26 28 pä
523 716 28 20 alt
567 718 40 18 sätt
623 716 119 27 befrämjas,
756 723 49 13 men
821 721 43 15 tror
878 716 35 26 jag

90 744 66 21 tillika
177 746 30 19 att
222 744 56 21 detta
294 745 45 20 icke
355 744 40 20 kan
412 744 36 21 ske
464 751 75 20 genom
557 751 25 14 en
599 745 40 26 lag,
654 751 45 14 som
716 745 102 26 påbjuder
833 751 80 14 samma

91 773 127 26 detaljerade
242 773 156 26 bestämningar
420 773 32 20 för
474 773 133 26 skoltvänget
629 773 6 20 i
652 775 29 18 ett
696 773 23 20 sä
736 773 113 21 vidsträckt
864 773 48 20 land

90 807 45 14 som
152 801 50 26 värt,
217 801 48 21 med
281 801 23 20 sä
319 801 97 26 ofantligt
431 801 54 21 olika
501 801 144 21 förhällanden
658 802 7 19 i
679 801 47 21 dess
738 801 101 21 särskilda
850 801 62 21 delar.

158 858 32 20 Hr
206 858 102 21 Heikel:
324 858 41 27 Jag
380 864 62 15 anser
458 858 34 21 det
507 858 46 21 icke
571 859 33 20 vid
622 865 25 14 en
664 859 147 20 remissdebatt
821 859 50 20 höra
882 858 31 21 till

90 887 64 20 saken
176 889 29 18 att
224 887 50 26 ingä
288 887 7 20 i
311 887 125 20 bemötande
452 887 21 20 af
488 887 26 20 de
530 887 170 27 anmärkningar,
716 894 43 13 som
776 889 66 25 göras.
873 887 41 26 Jag

90 915 40 20 kan
154 915 53 20 dock
230 915 46 21 icke
300 915 6 20 i
321 915 57 21 detta
393 915 37 20 fall
446 915 110 21 underlåta
572 918 29 18 att
617 918 47 24 taga
679 915 54 21 fasta
748 916 26 26 pä
790 916 65 27 några
871 915 42 23 ord,

89 950 45 14 som
158 944 87 20 nämdes
267 944 21 20 af
310 944 24 20 hr
356 943 106 21 Schvindt.
499 944 49 20 Han
572 944 49 20 sade
643 946 30 19 att
688 945 35 20 det
738 944 115 27 lärotväng,
869 951 43 13 som

89 972 87 21 föresläs
199 973 6 20 i
229 973 112 25 motionen,
362 973 45 20 icke
423 973 40 20 kan
480 979 61 14 anses
557 979 49 14 vara
622 973 32 20 för
669 973 62 26 tidigt
745 972 66 26 väckt,
828 973 26 20 dä
870 973 43 20 det-

90 1007 80 14 samma
192 1001 68 20 skulle
283 1001 104 27 tillämpas
406 1001 52 20 först
473 1008 33 13 om
525 1001 25 20 15
566 1001 28 20 är.
624 1001 42 21 Det
681 1008 63 19 synes
760 1002 43 26 mig
818 1007 45 15 som
879 1007 34 14 om

90 1029 57 21 detta
169 1029 107 21 uttalande
300 1036 44 14 mer
366 1032 25 17 än
415 1029 63 28 nägot
499 1033 64 17 annat
579 1030 67 20 skulle
664 1030 71 20 bevisa
750 1033 29 18 att
795 1030 34 20 det
845 1032 23 18 är
882 1029 32 21 för

90 1058 66 27 tidigt,
179 1060 22 24 ty
224 1060 30 19 att
273 1059 56 20 stifta
349 1065 26 14 en
390 1058 40 27 lag,
446 1065 43 13 som
506 1058 53 21 skall
575 1059 59 20 träda
649 1059 7 19 i
672 1059 133 26 tillämpning
820 1058 51 21 först
888 1058 25 20 15

91 1086 22 21 är
136 1087 96 23 härefter,
248 1087 58 20 torde
326 1087 18 26 ej
365 1093 50 14 vara
431 1087 99 27 lämpligt.
562 1087 54 20 Vida
632 1087 202 27 ändamälsenligare
850 1093 63 20 synes

91 1115 35 20 det
148 1115 43 27 mig
214 1117 29 18 att
265 1115 52 21 först
339 1121 22 15 se
384 1115 36 26 till,
437 1118 29 18 att
482 1115 72 27 nödigt
570 1115 56 21 antal
642 1116 71 20 skolor
729 1116 85 20 inrättas
831 1115 38 20 och
885 1117 29 18 att

90 1143 52 21 först
156 1144 65 20 sedan
237 1144 73 27 stadga
325 1151 34 13 om
375 1144 114 27 lärotväng.
519 1144 42 27 Jag
576 1151 62 14 anser
653 1144 36 21 det
704 1144 53 21 dock
770 1144 46 21 icke
829 1151 48 13 vara
889 1150 25 14 ur

91 1174 66 25 vägen
173 1174 30 19 att
219 1173 67 20 under
302 1173 40 20 den
358 1172 35 26 tid,
409 1173 27 20 dä
451 1172 99 21 skolorna
565 1173 138 26 organiseras,
712 1173 130 20 öfverlämna
855 1172 20 20 ät
888 1172 25 21 de

90 1200 131 27 kommuner,
242 1207 44 14 som
303 1201 63 20 redan
382 1201 63 20 hafva
460 1203 29 18 ett
505 1201 48 20 fullt
569 1201 89 20 ordnadt
674 1201 138 20 skolväsende
829 1204 34 22 att,
879 1207 35 14 om

90 1229 26 20 de
131 1229 23 20 sä
168 1229 59 20 finna
242 1229 73 27 nödigt
331 1230 38 20 och
384 1229 101 27 lämpligt,
501 1229 57 20 inom
574 1230 36 20 sitt
623 1229 85 21 omräde
720 1230 68 20 införa
799 1229 114 27 lärotväng.

157 1257 62 21 Hvad
244 1258 70 21 vidare
337 1258 144 20 smäskolorna
501 1258 102 26 beträffar,
620 1258 36 21 ber
670 1259 36 26 jag
721 1261 29 18 att
765 1259 7 19 i
787 1258 100 20 afseende
903 1257 12 21 ä

90 1286 47 21 dem
153 1286 21 20 få
190 1286 86 28 tillägga
291 1289 29 19 ett
335 1294 37 20 par
387 1287 43 20 ord.
460 1286 76 21 Därest
551 1294 48 13 man
617 1287 20 20 af
648 1287 56 21 detta
715 1287 78 27 förslag
803 1286 36 20 vill
852 1288 62 19 vänta

90 1315 63 27 nägot
168 1315 102 27 praktiskt
285 1316 93 25 resultat,
393 1318 23 18 är
427 1316 35 20 det
472 1316 73 26 nödigt
555 1318 30 18 att
594 1316 114 20 inskränka
720 1316 116 20 detsamma
846 1315 31 21 till
889 1315 24 20 de

90 1343 64 27 högre
174 1344 144 20 folkskolorna
340 1344 39 20 och
393 1344 108 20 tilsvidare
517 1344 43 20 helt
575 1344 38 20 och
630 1344 54 20 hället
708 1344 71 20 lämna
795 1344 119 20 smäskolan

89 1372 64 20 åsido.
183 1372 140 27 Meningarna
345 1379 34 14 om
401 1372 49 21 dem
471 1374 35 18 äro
527 1374 57 18 ännu
601 1373 22 20 sä
639 1372 123 21 varierande
778 1375 29 18 att
821 1372 36 27 jag
873 1375 42 17 tror

89 1400 64 27 ingen
176 1401 66 20 utsikt
262 1401 69 21 finnes
352 1403 29 18 att
397 1401 34 20 vid
448 1401 69 20 denna
533 1401 101 27 landtdag
648 1401 7 20 i
671 1401 70 20 denna
756 1401 58 26 fräga
831 1401 84 20 komma

89 1429 32 20 till
136 1429 68 27 nägon
222 1430 90 26 enighet.
342 1429 50 21 Man
407 1431 23 18 är
445 1436 64 14 oense
525 1436 34 14 om
576 1430 104 20 huruvida
696 1429 117 21 smäskolor
827 1429 88 20 allmänt

90 1457 59 21 skola
164 1458 92 24 inrättas,
272 1458 52 20 eller
339 1464 34 14 om
389 1464 49 14 man
454 1460 57 18 ännu
527 1458 54 20 skall
597 1458 84 20 försöka
694 1460 29 18 att
734 1458 126 20 ätminstone
872 1457 43 20 del-

90 1486 31 20 vis
137 1486 85 20 komma
237 1486 85 21 tillrätta
337 1486 49 20 med
401 1486 40 20 den
458 1486 21 20 af
495 1486 47 20 Uno
559 1486 107 27 Cygnus
682 1486 23 20 sä
720 1488 68 18 varmt
801 1486 113 20 omfattade

89 1513 49 21 idén
153 1514 33 20 för
201 1514 202 27 hemundervisning
418 1515 8 19 i
441 1515 89 26 läsning,
546 1514 104 27 skrifning
661 1515 39 20 och
711 1514 95 27 räkning.
837 1514 78 20 Vidare
