1095 1717
208 126 41 21 286
406 132 181 22 Borgareståndet
600 133 57 17 1894.
682 133 21 16 17
715 132 50 17 febr.

177 212 69 21 införa
262 212 71 27 sådan,
347 212 33 21 för
394 214 30 20 att
440 212 86 22 därmed
542 219 51 15 vara
608 212 93 22 beredda
716 214 30 19 att
761 214 56 20 möta
830 212 120 22 arbetarnes
962 212 43 21 for-

180 240 52 22 dran
248 241 28 27 på
290 240 83 22 kortare
389 241 106 21 arbetstid.
520 241 11 21 I
547 241 36 21 det
598 248 39 14 ena
653 241 60 21 fallet
728 241 38 21 har
780 241 89 21 sålunda
885 240 123 22 arbetarnes

178 269 92 21 intresse
285 269 68 21 blifvit
368 269 104 27 gällande,
487 270 5 20 i
510 270 35 20 det
561 270 67 20 andra
642 270 60 21 fallet
717 270 168 27 yrkesidkarnes.

247 298 35 21 Hr
295 298 143 28 Wiljakainen
454 298 67 21 slutar
535 299 33 20 sin
584 298 87 28 petition
688 298 48 22 med
752 298 94 28 följande
861 298 64 21 kläm:
951 298 56 28 »Jag

179 326 65 28 vågar
260 327 69 21 därför
344 327 85 27 hoppas,
444 330 30 18 att
489 327 107 27 vällofliga
612 327 172 27 borgareståndet
799 327 49 21 ville
863 327 72 21 förena
950 326 32 28 sig
997 327 9 20 i

180 361 26 15 en
222 356 98 27 petition:
341 358 29 18 att
385 356 98 27 gällande
503 356 123 27 näringslag
641 356 70 21 blefve
728 356 105 26 granskad
849 356 38 20 och
903 355 78 21 ändrad
997 355 8 21 i

180 384 40 21 den
236 384 99 28 riktning,
351 386 29 19 att
395 385 21 20 åt
431 384 91 28 lagligen
539 386 139 19 sammansatt
693 384 146 28 fackförening
849 384 72 28 gåfves
930 383 74 28 nödigt

179 412 230 22 värksamhetsomräde
432 414 39 21 och
488 413 127 27 befogenhet
635 413 32 21 till
682 413 117 21 industrins
814 413 124 21 förkofran.>
970 412 34 22 Då

179 448 29 14 nu
224 442 26 21 hr
264 441 142 28 Wiljakainen
422 442 89 27 tidigare
534 442 52 21 talat
601 449 33 14 om
651 444 31 19 att
703 442 151 27 yrkesidkarne
869 442 62 21 hafva
946 441 58 22 svårt.

179 472 30 19 att
224 470 83 21 tillhöra
322 472 77 19 tvänne
414 471 127 26 föreningar,
557 471 46 20 dels
619 471 70 20 därför
704 473 30 18 att
749 471 25 20 de
790 471 46 20 icke
851 471 62 20 hafva
923 470 29 21 tid
964 470 39 21 och

179 499 45 20 dels
239 499 71 20 därför
332 501 29 19 att
377 499 35 21 det
434 499 83 21 medför
531 499 64 21 altför
616 502 57 18 stora
688 499 119 26 kostnader,
830 499 23 21 så
867 501 87 25 antager
967 499 38 27 jag

178 529 31 19 att
223 527 54 21 hans
292 528 85 27 mening
392 530 24 19 är
430 530 30 19 att
475 528 26 21 de
517 528 123 21 nuvarande
662 528 138 21 handtvärks-
815 528 40 21 och
869 527 134 22 fabriksföre-

178 556 110 27 ningarna,
303 563 44 14 som
363 559 144 25 representera
523 557 42 20 alla
581 557 73 27 yrken,
675 557 60 21 skola
750 557 94 27 upphöra
866 557 39 20 och
920 556 7 21 i
942 556 63 21 deras

179 585 60 21 ställe
254 585 87 21 inrättas
356 585 77 28 lagliga
456 585 171 28 fackföreningar
642 585 52 22 eller
715 585 152 27 fackämbeten,
883 585 119 28 antagligen

178 613 49 21 med
243 613 149 28 obligatoriska
407 614 145 27 medlemmar,
568 615 67 20 ehuru
651 614 139 28 petitionären
802 614 47 21 icke
860 615 95 20 närmare
965 620 39 14 an-

178 642 69 27 gifver
270 643 103 20 huruvida
396 643 63 20 äfven
481 643 112 21 arbetarne
615 643 59 21 skola
690 643 145 26 obligatoriskt
855 643 50 20 höra
919 642 32 21 till
966 642 37 21 de-

178 677 82 14 samma
276 671 37 21 och
330 671 81 28 deltaga
427 672 7 20 i
450 671 61 22 deras
527 672 89 26 afgifter.
634 671 42 28 Jag
691 671 118 21 föreställer
823 671 43 28 mig
881 673 30 19 att
925 677 77 22 genom

179 705 26 15 en
221 699 66 21 sådan
302 700 122 27 förändring
446 700 85 27 mycket
546 700 52 21 bråk
621 701 39 20 och
676 700 171 27 obehagligheter
867 699 68 21 skulle
950 706 53 21 upp-

179 727 37 22 stå.
239 727 41 22 Om
296 731 29 18 ett
339 728 132 21 ämbetsvärk
487 729 54 20 skall
556 729 94 21 infordra
665 729 89 21 fabriks-
770 728 51 21 eller
835 728 169 27 yrkesmännens

179 756 54 21 åsikt
248 757 8 20 i
272 763 25 14 en
312 757 43 27 sak,
377 757 39 21 har
436 757 117 21 detsamma
575 758 34 21 för
623 757 131 22 närvarande
778 757 77 21 mellan
871 757 26 21 30
920 757 39 20 och
974 757 28 20 40

177 785 122 28 föreningar
313 787 30 20 att
358 786 69 21 vända
442 787 31 26 sig
488 786 31 21 till
536 788 59 19 utom
606 786 251 27 arbetareföreningarna,
868 785 80 21 hvilkas
960 787 44 26 ytt-

176 814 66 21 rande
258 814 62 21 äfven
335 814 70 27 plägat
420 815 109 20 infordras.
561 815 39 21 Om
617 815 95 21 däremot
728 815 40 20 den
784 814 21 21 af
819 815 25 20 hr
859 814 143 27 Wiljakainen

177 842 120 27 föreslagna
312 843 149 27 förändringen
481 843 70 22 blefve
567 845 98 26 antagen,
686 843 70 21 blefve
771 843 158 27 föreningarnas
944 842 58 21 antal

176 871 128 21 åtminstone
315 872 29 21 tio
359 871 81 28 gånger
454 872 23 21 så
492 874 58 19 stort.
581 872 40 21 Om
636 872 58 21 detta
710 878 49 15 vore
775 871 31 22 till
821 871 89 21 fromma
925 871 33 20 för
968 877 34 14 sa-

176 899 42 22 ken
233 899 83 22 lämnar
329 901 35 26 jag
380 900 85 21 därhän.
495 901 75 20 Säkert
585 903 23 18 är
628 903 30 19 att
673 901 124 27 därigenom
819 907 26 14 en
861 902 43 19 stor
918 899 84 21 osäker-

177 928 36 21 het
228 928 69 21 skulle
312 929 81 27 uppstå,
416 929 32 21 till
464 929 85 21 hvilken
572 929 147 28 fackförening
742 935 47 14 man
807 928 119 28 egentligen
948 927 54 22 skall

177 957 56 20 höra.
249 957 41 20 Till
302 957 85 21 hvilken
402 957 147 28 fackförening
564 958 54 21 skall
633 960 13 19 t.
663 964 33 15 ex.
712 964 26 15 en
754 957 176 21 möbelfabrikant
940 956 62 21 höra?

178 985 58 21 Skall
252 985 42 21 han
309 986 50 21 höra
374 986 32 21 till
422 987 278 27 snickarefackföreningen,
716 985 288 27 svarfvarefackföreningen,

177 1015 301 26 tapetserarefackföreningen
491 1015 52 21 eller
553 1015 319 26 bildhuggarefackföreningen,
889 1014 51 21 eller
948 1013 54 21 skall

178 1043 41 20 han
235 1043 105 20 måhända
354 1043 51 21 höra
429 1044 31 20 till
479 1044 40 21 alla
534 1044 62 27 fyra?
625 1043 124 22 Detsamma
772 1043 69 21 blefve
863 1042 142 21 förhållandet

177 1071 49 20 med
242 1071 240 22 åkdonsfabrikanterna
505 1073 39 20 och
560 1072 51 21 flere
626 1073 66 20 andra
714 1071 164 28 näringsidkare.
908 1071 44 20 Och
968 1070 37 21 det

178 1100 86 21 oaktadt
287 1100 40 21 kan
351 1101 36 20 det
401 1101 48 20 icke
464 1101 105 20 undvikas
585 1103 30 19 att
630 1101 51 20 flere
696 1101 68 26 yrken
779 1100 31 21 als
825 1100 46 21 icke
887 1099 68 21 blefve
970 1105 34 15 re-

177 1129 155 26 presenterade,
347 1129 40 20 och
401 1129 33 21 för
450 1130 47 20 dem
513 1129 53 21 skall
582 1129 33 21 väl
625 1130 89 20 inrättas
725 1129 116 27 någonting
850 1128 100 21 liknande
960 1127 42 22 den

177 1157 68 26 gamla
263 1157 116 21 hallrätten.
409 1157 42 28 Jag
473 1158 35 20 vill
532 1159 47 20 icke
595 1160 97 19 motsätta
715 1158 45 26 mig
774 1157 126 28 petitionens
922 1156 82 27 remiss,

178 1187 51 19 utan
245 1186 141 21 öfverlämnar
400 1187 36 26 jag
452 1187 124 27 afgörandet
591 1187 31 20 till
638 1187 90 25 ståndet,
746 1193 49 14 men
810 1185 33 21 för
857 1185 44 21 min
917 1185 33 20 del
966 1191 38 14 an-

177 1219 35 16 ser
225 1214 37 27 jag
276 1215 47 20 icke
338 1215 70 27 någon
424 1215 55 21 vinst
495 1215 60 21 däraf
570 1222 50 14 vara
635 1217 30 19 att
681 1217 68 18 vänta.

246 1271 34 21 Hr
301 1271 81 21 Lille:
421 1272 33 21 Hr
478 1272 141 28 Heimberger
641 1272 38 21 har
701 1271 46 22 från
770 1270 236 28 fackmannasynpunkt

178 1302 63 24 egnat
256 1300 138 22 förevarande
416 1301 87 27 petition
519 1308 27 14 en
567 1301 136 27 granskning.
734 1300 72 21 Sävidt
820 1300 35 27 jag
870 1300 38 20 har
923 1299 82 20 kunnat

176 1330 51 25 göra
242 1329 46 27 mig
302 1336 27 14 en
344 1329 147 28 föreställning
506 1336 34 14 om
556 1330 124 27 petitionen,
695 1332 23 18 är
734 1329 40 21 den
790 1328 27 28 på
832 1334 25 15 en
873 1328 56 27 gång
944 1327 60 21 oklar

176 1357 40 21 och
231 1356 24 22 så
272 1358 43 20 vidt
330 1358 115 20 sväfvande
468 1361 30 18 att
513 1358 35 21 det
571 1360 22 18 är
608 1358 58 21 svårt
680 1360 30 19 att
725 1358 51 20 fatta
792 1356 83 22 hvartill
890 1356 25 21 hr
929 1356 76 27 Wilja-

176 1385 79 21 kainen
272 1386 70 26 syftar.
360 1386 33 21 Hr
408 1386 143 28 Wiljakainen
567 1387 74 27 tyckes
657 1386 89 21 klandra
761 1386 26 20 de
802 1386 7 20 i
825 1386 41 20 den
881 1384 123 21 nuvarande

176 1414 151 28 näringslagen
342 1414 108 28 påbjudna
466 1415 224 27 yrkesföreningarnas
706 1414 189 26 sammansättning
910 1413 95 21 därutin-

176 1448 50 16 nan,
242 1444 31 19 att
287 1443 123 21 arbetarene
425 1444 7 20 i
448 1444 48 20 dem
511 1446 36 18 äro
569 1444 33 20 för
616 1444 46 20 litet
676 1443 178 28 representerade.
884 1441 62 21 Detta
962 1440 42 22 kan

176 1470 24 28 ju
215 1470 47 21 från
279 1472 42 20 viss
336 1472 110 27 synpunkt
461 1472 62 21 hafva
545 1473 36 20 sitt
596 1472 152 27 berättigande.
776 1471 131 21 Arbetarene
923 1472 35 18 äro
974 1476 30 14 nu

177 1500 172 26 representerade
364 1500 7 20 i
385 1500 61 22 dessa
462 1500 121 28 föreningar
598 1501 54 21 blott
674 1501 35 20 vid
725 1500 74 21 tvister
813 1499 136 28 yrkesidkare
964 1498 40 21 och

177 1528 97 21 arbetare
289 1528 96 28 emellan,
401 1530 40 20 och
457 1536 48 14 man
521 1530 72 21 kunde
609 1530 23 26 ju
648 1530 66 20 önska
733 1531 30 19 att
778 1529 25 21 de
819 1528 61 21 äfven
896 1527 52 27 egde
963 1528 43 20 rätt
