1095 1717
192 116 41 21 472
391 122 179 22 Borgareståndet
582 124 57 16 1894.
665 124 22 17 16
698 128 63 13 mars.

164 202 64 21 fande
252 202 269 23 författarevärksamheten
545 204 72 20 härtils
637 204 128 21 förefunnits
780 203 68 21 under
863 203 130 28 benämning

165 231 21 21 af
211 231 42 21 den
276 232 121 27 preventiva
413 238 110 16 censuren.
548 232 33 21 Då
599 233 35 27 jag
652 233 37 20 vill
708 233 79 27 hoppas
804 234 30 20 att
852 232 35 21 det
905 232 86 27 utskott,

167 259 31 21 till
214 260 80 21 hvilket
308 261 86 21 ärendet
409 261 124 24 remitteras,
549 261 96 21 kommer
660 264 30 18 att
704 261 51 27 ingå
769 261 7 21 i
792 267 27 15 en
835 260 86 28 alvarlig
935 261 57 27 pröf-

166 288 52 27 ning
233 288 22 21 af
270 288 121 28 detsamma,
406 290 43 20 kan
464 290 35 27 jag
510 290 48 20 icke
571 293 64 17 annat
646 292 27 18 än
693 290 66 20 uttala
769 290 41 20 den
821 289 169 28 förhoppningen

166 318 30 20 att
211 317 101 21 utskottet
327 318 73 20 därvid
416 318 64 21 måtte
496 318 86 21 komma
597 318 31 21 till
644 318 42 21 den
698 318 81 21 åsikten
791 320 30 19 att
832 318 160 28 ifrågavarande

164 345 76 28 nådiga
264 346 141 28 propposition
422 347 46 21 icke
483 347 42 21 kan
541 347 21 21 af
577 347 113 21 ständerna
706 349 87 25 antagas
809 347 39 21 och
863 346 129 28 godkännas.

233 402 34 22 Hr
281 403 106 21 Idman:
403 403 42 28 Jag
461 404 90 27 begärde
567 404 60 21 ordet
642 404 33 21 för
690 406 30 19 att
734 404 66 20 uttala
811 404 43 27 mig
864 406 45 18 mot
919 404 73 27 hvarje

164 431 79 28 förslag
262 439 34 14 om
317 432 153 28 inskränkning
485 433 21 20 af
521 432 42 21 den
580 433 40 21 fria
635 433 154 27 näringsrätten
805 432 39 21 och
859 432 71 22 tänkte
946 439 47 21 spe-

164 460 50 21 cielt
234 460 75 22 beröra
328 461 81 21 landets
425 461 171 27 margarinfråga.
626 461 50 22 Men
692 462 27 20 då
734 461 25 21 hr
774 461 52 21 Lille
841 461 64 25 redan
921 461 27 28 på
962 463 31 20 ett

165 489 123 22 uttömande
311 491 39 20 sätt
372 490 107 27 redogjort
501 490 70 21 härför
591 491 38 20 och
647 491 74 20 uttalat
736 490 78 21 åsikter
827 490 101 21 liknande
943 490 48 21 dem

164 517 35 28 jag
222 517 51 21 ville
295 518 116 27 framhålla,
434 519 37 20 ber
492 519 36 27 jag
546 519 33 20 för
594 519 70 21 denna
679 519 56 28 gång
750 519 75 21 endast
839 521 30 18 att
883 519 21 20 få
919 519 73 20 förena

164 546 44 27 mig
223 546 49 21 med
288 547 83 20 honom.

233 603 34 21 Hr
294 603 85 22 Lille:
402 604 42 21 Det
466 606 22 19 är
510 605 47 20 icke
578 607 49 18 utan
652 605 111 26 förvåning
783 605 35 26 jag
841 604 37 21 har
900 605 46 20 hört
967 605 26 20 hr

164 631 105 28 Hallberg
290 633 77 20 föreslå
391 635 30 19 att
441 633 125 27 regeringen
589 633 65 21 måtte
672 633 137 22 tillerkännas
825 635 40 18 rätt
880 635 29 19 att
925 633 68 21 under

165 663 31 18 tre
219 661 23 20 år
265 661 128 27 suspendera
417 661 71 28 hvarje
511 668 30 20 ny
563 662 79 27 näring,
658 669 44 14 som
720 662 61 20 söker
796 661 81 21 inträde
892 662 5 20 i
914 661 78 22 landet.

164 689 95 21 Därmed
282 690 54 21 afser
357 691 41 20 han
422 690 168 27 uppenbarligen
612 693 30 18 att
665 690 99 27 förbjuda
783 697 26 14 en
825 690 65 21 sådan
906 690 86 27 närings

167 718 112 21 införande
295 718 30 21 till
341 719 48 20 dess
405 719 112 21 ständerna
532 719 66 21 hinna
613 719 157 21 sammanträda
780 719 39 20 och
830 719 64 20 uttala
905 719 31 27 sig
946 719 47 20 där-

166 747 64 20 öfver.
261 747 37 20 Att
317 747 57 27 gifva
389 748 126 27 regeringen
531 754 26 14 en
573 747 64 21 sådan
654 747 140 21 diskretionär
808 747 58 21 makt
881 749 29 19 att
925 747 69 21 under

165 777 31 19 tre
219 775 23 20 år
266 775 96 28 förbjuda
383 776 73 27 hvarje
479 783 29 20 ny
532 777 80 26 näring,
635 783 45 14 som
700 777 47 20 icke
763 776 37 20 här
815 778 23 18 är
852 776 57 20 förut
923 776 71 27 idkad,

165 810 65 20 synes
252 804 44 27 mig
317 811 50 14 vara
390 807 30 18 att
440 805 27 27 gå
489 805 88 20 alldeles
592 805 32 20 för
639 805 63 26 långt.
733 804 11 21 I
759 805 38 20 och
814 804 47 21 med
878 804 116 21 detsamma

165 832 39 21 har
225 839 50 14 man
292 833 104 27 uppgifvit
411 833 188 28 näringsfrihetens
614 834 88 27 princip,
718 839 44 15 som
778 833 22 27 ju
816 833 47 21 icke
878 833 37 26 går
930 835 23 18 ut
967 833 28 27 på

165 860 118 28 någonting
305 863 64 19 annat
389 863 27 19 än
439 864 30 19 att
491 862 72 27 hvarje
586 863 80 26 näring,
690 869 45 14 som
759 861 46 21 icke
827 863 24 19 är
865 861 81 28 skadlig
961 861 35 21 för

166 889 42 21 den
231 889 97 22 enskilda
351 890 53 21 eller
426 890 115 27 samhället,
557 891 54 20 skall
627 897 49 14 vara
692 891 31 20 fri.
754 890 41 27 Jag
810 890 79 27 hoppas
904 890 32 21 för
950 890 45 20 min

166 917 34 22 del
224 920 30 19 att
278 918 100 21 utskottet
400 919 47 21 icke
470 919 53 20 skall
546 919 66 26 Jystra
634 919 32 21 till
690 919 70 20 denna
782 919 140 26 uppfattning,
944 921 52 18 utan

166 945 60 22 finna
244 947 45 20 skäl
305 949 29 19 att
349 947 44 21 helt
408 947 39 22 och
462 947 65 21 hället
541 947 54 21 afslä
610 948 70 21 denna
694 947 130 28 proposition
831 947 68 20 under
912 947 85 20 hänvis-

165 975 53 27 ning
242 975 32 21 till
300 975 12 27 $
337 976 26 20 14
385 976 7 20 i
411 976 156 27 näringslagen,
583 976 37 21 där
635 977 126 26 regeringen
777 976 81 20 lämnas
873 977 67 26 öppen
956 977 40 19 rätt

167 1005 31 19 att
212 1004 98 27 granska,
325 1004 107 21 huruvida
447 1011 25 14 en
489 1005 76 26 näring
580 1007 23 18 är
618 1005 82 26 skadlig
712 1005 52 20 eller
773 1004 46 21 icke
832 1004 7 20 i
850 1004 34 20 det
895 1004 100 21 afseende

165 1032 36 27 jag
223 1034 65 25 nämt,
309 1033 38 20 och
370 1033 7 20 i
399 1033 56 21 förra
477 1033 59 21 fallet
555 1033 32 21 till
603 1034 38 21 och
657 1033 49 21 med
722 1033 99 26 förbjuda
836 1032 47 21 dess
898 1032 98 21 idkande.

166 1060 41 21 För
229 1061 64 27 öfrigt
315 1063 24 18 är
360 1062 125 27 regeringen
507 1061 86 22 bunden
616 1062 21 21 af
659 1061 161 28 näringslagens
843 1061 105 21 föreskrift
966 1063 31 18 att

166 1089 74 28 hvarje
256 1089 59 28 loflig
330 1090 76 27 näring
422 1090 53 21 skall
491 1097 50 14 vara
556 1091 31 20 fri.

234 1146 34 21 Hr
283 1146 200 28 Schybergson:
499 1147 11 21 I
525 1147 66 21 likhet
606 1147 48 21 med
670 1147 25 21 hr
709 1146 55 22 Lille
779 1147 38 20 har
830 1147 36 26 jag
880 1146 47 21 icke
942 1146 54 21 kun-

166 1176 37 19 nat
226 1175 74 27 undgä
321 1177 30 19 att
373 1175 99 21 förvänas
494 1176 60 21 öfver
575 1176 26 20 hr
623 1175 115 27 Hallbergs
753 1175 84 27 förslag,
852 1175 144 21 innefattande

168 1203 149 27 tillstyrkande
339 1204 21 21 af
375 1210 27 15 en
418 1204 35 27 lag
468 1211 33 14 om
517 1206 31 19 ett
562 1204 56 27 slags
633 1203 135 22 ekonomiskt
782 1203 214 28 belägringstillständ

166 1231 8 21 i
197 1231 58 22 detta
278 1231 55 22 land.
362 1232 37 27 Ty,
422 1233 49 20 med
493 1233 63 20 förlof
579 1233 65 27 sagdt,
666 1233 35 20 det
716 1234 24 19 är
755 1232 56 21 detta
827 1238 25 15 en
867 1232 130 27 förordning,

166 1259 66 22 sädan
256 1267 45 14 som
324 1260 41 21 den
387 1267 30 14 nu
438 1261 125 27 föreslagna,
586 1261 86 27 äsyftar,
693 1261 40 21 och
757 1267 34 14 om
814 1261 62 20 äfven
891 1260 57 21 tiden
964 1261 34 20 för

166 1289 250 27 undantagstillständets
445 1289 92 22 —fortvara
565 1296 77 21 genom
664 1290 25 20 hr
714 1289 114 27 Hallbergs
851 1289 145 21 modifikation

166 1316 70 22 blifvit
256 1317 123 28 begränsad,
403 1318 69 21 skulle
494 1319 23 27 ju
540 1318 115 28 godtycket
670 1318 54 22 dock
740 1318 73 20 kunna
828 1318 91 20 existera
934 1318 62 26 länge

165 1352 49 21 nog,
230 1345 28 21 dä
273 1346 32 21 till
319 1346 40 21 och
374 1347 50 21 med
439 1353 27 15 en
481 1347 30 21 tid
522 1348 21 20 af
554 1349 31 19 tre
596 1347 23 21 är
629 1347 57 27 finge
696 1346 86 27 förflyta
798 1346 66 21 innan
885 1346 48 20 dess
943 1352 53 21 upp-

164 1374 102 22 hörande.
288 1374 113 28 Principen
413 1377 23 19 är
447 1376 24 26 ju
481 1376 41 20 den
533 1378 30 18 att
574 1382 49 14 man
634 1376 38 20 här
682 1376 6 20 i
700 1375 47 22 vårt
754 1374 50 22 land
813 1374 74 22 endast
895 1374 102 21 behöfver

166 1402 84 23 anmäla
274 1410 34 14 om
330 1405 31 20 att
383 1410 48 16 man
455 1406 75 19 ämnar
551 1404 50 20 idka
623 1406 30 19 ett
673 1404 59 26 yrke.
765 1403 73 27 Enligt
859 1403 137 27 regeringens

164 1430 80 28 förslag
268 1431 67 21 skulle
359 1432 20 20 vi
402 1432 95 21 däremot
517 1432 86 21 komma
623 1432 78 21 därhän
725 1434 29 19 att
771 1432 32 20 för
818 1431 41 21 alla
875 1432 26 20 de
917 1431 77 27 otaliga

165 1465 43 15 nya
223 1460 116 21 industrier
353 1466 46 15 som
410 1461 75 27 uppstä
496 1467 26 15 en
533 1461 109 27 procedur,
653 1461 66 21 sädan
730 1467 46 14 som
787 1461 24 20 br
823 1456 82 25 Öhman
916 1460 81 26 antydt,

165 1487 71 23 blefve
259 1488 127 28 nödvändig.
417 1488 51 22 Men
490 1490 36 20 det
547 1492 24 18 är
592 1489 47 21 icke
654 1489 54 21 blott
723 1490 25 20 hr
762 1488 115 28 Hallbergs
891 1488 105 27 yttrande,

165 1522 46 17 som
230 1516 64 22 väckt
308 1517 43 21 min
367 1517 118 28 förväning,
501 1520 51 19 utan
567 1518 7 20 i
590 1518 43 22 lika
648 1518 49 21 män
714 1518 40 20 och
770 1517 80 21 kanske
865 1518 56 20 ännu
937 1523 59 17 mera
