1095 1717
333 120 180 22 Borgareståndet
526 121 59 17 1894.
609 121 23 17 13
644 120 58 22 april.
863 115 42 21 645

174 201 118 27 Föredrogs
311 201 40 21 den
372 201 36 21 vid
426 203 84 19 senaste
525 201 88 27 plenum
629 201 116 27 borglagda
760 201 127 21 berättelsen
902 200 32 22 till

106 230 102 21 Finlands
232 230 84 20 ständer
331 236 35 14 om
381 230 116 27 styrelsens
513 230 126 27 tillgörande
655 230 6 20 i
677 230 116 27 anledning
808 230 21 20 af
845 231 30 20 ett
889 230 46 20 utaf

106 258 78 22 aflidne
206 258 227 22 medicinelicentiaten
455 258 96 22 Herman
574 258 89 21 Frithiof
682 258 74 21 Antell
770 258 8 20 i
793 258 94 21 lifstiden
902 258 33 21 till

105 287 83 21 förmån
211 287 33 21 för
264 287 101 21 Finlands
384 287 45 21 folk
444 287 71 27 gjordt
529 287 181 21 testamentariskt
724 286 155 27 förordnande;
894 286 40 22 och

105 316 45 21 blef
158 316 128 26 densamma,
297 316 7 20 i
313 316 93 27 enlighet
414 316 48 21 med
471 316 246 21 talmanskonferensens
726 316 84 27 förslag,
818 316 7 20 i
834 315 101 21 afseende

107 344 12 21 å
134 344 121 21 kännedom
270 344 120 21 remitterad
405 344 32 21 till
453 345 160 21 statsutskottet.

174 493 118 28 Föredrogs
314 494 39 21 och
376 493 123 28 godkändes
514 496 52 19 utan
581 494 121 21 diskussion
721 494 213 21 ekonomiutskottets

106 522 35 21 vid
165 524 83 19 senaste
271 523 85 27 plenum
374 522 116 28 bordlagda
508 523 79 27 förslag
602 523 32 21 till
649 523 207 27 sammanjämkning
871 522 22 21 af
906 522 27 21 de

106 551 120 27 skiljaktiga
248 551 75 27 beslut,
345 551 7 20 i
375 551 71 21 hvilka
468 551 91 22 stånden
582 553 85 20 stannat
685 552 35 20 vid
739 551 158 28 behandlingen
912 551 22 21 af

106 579 112 22 utskottets
234 579 132 22 betänkande
381 586 35 14 n:o
432 581 12 20 5
460 580 7 20 i
482 580 117 27 anledning
614 581 21 20 af
650 580 50 21 flere
711 581 58 20 inom
779 579 155 22 bondeståndet

106 608 74 21 väckta
203 608 79 28 förslag
303 608 31 21 till
353 608 118 28 petitioner,
495 609 112 26 åsyftande
628 609 128 22 inrättandet
779 609 21 20 af
821 611 30 18 ett
867 610 66 19 större

107 637 57 21 antal
178 637 185 27 jordbrnksskolor
377 637 32 21 uti
424 637 103 21 särskilda
543 637 59 22 delar
617 638 21 20 af
652 637 78 22 landet.

175 785 117 28 Föredrogs
313 786 213 21 ekonomiutskottets
549 786 35 21 vid
607 789 84 18 senaste
711 787 86 27 plenum
816 786 116 27 bordlagda

105 813 134 22 betänkande
263 821 34 14 n:o
318 815 12 20 8
350 815 7 20 i
377 815 115 27 anledning
508 815 21 20 af
544 817 29 19 ett
588 815 57 20 inom
662 815 24 20 R.
702 822 18 14 o.
735 815 25 21 A.
777 815 62 21 väckt
853 815 80 27 förslag

105 842 31 21 till
152 843 88 26 petition
256 849 34 15 om
306 843 128 22 inrättandet
448 844 21 20 af
484 850 27 15 en
527 844 155 27 entomologisk
696 844 167 21 försöksstation.

174 899 33 21 Hr
229 899 204 29 Schybergson,
456 907 46 14 som
525 901 73 20 härvid
617 901 72 20 anhöll
704 907 35 14 om
755 900 65 27 ordet,
835 900 97 27 yttrade:

105 927 33 22 Dä
159 928 36 27 jag
215 928 7 21 i
242 930 30 19 ett
292 929 126 27 föregäende
440 929 99 27 yttrande
555 929 69 21 under
639 929 57 21 detta
711 929 156 21 sammanträde
882 929 50 20 kom

105 958 30 19 att
151 957 157 21 sammanställa
323 957 39 21 den
378 958 8 20 i
401 958 145 27 föreliggande
561 958 134 21 betänkande
711 957 132 22 behandlade
858 957 74 28 frägan

104 985 49 21 med
176 985 83 22 diverse
282 986 65 21 andra
363 986 163 21 underordnade
542 987 200 27 petitionsärenden,
757 993 46 14 som
818 986 115 21 ständerna

105 1013 44 21 haft
164 1013 32 22 till
211 1014 134 28 behandling,
361 1015 23 20 sä
399 1015 79 21 skedde
494 1015 36 21 det
544 1015 47 21 icke
607 1015 71 21 därför
692 1017 30 19 att
734 1015 36 28 jag
778 1015 68 21 skulle
854 1015 79 21 under-

105 1042 77 21 skattat
204 1042 36 21 det
262 1049 28 14 nu
307 1043 74 21 väckta
395 1043 112 28 förslagets
523 1044 109 27 betydelse
648 1044 39 21 och
703 1044 56 21 velat
774 1045 99 20 motsätta
887 1043 46 28 mig

104 1071 116 27 petitionen
244 1071 7 21 i
270 1073 77 26 ämnet,
368 1074 52 19 utan
435 1073 76 20 endast
525 1073 159 26 jämförelsevis,
699 1073 6 20 i
721 1072 120 27 jämförelse
857 1072 75 21 nämli-

105 1105 40 21 gen
168 1099 49 21 med
240 1100 26 21 de
281 1101 112 26 petitioner
408 1101 21 20 af
444 1103 67 19 större
527 1101 94 26 bärvidd,
636 1107 45 15 som
698 1101 127 21 remitterats
839 1101 33 21 till
887 1101 45 27 lag-

104 1128 108 21 utskottet.
242 1128 32 21 Då
289 1129 46 21 mitt
351 1129 117 22 berörande
483 1130 22 20 af
521 1130 70 21 denna
606 1129 59 28 fråga
679 1130 7 20 i
702 1132 64 18 annat
778 1129 155 27 sammanhang

103 1156 103 27 möjligen
228 1157 72 22 kunde
323 1158 61 27 tydas
405 1158 140 27 annorlunda,
560 1159 39 20 har
613 1159 36 26 jag
664 1165 29 14 nu
709 1158 51 21 bedt
774 1165 34 14 om
825 1158 60 21 ordet
899 1158 33 21 för

104 1186 31 19 att
150 1185 142 28 uttryckligen
307 1186 21 21 fä
343 1186 105 28 tillstyrka
464 1187 213 21 ekonomiutskottets
692 1187 84 27 förslag.

173 1241 71 22 Sedan
267 1243 147 21 diskussionen
435 1243 52 21 härä
509 1243 112 22 förklarats
644 1243 98 26 afslutad,
764 1243 43 21 blef
823 1243 108 21 ekonomi-

104 1269 114 23 utskottets
233 1271 152 22 ofvanberörda
401 1271 134 23 betänkande
551 1272 137 22 oförändradt
702 1272 113 28 godkändt.

177 1430 119 28 Föredrogs
322 1431 107 22 allmänna
456 1432 200 21 besvärsutskottets
678 1432 35 20 vid
735 1434 83 19 senaste
843 1431 88 28 plenum

103 1458 116 28 bordlagda
242 1459 133 22 betänkande
397 1467 35 14 n:o
456 1461 27 20 14
507 1461 8 20 i
536 1460 116 28 anledning
669 1461 21 20 af
706 1460 101 21 särskilda
823 1460 7 20 i
845 1461 86 26 präste-,

102 1486 99 28 borgare-
224 1488 39 20 och
286 1488 160 22 bondeständen
468 1489 76 21 väckta
559 1489 179 27 petitionsförslag
753 1496 34 14 om
803 1488 128 28 vidtagande

102 1515 22 21 af
139 1515 56 21 vissa
210 1516 98 28 ätgärder
322 1516 130 22 beträffande
467 1518 128 26 zigenarene
610 1518 7 20 i
632 1518 77 20 landet.
