1095 1717
329 121 177 21 Borgareståndet
517 122 58 16 1894.
599 122 12 16 9
624 122 50 17 febr.
861 116 26 20 93

165 200 47 22 Den
234 201 119 27 sistnämda,
368 208 45 14 som
428 203 24 19 är
466 202 101 27 därjämte
582 202 99 27 betingad
698 202 21 21 af
734 208 27 15 en
776 202 65 21 sedan
858 208 57 20 gam-

99 229 52 21 malt
173 229 111 21 bedrifven
304 236 26 14 en
347 236 48 21 gros
409 230 78 21 handel
503 231 38 20 och
557 230 104 21 behofven
678 230 21 21 af
714 230 41 22 den
770 231 8 20 i
793 230 73 21 staden
876 232 41 19 sta-

99 258 107 21 tionerade
221 258 108 27 militären,
345 265 70 14 vunne
431 258 106 22 dessutom
553 265 26 15 en
596 259 104 27 väsentlig
710 259 121 28 utveckling
841 265 76 21 genom

100 286 41 22 den
156 286 108 28 betydliga
278 288 195 26 trävarutransport,
488 294 44 14 som
544 289 48 25 toge
603 289 68 25 vägen
682 287 59 21 öfver
748 287 168 27 Freärikshamn,

101 315 64 21 sedan
188 315 92 21 bibanan
302 315 68 21 blefve
389 315 76 21 utförd.
495 316 48 21 Man
560 316 38 20 har
612 316 102 21 beräknat
730 316 68 26 denna
814 318 104 25 transport

101 343 69 22 allena
185 344 68 21 under
266 346 104 19 närmaste
385 344 30 20 tid
430 344 32 20 till
477 344 66 21 omkr.
559 345 74 26 10,000
649 346 37 19 ton
702 344 85 28 årligen.

169 372 55 21 Godt
239 374 104 24 utrymme
358 373 39 21 och
411 372 88 28 lämplig
513 373 54 27 plats
581 373 34 21 för
629 373 79 27 upplag
723 373 21 21 af
754 373 60 21 dessa
825 375 92 19 trävaror

101 401 7 20 i
123 400 94 28 betydlig
238 401 77 27 mängd
336 401 39 21 och
390 402 7 20 i
413 401 121 21 omedelbar
555 402 73 20 närhet
651 402 21 20 af
689 402 115 27 järnvägen
819 401 100 28 erbjuder

102 429 99 22 stranden
224 430 60 21 söder
300 437 33 14 om
348 430 80 21 staden.
457 429 76 22 Denna
548 430 155 28 omständighet
718 430 68 21 skulle
801 437 75 20 genom
892 430 25 21 de

101 458 48 27 låga
164 459 175 27 arrendeafgifter,
354 465 44 14 som
415 459 59 20 däraf
489 459 64 21 blifva
569 465 26 15 en
611 459 58 28 följd,
685 460 70 20 säkert
771 459 70 21 utöfva
856 459 61 26 infly-

102 487 62 20 tande
184 487 27 28 på
232 493 26 15 en
280 487 92 28 stegring
394 487 21 21 af
438 487 40 21 den
499 487 121 22 beräknade
642 489 188 26 trävaruexporten
860 487 58 21 öfver

102 515 165 22 Fredrikshamn.

169 543 42 22 Det
232 546 22 19 är
274 546 29 19 att
324 544 98 22 särskildt
442 544 115 28 framhålla,
577 545 103 21 hurusom
702 545 161 21 Fredrikshamn
886 545 32 20 för

102 572 151 22 förbättrandet
267 573 21 21 af
299 573 46 21 sina
363 573 210 21 hamnförhållanden
589 573 39 21 och
643 573 6 21 i
665 573 111 22 förväntan
791 573 26 28 på
831 574 87 27 järnväg

103 601 31 21 till
155 601 103 21 Tavastila
277 602 85 21 beslutit
384 602 84 27 vidtaga
491 602 39 21 och
554 602 86 21 bekosta
663 602 108 28 betydliga
785 602 87 21 arbeten
887 602 32 20 för

103 629 131 28 anläggande
249 630 20 21 af
284 630 57 27 kajer
356 631 38 20 och
410 630 157 28 uppmuddring
583 631 21 20 af
619 631 40 21 den
675 631 46 21 inre
736 631 97 21 hamnen.

170 658 88 21 Stadens
280 661 54 25 yttre
352 659 64 21 hamn
430 661 116 19 motsvarar
561 666 76 21 genom
653 659 33 21 sin
701 660 114 27 rymlighet
830 659 39 21 och
884 659 35 21 sitt

104 687 50 28 djup
176 687 42 21 alla
238 687 117 28 fordringar
375 687 33 22 för
423 694 25 15 en
465 687 95 28 betydlig
575 688 121 27 utveckling
712 688 21 21 af
747 688 85 21 stadens
847 688 72 27 sjöfart

104 716 39 21 och
164 715 82 22 handel.
276 716 39 21 150
337 716 70 27 fartyg
429 716 21 21 af
472 716 55 21 ända
549 716 32 21 till
604 717 26 20 26
652 717 42 20 fots
710 716 132 28 djupgående
857 723 62 14 anses

104 744 106 27 samtidigt
224 745 37 20 här
275 744 56 21 finna
346 751 47 14 rum
409 745 39 20 och
463 745 75 26 skydd,
554 745 39 21 och
608 745 42 21 kan
666 745 58 21 detta
738 745 57 21 antal
805 746 114 25 yttermera

104 773 82 20 förökas
202 773 48 21 med
265 773 84 27 hälften,
365 779 33 15 om
414 775 77 25 vatten,
507 773 93 22 hörande
615 773 31 22 till
662 773 83 22 Villnäs
760 773 111 28 egendom,
885 773 33 21 för

104 801 118 21 ändamålet
237 801 99 28 upplåtes.

172 829 100 22 Däremot
293 832 34 19 äro
350 830 26 21 de
392 831 46 20 inre
454 830 223 23 hamnförhållandena
692 831 32 20 för
739 831 35 21 det
789 830 130 22 närvarande

105 858 60 27 högst
183 858 202 21 otillfredsställande
407 859 92 20 särdeles
520 859 49 21 med
584 859 100 22 afseende
700 859 12 21 å
726 859 78 28 djupet,
819 859 80 20 hvilket
912 859 7 20 i

105 887 31 20 sin
159 886 49 21 mån
230 887 65 21 måste
316 887 84 21 hämma
416 887 149 28 utvecklingen
585 888 22 21 af
621 888 85 21 stadens
722 887 154 22 kommersiella
890 887 29 20 lif.

105 915 77 21 Staden
206 915 37 21 har
264 915 47 22 med
327 915 114 28 anledning
455 916 60 21 häraf
535 916 86 21 beslutit
636 918 30 19 att
681 917 6 20 i
703 916 217 22 öfverensstämmelse

105 943 48 21 med
168 944 153 27 öfveringeniör
335 943 117 29 Lindbergs
466 945 37 20 här
518 945 6 20 i
535 945 83 21 afskrift
627 945 85 28 bilagda
722 945 77 27 förslag
811 945 42 20 låta
862 944 58 21 invid

106 972 40 21 den
168 972 104 21 tilltänkta
293 973 125 27 järnvägens
439 973 72 28 inlopp
528 973 27 28 på
569 973 86 22 stadens
670 974 60 20 mark
745 974 89 27 anlägga
850 979 25 15 en
892 979 28 20 ny

105 1001 37 26 kaj
155 1001 21 20 af
191 1001 40 21 150
254 1003 75 19 meters
352 1001 69 28 längd,
437 1008 44 14 som
497 1002 119 27 framdeles,
632 1009 35 14 om
682 1002 99 21 behofvet
796 1001 75 22 sådant
885 1001 35 28 på-

105 1029 88 28 kallade,
209 1031 50 20 utan
274 1029 103 28 svårighet
392 1030 71 21 kunde
478 1031 7 20 i
501 1030 37 21 rak
553 1031 51 27 linje
619 1031 117 21 utsträckas
752 1031 31 21 till
794 1031 41 20 314
845 1032 76 19 meters

105 1057 69 28 längd,
195 1058 107 21 äfvensom
323 1059 133 27 uppmuddra
477 1059 95 21 farleden
595 1059 47 21 från
662 1061 56 25 yttre
734 1060 90 20 hamnen
841 1059 38 20 och
895 1065 25 14 en

106 1086 69 21 bassin
191 1086 34 21 vid
240 1087 62 27 kajen
318 1087 30 22 till
363 1088 30 26 4,5
407 1089 77 19 meters
500 1087 51 28 djup
566 1088 68 21 under
649 1088 121 27 lågvattnet.

173 1115 210 28 Kostnadsförslaget,
404 1122 46 15 som
468 1116 79 27 uppgår
562 1116 32 21 till
611 1117 89 26 193,000
716 1117 40 26 mk,
772 1117 45 20 däri
833 1116 88 27 utgifton

106 1143 31 20 för
157 1143 204 28 muddringsarbetet
382 1145 39 20 och
442 1146 30 19 ett
494 1147 47 24 nytt
563 1145 184 27 ångmuddervärk
771 1145 104 27 upptagits
890 1144 30 21 till

106 1172 74 26 98,800
203 1172 41 27 mk,
266 1173 38 20 har
318 1173 52 20 dock
385 1173 82 20 kunnat
481 1173 128 28 nedbringas
624 1173 85 28 tillföljd
725 1173 63 26 däraf,
804 1175 30 18 att
848 1173 72 20 staden

107 1200 96 27 beviljats
218 1201 95 23 använda
329 1203 29 19 ett
369 1201 21 21 af
401 1203 78 19 statens
489 1201 142 22 muddervärk
642 1204 45 19 mot
700 1203 60 26 3,000
778 1201 47 22 mks
843 1201 80 21 mänat-

105 1228 29 27 lig
156 1229 58 26 hyra,
236 1229 39 20 och
296 1229 95 21 kommer
411 1229 48 22 hela
482 1229 35 22 det
538 1230 119 28 föreslagna
672 1229 206 29 muddringsarbetet
893 1231 29 20 att

106 1256 78 21 utföras
200 1263 117 15 sommaren
334 1258 59 21 1895.

172 1285 70 21 Jämte
264 1285 36 22 det
320 1286 73 22 staden
416 1286 89 22 sålunda
528 1287 88 27 vidtagit
631 1287 78 28 nödiga
724 1287 97 28 åtgärder
835 1287 32 21 för
882 1287 40 27 sjö-

105 1314 77 21 fartens
198 1314 141 28 befrämjande
350 1315 38 21 och
399 1315 122 27 utveckling
531 1316 40 20 och
581 1316 70 21 härför
661 1316 90 28 anslagit
762 1316 59 21 öfver
834 1316 88 26 100,000

105 1343 42 27 mk,
161 1343 39 21 har
214 1343 41 21 den
270 1344 67 20 ansett
354 1343 180 28 förvärkligandet
549 1344 21 21 af
584 1345 79 21 tanken
678 1344 27 28 på
720 1352 27 14 en
761 1344 98 27 förening
874 1344 48 20 med

105 1371 83 21 landets
209 1372 134 27 järnvägsnät
364 1372 21 21 af
407 1372 42 21 den
470 1372 45 21 vikt
529 1373 33 20 för
577 1373 79 27 staden,
672 1375 30 19 att
718 1374 122 20 densamma
855 1375 68 19 ansett

105 1400 32 27 sig
158 1400 51 21 böra
230 1400 64 21 äfven
312 1400 48 22 med
383 1402 29 20 ett
434 1400 105 28 betydligt
553 1401 74 28 bidrag
641 1402 7 20 i
664 1402 103 27 väsentlig
781 1401 50 21 mån
847 1401 76 21 under-

105 1428 50 21 lätta
170 1428 56 22 detta
241 1428 84 28 företag.

171 1456 172 22 Fredrikshamns
359 1457 45 21 stad
419 1458 38 20 har
471 1458 72 20 därför
564 1458 7 20 i
587 1458 218 22 öfverensstämmelse
821 1458 48 20 med
886 1458 38 20 här

106 1485 82 27 bilagda
211 1486 75 27 utdrag
308 1492 25 14 ur
347 1486 48 21 dess
409 1486 145 27 fullmäktiges
569 1487 111 27 protokoll,
694 1487 33 21 för
742 1487 41 21 den
799 1486 27 21 19
841 1486 82 26 januari

106 1514 54 20 1894
175 1513 87 22 beslutit
282 1514 145 22 kostnadsfritt
442 1513 86 29 upplåta
540 1514 28 21 all
580 1515 33 21 för
627 1516 114 27 järnvägen
757 1514 93 28 behöflig
864 1514 59 22 mark
