<?xml version="1.0" encoding="UTF-8"?>
<alto xmlns="http://www.loc.gov/standards/alto/ns-v3#" xmlns:xlink="http://www.w3.org/1999/xlink" xmlns:xsi="http://www.w3.org/2001/XMLSchema-instance" xsi:schemaLocation="http://www.loc.gov/standards/alto/ns-v3# http://www.loc.gov/alto/v3/alto-3-0.xsd">
	<Description>
		<MeasurementUnit>pixel</MeasurementUnit>
		<sourceImageInformation>
			<fileName>/tmp/tess_5bh3on7k_input.PNG</fileName>
		</sourceImageInformation>
		<OCRProcessing ID="OCR_0">
			<ocrProcessingStep>
				<processingSoftware>
					<softwareName>tesseract 5.3.4</softwareName>
				</processingSoftware>
			</ocrProcessingStep>
		</OCRProcessing>
	</Description>
	<Layout>
		<Page WIDTH="1095" HEIGHT="1717" PHYSICAL_IMG_NR="0" ID="page_0">
			<PrintSpace HPOS="0" VPOS="0" WIDTH="1095" HEIGHT="1717">
				<ComposedBlock ID="cblock_0" HPOS="206" VPOS="110" WIDTH="568" HEIGHT="27">
					<TextBlock ID="block_0" HPOS="206" VPOS="110" WIDTH="568" HEIGHT="27">
						<TextLine ID="line_0" HPOS="206" VPOS="110" WIDTH="568" HEIGHT="27">
							<String ID="string_0" HPOS="206" VPOS="110" WIDTH="40" HEIGHT="20" WC="0.95" CONTENT="138"/><SP WIDTH="178" VPOS="110" HPOS="246"/>
							<String ID="string_1" HPOS="424" VPOS="116" WIDTH="179" HEIGHT="21" WC="0.92" CONTENT="Borgareståndet"/><SP WIDTH="12" VPOS="116" HPOS="603"/>
							<String ID="string_2" HPOS="615" VPOS="116" WIDTH="58" HEIGHT="17" WC="0.96" CONTENT="1894."/><SP WIDTH="25" VPOS="116" HPOS="673"/>
							<String ID="string_3" HPOS="698" VPOS="116" WIDTH="12" HEIGHT="17" WC="0.96" CONTENT="9"/><SP WIDTH="13" VPOS="116" HPOS="710"/>
							<String ID="string_4" HPOS="723" VPOS="116" WIDTH="51" HEIGHT="16" WC="0.95" CONTENT="febr."/>
						</TextLine>
					</TextBlock>
				</ComposedBlock>
				<GraphicalElement ID="cblock_1" HPOS="176" VPOS="148" WIDTH="827" HEIGHT="6"></GraphicalElement >
				<ComposedBlock ID="cblock_2" HPOS="174" VPOS="192" WIDTH="829" HEIGHT="484">
					<TextBlock ID="block_1" HPOS="174" VPOS="192" WIDTH="829" HEIGHT="145">
						<TextLine ID="line_1" HPOS="246" VPOS="192" WIDTH="756" HEIGHT="32">
							<String ID="string_5" HPOS="246" VPOS="192" WIDTH="95" HEIGHT="25" WC="0.91" CONTENT="Öfveralt"/><SP WIDTH="22" VPOS="192" HPOS="341"/>
							<String ID="string_6" HPOS="363" VPOS="196" WIDTH="63" HEIGHT="22" WC="0.93" CONTENT="hafva"/><SP WIDTH="15" VPOS="196" HPOS="426"/>
							<String ID="string_7" HPOS="441" VPOS="196" WIDTH="187" HEIGHT="28" WC="0.92" CONTENT="folkhögskolorna"/><SP WIDTH="16" VPOS="196" HPOS="628"/>
							<String ID="string_8" HPOS="644" VPOS="196" WIDTH="108" HEIGHT="21" WC="0.92" CONTENT="omfattats"/><SP WIDTH="16" VPOS="196" HPOS="752"/>
							<String ID="string_9" HPOS="768" VPOS="196" WIDTH="48" HEIGHT="21" WC="0.96" CONTENT="med"/><SP WIDTH="16" VPOS="196" HPOS="816"/>
							<String ID="string_10" HPOS="832" VPOS="198" WIDTH="68" HEIGHT="19" WC="0.96" CONTENT="varmt"/><SP WIDTH="14" VPOS="198" HPOS="900"/>
							<String ID="string_11" HPOS="914" VPOS="196" WIDTH="88" HEIGHT="21" WC="0.96" CONTENT="intresse"/>
						</TextLine>
						<TextLine ID="line_2" HPOS="174" VPOS="224" WIDTH="828" HEIGHT="28">
							<String ID="string_12" HPOS="174" VPOS="224" WIDTH="60" HEIGHT="21" WC="0.96" CONTENT="såväl"/><SP WIDTH="12" VPOS="224" HPOS="234"/>
							<String ID="string_13" HPOS="246" VPOS="225" WIDTH="22" HEIGHT="21" WC="0.96" CONTENT="af"/><SP WIDTH="16" VPOS="225" HPOS="268"/>
							<String ID="string_14" HPOS="284" VPOS="225" WIDTH="40" HEIGHT="21" WC="0.96" CONTENT="den"/><SP WIDTH="17" VPOS="225" HPOS="324"/>
							<String ID="string_15" HPOS="341" VPOS="225" WIDTH="83" HEIGHT="21" WC="0.96" CONTENT="bildade"/><SP WIDTH="16" VPOS="225" HPOS="424"/>
							<String ID="string_16" HPOS="440" VPOS="225" WIDTH="142" HEIGHT="21" WC="0.96" CONTENT="allmänheten"/><SP WIDTH="17" VPOS="225" HPOS="582"/>
							<String ID="string_17" HPOS="599" VPOS="232" WIDTH="46" HEIGHT="14" WC="0.96" CONTENT="som"/><SP WIDTH="16" VPOS="232" HPOS="645"/>
							<String ID="string_18" HPOS="661" VPOS="225" WIDTH="21" HEIGHT="21" WC="0.96" CONTENT="af"/><SP WIDTH="15" VPOS="225" HPOS="682"/>
							<String ID="string_19" HPOS="697" VPOS="225" WIDTH="84" HEIGHT="27" WC="0.96" CONTENT="menige"/><SP WIDTH="16" VPOS="225" HPOS="781"/>
							<String ID="string_20" HPOS="797" VPOS="231" WIDTH="54" HEIGHT="14" WC="0.95" CONTENT="man."/><SP WIDTH="28" VPOS="231" HPOS="851"/>
							<String ID="string_21" HPOS="879" VPOS="224" WIDTH="49" HEIGHT="22" WC="0.93" CONTENT="Som"/><SP WIDTH="17" VPOS="224" HPOS="928"/>
							<String ID="string_22" HPOS="945" VPOS="224" WIDTH="57" HEIGHT="22" WC="0.96" CONTENT="bevis"/>
						</TextLine>
						<TextLine ID="line_3" HPOS="175" VPOS="253" WIDTH="827" HEIGHT="28">
							<String ID="string_23" HPOS="175" VPOS="253" WIDTH="65" HEIGHT="27" WC="0.95" CONTENT="härpå"/><SP WIDTH="23" VPOS="253" HPOS="240"/>
							<String ID="string_24" HPOS="263" VPOS="254" WIDTH="56" HEIGHT="26" WC="0.96" CONTENT="tjäna"/><SP WIDTH="16" VPOS="254" HPOS="319"/>
							<String ID="string_25" HPOS="335" VPOS="254" WIDTH="26" HEIGHT="20" WC="0.96" CONTENT="de"/><SP WIDTH="16" VPOS="254" HPOS="361"/>
							<String ID="string_26" HPOS="377" VPOS="254" WIDTH="129" HEIGHT="26" WC="0.96" CONTENT="donationer,"/><SP WIDTH="15" VPOS="254" HPOS="506"/>
							<String ID="string_27" HPOS="521" VPOS="254" WIDTH="141" HEIGHT="27" WC="0.96" CONTENT="insamlingar"/><SP WIDTH="14" VPOS="254" HPOS="662"/>
							<String ID="string_28" HPOS="676" VPOS="254" WIDTH="40" HEIGHT="20" WC="0.91" CONTENT="och"/><SP WIDTH="15" VPOS="254" HPOS="716"/>
							<String ID="string_29" HPOS="731" VPOS="253" WIDTH="211" HEIGHT="27" WC="0.91" CONTENT="garantiteckningar,"/><SP WIDTH="15" VPOS="253" HPOS="942"/>
							<String ID="string_30" HPOS="957" VPOS="260" WIDTH="45" HEIGHT="14" WC="0.96" CONTENT="som"/>
						</TextLine>
						<TextLine ID="line_4" HPOS="175" VPOS="282" WIDTH="828" HEIGHT="27">
							<String ID="string_31" HPOS="175" VPOS="282" WIDTH="90" HEIGHT="20" WC="0.96" CONTENT="kommit"/><SP WIDTH="21" VPOS="282" HPOS="265"/>
							<String ID="string_32" HPOS="286" VPOS="282" WIDTH="48" HEIGHT="21" WC="0.95" CONTENT="dem"/><SP WIDTH="22" VPOS="282" HPOS="334"/>
							<String ID="string_33" HPOS="356" VPOS="282" WIDTH="32" HEIGHT="21" WC="0.95" CONTENT="till"/><SP WIDTH="23" VPOS="282" HPOS="388"/>
							<String ID="string_34" HPOS="411" VPOS="282" WIDTH="39" HEIGHT="27" WC="0.96" CONTENT="del,"/><SP WIDTH="17" VPOS="282" HPOS="450"/>
							<String ID="string_35" HPOS="467" VPOS="285" WIDTH="54" HEIGHT="18" WC="0.96" CONTENT="samt"/><SP WIDTH="23" VPOS="285" HPOS="521"/>
							<String ID="string_36" HPOS="544" VPOS="282" WIDTH="36" HEIGHT="21" WC="0.96" CONTENT="det"/><SP WIDTH="15" VPOS="282" HPOS="580"/>
							<String ID="string_37" HPOS="595" VPOS="284" WIDTH="57" HEIGHT="19" WC="0.93" CONTENT="stora"/><SP WIDTH="15" VPOS="284" HPOS="652"/>
							<String ID="string_38" HPOS="667" VPOS="282" WIDTH="97" HEIGHT="27" WC="0.92" CONTENT="tilloppet"/><SP WIDTH="14" VPOS="282" HPOS="764"/>
							<String ID="string_39" HPOS="778" VPOS="282" WIDTH="21" HEIGHT="20" WC="0.96" CONTENT="af"/><SP WIDTH="16" VPOS="282" HPOS="799"/>
							<String ID="string_40" HPOS="815" VPOS="282" WIDTH="75" HEIGHT="26" WC="0.95" CONTENT="elever,"/><SP WIDTH="15" VPOS="282" HPOS="890"/>
							<String ID="string_41" HPOS="905" VPOS="282" WIDTH="98" HEIGHT="20" WC="0.96" CONTENT="särskildt"/>
						</TextLine>
						<TextLine ID="line_5" HPOS="175" VPOS="310" WIDTH="235" HEIGHT="27">
							<String ID="string_42" HPOS="175" VPOS="310" WIDTH="46" HEIGHT="21" WC="0.93" CONTENT="från"/><SP WIDTH="17" VPOS="310" HPOS="221"/>
							<String ID="string_43" HPOS="238" VPOS="310" WIDTH="117" HEIGHT="27" WC="0.90" CONTENT="allmogens"/><SP WIDTH="16" VPOS="310" HPOS="355"/>
							<String ID="string_44" HPOS="371" VPOS="311" WIDTH="39" HEIGHT="21" WC="0.96" CONTENT="led."/>
						</TextLine>
					</TextBlock>
					<TextBlock ID="block_2" HPOS="174" VPOS="338" WIDTH="828" HEIGHT="315">
						<TextLine ID="line_6" HPOS="244" VPOS="338" WIDTH="758" HEIGHT="29">
							<String ID="string_45" HPOS="244" VPOS="338" WIDTH="48" HEIGHT="22" WC="0.92" CONTENT="Den"/><SP WIDTH="21" VPOS="338" HPOS="292"/>
							<String ID="string_46" HPOS="313" VPOS="339" WIDTH="151" HEIGHT="28" WC="0.91" CONTENT="offervillighet,"/><SP WIDTH="23" VPOS="339" HPOS="464"/>
							<String ID="string_47" HPOS="487" VPOS="346" WIDTH="45" HEIGHT="14" WC="0.96" CONTENT="som"/><SP WIDTH="25" VPOS="346" HPOS="532"/>
							<String ID="string_48" HPOS="557" VPOS="339" WIDTH="144" HEIGHT="21" WC="0.96" CONTENT="allmänheten"/><SP WIDTH="17" VPOS="339" HPOS="701"/>
							<String ID="string_49" HPOS="718" VPOS="339" WIDTH="53" HEIGHT="21" WC="0.96" CONTENT="visat"/><SP WIDTH="15" VPOS="339" HPOS="771"/>
							<String ID="string_50" HPOS="786" VPOS="341" WIDTH="107" HEIGHT="24" WC="0.93" CONTENT="gentemot"/><SP WIDTH="14" VPOS="341" HPOS="893"/>
							<String ID="string_51" HPOS="907" VPOS="339" WIDTH="95" HEIGHT="27" WC="0.93" CONTENT="folkhög-"/>
						</TextLine>
						<TextLine ID="line_7" HPOS="176" VPOS="367" WIDTH="826" HEIGHT="29">
							<String ID="string_52" HPOS="176" VPOS="367" WIDTH="106" HEIGHT="28" WC="0.91" CONTENT="skolorna,"/><SP WIDTH="15" VPOS="367" HPOS="282"/>
							<String ID="string_53" HPOS="297" VPOS="368" WIDTH="41" HEIGHT="21" WC="0.96" CONTENT="kan"/><SP WIDTH="17" VPOS="368" HPOS="338"/>
							<String ID="string_54" HPOS="355" VPOS="368" WIDTH="53" HEIGHT="21" WC="0.93" CONTENT="dock"/><SP WIDTH="16" VPOS="368" HPOS="408"/>
							<String ID="string_55" HPOS="424" VPOS="369" WIDTH="18" HEIGHT="26" WC="0.93" CONTENT="ej"/><SP WIDTH="17" VPOS="369" HPOS="442"/>
							<String ID="string_56" HPOS="459" VPOS="369" WIDTH="7" HEIGHT="20" WC="0.92" CONTENT="i"/><SP WIDTH="12" VPOS="369" HPOS="466"/>
							<String ID="string_57" HPOS="478" VPOS="368" WIDTH="93" HEIGHT="28" WC="0.92" CONTENT="längden"/><SP WIDTH="16" VPOS="368" HPOS="571"/>
							<String ID="string_58" HPOS="587" VPOS="368" WIDTH="111" HEIGHT="27" WC="0.91" CONTENT="päräknas,"/><SP WIDTH="10" VPOS="368" HPOS="698"/>
							<String ID="string_59" HPOS="708" VPOS="368" WIDTH="125" HEIGHT="26" WC="0.91" CONTENT="isynnerhet"/><SP WIDTH="10" VPOS="368" HPOS="833"/>
							<String ID="string_60" HPOS="843" VPOS="368" WIDTH="26" HEIGHT="20" WC="0.93" CONTENT="dä"/><SP WIDTH="11" VPOS="368" HPOS="869"/>
							<String ID="string_61" HPOS="880" VPOS="368" WIDTH="122" HEIGHT="20" WC="0.92" CONTENT="densamma"/>
						</TextLine>
						<TextLine ID="line_8" HPOS="175" VPOS="396" WIDTH="826" HEIGHT="28">
							<String ID="string_62" HPOS="175" VPOS="402" WIDTH="78" HEIGHT="20" WC="0.96" CONTENT="genom"/><SP WIDTH="23" VPOS="402" HPOS="253"/>
							<String ID="string_63" HPOS="276" VPOS="403" WIDTH="42" HEIGHT="20" WC="0.92" CONTENT="nya"/><SP WIDTH="21" VPOS="403" HPOS="318"/>
							<String ID="string_64" HPOS="339" VPOS="397" WIDTH="81" HEIGHT="21" WC="0.95" CONTENT="skolors"/><SP WIDTH="23" VPOS="397" HPOS="420"/>
							<String ID="string_65" HPOS="443" VPOS="397" WIDTH="119" HEIGHT="21" WC="0.96" CONTENT="inrättande"/><SP WIDTH="15" VPOS="397" HPOS="562"/>
							<String ID="string_66" HPOS="577" VPOS="397" WIDTH="8" HEIGHT="20" WC="0.95" CONTENT="i"/><SP WIDTH="16" VPOS="397" HPOS="585"/>
							<String ID="string_67" HPOS="601" VPOS="396" WIDTH="29" HEIGHT="22" WC="0.96" CONTENT="alt"/><SP WIDTH="22" VPOS="396" HPOS="630"/>
							<String ID="string_68" HPOS="652" VPOS="397" WIDTH="65" HEIGHT="26" WC="0.96" CONTENT="högre"/><SP WIDTH="19" VPOS="397" HPOS="717"/>
							<String ID="string_69" HPOS="736" VPOS="396" WIDTH="51" HEIGHT="28" WC="0.93" CONTENT="grad"/><SP WIDTH="23" VPOS="396" HPOS="787"/>
							<String ID="string_70" HPOS="810" VPOS="399" WIDTH="58" HEIGHT="23" WC="0.95" CONTENT="tages"/><SP WIDTH="15" VPOS="399" HPOS="868"/>
							<String ID="string_71" HPOS="883" VPOS="396" WIDTH="6" HEIGHT="20" WC="0.82" CONTENT="i"/><SP WIDTH="17" VPOS="396" HPOS="889"/>
							<String ID="string_72" HPOS="906" VPOS="396" WIDTH="95" HEIGHT="27" WC="0.96" CONTENT="anspråk."/>
						</TextLine>
						<TextLine ID="line_9" HPOS="175" VPOS="424" WIDTH="827" HEIGHT="29">
							<String ID="string_73" HPOS="175" VPOS="424" WIDTH="42" HEIGHT="21" WC="0.96" CONTENT="För"/><SP WIDTH="22" VPOS="424" HPOS="217"/>
							<String ID="string_74" HPOS="239" VPOS="427" WIDTH="31" HEIGHT="19" WC="0.93" CONTENT="att"/><SP WIDTH="22" VPOS="427" HPOS="270"/>
							<String ID="string_75" HPOS="292" VPOS="426" WIDTH="101" HEIGHT="27" WC="0.91" CONTENT="betrygga"/><SP WIDTH="23" VPOS="426" HPOS="393"/>
							<String ID="string_76" HPOS="416" VPOS="426" WIDTH="61" HEIGHT="21" WC="0.93" CONTENT="dessa"/><SP WIDTH="16" VPOS="426" HPOS="477"/>
							<String ID="string_77" HPOS="493" VPOS="426" WIDTH="82" HEIGHT="20" WC="0.93" CONTENT="skolors"/><SP WIDTH="15" VPOS="426" HPOS="575"/>
							<String ID="string_78" HPOS="590" VPOS="425" WIDTH="131" HEIGHT="22" WC="0.93" CONTENT="fortbeständ"/><SP WIDTH="17" VPOS="425" HPOS="721"/>
							<String ID="string_79" HPOS="738" VPOS="426" WIDTH="38" HEIGHT="20" WC="0.96" CONTENT="och"/><SP WIDTH="17" VPOS="426" HPOS="776"/>
							<String ID="string_80" HPOS="793" VPOS="425" WIDTH="121" HEIGHT="27" WC="0.96" CONTENT="utveckling"/><SP WIDTH="15" VPOS="425" HPOS="914"/>
							<String ID="string_81" HPOS="929" VPOS="427" WIDTH="22" HEIGHT="18" WC="0.97" CONTENT="är"/><SP WIDTH="16" VPOS="427" HPOS="951"/>
							<String ID="string_82" HPOS="967" VPOS="424" WIDTH="35" HEIGHT="21" WC="0.96" CONTENT="det"/>
						</TextLine>
						<TextLine ID="line_10" HPOS="176" VPOS="453" WIDTH="825" HEIGHT="28">
							<String ID="string_83" HPOS="176" VPOS="453" WIDTH="72" HEIGHT="22" WC="0.94" CONTENT="därför"/><SP WIDTH="22" VPOS="453" HPOS="248"/>
							<String ID="string_84" HPOS="270" VPOS="454" WIDTH="129" HEIGHT="27" WC="0.94" CONTENT="nödvändigt"/><SP WIDTH="24" VPOS="454" HPOS="399"/>
							<String ID="string_85" HPOS="423" VPOS="457" WIDTH="29" HEIGHT="18" WC="0.96" CONTENT="att"/><SP WIDTH="23" VPOS="457" HPOS="452"/>
							<String ID="string_86" HPOS="475" VPOS="455" WIDTH="26" HEIGHT="20" WC="0.90" CONTENT="de"/><SP WIDTH="20" VPOS="455" HPOS="501"/>
							<String ID="string_87" HPOS="521" VPOS="454" WIDTH="80" HEIGHT="21" WC="0.90" CONTENT="erhälla"/><SP WIDTH="24" VPOS="454" HPOS="601"/>
							<String ID="string_88" HPOS="625" VPOS="454" WIDTH="115" HEIGHT="21" WC="0.91" CONTENT="urderstöd"/><SP WIDTH="24" VPOS="454" HPOS="740"/>
							<String ID="string_89" HPOS="764" VPOS="454" WIDTH="21" HEIGHT="20" WC="0.96" CONTENT="af"/><SP WIDTH="22" VPOS="454" HPOS="785"/>
							<String ID="string_90" HPOS="807" VPOS="454" WIDTH="105" HEIGHT="21" WC="0.96" CONTENT="allmänna"/><SP WIDTH="15" VPOS="454" HPOS="912"/>
							<String ID="string_91" HPOS="927" VPOS="453" WIDTH="74" HEIGHT="21" WC="0.96" CONTENT="medel."/>
						</TextLine>
						<TextLine ID="line_11" HPOS="174" VPOS="481" WIDTH="827" HEIGHT="29">
							<String ID="string_92" HPOS="174" VPOS="481" WIDTH="64" HEIGHT="22" WC="0.96" CONTENT="Detta"/><SP WIDTH="23" VPOS="481" HPOS="238"/>
							<String ID="string_93" HPOS="261" VPOS="483" WIDTH="114" HEIGHT="21" WC="0.96" CONTENT="understöd"/><SP WIDTH="23" VPOS="483" HPOS="375"/>
							<String ID="string_94" HPOS="398" VPOS="483" WIDTH="72" HEIGHT="21" WC="0.93" CONTENT="kunde"/><SP WIDTH="23" VPOS="483" HPOS="470"/>
							<String ID="string_95" HPOS="493" VPOS="483" WIDTH="122" HEIGHT="27" WC="0.94" CONTENT="förslagsvis"/><SP WIDTH="17" VPOS="483" HPOS="615"/>
							<String ID="string_96" HPOS="632" VPOS="483" WIDTH="50" HEIGHT="26" WC="0.96" CONTENT="utgå"/><SP WIDTH="16" VPOS="483" HPOS="682"/>
							<String ID="string_97" HPOS="698" VPOS="483" WIDTH="48" HEIGHT="20" WC="0.96" CONTENT="med"/><SP WIDTH="16" VPOS="483" HPOS="746"/>
							<String ID="string_98" HPOS="762" VPOS="483" WIDTH="61" HEIGHT="24" WC="0.91" CONTENT="2,000"/><SP WIDTH="16" VPOS="483" HPOS="823"/>
							<String ID="string_99" HPOS="839" VPOS="483" WIDTH="12" HEIGHT="20" WC="0.91" CONTENT="ä"/><SP WIDTH="15" VPOS="483" HPOS="851"/>
							<String ID="string_100" HPOS="866" VPOS="483" WIDTH="61" HEIGHT="26" WC="0.93" CONTENT="2,400"/><SP WIDTH="15" VPOS="483" HPOS="927"/>
							<String ID="string_101" HPOS="942" VPOS="482" WIDTH="59" HEIGHT="20" WC="0.96" CONTENT="mark"/>
						</TextLine>
						<TextLine ID="line_12" HPOS="174" VPOS="511" WIDTH="828" HEIGHT="28">
							<String ID="string_102" HPOS="174" VPOS="511" WIDTH="8" HEIGHT="20" WC="0.93" CONTENT="i"/><SP WIDTH="16" VPOS="511" HPOS="182"/>
							<String ID="string_103" HPOS="198" VPOS="511" WIDTH="44" HEIGHT="20" WC="0.93" CONTENT="äret"/><SP WIDTH="15" VPOS="511" HPOS="242"/>
							<String ID="string_104" HPOS="257" VPOS="511" WIDTH="33" HEIGHT="21" WC="0.93" CONTENT="för"/><SP WIDTH="15" VPOS="511" HPOS="290"/>
							<String ID="string_105" HPOS="305" VPOS="512" WIDTH="71" HEIGHT="27" WC="0.92" CONTENT="hvarje"/><SP WIDTH="15" VPOS="512" HPOS="376"/>
							<String ID="string_106" HPOS="391" VPOS="512" WIDTH="65" HEIGHT="27" WC="0.96" CONTENT="skola,"/><SP WIDTH="15" VPOS="512" HPOS="456"/>
							<String ID="string_107" HPOS="471" VPOS="519" WIDTH="46" HEIGHT="14" WC="0.96" CONTENT="som"/><SP WIDTH="16" VPOS="519" HPOS="517"/>
							<String ID="string_108" HPOS="533" VPOS="512" WIDTH="54" HEIGHT="20" WC="0.93" CONTENT="varit"/><SP WIDTH="15" VPOS="512" HPOS="587"/>
							<String ID="string_109" HPOS="602" VPOS="511" WIDTH="34" HEIGHT="21" WC="0.93" CONTENT="tvä"/><SP WIDTH="12" VPOS="511" HPOS="636"/>
							<String ID="string_110" HPOS="648" VPOS="511" WIDTH="23" HEIGHT="21" WC="0.88" CONTENT="är"/><SP WIDTH="11" VPOS="511" HPOS="671"/>
							<String ID="string_111" HPOS="682" VPOS="512" WIDTH="7" HEIGHT="20" WC="0.88" CONTENT="i"/><SP WIDTH="13" VPOS="512" HPOS="689"/>
							<String ID="string_112" HPOS="702" VPOS="511" WIDTH="133" HEIGHT="21" WC="0.90" CONTENT="värksamhet"/><SP WIDTH="12" VPOS="511" HPOS="835"/>
							<String ID="string_113" HPOS="847" VPOS="511" WIDTH="39" HEIGHT="20" WC="0.93" CONTENT="och"/><SP WIDTH="11" VPOS="511" HPOS="886"/>
							<String ID="string_114" HPOS="897" VPOS="511" WIDTH="105" HEIGHT="20" WC="0.92" CONTENT="därunder"/>
						</TextLine>
						<TextLine ID="line_13" HPOS="175" VPOS="539" WIDTH="826" HEIGHT="28">
							<String ID="string_115" HPOS="175" VPOS="539" WIDTH="111" HEIGHT="22" WC="0.92" CONTENT="tillvunnit"/><SP WIDTH="21" VPOS="539" HPOS="286"/>
							<String ID="string_116" HPOS="307" VPOS="541" WIDTH="32" HEIGHT="26" WC="0.93" CONTENT="sig"/><SP WIDTH="22" VPOS="541" HPOS="339"/>
							<String ID="string_117" HPOS="361" VPOS="541" WIDTH="126" HEIGHT="26" WC="0.92" CONTENT="förtroende,"/><SP WIDTH="16" VPOS="541" HPOS="487"/>
							<String ID="string_118" HPOS="503" VPOS="543" WIDTH="54" HEIGHT="18" WC="0.96" CONTENT="samt"/><SP WIDTH="16" VPOS="543" HPOS="557"/>
							<String ID="string_119" HPOS="573" VPOS="541" WIDTH="109" HEIGHT="20" WC="0.93" CONTENT="dessutom"/><SP WIDTH="15" VPOS="541" HPOS="682"/>
							<String ID="string_120" HPOS="697" VPOS="540" WIDTH="99" HEIGHT="21" WC="0.93" CONTENT="särskildt"/><SP WIDTH="15" VPOS="540" HPOS="796"/>
							<String ID="string_121" HPOS="811" VPOS="540" WIDTH="61" HEIGHT="27" WC="0.93" CONTENT="ärligt"/><SP WIDTH="16" VPOS="540" HPOS="872"/>
							<String ID="string_122" HPOS="888" VPOS="539" WIDTH="113" HEIGHT="21" WC="0.96" CONTENT="understöd"/>
						</TextLine>
						<TextLine ID="line_14" HPOS="175" VPOS="568" WIDTH="827" HEIGHT="27">
							<String ID="string_123" HPOS="175" VPOS="568" WIDTH="93" HEIGHT="21" WC="0.95" CONTENT="tilldelas"/><SP WIDTH="22" VPOS="568" HPOS="268"/>
							<String ID="string_124" HPOS="290" VPOS="569" WIDTH="64" HEIGHT="20" WC="0.96" CONTENT="sådan"/><SP WIDTH="22" VPOS="569" HPOS="354"/>
							<String ID="string_125" HPOS="376" VPOS="569" WIDTH="153" HEIGHT="26" WC="0.96" CONTENT="folkhögskola,"/><SP WIDTH="23" VPOS="569" HPOS="529"/>
							<String ID="string_126" HPOS="552" VPOS="575" WIDTH="46" HEIGHT="14" WC="0.92" CONTENT="som"/><SP WIDTH="23" VPOS="575" HPOS="598"/>
							<String ID="string_127" HPOS="621" VPOS="569" WIDTH="109" HEIGHT="20" WC="0.96" CONTENT="meddelar"/><SP WIDTH="22" VPOS="569" HPOS="730"/>
							<String ID="string_128" HPOS="752" VPOS="569" WIDTH="153" HEIGHT="26" WC="0.96" CONTENT="undervisning"/><SP WIDTH="20" VPOS="569" HPOS="905"/>
							<String ID="string_129" HPOS="925" VPOS="569" WIDTH="5" HEIGHT="20" WC="0.96" CONTENT="i"/><SP WIDTH="17" VPOS="569" HPOS="930"/>
							<String ID="string_130" HPOS="947" VPOS="568" WIDTH="55" HEIGHT="21" WC="0.95" CONTENT="vissa"/>
						</TextLine>
						<TextLine ID="line_15" HPOS="176" VPOS="597" WIDTH="826" HEIGHT="28">
							<String ID="string_131" HPOS="176" VPOS="597" WIDTH="108" HEIGHT="26" WC="0.93" CONTENT="praktiska"/><SP WIDTH="22" VPOS="597" HPOS="284"/>
							<String ID="string_132" HPOS="306" VPOS="599" WIDTH="77" HEIGHT="20" WC="0.91" CONTENT="ämnen"/><SP WIDTH="23" VPOS="599" HPOS="383"/>
							<String ID="string_133" HPOS="406" VPOS="597" WIDTH="69" HEIGHT="21" WC="0.91" CONTENT="säsom"/><SP WIDTH="22" VPOS="597" HPOS="475"/>
							<String ID="string_134" HPOS="497" VPOS="598" WIDTH="122" HEIGHT="26" WC="0.90" CONTENT="landtbruk,"/><SP WIDTH="22" VPOS="598" HPOS="619"/>
							<String ID="string_135" HPOS="641" VPOS="597" WIDTH="207" HEIGHT="28" WC="0.92" CONTENT="mejerihandtering,"/><SP WIDTH="19" VPOS="597" HPOS="848"/>
							<String ID="string_136" HPOS="867" VPOS="597" WIDTH="135" HEIGHT="26" WC="0.92" CONTENT="fruktodling,"/>
						</TextLine>
						<TextLine ID="line_16" HPOS="176" VPOS="625" WIDTH="602" HEIGHT="28">
							<String ID="string_137" HPOS="176" VPOS="625" WIDTH="141" HEIGHT="28" WC="0.92" CONTENT="fältmätning,"/><SP WIDTH="16" VPOS="625" HPOS="317"/>
							<String ID="string_138" HPOS="333" VPOS="627" WIDTH="117" HEIGHT="26" WC="0.84" CONTENT="handslöjd,"/><SP WIDTH="17" VPOS="627" HPOS="450"/>
							<String ID="string_139" HPOS="467" VPOS="627" WIDTH="118" HEIGHT="26" WC="0.93" CONTENT="bokföring,"/><SP WIDTH="17" VPOS="627" HPOS="585"/>
							<String ID="string_140" HPOS="602" VPOS="626" WIDTH="100" HEIGHT="27" WC="0.95" CONTENT="teckning"/><SP WIDTH="16" VPOS="626" HPOS="702"/>
							<String ID="string_141" HPOS="718" VPOS="626" WIDTH="25" HEIGHT="21" WC="0.93" CONTENT="el."/><SP WIDTH="17" VPOS="626" HPOS="743"/>
							<String ID="string_142" HPOS="760" VPOS="627" WIDTH="18" HEIGHT="20" WC="0.93" CONTENT="d."/>
						</TextLine>
					</TextBlock>
					<TextBlock ID="block_3" HPOS="245" VPOS="654" WIDTH="374" HEIGHT="22">
						<TextLine ID="line_17" HPOS="245" VPOS="654" WIDTH="374" HEIGHT="22">
							<String ID="string_143" HPOS="245" VPOS="654" WIDTH="28" HEIGHT="21" WC="0.93" CONTENT="Vi"/><SP WIDTH="15" VPOS="654" HPOS="273"/>
							<String ID="string_144" HPOS="288" VPOS="655" WIDTH="22" HEIGHT="20" WC="0.91" CONTENT="fä"/><SP WIDTH="14" VPOS="655" HPOS="310"/>
							<String ID="string_145" HPOS="324" VPOS="655" WIDTH="70" HEIGHT="20" WC="0.96" CONTENT="därför"/><SP WIDTH="15" VPOS="655" HPOS="394"/>
							<String ID="string_146" HPOS="409" VPOS="655" WIDTH="108" HEIGHT="21" WC="0.93" CONTENT="vördsamt"/><SP WIDTH="15" VPOS="655" HPOS="517"/>
							<String ID="string_147" HPOS="532" VPOS="655" WIDTH="87" HEIGHT="20" WC="0.92" CONTENT="föreslä:"/>
						</TextLine>
					</TextBlock>
				</ComposedBlock>
				<ComposedBlock ID="cblock_3" HPOS="381" VPOS="722" WIDTH="622" HEIGHT="172">
					<TextBlock ID="block_4" HPOS="381" VPOS="722" WIDTH="622" HEIGHT="172">
						<TextLine ID="line_18" HPOS="450" VPOS="722" WIDTH="550" HEIGHT="29">
							<String ID="string_148" HPOS="450" VPOS="726" WIDTH="33" HEIGHT="19" WC="0.89" CONTENT="att"/><SP WIDTH="22" VPOS="726" HPOS="483"/>
							<String ID="string_149" HPOS="505" VPOS="724" WIDTH="178" HEIGHT="27" WC="0.91" CONTENT="borgareständet"/><SP WIDTH="11" VPOS="724" HPOS="683"/>
							<String ID="string_150" HPOS="694" VPOS="724" WIDTH="72" HEIGHT="27" WC="0.91" CONTENT="jämte"/><SP WIDTH="16" VPOS="724" HPOS="766"/>
							<String ID="string_151" HPOS="782" VPOS="723" WIDTH="73" HEIGHT="28" WC="0.90" CONTENT="öfriga"/><SP WIDTH="14" VPOS="723" HPOS="855"/>
							<String ID="string_152" HPOS="869" VPOS="722" WIDTH="67" HEIGHT="21" WC="0.89" CONTENT="ständ"/><SP WIDTH="14" VPOS="722" HPOS="936"/>
							<String ID="string_153" HPOS="950" VPOS="722" WIDTH="50" HEIGHT="21" WC="0.96" CONTENT="ville"/>
						</TextLine>
						<TextLine ID="line_19" HPOS="382" VPOS="750" WIDTH="621" HEIGHT="30">
							<String ID="string_154" HPOS="382" VPOS="753" WIDTH="54" HEIGHT="27" WC="0.90" CONTENT="ingä"/><SP WIDTH="22" VPOS="753" HPOS="436"/>
							<String ID="string_155" HPOS="458" VPOS="753" WIDTH="49" HEIGHT="20" WC="0.96" CONTENT="med"/><SP WIDTH="22" VPOS="753" HPOS="507"/>
							<String ID="string_156" HPOS="529" VPOS="760" WIDTH="28" HEIGHT="13" WC="0.93" CONTENT="en"/><SP WIDTH="16" VPOS="760" HPOS="557"/>
							<String ID="string_157" HPOS="573" VPOS="752" WIDTH="138" HEIGHT="27" WC="0.92" CONTENT="underdänig"/><SP WIDTH="13" VPOS="752" HPOS="711"/>
							<String ID="string_158" HPOS="724" VPOS="752" WIDTH="96" HEIGHT="27" WC="0.93" CONTENT="petition"/><SP WIDTH="15" VPOS="752" HPOS="820"/>
							<String ID="string_159" HPOS="835" VPOS="751" WIDTH="82" HEIGHT="26" WC="0.93" CONTENT="därom,"/><SP WIDTH="16" VPOS="751" HPOS="917"/>
							<String ID="string_160" HPOS="933" VPOS="752" WIDTH="32" HEIGHT="19" WC="0.86" CONTENT="att"/><SP WIDTH="13" VPOS="752" HPOS="965"/>
							<String ID="string_161" HPOS="978" VPOS="750" WIDTH="25" HEIGHT="21" WC="0.96" CONTENT="ät"/>
						</TextLine>
						<TextLine ID="line_20" HPOS="383" VPOS="779" WIDTH="618" HEIGHT="30">
							<String ID="string_162" HPOS="383" VPOS="781" WIDTH="154" HEIGHT="28" WC="0.90" CONTENT="folkhögskola,"/><SP WIDTH="17" VPOS="781" HPOS="537"/>
							<String ID="string_163" HPOS="554" VPOS="788" WIDTH="47" HEIGHT="14" WC="0.96" CONTENT="som"/><SP WIDTH="10" VPOS="788" HPOS="601"/>
							<String ID="string_164" HPOS="611" VPOS="781" WIDTH="32" HEIGHT="28" WC="0.93" CONTENT="pä"/><SP WIDTH="11" VPOS="781" HPOS="643"/>
							<String ID="string_165" HPOS="654" VPOS="781" WIDTH="94" HEIGHT="20" WC="0.92" CONTENT="enskildt"/><SP WIDTH="10" VPOS="781" HPOS="748"/>
							<String ID="string_166" HPOS="758" VPOS="780" WIDTH="101" HEIGHT="21" WC="0.93" CONTENT="initiativ"/><SP WIDTH="10" VPOS="780" HPOS="859"/>
							<String ID="string_167" HPOS="869" VPOS="779" WIDTH="132" HEIGHT="26" WC="0.89" CONTENT="tillkommit,"/>
						</TextLine>
						<TextLine ID="line_21" HPOS="381" VPOS="808" WIDTH="620" HEIGHT="29">
							<String ID="string_168" HPOS="381" VPOS="809" WIDTH="68" HEIGHT="22" WC="0.91" CONTENT="mätte"/><SP WIDTH="16" VPOS="809" HPOS="449"/>
							<String ID="string_169" HPOS="465" VPOS="810" WIDTH="90" HEIGHT="27" WC="0.96" CONTENT="beviljas"/><SP WIDTH="15" VPOS="810" HPOS="555"/>
							<String ID="string_170" HPOS="570" VPOS="809" WIDTH="186" HEIGHT="26" WC="0.96" CONTENT="statsunderstöd;"/><SP WIDTH="16" VPOS="809" HPOS="756"/>
							<String ID="string_171" HPOS="772" VPOS="811" WIDTH="59" HEIGHT="18" WC="0.96" CONTENT="samt"/><SP WIDTH="9" VPOS="811" HPOS="831"/>
							<String ID="string_172" HPOS="840" VPOS="810" WIDTH="33" HEIGHT="19" WC="0.93" CONTENT="att"/><SP WIDTH="9" VPOS="810" HPOS="873"/>
							<String ID="string_173" HPOS="882" VPOS="808" WIDTH="119" HEIGHT="21" WC="0.92" CONTENT="ständerna"/>
						</TextLine>
						<TextLine ID="line_22" HPOS="382" VPOS="837" WIDTH="620" HEIGHT="28">
							<String ID="string_174" HPOS="382" VPOS="839" WIDTH="72" HEIGHT="20" WC="0.92" CONTENT="under"/><SP WIDTH="14" VPOS="839" HPOS="454"/>
							<String ID="string_175" HPOS="468" VPOS="839" WIDTH="107" HEIGHT="26" WC="0.92" CONTENT="ingäende"/><SP WIDTH="16" VPOS="839" HPOS="575"/>
							<String ID="string_176" HPOS="591" VPOS="838" WIDTH="155" HEIGHT="27" WC="0.92" CONTENT="finansperiod"/><SP WIDTH="14" VPOS="838" HPOS="746"/>
							<String ID="string_177" HPOS="760" VPOS="838" WIDTH="51" HEIGHT="20" WC="0.96" CONTENT="ville"/><SP WIDTH="14" VPOS="838" HPOS="811"/>
							<String ID="string_178" HPOS="825" VPOS="837" WIDTH="37" HEIGHT="28" WC="0.93" CONTENT="för"/><SP WIDTH="14" VPOS="837" HPOS="862"/>
							<String ID="string_179" HPOS="876" VPOS="837" WIDTH="126" HEIGHT="20" WC="0.92" CONTENT="ändamälet"/>
						</TextLine>
						<TextLine ID="line_23" HPOS="383" VPOS="866" WIDTH="445" HEIGHT="28">
							<String ID="string_180" HPOS="383" VPOS="867" WIDTH="79" HEIGHT="20" WC="0.92" CONTENT="anvisa"/><SP WIDTH="15" VPOS="867" HPOS="462"/>
							<String ID="string_181" HPOS="477" VPOS="869" WIDTH="30" HEIGHT="19" WC="0.93" CONTENT="ett"/><SP WIDTH="15" VPOS="869" HPOS="507"/>
							<String ID="string_182" HPOS="522" VPOS="867" WIDTH="75" HEIGHT="27" WC="0.91" CONTENT="belopp"/><SP WIDTH="16" VPOS="867" HPOS="597"/>
							<String ID="string_183" HPOS="613" VPOS="867" WIDTH="29" HEIGHT="27" WC="0.93" CONTENT="af"/><SP WIDTH="14" VPOS="867" HPOS="642"/>
							<String ID="string_184" HPOS="656" VPOS="867" WIDTH="88" HEIGHT="26" WC="0.91" CONTENT="90,000"/><SP WIDTH="17" VPOS="867" HPOS="744"/>
							<String ID="string_185" HPOS="761" VPOS="866" WIDTH="67" HEIGHT="21" WC="0.96" CONTENT="mark."/>
						</TextLine>
					</TextBlock>
				</ComposedBlock>
				<ComposedBlock ID="cblock_4" HPOS="244" VPOS="935" WIDTH="687" HEIGHT="141">
					<TextBlock ID="block_5" HPOS="244" VPOS="935" WIDTH="687" HEIGHT="141">
						<TextLine ID="line_24" HPOS="244" VPOS="935" WIDTH="406" HEIGHT="28">
							<String ID="string_186" HPOS="244" VPOS="935" WIDTH="135" HEIGHT="28" WC="0.96" CONTENT="Helsingfors"/><SP WIDTH="15" VPOS="935" HPOS="379"/>
							<String ID="string_187" HPOS="394" VPOS="935" WIDTH="42" HEIGHT="21" WC="0.96" CONTENT="den"/><SP WIDTH="15" VPOS="935" HPOS="436"/>
							<String ID="string_188" HPOS="451" VPOS="937" WIDTH="13" HEIGHT="19" WC="0.96" CONTENT="8"/><SP WIDTH="15" VPOS="937" HPOS="464"/>
							<String ID="string_189" HPOS="479" VPOS="935" WIDTH="93" HEIGHT="21" WC="0.96" CONTENT="februari"/><SP WIDTH="18" VPOS="935" HPOS="572"/>
							<String ID="string_190" HPOS="590" VPOS="935" WIDTH="60" HEIGHT="21" WC="0.96" CONTENT="1894."/>
						</TextLine>
						<TextLine ID="line_25" HPOS="244" VPOS="997" WIDTH="687" HEIGHT="27">
							<String ID="string_191" HPOS="244" VPOS="997" WIDTH="66" HEIGHT="22" WC="0.95" CONTENT="Felix"/><SP WIDTH="14" VPOS="997" HPOS="310"/>
							<String ID="string_192" HPOS="324" VPOS="997" WIDTH="83" HEIGHT="22" WC="0.96" CONTENT="Heikel."/><SP WIDTH="328" VPOS="997" HPOS="407"/>
							<String ID="string_193" HPOS="735" VPOS="997" WIDTH="25" HEIGHT="21" WC="0.93" CONTENT="G."/><SP WIDTH="18" VPOS="997" HPOS="760"/>
							<String ID="string_194" HPOS="778" VPOS="997" WIDTH="26" HEIGHT="21" WC="0.91" CONTENT="P."/><SP WIDTH="18" VPOS="997" HPOS="804"/>
							<String ID="string_195" HPOS="822" VPOS="997" WIDTH="109" HEIGHT="27" WC="0.87" CONTENT="Alopaus."/>
						</TextLine>
						<TextLine ID="line_26" HPOS="244" VPOS="1054" WIDTH="687" HEIGHT="22">
							<String ID="string_196" HPOS="244" VPOS="1055" WIDTH="28" HEIGHT="20" WC="0.94" CONTENT="A."/><SP WIDTH="18" VPOS="1055" HPOS="272"/>
							<String ID="string_197" HPOS="290" VPOS="1055" WIDTH="132" HEIGHT="21" WC="0.96" CONTENT="Herckman."/><SP WIDTH="214" VPOS="1055" HPOS="422"/>
							<String ID="string_198" HPOS="636" VPOS="1055" WIDTH="70" HEIGHT="20" WC="0.91" CONTENT="Konr."/><SP WIDTH="23" VPOS="1055" HPOS="706"/>
							<String ID="string_199" HPOS="729" VPOS="1054" WIDTH="50" HEIGHT="21" WC="0.96" CONTENT="Vill."/><SP WIDTH="18" VPOS="1054" HPOS="779"/>
							<String ID="string_200" HPOS="797" VPOS="1054" WIDTH="134" HEIGHT="21" WC="0.96" CONTENT="Dahlström."/>
						</TextLine>
					</TextBlock>
				</ComposedBlock>
				<ComposedBlock ID="cblock_5" HPOS="499" VPOS="1111" WIDTH="184" HEIGHT="22">
					<TextBlock ID="block_6" HPOS="499" VPOS="1111" WIDTH="184" HEIGHT="22">
						<TextLine ID="line_27" HPOS="499" VPOS="1111" WIDTH="184" HEIGHT="22">
							<String ID="string_201" HPOS="499" VPOS="1111" WIDTH="52" HEIGHT="22" WC="0.95" CONTENT="Carl"/><SP WIDTH="14" VPOS="1111" HPOS="551"/>
							<String ID="string_202" HPOS="565" VPOS="1112" WIDTH="118" HEIGHT="21" WC="0.96" CONTENT="Borenius."/>
						</TextLine>
					</TextBlock>
				</ComposedBlock>
				<ComposedBlock ID="cblock_6" HPOS="174" VPOS="1196" WIDTH="831" HEIGHT="336">
					<TextBlock ID="block_7" HPOS="174" VPOS="1196" WIDTH="831" HEIGHT="336">
						<TextLine ID="line_28" HPOS="243" VPOS="1196" WIDTH="760" HEIGHT="28">
							<String ID="string_203" HPOS="243" VPOS="1197" WIDTH="34" HEIGHT="21" WC="0.96" CONTENT="Hr"/><SP WIDTH="22" VPOS="1197" HPOS="277"/>
							<String ID="string_204" HPOS="299" VPOS="1197" WIDTH="93" HEIGHT="21" WC="0.91" CONTENT="Heikel"/><SP WIDTH="22" VPOS="1197" HPOS="392"/>
							<String ID="string_205" HPOS="414" VPOS="1198" WIDTH="83" HEIGHT="26" WC="0.91" CONTENT="yttrade"/><SP WIDTH="24" VPOS="1198" HPOS="497"/>
							<String ID="string_206" HPOS="521" VPOS="1197" WIDTH="61" HEIGHT="21" WC="0.92" CONTENT="härä:"/><SP WIDTH="16" VPOS="1197" HPOS="582"/>
							<String ID="string_207" HPOS="598" VPOS="1197" WIDTH="40" HEIGHT="21" WC="0.96" CONTENT="Till"/><SP WIDTH="15" VPOS="1197" HPOS="638"/>
							<String ID="string_208" HPOS="653" VPOS="1197" WIDTH="32" HEIGHT="20" WC="0.93" CONTENT="sin"/><SP WIDTH="17" VPOS="1197" HPOS="685"/>
							<String ID="string_209" HPOS="702" VPOS="1196" WIDTH="146" HEIGHT="21" WC="0.91" CONTENT="beskaffenhet"/><SP WIDTH="15" VPOS="1196" HPOS="848"/>
							<String ID="string_210" HPOS="863" VPOS="1196" WIDTH="68" HEIGHT="21" WC="0.96" CONTENT="skulle"/><SP WIDTH="16" VPOS="1196" HPOS="931"/>
							<String ID="string_211" HPOS="947" VPOS="1196" WIDTH="56" HEIGHT="21" WC="0.96" CONTENT="detta"/>
						</TextLine>
						<TextLine ID="line_29" HPOS="174" VPOS="1225" WIDTH="829" HEIGHT="26">
							<String ID="string_212" HPOS="174" VPOS="1226" WIDTH="79" HEIGHT="20" WC="0.91" CONTENT="ärende"/><SP WIDTH="24" VPOS="1226" HPOS="253"/>
							<String ID="string_213" HPOS="277" VPOS="1228" WIDTH="92" HEIGHT="19" WC="0.93" CONTENT="närmast"/><SP WIDTH="21" VPOS="1228" HPOS="369"/>
							<String ID="string_214" HPOS="390" VPOS="1227" WIDTH="52" HEIGHT="20" WC="0.93" CONTENT="höra"/><SP WIDTH="23" VPOS="1227" HPOS="442"/>
							<String ID="string_215" HPOS="465" VPOS="1226" WIDTH="30" HEIGHT="21" WC="0.92" CONTENT="till"/><SP WIDTH="23" VPOS="1226" HPOS="495"/>
							<String ID="string_216" HPOS="518" VPOS="1225" WIDTH="166" HEIGHT="22" WC="0.92" CONTENT="statsutskottets"/><SP WIDTH="23" VPOS="1225" HPOS="684"/>
							<String ID="string_217" HPOS="707" VPOS="1225" WIDTH="136" HEIGHT="26" WC="0.96" CONTENT="behandling,"/><SP WIDTH="20" VPOS="1225" HPOS="843"/>
							<String ID="string_218" HPOS="863" VPOS="1231" WIDTH="47" HEIGHT="14" WC="0.96" CONTENT="men"/><SP WIDTH="17" VPOS="1231" HPOS="910"/>
							<String ID="string_219" HPOS="927" VPOS="1225" WIDTH="26" HEIGHT="20" WC="0.96" CONTENT="dä"/><SP WIDTH="15" VPOS="1225" HPOS="953"/>
							<String ID="string_220" HPOS="968" VPOS="1225" WIDTH="35" HEIGHT="20" WC="0.96" CONTENT="det"/>
						</TextLine>
						<TextLine ID="line_30" HPOS="175" VPOS="1253" WIDTH="828" HEIGHT="28">
							<String ID="string_221" HPOS="175" VPOS="1254" WIDTH="69" HEIGHT="21" WC="0.96" CONTENT="under"/><SP WIDTH="15" VPOS="1254" HPOS="244"/>
							<String ID="string_222" HPOS="259" VPOS="1255" WIDTH="89" HEIGHT="26" WC="0.93" CONTENT="tidigare"/><SP WIDTH="16" VPOS="1255" HPOS="348"/>
							<String ID="string_223" HPOS="364" VPOS="1255" WIDTH="126" HEIGHT="26" WC="0.93" CONTENT="landtdagar"/><SP WIDTH="15" VPOS="1255" HPOS="490"/>
							<String ID="string_224" HPOS="505" VPOS="1255" WIDTH="54" HEIGHT="20" WC="0.96" CONTENT="visat"/><SP WIDTH="15" VPOS="1255" HPOS="559"/>
							<String ID="string_225" HPOS="574" VPOS="1255" WIDTH="38" HEIGHT="26" WC="0.96" CONTENT="sig,"/><SP WIDTH="16" VPOS="1255" HPOS="612"/>
							<String ID="string_226" HPOS="628" VPOS="1257" WIDTH="30" HEIGHT="18" WC="0.93" CONTENT="att"/><SP WIDTH="14" VPOS="1257" HPOS="658"/>
							<String ID="string_227" HPOS="672" VPOS="1254" WIDTH="155" HEIGHT="21" WC="0.92" CONTENT="statsutskottet"/><SP WIDTH="12" VPOS="1254" HPOS="827"/>
							<String ID="string_228" HPOS="839" VPOS="1253" WIDTH="67" HEIGHT="21" WC="0.96" CONTENT="sällan"/><SP WIDTH="15" VPOS="1253" HPOS="906"/>
							<String ID="string_229" HPOS="921" VPOS="1254" WIDTH="37" HEIGHT="20" WC="0.96" CONTENT="har"/><SP WIDTH="15" VPOS="1254" HPOS="958"/>
							<String ID="string_230" HPOS="973" VPOS="1253" WIDTH="30" HEIGHT="21" WC="0.96" CONTENT="tid"/>
						</TextLine>
						<TextLine ID="line_31" HPOS="174" VPOS="1281" WIDTH="830" HEIGHT="29">
							<String ID="string_231" HPOS="174" VPOS="1285" WIDTH="31" HEIGHT="19" WC="0.96" CONTENT="att"/><SP WIDTH="16" VPOS="1285" HPOS="205"/>
							<String ID="string_232" HPOS="221" VPOS="1283" WIDTH="105" HEIGHT="21" WC="0.96" CONTENT="behandla"/><SP WIDTH="15" VPOS="1283" HPOS="326"/>
							<String ID="string_233" HPOS="341" VPOS="1283" WIDTH="32" HEIGHT="21" WC="0.93" CONTENT="till"/><SP WIDTH="16" VPOS="1283" HPOS="373"/>
							<String ID="string_234" HPOS="389" VPOS="1283" WIDTH="118" HEIGHT="21" WC="0.92" CONTENT="detsamma"/><SP WIDTH="15" VPOS="1283" HPOS="507"/>
							<String ID="string_235" HPOS="522" VPOS="1283" WIDTH="158" HEIGHT="21" WC="0.92" CONTENT="öfverlämnade"/><SP WIDTH="16" VPOS="1283" HPOS="680"/>
							<String ID="string_236" HPOS="696" VPOS="1282" WIDTH="216" HEIGHT="28" WC="0.92" CONTENT="petitionsmemorial,"/><SP WIDTH="15" VPOS="1282" HPOS="912"/>
							<String ID="string_237" HPOS="927" VPOS="1282" WIDTH="39" HEIGHT="20" WC="0.97" CONTENT="och"/><SP WIDTH="11" VPOS="1282" HPOS="966"/>
							<String ID="string_238" HPOS="977" VPOS="1281" WIDTH="27" HEIGHT="21" WC="0.97" CONTENT="dä"/>
						</TextLine>
						<TextLine ID="line_32" HPOS="174" VPOS="1310" WIDTH="829" HEIGHT="28">
							<String ID="string_239" HPOS="174" VPOS="1312" WIDTH="37" HEIGHT="20" WC="0.96" CONTENT="det"/><SP WIDTH="15" VPOS="1312" HPOS="211"/>
							<String ID="string_240" HPOS="226" VPOS="1313" WIDTH="24" HEIGHT="19" WC="0.95" CONTENT="är"/><SP WIDTH="15" VPOS="1313" HPOS="250"/>
							<String ID="string_241" HPOS="265" VPOS="1312" WIDTH="107" HEIGHT="20" WC="0.93" CONTENT="sannolikt"/><SP WIDTH="15" VPOS="1312" HPOS="372"/>
							<String ID="string_242" HPOS="387" VPOS="1312" WIDTH="45" HEIGHT="20" WC="0.93" CONTENT="atti"/><SP WIDTH="12" VPOS="1312" HPOS="432"/>
							<String ID="string_243" HPOS="444" VPOS="1312" WIDTH="65" HEIGHT="20" WC="0.93" CONTENT="andra"/><SP WIDTH="16" VPOS="1312" HPOS="509"/>
							<String ID="string_244" HPOS="525" VPOS="1312" WIDTH="62" HEIGHT="20" WC="0.92" CONTENT="ständ"/><SP WIDTH="11" VPOS="1312" HPOS="587"/>
							<String ID="string_245" HPOS="598" VPOS="1312" WIDTH="86" HEIGHT="20" WC="0.95" CONTENT="komma"/><SP WIDTH="10" VPOS="1312" HPOS="684"/>
							<String ID="string_246" HPOS="694" VPOS="1313" WIDTH="30" HEIGHT="19" WC="0.93" CONTENT="att"/><SP WIDTH="11" VPOS="1313" HPOS="724"/>
							<String ID="string_247" HPOS="735" VPOS="1311" WIDTH="77" HEIGHT="21" WC="0.92" CONTENT="väckas"/><SP WIDTH="12" VPOS="1311" HPOS="812"/>
							<String ID="string_248" HPOS="824" VPOS="1310" WIDTH="79" HEIGHT="28" WC="0.93" CONTENT="förslag"/><SP WIDTH="12" VPOS="1310" HPOS="903"/>
							<String ID="string_249" HPOS="915" VPOS="1310" WIDTH="88" HEIGHT="21" WC="0.93" CONTENT="rörande"/>
						</TextLine>
						<TextLine ID="line_33" HPOS="175" VPOS="1339" WIDTH="828" HEIGHT="28">
							<String ID="string_250" HPOS="175" VPOS="1340" WIDTH="50" HEIGHT="20" WC="0.92" CONTENT="vära"/><SP WIDTH="18" VPOS="1340" HPOS="225"/>
							<String ID="string_251" HPOS="243" VPOS="1340" WIDTH="165" HEIGHT="27" WC="0.92" CONTENT="folkhögskolor,"/><SP WIDTH="11" VPOS="1340" HPOS="408"/>
							<String ID="string_252" HPOS="419" VPOS="1340" WIDTH="72" HEIGHT="21" WC="0.93" CONTENT="hvilka"/><SP WIDTH="14" VPOS="1340" HPOS="491"/>
							<String ID="string_253" HPOS="505" VPOS="1340" WIDTH="119" HEIGHT="22" WC="0.92" CONTENT="remitteras"/><SP WIDTH="15" VPOS="1340" HPOS="624"/>
							<String ID="string_254" HPOS="639" VPOS="1340" WIDTH="32" HEIGHT="21" WC="0.96" CONTENT="till"/><SP WIDTH="15" VPOS="1340" HPOS="671"/>
							<String ID="string_255" HPOS="686" VPOS="1340" WIDTH="109" HEIGHT="20" WC="0.91" CONTENT="allmänna"/><SP WIDTH="15" VPOS="1340" HPOS="795"/>
							<String ID="string_256" HPOS="810" VPOS="1339" WIDTH="193" HEIGHT="25" WC="0.93" CONTENT="besvärsutskottet,"/>
						</TextLine>
						<TextLine ID="line_34" HPOS="174" VPOS="1367" WIDTH="830" HEIGHT="29">
							<String ID="string_257" HPOS="174" VPOS="1368" WIDTH="98" HEIGHT="21" WC="0.93" CONTENT="anhäller"/><SP WIDTH="22" VPOS="1368" HPOS="272"/>
							<String ID="string_258" HPOS="294" VPOS="1369" WIDTH="35" HEIGHT="27" WC="0.96" CONTENT="jag"/><SP WIDTH="21" VPOS="1369" HPOS="329"/>
							<String ID="string_259" HPOS="350" VPOS="1369" WIDTH="108" HEIGHT="21" WC="0.96" CONTENT="vördsamt"/><SP WIDTH="20" VPOS="1369" HPOS="458"/>
							<String ID="string_260" HPOS="478" VPOS="1371" WIDTH="31" HEIGHT="19" WC="0.93" CONTENT="att"/><SP WIDTH="22" VPOS="1371" HPOS="509"/>
							<String ID="string_261" HPOS="531" VPOS="1368" WIDTH="173" HEIGHT="27" WC="0.92" CONTENT="borgareständet"/><SP WIDTH="23" VPOS="1368" HPOS="704"/>
							<String ID="string_262" HPOS="727" VPOS="1368" WIDTH="49" HEIGHT="21" WC="0.93" CONTENT="ville"/><SP WIDTH="23" VPOS="1368" HPOS="776"/>
							<String ID="string_263" HPOS="799" VPOS="1368" WIDTH="108" HEIGHT="20" WC="0.90" CONTENT="remittera"/><SP WIDTH="20" VPOS="1368" HPOS="907"/>
							<String ID="string_264" HPOS="927" VPOS="1367" WIDTH="77" HEIGHT="27" WC="0.91" CONTENT="jämväl"/>
						</TextLine>
						<TextLine ID="line_35" HPOS="175" VPOS="1396" WIDTH="829" HEIGHT="28">
							<String ID="string_265" HPOS="175" VPOS="1397" WIDTH="57" HEIGHT="21" WC="0.91" CONTENT="detta"/><SP WIDTH="23" VPOS="1397" HPOS="232"/>
							<String ID="string_266" HPOS="255" VPOS="1397" WIDTH="110" HEIGHT="21" WC="0.91" CONTENT="memorial"/><SP WIDTH="23" VPOS="1397" HPOS="365"/>
							<String ID="string_267" HPOS="388" VPOS="1397" WIDTH="32" HEIGHT="21" WC="0.93" CONTENT="till"/><SP WIDTH="15" VPOS="1397" HPOS="420"/>
							<String ID="string_268" HPOS="435" VPOS="1397" WIDTH="130" HEIGHT="27" WC="0.89" CONTENT="nyssnämda"/><SP WIDTH="23" VPOS="1397" HPOS="565"/>
							<String ID="string_269" HPOS="588" VPOS="1398" WIDTH="80" HEIGHT="20" WC="0.91" CONTENT="utskott"/><SP WIDTH="22" VPOS="1398" HPOS="668"/>
							<String ID="string_270" HPOS="690" VPOS="1397" WIDTH="49" HEIGHT="21" WC="0.96" CONTENT="med"/><SP WIDTH="17" VPOS="1397" HPOS="739"/>
							<String ID="string_271" HPOS="756" VPOS="1397" WIDTH="40" HEIGHT="21" WC="0.93" CONTENT="den"/><SP WIDTH="17" VPOS="1397" HPOS="796"/>
							<String ID="string_272" HPOS="813" VPOS="1396" WIDTH="98" HEIGHT="21" WC="0.92" CONTENT="anhällan"/><SP WIDTH="16" VPOS="1396" HPOS="911"/>
							<String ID="string_273" HPOS="927" VPOS="1398" WIDTH="30" HEIGHT="18" WC="0.93" CONTENT="att"/><SP WIDTH="15" VPOS="1398" HPOS="957"/>
							<String ID="string_274" HPOS="972" VPOS="1397" WIDTH="32" HEIGHT="19" WC="0.93" CONTENT="ut-"/>
						</TextLine>
						<TextLine ID="line_36" HPOS="174" VPOS="1424" WIDTH="830" HEIGHT="28">
							<String ID="string_275" HPOS="174" VPOS="1426" WIDTH="79" HEIGHT="20" WC="0.93" CONTENT="skottet"/><SP WIDTH="14" VPOS="1426" HPOS="253"/>
							<String ID="string_276" HPOS="267" VPOS="1426" WIDTH="8" HEIGHT="20" WC="0.96" CONTENT="i"/><SP WIDTH="16" VPOS="1426" HPOS="275"/>
							<String ID="string_277" HPOS="291" VPOS="1426" WIDTH="22" HEIGHT="20" WC="0.96" CONTENT="sä"/><SP WIDTH="15" VPOS="1426" HPOS="313"/>
							<String ID="string_278" HPOS="328" VPOS="1426" WIDTH="41" HEIGHT="26" WC="0.96" CONTENT="god"/><SP WIDTH="16" VPOS="1426" HPOS="369"/>
							<String ID="string_279" HPOS="385" VPOS="1426" WIDTH="30" HEIGHT="20" WC="0.96" CONTENT="tid"/><SP WIDTH="16" VPOS="1426" HPOS="415"/>
							<String ID="string_280" HPOS="431" VPOS="1426" WIDTH="68" HEIGHT="20" WC="0.93" CONTENT="skulle"/><SP WIDTH="16" VPOS="1426" HPOS="499"/>
							<String ID="string_281" HPOS="515" VPOS="1426" WIDTH="110" HEIGHT="20" WC="0.92" CONTENT="inkomma"/><SP WIDTH="15" VPOS="1426" HPOS="625"/>
							<String ID="string_282" HPOS="640" VPOS="1426" WIDTH="49" HEIGHT="20" WC="0.97" CONTENT="med"/><SP WIDTH="16" VPOS="1426" HPOS="689"/>
							<String ID="string_283" HPOS="705" VPOS="1426" WIDTH="36" HEIGHT="20" WC="0.93" CONTENT="sitt"/><SP WIDTH="16" VPOS="1426" HPOS="741"/>
							<String ID="string_284" HPOS="757" VPOS="1424" WIDTH="140" HEIGHT="27" WC="0.92" CONTENT="betänkande,"/><SP WIDTH="10" VPOS="1424" HPOS="897"/>
							<String ID="string_285" HPOS="907" VPOS="1426" WIDTH="30" HEIGHT="19" WC="0.93" CONTENT="att"/><SP WIDTH="11" VPOS="1426" HPOS="937"/>
							<String ID="string_286" HPOS="948" VPOS="1424" WIDTH="56" HEIGHT="20" WC="0.92" CONTENT="stän-"/>
						</TextLine>
						<TextLine ID="line_37" HPOS="174" VPOS="1452" WIDTH="830" HEIGHT="29">
							<String ID="string_287" HPOS="174" VPOS="1454" WIDTH="48" HEIGHT="27" WC="0.91" CONTENT="den,"/><SP WIDTH="23" VPOS="1454" HPOS="222"/>
							<String ID="string_288" HPOS="245" VPOS="1454" WIDTH="47" HEIGHT="20" WC="0.92" CONTENT="ifall"/><SP WIDTH="22" VPOS="1454" HPOS="292"/>
							<String ID="string_289" HPOS="314" VPOS="1454" WIDTH="117" HEIGHT="27" WC="0.92" CONTENT="petitionen"/><SP WIDTH="15" VPOS="1454" HPOS="431"/>
							<String ID="string_290" HPOS="446" VPOS="1455" WIDTH="7" HEIGHT="19" WC="0.92" CONTENT="i"/><SP WIDTH="15" VPOS="1455" HPOS="453"/>
							<String ID="string_291" HPOS="468" VPOS="1454" WIDTH="122" HEIGHT="21" WC="0.92" CONTENT="hufvudsak"/><SP WIDTH="22" VPOS="1454" HPOS="590"/>
							<String ID="string_292" HPOS="612" VPOS="1454" WIDTH="130" HEIGHT="27" WC="0.93" CONTENT="godkännes,"/><SP WIDTH="22" VPOS="1454" HPOS="742"/>
							<String ID="string_293" HPOS="764" VPOS="1454" WIDTH="65" HEIGHT="20" WC="0.96" CONTENT="måtte"/><SP WIDTH="23" VPOS="1454" HPOS="829"/>
							<String ID="string_294" HPOS="852" VPOS="1453" WIDTH="63" HEIGHT="21" WC="0.96" CONTENT="hafva"/><SP WIDTH="15" VPOS="1453" HPOS="915"/>
							<String ID="string_295" HPOS="930" VPOS="1452" WIDTH="29" HEIGHT="21" WC="0.96" CONTENT="tid"/><SP WIDTH="16" VPOS="1452" HPOS="959"/>
							<String ID="string_296" HPOS="975" VPOS="1454" WIDTH="29" HEIGHT="19" WC="0.96" CONTENT="att"/>
						</TextLine>
						<TextLine ID="line_38" HPOS="175" VPOS="1480" WIDTH="830" HEIGHT="28">
							<String ID="string_297" HPOS="175" VPOS="1482" WIDTH="133" HEIGHT="22" WC="0.85" CONTENT="öfverlämna"/><SP WIDTH="22" VPOS="1482" HPOS="308"/>
							<String ID="string_298" HPOS="330" VPOS="1482" WIDTH="40" HEIGHT="21" WC="0.96" CONTENT="den"/><SP WIDTH="22" VPOS="1482" HPOS="370"/>
							<String ID="string_299" HPOS="392" VPOS="1483" WIDTH="32" HEIGHT="21" WC="0.93" CONTENT="till"/><SP WIDTH="21" VPOS="1483" HPOS="424"/>
							<String ID="string_300" HPOS="445" VPOS="1483" WIDTH="155" HEIGHT="21" WC="0.95" CONTENT="statsutskottet"/><SP WIDTH="14" VPOS="1483" HPOS="600"/>
							<String ID="string_301" HPOS="614" VPOS="1483" WIDTH="7" HEIGHT="20" WC="0.95" CONTENT="i"/><SP WIDTH="16" VPOS="1483" HPOS="621"/>
							<String ID="string_302" HPOS="637" VPOS="1482" WIDTH="40" HEIGHT="22" WC="0.96" CONTENT="och"/><SP WIDTH="21" VPOS="1482" HPOS="677"/>
							<String ID="string_303" HPOS="698" VPOS="1482" WIDTH="34" HEIGHT="21" WC="0.93" CONTENT="för"/><SP WIDTH="22" VPOS="1482" HPOS="732"/>
							<String ID="string_304" HPOS="754" VPOS="1482" WIDTH="116" HEIGHT="20" WC="0.92" CONTENT="anvisande"/><SP WIDTH="23" VPOS="1482" HPOS="870"/>
							<String ID="string_305" HPOS="893" VPOS="1481" WIDTH="21" HEIGHT="21" WC="0.93" CONTENT="af"/><SP WIDTH="15" VPOS="1481" HPOS="914"/>
							<String ID="string_306" HPOS="929" VPOS="1480" WIDTH="76" HEIGHT="28" WC="0.95" CONTENT="nödiga"/>
						</TextLine>
						<TextLine ID="line_39" HPOS="174" VPOS="1511" WIDTH="76" HEIGHT="21">
							<String ID="string_307" HPOS="174" VPOS="1511" WIDTH="76" HEIGHT="21" WC="0.96" CONTENT="medel."/>
						</TextLine>
					</TextBlock>
				</ComposedBlock>
			</PrintSpace>
		</Page>
	</Layout>
</alto>
