1095 1717
195 114 41 20 290
404 120 179 21 Borgareståndet
596 120 56 16 1894.
678 120 22 16 17
712 119 51 17 febr.

165 199 197 27 industristyrelsen
383 207 51 13 vara
448 202 54 19 rätta
523 200 70 20 forum
609 201 29 19 att
662 201 91 25 upptaga
768 200 39 20 och
823 201 96 19 närmare
934 198 59 21 skär-

166 228 66 21 skåda
246 228 176 27 yrkesidkarenes
434 228 161 28 ifrågavarande
607 228 180 26 framställningar
799 234 34 14 om
846 227 148 27 förändringar

166 257 8 20 i
189 257 155 27 näringslagen,
360 257 72 21 hvilka
446 257 149 27 förändringar
609 258 22 26 ju
647 256 85 28 partielt
747 257 72 20 kunna
830 263 50 14 vara
891 256 100 27 önskliga.

166 285 41 27 Jag
222 286 84 20 förenar
321 286 42 27 mig
378 286 27 27 på
420 286 68 27 grund
504 286 21 20 af
541 286 36 20 det
591 285 89 21 anförda
690 285 49 21 med
752 285 26 21 de
791 285 63 21 ärade
865 284 70 28 talare,
946 291 47 14 som

166 314 63 23 hafva
244 314 108 28 föreslagit
366 314 128 28 petitionens
509 314 105 28 läggande
630 314 31 21 till
677 314 159 26 handlingarna.

235 377 35 21 Hr
283 377 194 27 Heimberger:
494 377 41 27 Jag
551 377 49 20 ville
616 376 75 22 endast
706 376 85 27 tillägga
807 378 30 19 att
853 376 40 21 den
909 382 28 14 nu
949 376 44 27 gäl-

167 406 63 20 lande
246 406 147 27 näringslagen
410 406 39 20 och
465 406 26 20 de
506 406 124 20 nuvarande
651 405 33 21 för
699 405 41 21 alla
756 404 136 27 yrkesidkare
907 410 85 22 gemen-

167 441 81 14 samma
264 435 147 26 föreningarna
434 435 46 20 icke
495 435 63 20 hafva
581 434 49 21 stått
645 435 7 20 i
668 436 68 25 vägen
754 434 33 20 för
802 434 108 20 bildandet
925 433 21 21 af
960 440 32 13 ar-

166 463 195 28 betareföreningar
381 463 48 21 med
445 463 46 21 sina
513 463 175 27 fackföreningar.
718 462 42 21 Det
774 462 69 21 finnes
864 462 47 21 icke
926 461 67 21 häller

166 492 65 27 något
247 492 74 21 hinder
336 494 29 19 att
381 492 57 21 bilda
452 492 176 27 fackföreningar,
644 497 159 21 gemensamma
814 491 33 20 för
856 491 135 26 yrkesidkare

168 521 39 20 och
223 520 100 21 arbetare.
346 520 49 21 Men
412 522 30 19 att
457 521 57 20 bilda
529 520 78 27 lagliga
622 520 171 27 fackföreningar
808 519 73 27 tycker
896 519 35 27 jag
942 525 51 14 vore

168 549 7 20 i
190 549 76 26 högsta
280 549 50 27 grad
347 549 114 27 olämpligt,
482 551 23 25 ty
520 556 26 13 en
562 549 98 27 förening
679 549 65 20 borde
760 549 35 20 det
811 548 33 21 väl
858 547 73 27 finnas,
947 554 45 14 som

168 579 24 19 är
206 578 66 27 laglig
287 578 38 21 och
347 578 117 26 berättigad
480 580 29 19 att
531 577 46 21 föra
593 577 51 21 allas
665 577 63 22 talan.
758 577 63 20 Hvad
838 577 44 20 åter
897 576 97 21 beträffar

168 607 41 20 den
226 607 182 27 omständigheten
424 608 30 19 att
469 606 124 21 arbetarene
609 606 68 21 skulle
694 606 62 20 hafva
772 607 43 19 säte
831 605 39 21 och
885 604 107 21 stämma
978 600 18 38 i

167 635 139 20 handtvärks-
321 635 39 21 och
382 635 237 27 fabriksföreningarna,
640 635 23 20 så
679 635 37 20 har
731 635 41 26 jag,
795 634 68 21 såsom
878 634 35 27 jag
927 633 65 21 redan

167 664 91 26 yttrade,
274 664 109 27 ingenting
399 664 99 26 däremot,
515 663 52 22 blott
583 663 26 21 de
624 663 46 21 icke
686 663 62 20 hafva
765 662 170 21 beslutanderätt.
957 661 36 21 In-

168 692 88 27 genting
271 693 86 20 hindrar
371 693 67 20 häller
453 692 214 27 yrkesföreningarna
682 694 36 24 att,
733 691 70 21 såsom
818 691 62 20 äfven
893 691 53 20 skett
957 690 34 20 vid

168 721 157 26 behandlingen
340 721 21 20 af
375 721 81 27 viktiga
470 721 75 26 frågor,
561 721 86 20 tillsätta
663 721 103 20 komitéer
780 720 33 21 för
824 719 136 21 utarbetande
972 719 22 20 af

167 749 79 28 förslag
263 750 38 20 och
312 751 29 19 att
356 750 7 19 i
379 750 61 20 dessa
455 749 102 21 komitéer
573 749 78 27 invälja
665 749 101 24 arbetare,
778 748 144 21 hvarförutom
931 748 62 20 äfven

168 778 245 27 arbetareföreningarna
429 778 60 27 pläga
505 780 63 19 sättas
584 778 6 20 i
606 777 82 21 tillfälle
704 779 29 19 att
748 779 56 25 yttra
819 777 32 26 sig
866 783 33 14 om
915 776 78 20 sådana

167 806 77 27 frågor.
269 806 40 21 För
324 807 43 20 min
383 807 34 20 del
434 807 67 20 skulle
517 807 40 26 jag,
573 806 68 21 såsom
658 806 93 21 varande
762 805 129 27 fullkomligt
901 805 92 26 onödigt,

168 835 72 20 afråda
264 835 52 20 ifrån
333 837 29 19 att
384 835 33 21 för
432 835 79 21 sådana
534 835 115 27 bagateller
664 835 66 20 ändra
749 833 242 28 näringsförfattningen.

168 863 79 21 Sådant
263 864 38 20 bör
315 864 36 20 ske
367 864 75 20 endast
454 864 27 27 på
495 864 69 27 grund
581 863 20 21 af
616 863 72 28 giltiga
704 863 45 20 skäl
765 863 38 20 och
819 862 53 21 efter
885 868 107 21 noggrann

167 892 148 21 förberedelse.

238 955 69 20 Sedan
323 955 149 20 diskussionen
487 955 87 20 härmed
591 954 111 21 förklarats
718 953 96 28 afslutad,
833 953 121 20 framstälde
969 953 27 20 hr

168 983 125 21 talmannen
308 990 25 14 en
349 983 89 21 sålunda
454 983 129 21 formulerad
599 982 280 27 omröstningsproposition:

237 1046 41 27 De,
294 1046 73 21 hvilka
382 1046 54 27 vilja
451 1048 98 25 upptaga
565 1047 59 20 samt
639 1045 35 21 till
690 1045 46 28 lag-
745 1045 38 21 och
794 1044 201 21 ekonomiutskottet

167 1075 114 20 remittera
296 1075 27 20 hr
344 1074 157 28 Wiljakainens
515 1074 196 27 petitionsförslag,
728 1075 59 19 rösta
797 1073 36 28 ja;
850 1073 31 26 de,
900 1073 34 20 det
948 1072 45 21 icke

167 1103 62 28 vilja,
245 1105 61 19 rösta
319 1103 44 27 nej;

239 1131 79 22 vinner
332 1132 41 27 nej,
389 1131 42 21 har
446 1131 176 28 borgareståndet
636 1131 90 20 beslutit
740 1132 33 19 att
784 1129 212 29 petitionsförslaget

168 1160 46 21 icke
228 1161 58 20 skall
301 1160 34 21 till
350 1160 74 27 någon
440 1160 78 27 åtgärd
531 1160 123 27 föranleda.

236 1223 97 20 Emedan
349 1217 158 32 propositionen
523 1222 126 21 besvarades
664 1221 49 21 med
724 1221 154 26 öfvervägande
889 1221 40 26 nej,
940 1220 55 21 hade

168 1251 201 28 petitionsförslaget
384 1251 82 21 således
481 1251 46 21 icke
543 1250 105 21 föranledt
664 1250 32 21 till
712 1249 70 28 någon
797 1249 73 28 åtgärd
881 1249 46 20 från
938 1249 56 20 stån-

168 1279 46 21 dets
230 1280 51 21 sida.

236 1428 34 21 Hr
286 1428 119 21 Castrén
422 1428 95 28 uppläste
533 1430 30 19 ett
578 1428 21 20 af
614 1428 78 20 honom
708 1428 64 26 jämte
788 1427 36 20 hrr
842 1425 153 27 Stenroth,

167 1456 118 28 Genetz,
314 1457 100 27 Lilius,
444 1457 129 25 Erenius,
604 1456 98 26 Erkko,
731 1456 105 25 Idman,
863 1454 131 26 Sommer,

166 1485 75 27 Berg,
258 1486 111 26 Nybom,
383 1486 166 26 Herckman,
565 1485 186 27 Aejmelaeus,
767 1484 152 24 Pelkonen,
935 1482 60 21 Wil-

166 1514 140 27 jakainen,
329 1514 140 28 Alopaeus,
483 1514 162 27 Andersson,
669 1512 143 28 Schvindt,
827 1512 169 26 Liukkonen,
