1095 1717
333 116 177 22 Borgareståndet
521 117 58 17 1894.
603 116 13 17 9
628 116 50 18 febr.
861 108 27 21 95

457 224 92 29 Bilagor
554 233 8 13 :

169 283 18 21 1.
216 282 184 28 Kostnadsförslag
422 282 32 22 till
475 282 203 28 järnvägsprojektet
696 281 61 28 1890,
772 280 111 28 uppgjordt
898 279 21 21 af

100 312 96 28 ingeniör
210 311 20 21 J.
245 311 21 21 F.
282 310 121 29 Smedberg,
416 311 65 27 jämte
496 318 26 14 en
538 310 176 22 öfversiktskarta.

169 341 19 20 2.
217 339 184 28 Kostnadsförslag
429 339 32 22 till
487 346 27 15 en
541 339 153 28 normalspårig
718 338 87 28 järnväg
829 337 90 22 emellan

100 369 104 21 Tavastila
218 368 40 21 och
272 368 168 28 Fredrikshamn,
455 369 40 21 och

170 398 18 20 3.
217 396 184 28 Kostnadsförslag
416 396 32 22 till
462 403 28 15 en
505 396 123 28 smalspärig
639 396 89 28 järnväg
738 395 90 22 emellan
839 401 80 15 samma

101 428 61 26 orter,
184 426 111 21 hvartdera
309 426 113 28 uppgjordt
434 426 20 21 af
468 426 97 28 ingeniör
579 425 95 22 Herman
690 424 109 28 Norrmön,
814 424 64 27 jämte
893 429 27 15 en

101 456 60 20 karta
175 455 39 21 och
229 454 130 29 längdprofil.

169 484 19 21 4.
218 483 38 22 Tre
264 483 81 28 bilagor
352 483 59 22 öfver
418 482 384 29 folkmängdsförhällandenai
730 477 72 39 staden
813 481 107 23 Fredriks-

104 513 64 20 hamn
183 513 39 21 och
238 512 47 21 dess
300 512 90 28 omnäjd.

173 542 18 20 5.
220 541 43 21 Två
284 541 81 28 bilagor
385 541 47 21 från
454 541 162 21 tullkammaren
631 540 8 21 i
654 539 162 22 Fredrikshamn
831 539 89 21 rörande

103 569 163 29 tulluppbörden
280 572 55 19 samt
348 569 32 22 in-
395 570 39 21 och
449 569 132 22 utklarerade
596 569 76 28 fartyg.

170 599 19 20 6.
219 598 112 21 Utlåtande
354 598 109 28 angående
487 598 118 21 ordnandet
626 598 22 21 af
668 597 223 22 hamnförhållandena
913 597 7 20 i

104 627 172 21 Fredrikshamns
290 627 45 21 stad
350 627 64 28 jämte
429 627 184 22 kostnadsförslag.

172 657 18 20 7.
220 655 81 29 Utdrag
315 662 26 15 ur
355 656 200 27 stadsfullmäktiges
570 656 7 20 i
592 629 163 59 Frodriksbann
770 654 103 29 protokoll
889 654 32 21 för

104 684 41 21 den
160 685 26 20 19
201 685 82 27 januari
299 685 60 21 1894.

171 747 202 28 Petitionsförslaget
387 747 144 22 remitterades
546 747 32 22 till
593 747 204 28 järnvägsutskottet.

171 937 32 21 Hr
225 937 156 28 Appelberg
399 937 95 28 uppläste
509 939 30 20 ett
553 937 22 21 af
589 938 78 21 honom
682 937 117 22 inlämnadt
813 937 108 28 petitions-

106 966 114 27 memorial,
236 966 21 21 af
271 966 92 27 följande
377 966 91 27 lydelse:

332 1081 40 21 Till
387 1081 105 28 vällofliga
507 1081 177 28 borgareståndet.

171 1143 42 23 Det
234 1143 59 22 torde
315 1144 103 28 knappast
438 1143 69 22 finnas
522 1144 70 28 någon
607 1144 46 21 stad
668 1144 8 21 i
691 1143 45 22 vårt
750 1143 50 22 land
815 1143 49 21 med
879 1143 42 21 den

104 1173 124 21 merkantila
242 1173 40 21 och
302 1173 132 22 industriella
457 1173 108 27 betydelse
583 1179 45 15 som
643 1172 76 25 Kotka,
741 1173 84 21 hvarest
839 1171 82 22 tillfälle

105 1201 31 21 till
151 1201 147 22 förvärfvande
313 1201 20 22 af
347 1208 28 15 en
389 1202 65 27 högre
469 1201 148 28 skolbildning,
637 1201 99 22 särskildt
750 1201 32 22 för
797 1201 41 21 den
853 1200 68 21 finska

104 1229 82 22 talande
202 1229 155 28 befolkningen,
372 1237 50 14 vore
437 1230 23 21 så
474 1230 59 28 ringa
548 1237 45 14 som
608 1231 43 20 här.
673 1229 47 22 Den
731 1230 55 21 enda
795 1229 126 25 statsskolan

105 1258 26 28 på
145 1259 59 20 orten
220 1260 84 25 utgöres
319 1259 20 20 af
354 1265 27 15 en
393 1259 114 27 tvåklassig
517 1258 181 28 elementarskola,
713 1259 86 21 hvilken
809 1258 22 21 af
840 1264 81 15 samma

105 1287 45 21 skäl
172 1293 45 15 som
237 1287 66 21 andra
317 1287 72 27 dylika
403 1287 71 22 skolor
488 1287 33 21 för
535 1289 30 20 ett
579 1287 8 21 i
608 1287 41 28 hög
664 1287 51 28 grad
730 1287 94 28 tynande
838 1287 30 28 lif,
890 1287 31 27 ity

103 1318 30 19 att
155 1315 125 22 elevantalet
301 1316 80 28 uppgår
398 1316 32 21 till
444 1316 75 22 endast
535 1316 32 28 16,
589 1316 59 22 deraf
663 1316 13 21 9
691 1316 27 28 på
732 1315 65 23 första
812 1316 40 21 och
866 1315 13 21 6
894 1315 27 28 på

104 1344 65 22 andra
183 1344 90 22 klassen.

176 1373 38 21 Att
228 1373 115 21 emellertid
359 1373 79 22 antalet
452 1373 52 22 barn
519 1374 7 20 i
539 1373 119 22 skolåldern
668 1374 19 27 ej
698 1375 24 19 är
731 1373 117 28 obetydligt
857 1378 64 22 synes

103 1401 59 21 däraf
183 1403 30 20 att
235 1402 84 22 stadens
340 1402 116 21 folkskolor
477 1402 144 22 frekventeras
641 1402 21 22 af
684 1402 75 22 inalles
781 1403 42 20 543
844 1402 76 26 elever,

103 1430 59 21 däraf
182 1430 42 21 476
246 1430 8 21 i
276 1430 25 22 de
322 1430 68 22 finska
411 1431 40 21 och
470 1431 26 21 67
519 1431 8 20 i
542 1431 26 21 de
583 1431 95 21 svenska.
706 1430 12 21 I
733 1431 26 21 de
774 1432 65 26 högre
853 1430 68 21 finska

103 1458 143 22 folkskolorna
260 1459 131 27 sysselsättas
406 1459 75 21 inalles
498 1460 36 20 238
543 1454 86 36 'elever.

191 1487 13 21 å
224 1494 50 14 man
296 1488 107 21 dessutom
425 1488 110 27 påminner
551 1488 31 27 sig
597 1490 30 19 att
641 1488 7 20 i
663 1488 85 21 stadens
763 1488 75 21 närhet
852 1486 69 22 finnes

103 1515 23 21 sä
141 1515 119 27 betydande
275 1516 130 22 industriella
422 1516 49 21 värk
492 1522 45 15 som
554 1516 63 21 Halla
632 1516 84 28 ängsäg,
734 1516 121 27 Kymmene
870 1515 50 27 äng-
