1095 1717
338 124 178 21 Borgareståndet
529 125 57 16 1894.
612 125 22 16 15
647 124 50 17 febr.
860 118 39 20 227

106 205 101 21 kommun
232 211 48 14 vore
296 204 83 28 skyldig
395 205 82 27 inrätta,
493 205 68 20 skulle
576 206 61 25 göras
653 204 112 27 beroende,
781 204 45 21 dels
841 204 21 20 af
877 204 53 20 folk-

106 234 112 27 mängden,
234 234 44 20 dels
294 234 21 20 af
329 233 144 21 folktätheten.
503 233 77 21 Denna
595 233 115 21 sistnämda
723 233 134 26 bestämning
867 238 62 21 synes

107 263 43 26 mig
169 262 100 27 tämligen
292 262 99 20 teoretisk
414 262 40 20 och
469 262 112 27 opraktisk.
611 262 31 26 Ty
663 264 59 18 utom
738 262 36 20 det
789 263 29 19 att
833 262 35 20 det
883 261 46 21 icke

107 291 59 20 alltid
188 293 24 18 är
234 291 22 20 så
278 290 43 26 lätt,
343 290 99 21 särskildt
462 291 33 20 för
509 290 84 28 menige
609 297 55 19 man,
680 292 30 19 att
725 290 120 21 konstatera
861 290 69 21 denna

107 319 116 27 folktäthet,
245 319 51 21 böra
311 319 21 20 vi
346 319 85 21 komma
446 319 55 27 ihåg,
517 321 29 19 att
561 319 46 21 vårt
622 319 48 21 land
686 319 32 21 till
734 321 43 18 stor
792 318 34 21 del
841 320 23 19 är
879 325 51 21 upp-

107 350 57 25 taget
186 348 20 20 af
225 348 56 26 sjöar
302 348 38 20 och
356 348 37 20 har
408 354 27 14 en
450 348 78 26 mängd
544 348 7 20 i
566 348 72 20 landet
652 348 128 20 inskärande
797 347 64 26 vikar,
877 348 54 19 samt

108 379 30 18 att
159 376 51 21 flere
232 376 126 21 kommuner
379 376 60 21 bestå
454 376 53 21 blott
521 376 21 21 af
557 378 37 19 öar
608 376 7 20 i
631 376 37 20 vår
683 376 128 21 vidsträckta
825 375 105 27 skärgård.

107 404 44 22 Där
166 407 70 19 vatten
252 405 87 20 sålunda
350 405 7 20 i
367 407 66 18 större
449 405 52 21 eller
511 405 82 21 mindre
602 405 51 27 grad
662 404 94 28 åtskiljer
766 404 165 21 landområdena

108 434 7 20 i
137 441 19 14 en
180 434 107 27 kommun,
308 434 37 20 där
367 434 40 20 blir
428 434 284 26 folktäthetsbestämningen
736 433 80 28 ganska
839 432 48 22 svår
902 434 30 19 att

108 463 56 27 följa.
194 463 108 20 Beräknas
316 465 13 18 t.
345 469 33 14 ex.
393 463 8 20 i
416 463 38 20 vår
468 463 101 26 skärgård
584 463 139 20 folktätheten
737 462 53 21 blott
805 462 53 21 efter
872 461 59 21 land-

109 491 100 27 området,
230 491 69 21 såsom
319 491 105 27 själffallet
439 493 28 25 är,
483 491 48 21 med
547 492 83 26 sjöarna
646 491 121 26 afräknade,
783 491 23 20 så
821 491 42 20 kan
878 490 53 21 folk-

109 521 92 20 tätheten
224 520 26 27 på
272 526 78 21 papper
365 520 60 20 ställa
440 520 32 27 sig
487 520 80 27 ganska
582 520 47 27 hög,
644 526 49 15 men
710 520 6 20 i
732 519 75 27 själfva
822 519 73 21 värket
909 521 23 18 är

110 549 150 27 befolkningen
281 549 37 20 här
339 555 58 14 mera
412 549 72 26 spridd
500 551 27 18 än
542 549 26 26 på
583 549 65 20 andra
663 550 61 25 orter,
741 548 37 21 där
793 548 138 21 folktätheten

110 577 41 20 kan
166 577 45 20 visa
226 583 26 15 en
268 577 58 27 långt
340 577 57 27 lägre
413 577 62 20 siffra.
505 577 85 20 Samma
605 577 131 21 förhållande
751 576 99 26 inträffar,
865 577 67 20 ehuru

110 606 6 20 i
132 606 82 20 mindre
229 606 57 27 grad,
301 606 88 20 öfveralt
404 606 38 20 där
459 606 74 20 talrika
544 606 55 27 sjöar
610 606 38 20 och
662 605 125 27 vattendrag
796 605 136 21 förekomma.

110 634 113 21 Dessutom
246 635 39 20 kan
310 634 35 21 det
367 635 43 20 ofta
428 635 69 20 hända
512 637 29 18 att
557 641 26 14 en
599 635 109 26 kommun,
724 634 38 20 där
776 633 157 27 folkmängden,

110 663 94 20 fördelad
220 663 58 20 öfver
293 663 47 20 hela
358 663 141 20 kommunens
515 663 92 26 område,
623 663 55 20 visar
694 669 26 14 en
736 663 79 26 ganska
831 662 34 27 låg
880 661 53 21 folk-

111 692 70 25 täthet,
202 691 54 21 dock
271 692 7 19 i
293 692 55 20 vissa
369 692 59 20 delar
449 694 22 18 är
492 694 38 18 tätt
550 692 104 27 befolkad,
670 692 7 19 i
692 691 36 21 det
743 691 151 27 folkmängden
910 692 23 19 är

111 720 68 27 hopad
199 720 7 20 i
222 727 26 14 en
269 720 52 21 eller
342 722 29 19 ett
392 727 39 20 par
453 722 66 19 större
542 720 57 27 byar.
630 720 10 20 I
655 720 62 21 dessa
740 722 23 18 är
779 720 50 20 fullt
843 719 45 20 skäl
904 721 29 18 att

111 749 92 26 påbjuda
225 749 127 20 inrättandet
371 749 21 20 af
414 749 117 20 folkskolor
553 749 53 20 efter
626 755 27 14 en
670 749 64 26 något
749 750 108 25 strängare
872 747 61 21 mått-

111 777 59 21 stock
192 779 26 18 än
242 777 46 27 den,
304 784 44 14 som
364 779 23 18 är
402 777 118 27 föreslagen
536 777 33 21 för
584 777 25 21 de
625 777 54 27 glest
694 777 111 20 befolkade
821 777 112 20 trakterna.

180 805 41 22 Det
236 812 63 21 synes
313 807 44 26 mig
373 806 69 21 därför
457 813 45 14 som
518 813 34 14 om
568 806 136 21 folktätheten
720 806 47 20 icke
782 805 65 21 borde
863 805 71 26 läggas

112 834 31 21 till
158 835 68 26 grund
242 835 32 20 för
293 835 167 20 bestämmandet
475 835 21 20 af
512 835 35 20 det
562 835 56 20 antal
634 835 71 20 skolor
720 841 27 14 en
763 835 100 20 kommun
881 833 53 20 skall

111 863 81 25 inrätta,
216 865 49 18 utan
287 863 64 21 borde
375 863 56 21 detta
452 865 61 26 göras
536 863 105 21 beroende
657 863 75 20 endast
747 863 21 20 af
783 862 151 27 folkmängden

111 892 40 20 och
166 891 135 27 möjligheten
317 893 30 20 att
361 892 58 20 inom
435 898 26 15 en
477 892 42 21 viss
535 892 71 27 gifven
623 892 97 26 omkrets,
736 891 130 27 exempelvis
885 890 49 21 med

111 921 14 19 4
140 921 12 19 å
167 921 12 20 5
195 920 120 21 kilometers
337 921 64 26 radie,
423 920 21 21 få
466 921 49 27 ihop
538 923 30 18 ett
583 921 121 26 tillräckligt
720 920 57 21 antal
792 920 51 21 barn
860 919 32 21 för
908 925 26 14 en

111 949 109 20 folkskola.
250 948 111 21 Likaledes
381 949 69 21 skullo
471 950 35 27 jag
528 955 51 15 anse
602 951 29 18 att
654 949 40 20 den
717 949 56 27 plan,
796 955 45 14 som
863 948 72 26 hvarje

112 977 101 20 kommun
236 977 65 27 enligt
316 977 100 28 förslaget
430 979 23 19 är
467 978 85 27 skyldig
567 979 30 20 att
612 979 97 26 uppsätta
724 978 32 20 för
771 977 128 20 inrättandet
915 976 20 21 af

112 1006 45 20 sina
180 1006 120 25 folkskolor,
321 1006 38 21 bör
381 1008 105 25 uppgöras
507 1007 53 21 efter
575 1007 61 20 dessa
650 1006 112 27 principer,
778 1005 120 22 oberoende
914 1005 21 20 af

113 1035 41 20 den
169 1034 105 21 allmänna
290 1035 143 20 folktätheten.

181 1063 107 27 Förslaget
310 1063 118 21 innehäller
448 1063 72 21 vidare
543 1070 26 14 en
592 1063 68 28 punkt
682 1063 90 21 rörande
793 1063 142 20 kommunens

113 1091 119 27 skyldighet
254 1094 29 18 att
305 1092 76 21 inrätta
403 1092 72 21 skolor
489 1092 32 21 för
537 1092 75 27 elever,
628 1092 82 21 hvilkas
726 1091 127 21 modersmål
869 1093 22 18 är
906 1092 29 19 ett

113 1122 64 19 annat
191 1122 25 18 än
232 1121 149 26 majoritetens.
411 1121 10 20 I
438 1121 56 20 detta
509 1121 37 20 fall
561 1121 87 20 föreslås
664 1123 30 18 att
709 1127 27 14 en
751 1121 64 26 högre
831 1119 104 21 folkskola

113 1149 52 20 skall
180 1149 86 20 inrättas
281 1149 7 20 i
304 1149 71 27 hvarje
391 1149 109 27 kommun,
515 1149 38 21 där
568 1149 35 21 det
618 1149 69 21 finnes
703 1149 64 20 minst
782 1149 26 20 50
819 1149 59 24 barn,
890 1154 45 14 som

113 1177 41 20 tala
176 1179 29 19 ett
228 1179 63 19 annat
308 1178 67 27 språk.
405 1178 11 20 I
431 1177 136 28 förbigående
583 1178 36 20 vill
634 1178 35 27 jag
684 1177 106 27 anmärka,
801 1179 35 18 att
851 1176 36 21 det
902 1176 34 21 väl

112 1205 66 21 mäste
194 1212 50 14 vara
259 1208 29 19 ett
303 1206 160 27 stiliseringsfel,
479 1207 26 20 dä
515 1207 7 20 i
533 1207 100 26 förslaget
647 1207 53 20 talas
711 1213 35 14 om
756 1207 30 20 ett
797 1207 64 19 annat
874 1205 62 27 spräk

112 1235 7 19 i
140 1234 69 21 stället
229 1234 33 21 för
282 1235 47 20 »det
344 1235 65 20 andra
425 1235 111 21 inhemska
551 1235 103 27 språket».
670 1248 27 2 —
712 1234 76 21 Denna
803 1233 133 28 bestämning

113 1263 40 20 blir
167 1263 7 20 i
189 1263 108 26 praktiken
314 1263 80 28 ganska
409 1264 48 20 svär
471 1265 30 20 att
516 1263 100 28 tillämpa.
639 1263 40 21 Om
695 1264 31 20 uti
741 1269 27 15 en
781 1265 43 18 stor
834 1263 102 20 kommun

114 1292 26 20 50
163 1292 57 26 barn,
242 1298 46 14 som
311 1292 41 21 tala
375 1292 35 21 det
432 1292 66 21 andra
520 1292 110 21 inhemska
652 1292 90 28 spräket,
764 1292 70 20 finnas
852 1291 85 27 spridda

113 1320 59 21 öfver
191 1320 141 22 kommunens
350 1321 47 21 hela
416 1321 91 27 omräde,
531 1323 22 19 är
576 1321 35 21 det
632 1321 47 21 icke
702 1321 96 27 lämpligt
820 1322 31 19 att
865 1320 72 26 tvinga

113 1348 129 21 kommunen
264 1351 29 19 att
313 1350 76 20 inrätta
411 1356 26 14 en
460 1350 64 27 högre
547 1350 104 20 folkskola
672 1350 32 20 för
720 1350 54 26 dem,
791 1349 26 21 dä
832 1348 105 21 måhända

113 1377 53 21 blott
188 1384 24 14 en
236 1377 108 28 obetydlig
367 1378 35 20 del
425 1378 21 20 af
468 1378 61 21 dessa
545 1379 26 20 50
587 1378 73 21 kunna
681 1378 82 21 infinna
786 1378 33 26 sig
833 1378 7 20 i
856 1376 80 22 skolan.

113 1405 129 27 Stadgandet
264 1412 63 20 synes
349 1406 44 27 mig
415 1407 66 21 hällre
499 1407 51 20 böra
572 1406 21 21 fä
616 1406 41 22 den
672 1406 88 27 lydelse,
776 1408 35 25 att,
827 1406 38 20 där
879 1405 58 20 inom

113 1440 26 15 en
162 1434 42 20 viss
227 1434 91 22 omkrets
339 1434 70 22 finnas
431 1437 13 19 t.
466 1442 33 14 ex.
516 1436 26 20 30
558 1436 12 20 å
585 1436 27 20 40
628 1435 58 27 barn,
703 1441 46 15 som
764 1434 42 22 tala
821 1434 36 21 det
873 1434 65 20 andra

113 1463 109 20 inhemska
238 1463 83 27 spräket
336 1464 39 20 och
391 1465 35 19 äro
442 1464 7 20 i
465 1464 41 20 den
521 1464 136 27 lagstadgade
668 1463 127 27 skoläldern,
806 1463 129 21 kommunen

113 1491 68 21 skulle
204 1498 50 14 vara
275 1492 84 26 skyldig
375 1494 30 18 att
419 1492 77 21 inrätta
511 1498 26 15 en
553 1492 60 20 skola
628 1492 32 20 för
675 1492 55 27 dem,
746 1492 70 20 därest
831 1490 105 27 nämligen

113 1519 51 27 icke,
180 1519 69 21 säsom
264 1520 26 27 pä
306 1526 26 15 en
348 1520 35 21 del
398 1523 56 18 orter
468 1521 8 20 i
491 1520 46 21 värt
551 1520 50 21 land
613 1522 23 19 är
646 1520 64 28 fallet,
721 1520 70 21 skolor
801 1520 49 20 med
861 1521 77 19 tvänne
