1095 1717
200 108 42 21 682
403 115 178 21 Borgareståndet
594 115 57 17 1894.
676 116 22 16 17
711 115 59 21 april.

171 194 32 21 till
226 194 72 28 gifves.
328 194 47 22 Den
398 195 95 21 normala
516 195 108 27 ökningen
640 196 21 20 af
676 196 27 20 25
714 196 28 26 %
758 202 34 14 om
808 196 45 21 året
868 196 21 20 af
904 196 94 20 bankens

172 223 56 21 vinst
243 230 64 20 synes
321 224 44 27 mig
381 230 50 15 vara
446 226 29 19 ett
490 224 87 27 mycket
591 224 51 27 godt
656 225 39 20 och
711 224 72 21 stabilt
797 227 41 19 sätt
853 227 30 19 att
897 224 102 27 betrygga

171 252 70 20 denna
265 252 83 28 ökning,
371 259 48 15 men
443 253 35 21 det
500 253 40 20 kan
557 253 23 27 ju
595 253 67 27 gifvas
678 253 90 25 tillfälle,
784 260 34 14 om
833 253 95 21 bankens
944 253 55 21 vinst

172 280 111 28 värkligen
298 281 55 21 visar
369 282 32 26 sig
417 284 49 24 stor,
481 284 30 18 att
526 282 35 20 vid
577 282 173 20 nästinträffande
766 282 101 27 landtdag
881 284 57 18 ännu
954 288 45 14 mer

171 309 41 21 öka
236 309 103 21 fonderna
365 316 77 21 genom
467 310 89 21 tillskott
580 310 47 21 från
649 310 41 21 den
705 310 66 21 redan
787 310 106 28 intjänade
909 310 88 21 vinsten.

170 337 42 28 Jag
226 338 43 20 kan
284 338 31 20 för
330 338 63 28 öfrigt
408 338 47 21 icke
471 346 50 13 vara
536 338 49 21 fullt
600 345 50 15 ense
666 339 74 21 därom
756 342 29 18 att
801 339 34 21 det
846 339 67 21 skulle
925 340 73 26 utgöra

171 368 29 19 ett
225 366 92 22 indirekt
343 367 86 27 intrång
454 367 25 27 på
505 367 123 21 ständernas
646 368 191 27 beskattningsrätt,
853 374 35 14 om
904 368 94 20 bankens

171 395 77 21 fonder
263 395 56 27 ökas,
334 396 69 20 såsom
421 396 146 27 ungefärligen
583 396 93 27 framgår
684 396 21 21 af
712 396 169 21 bankutskottets
890 396 107 21 uttalande

171 423 27 28 på
220 424 47 21 sida
286 425 17 25 5,
319 424 38 21 där
372 424 101 22 utskottet
488 426 61 26 säger
564 427 30 18 att
611 425 85 27 »hvarje
711 425 80 28 ökning
806 425 21 21 af
842 425 94 21 bankens
951 425 46 20 fon-

171 452 38 21 der
235 453 89 21 innebär
351 460 26 14 en
403 453 149 21 motsvarande
574 454 158 27 nödvändighet
747 454 33 21 för
795 454 112 21 ständerna
922 455 29 19 att
966 453 32 20 för

171 481 97 26 fyllande
289 482 21 20 af
329 482 158 21 statsbehofven
511 483 72 20 anvisa
600 483 66 20 ökade
682 483 99 20 skatter».
811 482 41 21 Det
867 485 23 18 är
905 489 28 14 nu
948 482 50 27 godt

171 509 40 21 och
234 510 40 24 väl,
295 517 33 14 om
352 517 48 14 man
416 511 42 20 kan
475 511 25 27 på
516 511 101 20 Finlands
633 511 67 21 banks
715 511 57 21 vinst
787 512 72 20 anvisa
875 511 68 21 medel
966 511 33 20 för

171 540 30 19 att
223 538 69 21 lindra
314 539 156 28 skattetungan,
493 546 49 14 men
565 539 36 21 det
615 546 64 20 synes
694 540 47 21 icke
758 547 48 14 vara
821 540 87 21 alldeles
923 539 75 21 oefter-

171 567 69 27 gifligt
264 570 28 18 att
314 568 29 21 alt
358 568 55 21 hvad
430 568 84 21 banken
529 568 102 27 förtjänar
646 569 53 20 skall
714 569 109 20 användas
838 569 26 27 på
879 569 56 20 detta
951 570 45 19 sätt.

170 595 43 28 Jag
235 595 64 28 vågar
319 597 70 20 därför
405 597 107 20 vördsamt
527 597 77 20 föreslå
619 600 30 18 att
664 597 173 27 borgareståndet
852 597 49 20 ville
917 597 81 20 besluta

172 631 26 14 en
214 625 80 27 ökning
309 625 21 21 af
345 625 150 21 reservfonden
513 626 30 21 till
561 626 26 20 20
603 626 99 27 miljoner
716 626 66 20 mark.

241 653 42 28 Jag
297 654 104 21 erkänner
416 655 23 26 ju
456 654 67 28 villigt
539 657 29 18 att
583 655 7 20 i
605 654 160 21 bankutskottet
775 655 58 20 suttit
846 654 96 21 fackmän
953 660 45 14 mer

172 681 135 28 kompetenta
329 685 26 18 än
379 683 35 27 jag
435 685 30 18 att
480 683 90 21 bedöma
586 683 70 20 denna
670 683 65 27 fråga,
751 689 48 15 men
814 683 35 27 jag
864 683 76 20 tillåter
954 682 44 27 mig

171 710 90 21 hänvisa
286 711 29 20 till
341 713 31 19 att
397 711 62 21 äfven
485 712 34 20 vid
547 714 83 19 senaste
649 712 101 26 landtdag
766 712 44 20 från
827 711 171 27 borgareståndet

172 745 50 14 voro
238 739 7 20 i
263 739 157 22 bankutskottet
434 740 85 21 invalda
535 747 101 20 personer
650 741 48 20 med
710 741 119 20 erfarenhet
844 741 6 19 i
866 739 131 27 bankfrägor,

172 767 40 21 och
235 774 35 14 om
292 768 60 21 dessa
375 769 140 20 medlemmar
530 769 63 20 också
616 769 45 20 icke
678 769 135 21 reserverade
828 769 32 27 sig
875 771 43 18 mot
933 768 65 21 bank-

172 796 114 21 utskottets
308 797 83 27 förslag,
414 797 24 21 så
459 797 104 22 uttalades
578 798 38 20 här
630 798 6 20 i
653 797 89 26 ståndet,
758 798 126 20 åtminstone
900 797 20 20 af
935 803 26 14 en
977 797 21 20 af

172 824 169 23 bankutskottets
357 825 144 27 medlemmar,
517 829 29 18 att
562 826 183 27 borgareståndets
760 826 137 21 medlemmar
912 826 7 19 i
933 825 65 21 bank-

172 853 103 22 utskottet
290 854 33 21 vid
341 855 53 20 1891
411 855 34 20 års
461 855 101 27 landtdag
577 855 59 20 hållit
651 855 25 27 pä
692 861 26 14 en
730 855 80 27 ökning
818 855 21 20 af
847 854 150 21 reservfonden

171 881 32 21 till
219 882 27 21 20
263 883 100 27 miljoner.

240 939 34 21 Hr
288 939 146 22 Borenius:
451 940 10 21 I
477 940 40 21 allo
534 940 124 21 anslutande
675 941 43 26 mig
733 940 32 21 till
781 940 34 21 det
831 940 20 20 af
861 940 25 20 hr
895 939 103 27 Hallberg

172 967 73 27 gjorda
262 968 122 27 uttalandet,
404 969 37 20 ber
455 969 35 27 jag
506 972 29 18 att
551 969 63 20 också
629 969 33 20 för
677 975 52 21 egen
747 969 33 20 del
796 969 21 20 få
832 968 85 27 tillägga
933 968 64 26 några

172 996 44 21 ord.
246 996 42 21 Det
310 1003 63 20 synes
396 997 50 27 mig,
461 998 7 19 i
484 1000 86 18 motsats
585 997 32 21 till
632 1004 26 14 en
676 997 139 28 uppfattning,
831 1003 44 14 som
892 997 25 26 på
933 997 65 20 andra

172 1024 43 21 håll
238 1025 56 21 velat
315 1027 51 26 göra
389 1026 32 27 sig
442 1026 104 27 gällande,
569 1029 30 18 att
621 1026 40 21 den
678 1026 143 27 affärspolitik,
836 1032 46 14 som
897 1025 101 21 Finlands

173 1053 55 20 bank
252 1054 68 21 under
342 1054 26 21 de
392 1057 83 18 senaste
495 1055 50 20 åren
561 1055 52 26 följt,
629 1055 6 20 i
651 1055 116 20 allmänhet
782 1057 68 24 troget
865 1054 86 20 anslutit
966 1053 32 27 sig

171 1081 32 21 till
227 1081 26 22 de
273 1082 7 20 i
294 1083 72 20 landet
382 1083 93 21 rådande
491 1083 233 21 affärsförhällandenas
741 1083 50 20 kraf.
822 1082 41 21 Det
878 1083 40 20 kan
935 1088 41 21 nog
991 1082 7 20 i

172 1110 67 21 teorin
264 1112 47 24 taga
333 1111 32 27 sig
388 1111 33 21 väl
444 1114 23 18 ut
488 1115 30 18 att
538 1118 25 15 en
580 1112 109 20 statsbank
704 1111 23 21 så
743 1111 45 21 litet
803 1117 45 15 som
864 1111 80 26 möjligt
960 1110 38 21 bör

172 1138 60 21 träda
255 1139 6 20 i
284 1139 67 21 direkt
368 1139 99 28 beröring
481 1141 49 20 med
546 1140 156 25 affärsvärlden,
718 1139 173 22 öfverlämnande
906 1139 55 21 detta
977 1139 21 20 ät

171 1167 27 21 de
220 1174 60 14 mera
302 1168 53 21 efter
377 1168 158 27 affärsgrunder
550 1169 103 21 inrättade
669 1168 184 27 privatbankerna,
869 1174 55 20 men,
939 1170 59 18 utom

171 1198 30 18 att
224 1202 26 15 en
271 1196 64 21 sådan
351 1197 109 20 abstinens
475 1197 46 20 från
538 1203 26 15 en
581 1197 72 26 banks,
669 1197 29 20 låt
714 1204 50 13 vara
780 1197 39 20 ocx
834 1197 47 20 från
896 1203 27 14 en
937 1198 61 19 stats-

171 1224 67 21 banks
262 1225 51 26 sida,
334 1225 59 21 torde
418 1225 65 21 blifva
507 1232 27 15 en
550 1226 122 26 omöjlighet
688 1226 5 20 i
710 1226 40 20 och
765 1226 32 20 för
812 1225 37 27 sig,
865 1225 23 20 så
904 1231 48 14 vore
968 1227 30 18 ett

170 1253 77 21 sådant
269 1253 120 21 förfarande
413 1254 62 21 också
496 1254 83 21 mindre
594 1254 114 21 hälsosamt
723 1254 33 21 för
772 1254 40 21 den
828 1253 118 21 kännedom
963 1260 34 13 om

170 1281 224 22 affärsförhållandena
417 1283 7 20 i
447 1283 79 23 landet,
549 1289 45 15 som
613 1283 32 21 för
660 1283 137 21 statsbanken
813 1284 23 18 är
851 1281 104 22 önskvärd
971 1281 27 27 på

170 1310 36 20 det
229 1313 31 18 att
282 1311 41 20 den
346 1311 34 20 vid
397 1311 126 21 inträffande
539 1312 72 26 kriser,
627 1312 26 20 då
669 1312 47 20 dess
732 1311 150 21 mellankomst
896 1311 21 26 ju
935 1310 6 20 i
956 1310 42 21 alla

169 1338 39 21 fall
224 1345 51 15 vore
290 1339 128 28 nödvändig,
434 1340 46 20 icke
496 1346 76 21 genom
589 1340 108 20 bristande
712 1340 121 20 kännedom
849 1346 34 14 om
899 1345 99 21 personer

170 1367 39 20 och
225 1367 147 21 förhållanden
387 1369 65 20 måtte
469 1371 75 18 stanna
560 1369 6 19 i
583 1368 132 28 villrädighet
726 1368 40 21 och
779 1370 50 24 göra
840 1368 91 26 misstag.
950 1366 48 22 Den

169 1399 57 17 stora
248 1396 123 27 utveckling
393 1396 224 22 affärsvärksamheten
633 1397 6 20 i
655 1397 72 21 landet
744 1397 67 21 under
827 1396 25 21 de
868 1398 82 18 senaste
966 1396 32 20 år-

169 1424 103 21 tiondena
290 1424 43 21 haft
349 1428 30 18 att
394 1426 95 26 uppvisa,
505 1425 99 27 betingad
619 1427 93 19 närmast
728 1426 22 20 af
764 1425 26 21 de
806 1424 135 28 synnerligen
956 1424 42 20 för-

170 1452 96 21 bättrade
282 1453 236 21 kommunikationerna
533 1457 54 17 samt
597 1454 22 20 af
627 1454 142 27 jordbrukets,
780 1452 218 28 ladugårdsskötselns

170 1481 39 21 och
226 1481 66 27 öfriga
308 1482 110 26 näringars
433 1482 7 20 i
456 1489 81 14 samma
552 1482 49 20 mån
617 1482 79 21 skedda
712 1482 129 26 utveckling,
856 1481 75 27 skulle,
944 1481 54 21 före-

169 1509 63 21 faller
246 1510 37 20 det
297 1510 48 28 mig,
361 1510 55 21 hvad
432 1510 101 28 kapitalet
550 1510 137 27 vidkommer,
703 1511 47 20 icke
766 1510 67 21 häller
843 1510 62 20 hafva
917 1510 81 21 kunnat
