1095 1717
319 130 179 22 Borgareståndet
511 131 58 17 1894.
595 132 22 16 15
629 131 51 17 febr.
847 126 40 20 271

90 211 36 27 jag
141 211 62 21 äfven
219 210 66 21 önska
300 212 30 19 att
345 210 36 21 det
396 210 85 28 utskott,
497 211 32 21 till
545 211 80 21 hvilket
640 211 74 27 frågan
733 212 123 26 remitteras,
869 211 50 21 ville

91 240 8 20 i
115 239 152 21 vidsträcktaro
288 239 50 20 män
353 241 27 18 än
395 239 108 21 klämmen
519 240 192 27 vidhandengifver
728 242 49 26 taga
791 240 74 27 frågan
879 246 40 14 un-

92 268 37 21 der
144 268 139 27 ompröfning.
312 268 38 20 Att
366 268 179 27 borgessystemet
560 268 39 21 hos
614 275 35 14 oss
663 268 140 22 missbrukats
818 269 39 20 och
868 268 50 22 fort-

92 296 87 21 farande
195 296 129 21 missbrukas
345 296 40 21 och
399 299 31 18 att
445 296 57 21 detta
517 296 47 21 frän
586 296 87 28 Sverige
689 297 30 21 till
736 304 34 14 oss
785 297 83 21 införda
883 304 35 20 sy-

92 327 54 19 stem
161 325 53 21 varit
229 324 70 21 källan
314 324 32 21 till
361 325 88 27 mängas
464 325 55 27 ruin,
541 327 24 19 är
579 326 23 26 ju
618 332 26 14 en
661 326 55 20 känd
732 326 43 20 sak.
805 326 34 20 En
854 326 64 21 bland

92 354 26 20 de
134 355 69 19 värsta
218 353 162 27 olägenheterna
403 354 21 20 af
440 354 57 20 detta
519 354 157 27 borgessystem
692 356 23 19 är
738 354 41 21 den
793 354 64 27 länga
871 356 47 25 prä-

92 382 177 28 skriptionstiden.
299 382 62 21 Hvad
377 382 29 21 alt
421 382 76 21 hinner
512 383 47 20 icke
578 383 84 21 inträffa
678 383 26 27 pä
721 383 25 21 10
763 383 31 21 år!
825 382 93 22 Oberäk-

92 411 52 21 nadt
158 410 96 27 dödsfall,
276 410 118 21 konkurser
416 418 18 14 o.
450 417 16 15 s.
481 418 26 19 v.,
530 411 23 21 sä
567 412 64 20 hvem
654 412 38 20 har
706 412 47 20 icke
777 412 71 20 erfarit
862 412 56 20 huru

91 440 92 27 mången
199 440 61 27 gång,
276 439 26 21 dä
317 439 79 28 borgen
411 440 96 21 tecknats
529 440 33 21 för
577 447 27 14 en
619 447 76 21 person
712 441 49 20 med
776 441 60 26 goda,
851 441 21 26 ja
885 440 33 27 ly-

93 469 65 20 sando
174 468 190 27 framtidsutsikter,
380 468 60 21 dessa
461 469 90 21 utsikter
566 469 68 21 under
655 469 71 28 loppet
742 469 21 21 af
779 469 25 21 10
821 469 22 20 är
858 469 60 21 totalt

92 497 131 21 förmörkats.
254 497 58 20 Efter
327 497 70 21 denna
413 497 29 21 tid
459 497 88 21 återstår
569 497 27 21 dä
611 497 33 22 för
659 498 169 27 borgesmannen
843 498 75 27 ingen-

93 526 44 27 ting
153 528 63 18 annat
232 527 25 19 än
274 528 29 18 att
317 525 75 21 betala.
422 525 49 21 Ifall
488 526 71 21 denna
574 526 63 27 länga
652 527 182 27 präskriptionstid
849 526 70 21 skulle

93 554 130 27 inskränkas,
239 554 54 21 hälst
307 554 32 21 till
355 555 10 20 7
383 554 28 27 är,
426 554 24 21 sä
464 561 51 14 vore
530 555 67 20 redan
611 555 87 27 mycket
710 557 85 19 vunnet.
811 555 49 21 Men
873 555 45 20 ifall

93 583 41 21 den
150 583 71 20 kunde
236 583 123 20 inskränkas
375 585 58 18 ännu
446 589 51 18 mer,
505 585 14 19 t.
527 589 32 15 ex.
568 583 31 21 till
609 584 12 20 5
632 583 28 28 är,
671 583 24 21 sä
705 590 50 15 vore
767 584 82 21 vinsten
859 585 58 19 ännu

93 613 72 19 större.
195 611 32 26 Ja,
243 611 33 21 för
290 611 44 20 min
350 611 34 21 del
399 611 69 22 skulle
490 612 35 27 jag
541 614 65 25 gärna
621 612 27 27 gä
662 613 22 20 in
697 612 27 28 pä
738 612 144 21 förkortandet
897 612 22 21 af

92 640 209 27 präskriptionstiden
323 640 7 20 i
346 642 26 19 än
395 641 65 26 högre
475 641 58 27 grad,
556 643 23 24 ty
594 641 23 27 ju
640 641 74 27 längre
730 641 69 21 denna
821 641 30 21 tid
867 643 28 24 är,
910 641 8 20 i

93 669 59 20 desto
168 671 65 18 större
249 668 128 27 svärigheter
391 669 109 21 invecklas
516 669 175 28 borgesmannen.
706 669 42 28 Jag
763 670 37 20 vill
815 670 46 21 icke
876 669 43 21 för-

93 697 63 27 länga
171 697 147 21 diskussionen
333 697 78 27 vidare,
427 700 51 19 utan
493 698 126 21 inskränker
639 698 44 27 mig
698 698 31 21 till
745 700 30 19 att
789 698 129 21 understöda

93 726 116 27 petitionen
224 726 40 21 och
278 726 83 21 förorda
377 726 48 21 dess
440 727 74 20 remiss
531 727 31 20 till
578 727 85 20 utskott.

161 776 154 22 Diskussionen
331 784 36 14 var
381 777 87 21 härmed
485 778 98 27 afslutad,
598 778 106 21 hvarefter
719 778 199 27 petitionsförslaget

93 805 22 21 af
129 805 83 21 ständet
227 806 143 21 remitterades
385 806 32 21 till
433 806 146 27 lagutskottet;
591 807 39 20 och
641 807 69 20 skulle
725 807 101 20 remissen
835 807 83 26 ätföljas

93 834 22 21 af
137 834 75 27 utdrag
230 841 26 14 ur
273 834 132 27 protokollet,
416 835 134 27 upptagande
559 835 41 21 den
607 841 30 14 nu
645 835 111 28 förelupna
764 835 153 21 diskussionen.

160 965 32 22 Hr
207 966 181 27 Wiljakainen
409 966 96 28 uppläste
521 969 30 19 ett
566 967 21 21 af
602 967 79 21 honom
696 968 64 27 jämte
776 968 35 21 hrr
825 967 92 21 Idman

93 995 39 20 och
147 994 103 21 Genetz
264 995 168 21 undertecknadt
447 995 23 21 sä
485 995 94 27 lydande
594 996 185 27 petitionsförslag:

301 1069 186 27 Hyvinarvoisalle
503 1070 196 27 porvarissäädylle.

160 1125 258 28 Maalaiskansakoulujen
440 1127 148 21 tarkastuksen
610 1127 126 26 merkitystä
749 1127 23 27 ja
786 1127 79 27 hyötyä
880 1128 35 19 vä-

90 1153 76 22 hentää
181 1154 128 21 melkoisesti
331 1161 22 15 se
369 1155 109 28 epäkohta,
501 1155 57 21 ett'ei
573 1155 138 28 tarkastajain
733 1155 59 22 virka
807 1155 34 21 ole
856 1155 59 20 vaki-

90 1183 78 20 nainen
191 1189 52 14 vaan
259 1183 150 27 palkkiotoimi,
425 1183 47 21 sillä
487 1185 39 26 nyt
540 1184 101 27 ilmestyy
657 1184 113 27 hakijoiksi
785 1183 130 22 semmoisia-

90 1210 37 21 kin
142 1211 82 28 miehiä,
238 1212 59 27 jotka
311 1213 49 20 ovat
374 1212 135 21 kuluttaneet
523 1213 88 27 parhaat
626 1212 148 21 miehuutensa
789 1213 80 20 voimat
878 1212 37 21 ko-

89 1239 85 21 konaan
196 1239 161 22 kansakoululle
379 1241 100 21 vieraalla
495 1241 63 21 alalla
579 1241 22 27 ja
615 1243 116 26 päästyään
752 1241 163 27 jonkunlaiseen

90 1267 122 22 eläkeikään
236 1270 125 20 antautuvat
383 1269 64 22 sitten
468 1269 117 21 ikäänkuin
608 1270 73 21 vaarin
696 1270 70 28 päiviä
787 1270 128 21 viettämään

89 1296 149 22 kansakoulun
254 1298 156 27 palvelukseen.
439 1298 64 21 Tässä
517 1298 64 27 ijässä
596 1304 28 15 on
639 1298 78 22 heidän
732 1300 53 20 enää
799 1298 116 21 mahdoton

89 1326 101 26 perehtyä
204 1326 99 21 tärkeään
317 1327 117 21 toimeensa
449 1327 110 21 varsinkin
576 1328 50 20 tänä
640 1327 83 27 aikana,
737 1327 74 27 jolloin
826 1326 89 28 kouluja

88 1356 136 25 perustetaan
246 1354 162 28 kymmenittäin
431 1355 106 21 vuodessa
558 1356 117 26 jokaisessa
695 1356 83 27 piirissä
796 1356 22 27 ja
833 1355 83 21 kunnat

89 1384 50 19 ovat
153 1382 109 28 pakotetut
277 1383 137 22 valitsemaan
430 1384 77 21 uusien
522 1384 104 28 koulujen
640 1384 144 28 johtokuntiin
794 1383 123 27 henkilöitä,

87 1410 59 28 joilla
161 1417 27 15 on
200 1412 121 20 ainoastaan
334 1412 118 27 vajanaiset
461 1412 98 22 käsitteet
568 1412 83 22 koulun
661 1413 67 21 asiain
738 1412 102 22 hoidosta.
856 1412 59 21 Sem-

87 1439 76 21 moiset
176 1440 142 27 johtokunnat
333 1440 137 22 tarvitsisivat
491 1441 138 21 tehtäväänsä
650 1441 104 27 hyvinkin
769 1441 146 27 perehtyneen

87 1468 129 27 tarkastajan
232 1475 54 21 apua
300 1469 21 27 ja
336 1469 98 27 neuvoja.
450 1469 51 21 Kun
514 1469 103 28 sitäpaitsi
631 1469 63 28 piirit,
709 1469 126 22 huolimatta
849 1468 66 22 äsken

87 1496 160 27 tapahtuneesta
262 1497 185 28 pienennyksestä,
459 1497 94 21 vieläkin
568 1500 50 19 ovat
633 1498 113 21 verrattain
756 1498 65 27 laajat
830 1498 22 27 ja
861 1499 54 19 mat-

86 1523 112 23 kustukset
220 1525 64 21 niissä
306 1525 129 28 vaivaloisia,
458 1526 57 21 eivät
536 1526 81 22 muissa
638 1526 96 22 toimissa
749 1526 166 22 raihnautuneet
