<?xml version="1.0" encoding="UTF-8"?>
<alto xmlns="http://www.loc.gov/standards/alto/ns-v3#" xmlns:xlink="http://www.w3.org/1999/xlink" xmlns:xsi="http://www.w3.org/2001/XMLSchema-instance" xsi:schemaLocation="http://www.loc.gov/standards/alto/ns-v3# http://www.loc.gov/alto/v3/alto-3-0.xsd">
	<Description>
		<MeasurementUnit>pixel</MeasurementUnit>
		<sourceImageInformation>
			<fileName>/tmp/tess_4beqzza9_input.PNG</fileName>
		</sourceImageInformation>
		<OCRProcessing ID="OCR_0">
			<ocrProcessingStep>
				<processingSoftware>
					<softwareName>tesseract 5.3.4</softwareName>
				</processingSoftware>
			</ocrProcessingStep>
		</OCRProcessing>
	</Description>
	<Layout>
		<Page WIDTH="1095" HEIGHT="1717" PHYSICAL_IMG_NR="0" ID="page_0">
			<PrintSpace HPOS="0" VPOS="0" WIDTH="1095" HEIGHT="1717">
				<GraphicalElement ID="cblock_0" HPOS="0" VPOS="889" WIDTH="6" HEIGHT="799"></GraphicalElement >
				<ComposedBlock ID="cblock_1" HPOS="206" VPOS="121" WIDTH="556" HEIGHT="27">
					<TextBlock ID="block_0" HPOS="206" VPOS="121" WIDTH="556" HEIGHT="27">
						<TextLine ID="line_0" HPOS="206" VPOS="121" WIDTH="556" HEIGHT="27">
							<String ID="string_0" HPOS="206" VPOS="121" WIDTH="26" HEIGHT="21" WC="0.96" CONTENT="46"/><SP WIDTH="183" VPOS="121" HPOS="232"/>
							<String ID="string_1" HPOS="415" VPOS="126" WIDTH="179" HEIGHT="22" WC="0.90" CONTENT="Eorgareståndet"/><SP WIDTH="11" VPOS="126" HPOS="594"/>
							<String ID="string_2" HPOS="605" VPOS="127" WIDTH="58" HEIGHT="17" WC="0.89" CONTENT="1894."/><SP WIDTH="25" VPOS="127" HPOS="663"/>
							<String ID="string_3" HPOS="688" VPOS="127" WIDTH="11" HEIGHT="16" WC="0.91" CONTENT="7"/><SP WIDTH="13" VPOS="127" HPOS="699"/>
							<String ID="string_4" HPOS="712" VPOS="126" WIDTH="50" HEIGHT="17" WC="0.96" CONTENT="febr."/>
						</TextLine>
					</TextBlock>
				</ComposedBlock>
				<GraphicalElement ID="cblock_2" HPOS="184" VPOS="158" WIDTH="818" HEIGHT="10"></GraphicalElement >
				<ComposedBlock ID="cblock_3" HPOS="174" VPOS="206" WIDTH="828" HEIGHT="84">
					<TextBlock ID="block_1" HPOS="174" VPOS="206" WIDTH="828" HEIGHT="84">
						<TextLine ID="line_1" HPOS="248" VPOS="206" WIDTH="754" HEIGHT="28">
							<String ID="string_5" HPOS="248" VPOS="206" WIDTH="34" HEIGHT="22" WC="0.91" CONTENT="Hr"/><SP WIDTH="14" VPOS="206" HPOS="282"/>
							<String ID="string_6" HPOS="296" VPOS="207" WIDTH="197" HEIGHT="27" WC="0.91" CONTENT="Neppenströms"/><SP WIDTH="16" VPOS="207" HPOS="493"/>
							<String ID="string_7" HPOS="509" VPOS="206" WIDTH="99" HEIGHT="22" WC="0.96" CONTENT="anhållan"/><SP WIDTH="16" VPOS="206" HPOS="608"/>
							<String ID="string_8" HPOS="624" VPOS="208" WIDTH="30" HEIGHT="19" WC="0.96" CONTENT="att"/><SP WIDTH="14" VPOS="208" HPOS="654"/>
							<String ID="string_9" HPOS="668" VPOS="206" WIDTH="34" HEIGHT="21" WC="0.96" CONTENT="för"/><SP WIDTH="14" VPOS="206" HPOS="702"/>
							<String ID="string_10" HPOS="716" VPOS="206" WIDTH="96" HEIGHT="21" WC="0.96" CONTENT="enskilda"/><SP WIDTH="15" VPOS="206" HPOS="812"/>
							<String ID="string_11" HPOS="827" VPOS="206" WIDTH="175" HEIGHT="28" WC="0.95" CONTENT="angelägenheter"/>
						</TextLine>
						<TextLine ID="line_2" HPOS="174" VPOS="234" WIDTH="827" HEIGHT="28">
							<String ID="string_12" HPOS="174" VPOS="234" WIDTH="24" HEIGHT="22" WC="0.95" CONTENT="få"/><SP WIDTH="16" VPOS="234" HPOS="198"/>
							<String ID="string_13" HPOS="214" VPOS="242" WIDTH="50" HEIGHT="14" WC="0.96" CONTENT="vara"/><SP WIDTH="14" VPOS="242" HPOS="264"/>
							<String ID="string_14" HPOS="278" VPOS="235" WIDTH="140" HEIGHT="21" WC="0.95" CONTENT="frånvarande"/><SP WIDTH="14" VPOS="235" HPOS="418"/>
							<String ID="string_15" HPOS="432" VPOS="235" WIDTH="48" HEIGHT="21" WC="0.92" CONTENT="från"/><SP WIDTH="15" VPOS="235" HPOS="480"/>
							<String ID="string_16" HPOS="495" VPOS="235" WIDTH="62" HEIGHT="27" WC="0.92" CONTENT="plena"/><SP WIDTH="20" VPOS="235" HPOS="557"/>
							<String ID="string_17" HPOS="577" VPOS="234" WIDTH="69" HEIGHT="22" WC="0.96" CONTENT="under"/><SP WIDTH="19" VPOS="234" HPOS="646"/>
							<String ID="string_18" HPOS="665" VPOS="240" WIDTH="27" HEIGHT="16" WC="0.96" CONTENT="en"/><SP WIDTH="22" VPOS="240" HPOS="692"/>
							<String ID="string_19" HPOS="714" VPOS="235" WIDTH="38" HEIGHT="21" WC="0.96" CONTENT="och"/><SP WIDTH="21" VPOS="235" HPOS="752"/>
							<String ID="string_20" HPOS="773" VPOS="241" WIDTH="26" HEIGHT="15" WC="0.95" CONTENT="en"/><SP WIDTH="16" VPOS="241" HPOS="799"/>
							<String ID="string_21" HPOS="815" VPOS="235" WIDTH="45" HEIGHT="21" WC="0.96" CONTENT="half"/><SP WIDTH="14" VPOS="235" HPOS="860"/>
							<String ID="string_22" HPOS="874" VPOS="234" WIDTH="76" HEIGHT="22" WC="0.96" CONTENT="veckas"/><SP WIDTH="15" VPOS="234" HPOS="950"/>
							<String ID="string_23" HPOS="965" VPOS="234" WIDTH="36" HEIGHT="28" WC="0.96" CONTENT="tid,"/>
						</TextLine>
						<TextLine ID="line_3" HPOS="177" VPOS="263" WIDTH="747" HEIGHT="27">
							<String ID="string_24" HPOS="177" VPOS="264" WIDTH="91" HEIGHT="20" WC="0.92" CONTENT="räknadt"/><SP WIDTH="14" VPOS="264" HPOS="268"/>
							<String ID="string_25" HPOS="282" VPOS="264" WIDTH="46" HEIGHT="20" WC="0.96" CONTENT="från"/><SP WIDTH="15" VPOS="264" HPOS="328"/>
							<String ID="string_26" HPOS="343" VPOS="264" WIDTH="40" HEIGHT="20" WC="0.97" CONTENT="och"/><SP WIDTH="15" VPOS="264" HPOS="383"/>
							<String ID="string_27" HPOS="398" VPOS="264" WIDTH="49" HEIGHT="21" WC="0.96" CONTENT="med"/><SP WIDTH="16" VPOS="264" HPOS="447"/>
							<String ID="string_28" HPOS="463" VPOS="266" WIDTH="60" HEIGHT="19" WC="0.96" CONTENT="nästa"/><SP WIDTH="15" VPOS="266" HPOS="523"/>
							<String ID="string_29" HPOS="538" VPOS="263" WIDTH="87" HEIGHT="27" WC="0.96" CONTENT="onsdag,"/><SP WIDTH="16" VPOS="263" HPOS="625"/>
							<String ID="string_30" HPOS="641" VPOS="263" WIDTH="43" HEIGHT="21" WC="0.96" CONTENT="blef"/><SP WIDTH="15" VPOS="263" HPOS="684"/>
							<String ID="string_31" HPOS="699" VPOS="263" WIDTH="21" HEIGHT="21" WC="0.96" CONTENT="af"/><SP WIDTH="15" VPOS="263" HPOS="720"/>
							<String ID="string_32" HPOS="735" VPOS="263" WIDTH="83" HEIGHT="21" WC="0.93" CONTENT="ståndet"/><SP WIDTH="15" VPOS="263" HPOS="818"/>
							<String ID="string_33" HPOS="833" VPOS="263" WIDTH="91" HEIGHT="21" WC="0.91" CONTENT="bifallen."/>
						</TextLine>
					</TextBlock>
				</ComposedBlock>
				<ComposedBlock ID="cblock_4" HPOS="249" VPOS="434" WIDTH="395" HEIGHT="28">
					<TextBlock ID="block_2" HPOS="249" VPOS="434" WIDTH="395" HEIGHT="28">
						<TextLine ID="line_4" HPOS="249" VPOS="434" WIDTH="395" HEIGHT="28">
							<String ID="string_34" HPOS="249" VPOS="434" WIDTH="91" HEIGHT="21" WC="0.96" CONTENT="Plenum"/><SP WIDTH="15" VPOS="434" HPOS="340"/>
							<String ID="string_35" HPOS="355" VPOS="435" WIDTH="107" HEIGHT="27" WC="0.96" CONTENT="upplöstes"/><SP WIDTH="15" VPOS="435" HPOS="462"/>
							<String ID="string_36" HPOS="477" VPOS="435" WIDTH="28" HEIGHT="20" WC="0.94" CONTENT="kl."/><SP WIDTH="16" VPOS="435" HPOS="505"/>
							<String ID="string_37" HPOS="521" VPOS="435" WIDTH="48" HEIGHT="20" WC="0.92" CONTENT="7:35"/><SP WIDTH="16" VPOS="435" HPOS="569"/>
							<String ID="string_38" HPOS="585" VPOS="441" WIDTH="17" HEIGHT="14" WC="0.91" CONTENT="e."/><SP WIDTH="16" VPOS="441" HPOS="602"/>
							<String ID="string_39" HPOS="618" VPOS="441" WIDTH="26" HEIGHT="14" WC="0.92" CONTENT="m."/>
						</TextLine>
					</TextBlock>
				</ComposedBlock>
				<ComposedBlock ID="cblock_5" HPOS="722" VPOS="519" WIDTH="204" HEIGHT="72">
					<TextBlock ID="block_3" HPOS="722" VPOS="519" WIDTH="204" HEIGHT="72">
						<TextLine ID="line_5" HPOS="779" VPOS="519" WIDTH="89" HEIGHT="18">
							<String ID="string_40" HPOS="779" VPOS="519" WIDTH="21" HEIGHT="17" WC="0.92" CONTENT="In"/><SP WIDTH="11" VPOS="519" HPOS="800"/>
							<String ID="string_41" HPOS="811" VPOS="519" WIDTH="57" HEIGHT="18" WC="0.91" CONTENT="fiden:"/>
						</TextLine>
						<TextLine ID="line_6" HPOS="722" VPOS="564" WIDTH="204" HEIGHT="27">
							<String ID="string_42" HPOS="722" VPOS="565" WIDTH="26" HEIGHT="21" WC="0.92" CONTENT="A."/><SP WIDTH="22" VPOS="565" HPOS="748"/>
							<String ID="string_43" HPOS="770" VPOS="564" WIDTH="23" HEIGHT="21" WC="0.92" CONTENT="V."/><SP WIDTH="17" VPOS="564" HPOS="793"/>
							<String ID="string_44" HPOS="810" VPOS="564" WIDTH="116" HEIGHT="27" WC="0.96" CONTENT="Lindberg."/>
						</TextLine>
					</TextBlock>
				</ComposedBlock>
				<ComposedBlock ID="cblock_6" HPOS="284" VPOS="741" WIDTH="719" HEIGHT="33">
					<TextBlock ID="block_4" HPOS="284" VPOS="741" WIDTH="719" HEIGHT="33">
						<TextLine ID="line_7" HPOS="284" VPOS="741" WIDTH="719" HEIGHT="33">
							<String ID="string_45" HPOS="284" VPOS="741" WIDTH="156" HEIGHT="33" WC="0.95" CONTENT="Onsdagen"/><SP WIDTH="18" VPOS="741" HPOS="440"/>
							<String ID="string_46" HPOS="458" VPOS="741" WIDTH="57" HEIGHT="27" WC="0.93" CONTENT="den"/><SP WIDTH="20" VPOS="741" HPOS="515"/>
							<String ID="string_47" HPOS="535" VPOS="741" WIDTH="14" HEIGHT="28" WC="0.96" CONTENT="7"/><SP WIDTH="20" VPOS="741" HPOS="549"/>
							<String ID="string_48" HPOS="569" VPOS="741" WIDTH="137" HEIGHT="28" WC="0.96" CONTENT="februari"/><SP WIDTH="18" VPOS="741" HPOS="706"/>
							<String ID="string_49" HPOS="724" VPOS="741" WIDTH="41" HEIGHT="27" WC="0.92" CONTENT="kl."/><SP WIDTH="19" VPOS="741" HPOS="765"/>
							<String ID="string_50" HPOS="784" VPOS="741" WIDTH="14" HEIGHT="27" WC="0.92" CONTENT="%"/><SP WIDTH="19" VPOS="741" HPOS="798"/>
							<String ID="string_51" HPOS="817" VPOS="748" WIDTH="24" HEIGHT="20" WC="0.96" CONTENT="e."/><SP WIDTH="19" VPOS="748" HPOS="841"/>
							<String ID="string_52" HPOS="860" VPOS="748" WIDTH="39" HEIGHT="19" WC="0.96" CONTENT="m."/><SP WIDTH="91" VPOS="748" HPOS="899"/>
							<String ID="string_53" HPOS="990" VPOS="744" WIDTH="13" HEIGHT="17" WC="0.13" CONTENT="a"/>
						</TextLine>
					</TextBlock>
				</ComposedBlock>
				<ComposedBlock ID="cblock_7" HPOS="177" VPOS="803" WIDTH="823" HEIGHT="106">
					<TextBlock ID="block_5" HPOS="177" VPOS="803" WIDTH="823" HEIGHT="106">
						<TextLine ID="line_8" HPOS="246" VPOS="803" WIDTH="754" HEIGHT="29">
							<String ID="string_54" HPOS="246" VPOS="803" WIDTH="42" HEIGHT="22" WC="0.92" CONTENT="Vid"/><SP WIDTH="11" VPOS="803" HPOS="288"/>
							<String ID="string_55" HPOS="299" VPOS="804" WIDTH="115" HEIGHT="21" WC="0.92" CONTENT="värkstäldt"/><SP WIDTH="15" VPOS="804" HPOS="414"/>
							<String ID="string_56" HPOS="429" VPOS="811" WIDTH="81" HEIGHT="21" WC="0.92" CONTENT="upprop"/><SP WIDTH="15" VPOS="811" HPOS="510"/>
							<String ID="string_57" HPOS="525" VPOS="804" WIDTH="106" HEIGHT="21" WC="0.92" CONTENT="befunnos"/><SP WIDTH="16" VPOS="804" HPOS="631"/>
							<String ID="string_58" HPOS="647" VPOS="804" WIDTH="94" HEIGHT="21" WC="0.93" CONTENT="ständets"/><SP WIDTH="15" VPOS="804" HPOS="741"/>
							<String ID="string_59" HPOS="756" VPOS="804" WIDTH="96" HEIGHT="27" WC="0.96" CONTENT="samtliga"/><SP WIDTH="11" VPOS="804" HPOS="852"/>
							<String ID="string_60" HPOS="863" VPOS="803" WIDTH="137" HEIGHT="22" WC="0.96" CONTENT="medlemmar"/>
						</TextLine>
						<TextLine ID="line_9" HPOS="177" VPOS="832" WIDTH="821" HEIGHT="28">
							<String ID="string_61" HPOS="177" VPOS="832" WIDTH="137" HEIGHT="27" WC="0.93" CONTENT="närvarande,"/><SP WIDTH="23" VPOS="832" HPOS="314"/>
							<String ID="string_62" HPOS="337" VPOS="835" WIDTH="59" HEIGHT="18" WC="0.92" CONTENT="utom"/><SP WIDTH="23" VPOS="835" HPOS="396"/>
							<String ID="string_63" HPOS="419" VPOS="833" WIDTH="25" HEIGHT="20" WC="0.93" CONTENT="hr"/><SP WIDTH="15" VPOS="833" HPOS="444"/>
							<String ID="string_64" HPOS="459" VPOS="833" WIDTH="197" HEIGHT="27" WC="0.91" CONTENT="Neppenström,"/><SP WIDTH="16" VPOS="833" HPOS="656"/>
							<String ID="string_65" HPOS="672" VPOS="839" WIDTH="45" HEIGHT="14" WC="0.96" CONTENT="som"/><SP WIDTH="15" VPOS="839" HPOS="717"/>
							<String ID="string_66" HPOS="732" VPOS="833" WIDTH="49" HEIGHT="20" WC="0.93" CONTENT="med"/><SP WIDTH="16" VPOS="833" HPOS="781"/>
							<String ID="string_67" HPOS="797" VPOS="832" WIDTH="93" HEIGHT="21" WC="0.91" CONTENT="ständets"/><SP WIDTH="15" VPOS="832" HPOS="890"/>
							<String ID="string_68" HPOS="905" VPOS="832" WIDTH="93" HEIGHT="21" WC="0.92" CONTENT="tillständ"/>
						</TextLine>
						<TextLine ID="line_10" HPOS="177" VPOS="861" WIDTH="822" HEIGHT="27">
							<String ID="string_69" HPOS="177" VPOS="867" WIDTH="37" HEIGHT="14" WC="0.92" CONTENT="var"/><SP WIDTH="22" VPOS="867" HPOS="214"/>
							<String ID="string_70" HPOS="236" VPOS="861" WIDTH="47" HEIGHT="20" WC="0.96" CONTENT="från"/><SP WIDTH="21" VPOS="861" HPOS="283"/>
							<String ID="string_71" HPOS="304" VPOS="861" WIDTH="74" HEIGHT="20" WC="0.93" CONTENT="staden"/><SP WIDTH="21" VPOS="861" HPOS="378"/>
							<String ID="string_72" HPOS="399" VPOS="861" WIDTH="96" HEIGHT="27" WC="0.95" CONTENT="bortrest,"/><SP WIDTH="21" VPOS="861" HPOS="495"/>
							<String ID="string_73" HPOS="516" VPOS="861" WIDTH="41" HEIGHT="21" WC="0.96" CONTENT="och"/><SP WIDTH="21" VPOS="861" HPOS="557"/>
							<String ID="string_74" HPOS="578" VPOS="861" WIDTH="25" HEIGHT="20" WC="0.93" CONTENT="hr"/><SP WIDTH="21" VPOS="861" HPOS="603"/>
							<String ID="string_75" HPOS="624" VPOS="861" WIDTH="90" HEIGHT="27" WC="0.87" CONTENT="Savön,"/><SP WIDTH="22" VPOS="861" HPOS="714"/>
							<String ID="string_76" HPOS="736" VPOS="861" WIDTH="85" HEIGHT="21" WC="0.96" CONTENT="hvilken"/><SP WIDTH="21" VPOS="861" HPOS="821"/>
							<String ID="string_77" HPOS="842" VPOS="861" WIDTH="79" HEIGHT="20" WC="0.93" CONTENT="anmält"/><SP WIDTH="21" VPOS="861" HPOS="921"/>
							<String ID="string_78" HPOS="942" VPOS="861" WIDTH="57" HEIGHT="26" WC="0.92" CONTENT="sjuk-"/>
						</TextLine>
						<TextLine ID="line_11" HPOS="178" VPOS="889" WIDTH="103" HEIGHT="20">
							<String ID="string_79" HPOS="178" VPOS="889" WIDTH="103" HEIGHT="20" WC="0.87" CONTENT="domsfall."/>
						</TextLine>
					</TextBlock>
				</ComposedBlock>
				<ComposedBlock ID="cblock_8" HPOS="246" VPOS="1030" WIDTH="660" HEIGHT="29">
					<TextBlock ID="block_6" HPOS="246" VPOS="1030" WIDTH="660" HEIGHT="29">
						<TextLine ID="line_12" HPOS="246" VPOS="1030" WIDTH="660" HEIGHT="29">
							<String ID="string_80" HPOS="246" VPOS="1030" WIDTH="113" HEIGHT="27" WC="0.90" CONTENT="Upplästes"/><SP WIDTH="16" VPOS="1030" HPOS="359"/>
							<String ID="string_81" HPOS="375" VPOS="1031" WIDTH="102" HEIGHT="21" WC="0.93" CONTENT="särskilda"/><SP WIDTH="16" VPOS="1031" HPOS="477"/>
							<String ID="string_82" HPOS="493" VPOS="1031" WIDTH="192" HEIGHT="28" WC="0.93" CONTENT="protokollsutdrag"/><SP WIDTH="15" VPOS="1031" HPOS="685"/>
							<String ID="string_83" HPOS="700" VPOS="1031" WIDTH="46" HEIGHT="20" WC="0.92" CONTENT="frän"/><SP WIDTH="15" VPOS="1031" HPOS="746"/>
							<String ID="string_84" HPOS="761" VPOS="1030" WIDTH="145" HEIGHT="22" WC="0.91" CONTENT="medständen."/>
						</TextLine>
					</TextBlock>
				</ComposedBlock>
				<ComposedBlock ID="cblock_9" HPOS="176" VPOS="1172" WIDTH="824" HEIGHT="84">
					<TextBlock ID="block_7" HPOS="176" VPOS="1172" WIDTH="824" HEIGHT="84">
						<TextLine ID="line_13" HPOS="246" VPOS="1172" WIDTH="754" HEIGHT="26">
							<String ID="string_85" HPOS="246" VPOS="1172" WIDTH="54" HEIGHT="21" WC="0.90" CONTENT="Frän"/><SP WIDTH="23" VPOS="1172" HPOS="300"/>
							<String ID="string_86" HPOS="323" VPOS="1172" WIDTH="160" HEIGHT="22" WC="0.92" CONTENT="bankutskottet"/><SP WIDTH="20" VPOS="1172" HPOS="483"/>
							<String ID="string_87" HPOS="503" VPOS="1173" WIDTH="54" HEIGHT="21" WC="0.92" CONTENT="hade"/><SP WIDTH="23" VPOS="1173" HPOS="557"/>
							<String ID="string_88" HPOS="580" VPOS="1173" WIDTH="87" HEIGHT="21" WC="0.92" CONTENT="anländt"/><SP WIDTH="22" VPOS="1173" HPOS="667"/>
							<String ID="string_89" HPOS="689" VPOS="1179" WIDTH="26" HEIGHT="15" WC="0.92" CONTENT="en"/><SP WIDTH="23" VPOS="1179" HPOS="715"/>
							<String ID="string_90" HPOS="738" VPOS="1173" WIDTH="115" HEIGHT="25" WC="0.92" CONTENT="skrifvelse,"/><SP WIDTH="15" VPOS="1173" HPOS="853"/>
							<String ID="string_91" HPOS="868" VPOS="1173" WIDTH="59" HEIGHT="20" WC="0.92" CONTENT="hvari"/><SP WIDTH="15" VPOS="1173" HPOS="927"/>
							<String ID="string_92" HPOS="942" VPOS="1173" WIDTH="58" HEIGHT="20" WC="0.92" CONTENT="med-"/>
						</TextLine>
						<TextLine ID="line_14" HPOS="177" VPOS="1200" WIDTH="822" HEIGHT="28">
							<String ID="string_93" HPOS="177" VPOS="1200" WIDTH="86" HEIGHT="21" WC="0.91" CONTENT="delades"/><SP WIDTH="25" VPOS="1200" HPOS="263"/>
							<String ID="string_94" HPOS="288" VPOS="1202" WIDTH="29" HEIGHT="19" WC="0.92" CONTENT="att"/><SP WIDTH="24" VPOS="1202" HPOS="317"/>
							<String ID="string_95" HPOS="341" VPOS="1201" WIDTH="103" HEIGHT="21" WC="0.92" CONTENT="utskottet"/><SP WIDTH="25" VPOS="1201" HPOS="444"/>
							<String ID="string_96" HPOS="469" VPOS="1201" WIDTH="31" HEIGHT="21" WC="0.96" CONTENT="till"/><SP WIDTH="25" VPOS="1201" HPOS="500"/>
							<String ID="string_97" HPOS="525" VPOS="1201" WIDTH="32" HEIGHT="21" WC="0.96" CONTENT="sin"/><SP WIDTH="26" VPOS="1201" HPOS="557"/>
							<String ID="string_98" HPOS="583" VPOS="1201" WIDTH="126" HEIGHT="21" WC="0.93" CONTENT="ordförande"/><SP WIDTH="21" VPOS="1201" HPOS="709"/>
							<String ID="string_99" HPOS="730" VPOS="1203" WIDTH="64" HEIGHT="19" WC="0.93" CONTENT="utsett"/><SP WIDTH="21" VPOS="1203" HPOS="794"/>
							<String ID="string_100" HPOS="815" VPOS="1201" WIDTH="104" HEIGHT="27" WC="0.96" CONTENT="professor"/><SP WIDTH="20" VPOS="1201" HPOS="919"/>
							<String ID="string_101" HPOS="939" VPOS="1201" WIDTH="19" HEIGHT="21" WC="0.93" CONTENT="J."/><SP WIDTH="17" VPOS="1201" HPOS="958"/>
							<String ID="string_102" HPOS="975" VPOS="1201" WIDTH="24" HEIGHT="20" WC="0.92" CONTENT="V."/>
						</TextLine>
						<TextLine ID="line_15" HPOS="176" VPOS="1227" WIDTH="143" HEIGHT="29">
							<String ID="string_103" HPOS="176" VPOS="1227" WIDTH="143" HEIGHT="29" WC="0.96" CONTENT="Runeberg."/>
						</TextLine>
					</TextBlock>
				</ComposedBlock>
				<ComposedBlock ID="cblock_10" HPOS="176" VPOS="1370" WIDTH="822" HEIGHT="84">
					<TextBlock ID="block_8" HPOS="176" VPOS="1370" WIDTH="822" HEIGHT="84">
						<TextLine ID="line_16" HPOS="245" VPOS="1370" WIDTH="753" HEIGHT="29">
							<String ID="string_104" HPOS="245" VPOS="1370" WIDTH="118" HEIGHT="28" WC="0.96" CONTENT="Föredrogs"/><SP WIDTH="24" VPOS="1370" HPOS="363"/>
							<String ID="string_105" HPOS="387" VPOS="1370" WIDTH="102" HEIGHT="22" WC="0.93" CONTENT="Finlands"/><SP WIDTH="25" VPOS="1370" HPOS="489"/>
							<String ID="string_106" HPOS="514" VPOS="1372" WIDTH="96" HEIGHT="20" WC="0.92" CONTENT="ständers"/><SP WIDTH="22" VPOS="1372" HPOS="610"/>
							<String ID="string_107" HPOS="632" VPOS="1372" WIDTH="199" HEIGHT="27" WC="0.90" CONTENT="bankfullmäktiges"/><SP WIDTH="24" VPOS="1372" HPOS="831"/>
							<String ID="string_108" HPOS="855" VPOS="1370" WIDTH="36" HEIGHT="21" WC="0.92" CONTENT="vid"/><SP WIDTH="25" VPOS="1370" HPOS="891"/>
							<String ID="string_109" HPOS="916" VPOS="1372" WIDTH="82" HEIGHT="19" WC="0.96" CONTENT="senaste"/>
						</TextLine>
						<TextLine ID="line_17" HPOS="176" VPOS="1398" WIDTH="822" HEIGHT="29">
							<String ID="string_110" HPOS="176" VPOS="1398" WIDTH="87" HEIGHT="27" WC="0.95" CONTENT="plenum"/><SP WIDTH="30" VPOS="1398" HPOS="263"/>
							<String ID="string_111" HPOS="293" VPOS="1398" WIDTH="32" HEIGHT="21" WC="0.95" CONTENT="för"/><SP WIDTH="22" VPOS="1398" HPOS="325"/>
							<String ID="string_112" HPOS="347" VPOS="1399" WIDTH="67" HEIGHT="21" WC="0.92" CONTENT="andra"/><SP WIDTH="22" VPOS="1399" HPOS="414"/>
							<String ID="string_113" HPOS="436" VPOS="1400" WIDTH="83" HEIGHT="27" WC="0.92" CONTENT="gången"/><SP WIDTH="24" VPOS="1400" HPOS="519"/>
							<String ID="string_114" HPOS="543" VPOS="1400" WIDTH="115" HEIGHT="27" WC="0.75" CONTENT="bordlagda"/><SP WIDTH="26" VPOS="1400" HPOS="658"/>
							<String ID="string_115" HPOS="684" VPOS="1400" WIDTH="111" HEIGHT="21" WC="0.93" CONTENT="berättelse"/><SP WIDTH="24" VPOS="1400" HPOS="795"/>
							<String ID="string_116" HPOS="819" VPOS="1400" WIDTH="32" HEIGHT="20" WC="0.92" CONTENT="till"/><SP WIDTH="24" VPOS="1400" HPOS="851"/>
							<String ID="string_117" HPOS="875" VPOS="1398" WIDTH="123" HEIGHT="22" WC="0.96" CONTENT="ständernas"/>
						</TextLine>
						<TextLine ID="line_18" HPOS="176" VPOS="1426" WIDTH="517" HEIGHT="28">
							<String ID="string_118" HPOS="176" VPOS="1426" WIDTH="143" HEIGHT="28" WC="0.92" CONTENT="bankutskott,"/><SP WIDTH="16" VPOS="1426" HPOS="319"/>
							<String ID="string_119" HPOS="335" VPOS="1427" WIDTH="131" HEIGHT="22" WC="0.92" CONTENT="omfattande"/><SP WIDTH="15" VPOS="1427" HPOS="466"/>
							<String ID="string_120" HPOS="481" VPOS="1428" WIDTH="50" HEIGHT="21" WC="0.92" CONTENT="ären"/><SP WIDTH="16" VPOS="1428" HPOS="531"/>
							<String ID="string_121" HPOS="547" VPOS="1429" WIDTH="146" HEIGHT="20" WC="0.89" CONTENT="1891—1893."/>
						</TextLine>
					</TextBlock>
				</ComposedBlock>
				<ComposedBlock ID="cblock_11" HPOS="176" VPOS="1484" WIDTH="824" HEIGHT="57">
					<TextBlock ID="block_9" HPOS="176" VPOS="1484" WIDTH="824" HEIGHT="57">
						<TextLine ID="line_19" HPOS="246" VPOS="1484" WIDTH="754" HEIGHT="28">
							<String ID="string_122" HPOS="246" VPOS="1484" WIDTH="64" HEIGHT="21" WC="0.95" CONTENT="Ordet"/><SP WIDTH="21" VPOS="1484" HPOS="310"/>
							<String ID="string_123" HPOS="331" VPOS="1484" WIDTH="103" HEIGHT="27" WC="0.96" CONTENT="begärdes"/><SP WIDTH="24" VPOS="1484" HPOS="434"/>
							<String ID="string_124" HPOS="458" VPOS="1485" WIDTH="73" HEIGHT="21" WC="0.96" CONTENT="härvid"/><SP WIDTH="23" VPOS="1485" HPOS="531"/>
							<String ID="string_125" HPOS="554" VPOS="1485" WIDTH="31" HEIGHT="21" WC="0.96" CONTENT="till"/><SP WIDTH="23" VPOS="1485" HPOS="585"/>
							<String ID="string_126" HPOS="608" VPOS="1486" WIDTH="52" HEIGHT="20" WC="0.97" CONTENT="först"/><SP WIDTH="16" VPOS="1486" HPOS="660"/>
							<String ID="string_127" HPOS="676" VPOS="1486" WIDTH="21" HEIGHT="20" WC="0.96" CONTENT="af"/><SP WIDTH="15" VPOS="1486" HPOS="697"/>
							<String ID="string_128" HPOS="712" VPOS="1486" WIDTH="24" HEIGHT="20" WC="0.96" CONTENT="hr"/><SP WIDTH="15" VPOS="1486" HPOS="736"/>
							<String ID="string_129" HPOS="751" VPOS="1485" WIDTH="132" HEIGHT="27" WC="0.96" CONTENT="Borenius,"/><SP WIDTH="16" VPOS="1485" HPOS="883"/>
							<String ID="string_130" HPOS="899" VPOS="1490" WIDTH="45" HEIGHT="14" WC="0.93" CONTENT="som"/><SP WIDTH="15" VPOS="1490" HPOS="944"/>
							<String ID="string_131" HPOS="959" VPOS="1484" WIDTH="41" HEIGHT="26" WC="0.82" CONTENT="ytt-"/>
						</TextLine>
						<TextLine ID="line_20" HPOS="176" VPOS="1511" WIDTH="824" HEIGHT="30">
							<String ID="string_132" HPOS="176" VPOS="1511" WIDTH="59" HEIGHT="21" WC="0.96" CONTENT="rade:"/><SP WIDTH="23" VPOS="1511" HPOS="235"/>
							<String ID="string_133" HPOS="258" VPOS="1512" WIDTH="34" HEIGHT="21" WC="0.96" CONTENT="Då"/><SP WIDTH="20" VPOS="1512" HPOS="292"/>
							<String ID="string_134" HPOS="312" VPOS="1519" WIDTH="51" HEIGHT="14" WC="0.92" CONTENT="man"/><SP WIDTH="21" VPOS="1519" HPOS="363"/>
							<String ID="string_135" HPOS="384" VPOS="1513" WIDTH="116" HEIGHT="27" WC="0.93" CONTENT="genomgår"/><SP WIDTH="22" VPOS="1513" HPOS="500"/>
							<String ID="string_136" HPOS="522" VPOS="1514" WIDTH="200" HEIGHT="27" WC="0.91" CONTENT="bankfullmäktiges"/><SP WIDTH="18" VPOS="1514" HPOS="722"/>
							<String ID="string_137" HPOS="740" VPOS="1513" WIDTH="116" HEIGHT="27" WC="0.96" CONTENT="berättelse,"/><SP WIDTH="16" VPOS="1513" HPOS="856"/>
							<String ID="string_138" HPOS="872" VPOS="1514" WIDTH="64" HEIGHT="20" WC="0.96" CONTENT="stöter"/><SP WIDTH="14" VPOS="1514" HPOS="936"/>
							<String ID="string_139" HPOS="950" VPOS="1518" WIDTH="50" HEIGHT="15" WC="0.97" CONTENT="man"/>
						</TextLine>
					</TextBlock>
				</ComposedBlock>
			</PrintSpace>
		</Page>
	</Layout>
</alto>
