1095 1717
324 127 180 21 Borgareståndet
517 127 54 17 1894.
597 128 12 16 9
621 127 53 17 febr.
846 122 39 20 127

89 200 32 28 År
137 208 54 20 1893
207 214 50 14 voro
273 207 106 27 nämligen
395 207 21 20 af
432 206 26 22 de
474 206 109 22 därstädes
599 206 81 22 bosatte
695 207 42 20 495
752 207 90 27 judarne
856 207 59 26 709/,

89 236 64 20 födde
168 236 7 20 i
190 235 96 27 Finland,
301 236 76 20 medan
393 236 62 26 139/,
470 236 73 20 vistats
559 236 7 20 i
581 236 73 20 landet
669 235 59 21 öfver
744 236 27 20 20
784 236 27 20 är.

158 264 68 21 Dessa
249 264 104 20 mosaiska
374 264 171 27 trosförvandter,
567 264 113 21 bestäende
702 264 46 21 dels
769 264 21 20 af
805 264 110 21 afskedadt

90 292 126 22 underbefäl
238 293 39 20 och
299 292 102 28 manskap
424 292 35 21 vid
481 293 50 27 rysk
554 292 78 21 militär
654 299 45 14 som
721 293 67 27 tjänat
802 293 7 20 i
824 292 90 21 Finland

90 322 65 27 jämte
170 321 61 21 deras
246 322 91 26 hustrur,
352 321 45 21 dels
412 321 21 21 af
448 321 141 27 afkomlingar
604 322 31 20 till
652 322 54 26 dem,
722 322 62 20 hafva
800 328 115 21 ursprung-

91 351 58 27 ligen
169 350 133 21 hemortsrätt
315 350 7 20 i
337 349 112 28 Ryssland,
465 350 67 20 ehuru
548 350 26 20 de
590 350 68 21 under
673 350 62 21 årens
750 350 49 27 lopp
814 349 102 22 förblifvit

91 379 82 21 bofasta
195 379 7 20 i
225 378 94 21 Finland.
351 378 81 22 Genom
456 378 56 21 detta
534 378 132 21 förhållande
689 378 37 21 har
742 385 26 14 en
784 378 131 21 osäkerhet
903 374 15 36 i

92 408 61 21 deras
174 407 100 27 ställning
297 407 53 21 varit
371 407 99 27 rädande,
491 413 45 15 som
557 413 77 22 genom
650 407 26 21 de
692 407 102 28 ätgärder,
809 407 71 21 hvilka
895 407 22 21 af

92 437 37 20 vär
151 436 88 27 styrelse
256 436 66 21 under
344 436 26 21 de
385 437 83 20 senaste
483 435 100 22 förflutna
599 436 50 21 ären
665 438 45 19 mot
725 436 48 21 dem
789 436 104 27 vidtagits,
909 436 7 20 i

91 465 92 27 längden
198 465 67 20 mäste
280 465 65 20 blifva
360 465 125 27 outhärdlig.

162 493 50 21 Man
235 494 37 20 har
292 493 26 27 pä
333 493 68 27 grund
417 493 21 20 af
452 493 103 27 kungliga
577 493 195 28 kommerskollegii
787 493 128 27 reglemente

93 522 20 21 af
136 522 40 21 den
200 523 25 20 27
249 522 40 27 maj
313 522 54 20 1782
384 534 26 3 —
426 522 36 21 det
476 522 23 20 sä
517 522 83 21 kallade
615 522 196 27 judereglementet,
828 535 27 2 —
870 529 45 14 som

93 551 99 20 anvisade
207 551 98 20 städerna
319 551 127 26 Stockholm,
463 550 106 27 Göteborg
585 551 38 20 och
639 551 135 27 Norrköping
789 551 31 20 till
837 551 77 20 bosätt-

93 580 120 27 ningsorter
234 579 33 20 för
286 579 95 27 judarne,
397 579 69 20 säsom
482 579 109 27 rättsregel
606 579 110 28 fastslagit,
731 582 30 18 att
776 579 89 28 judarne
881 581 35 19 äro

94 608 125 27 utestängda
241 607 46 21 frän
310 608 45 21 värt
377 608 159 21 fäderneslands
559 610 87 25 gränser
668 609 39 20 och
728 608 26 27 pä
775 608 67 27 grund
859 608 58 21 häraf

93 639 73 24 vägrat
180 636 61 21 desse
257 637 178 26 medborgarerätt
450 637 113 20 härstädes.
589 636 73 27 Enligt
677 637 57 20 detta
749 637 168 20 betraktelsesätt

93 665 38 21 har
152 665 72 28 judars
247 665 120 27 bosättning
387 666 8 19 i
417 665 90 20 Finland
530 665 53 20 varit
597 665 110 27 lagstridig
725 666 40 20 och
780 666 82 20 kunnat
877 672 39 20 ega

94 701 47 13 rum
156 694 75 21 endast
246 694 6 20 i
268 694 50 27 följd
335 694 20 21 af
370 695 29 19 att
414 694 177 27 myndigheterna
607 694 89 21 blundat
711 694 32 21 för
758 694 129 21 densamma.

161 722 33 21 De
216 723 145 26 passbiljetter,
377 723 25 26 pä
424 723 69 26 grund
517 723 20 20 af
559 723 71 20 hvilka
653 723 63 26 judar
731 723 88 27 tidigare
835 723 80 20 tillätits

95 751 111 27 uppehålla
222 751 31 26 sig
274 751 6 20 i
300 751 77 26 landet,
393 751 59 21 torde
469 751 54 20 varit
538 751 21 20 af
575 757 80 14 samma
671 751 144 21 beskaffenhet
829 758 45 14 som
890 751 26 20 de

93 786 54 21 pass,
169 779 71 21 hvilka
257 780 118 20 utfärdades
390 780 33 20 för
438 779 121 21 härboende
574 780 13 19 f.
603 779 19 21 d.
639 779 63 27 ryska
718 780 95 21 soldater.
844 779 72 22 Meni

95 809 56 20 detta
173 808 130 21 förhällande
325 808 96 21 inträdde
442 815 27 14 en
484 808 105 27 väsentlig
603 808 123 27 förändring
741 815 76 20 genom
840 808 77 21 kansli-

95 837 161 27 expeditionens
278 837 109 20 skrifvelse
410 837 21 20 af
454 837 18 20 d.
496 837 26 20 29
541 843 56 14 mars
614 837 60 24 1889,
690 843 45 14 som
752 837 35 26 gaf
801 837 117 27 anledning

94 865 32 22 till
142 865 108 27 utvisning
266 865 20 21 af
301 872 24 14 en
342 865 77 28 mängd
435 866 38 20 här
488 865 80 21 bosatta
583 865 63 28 judar
661 867 50 26 utan
724 868 30 18 att
765 866 60 21 dessa
835 866 82 20 kunnat

95 894 103 27 päbördas
220 894 64 27 några
307 894 108 27 brottsliga
433 894 131 27 handlingar.
594 894 11 21 I
620 894 70 21 denna
706 895 109 20 skrifvelse
830 894 88 27 päbjöds

95 925 30 18 att
140 923 25 20 de
180 922 68 28 judar,
263 929 45 14 som
323 923 82 20 erhällit
421 923 92 20 tillständ
529 925 30 18 att
575 923 107 20 tilsvidare
703 923 37 20 här
758 923 69 26 vistas,
847 923 68 20 skulle

95 951 22 21 af
129 951 157 21 vederbörande
296 953 105 26 guvernör
411 951 66 21 förses
487 951 49 21 med
545 951 183 28 vistelsebiljetter,
736 952 97 27 gällande
844 951 74 21 endast

95 980 33 21 för
150 987 37 14 sex
210 980 105 21 månader.
345 980 40 21 För
401 987 25 14 en
442 980 159 27 vistelsebiljett,
617 987 45 13 som
678 980 113 27 berättigar
805 981 65 26 juden
887 980 31 21 till

96 1009 35 20 det
146 1009 116 27 torftigaste
278 1009 140 27 näringsfäng,
433 1009 38 20 har
486 1009 41 20 han
543 1011 30 18 att
589 1009 85 26 erlägga
690 1010 11 19 5
718 1015 26 14 m.
759 1009 27 20 40
801 1009 36 27 p.i
853 1009 65 26 lösen,

95 1037 54 21 altsä
170 1038 26 20 10
216 1045 27 13 m.
265 1038 27 20 80
312 1045 18 20 p.
351 1044 35 14 om
409 1037 49 27 äret,
481 1037 84 21 hvartill
588 1037 122 28 ytterligare
732 1038 86 20 komma
839 1039 78 19 tvänne

95 1066 191 27 protokollsutdrag
306 1066 46 21 frän
373 1067 135 26 magistraten
529 1066 11 20 ä
556 1066 154 27 sammanlagdt
726 1067 26 20 13
768 1066 35 21 mk
819 1068 54 19 samt
888 1066 30 21 af-

95 1095 65 26 giften
176 1095 32 20 för
224 1097 29 19 ett
267 1095 59 26 ryskt
341 1101 48 21 pass
404 1095 26 27 pä
446 1097 12 18 5
473 1095 61 20 rubel
550 1094 79 27 ärligen
646 1095 52 20 eller
707 1095 75 20 inalles
793 1096 25 19 37
828 1101 26 14 m.
864 1095 26 20 30
899 1101 18 20 p.

94 1123 82 21 Härvid
200 1123 38 21 bör
262 1123 121 21 framhällas
406 1125 30 19 att
458 1123 139 27 utländingen
619 1123 49 21 med
690 1123 59 27 längt
769 1123 149 21 vidsträcktare

94 1152 122 27 rättigheter
238 1152 94 27 erlägger
353 1152 33 20 för
407 1153 32 20 sin
462 1151 154 28 vistelsebiljett
645 1153 3 19 2
669 1158 26 14 m.
716 1153 27 20 40
764 1159 19 20 p.
813 1152 10 21 I
842 1152 77 27 judens

95 1180 153 27 vistelsebiljett
270 1181 119 26 uppräknas
405 1181 25 20 de
446 1183 97 24 surrogat
557 1181 32 20 för
605 1181 99 26 näringar
718 1181 152 20 innehafvaren
886 1180 32 21 fär

95 1209 55 26 idka,
165 1209 115 27 hvarjämte
296 1209 35 21 det
345 1209 75 21 införts
435 1215 27 15 en
477 1209 87 20 alldeles
579 1215 29 21 ny
624 1209 140 28 bestämning,
779 1215 48 15 men
843 1211 76 24 ytterst

96 1237 66 27 viktig
183 1238 7 19 i
212 1237 24 21 sä
258 1237 64 22 måtto
343 1240 30 18 att
388 1237 193 27 vistelsebiljettens
596 1237 96 27 giltighet
707 1238 32 20 för
754 1238 164 20 innehafvarens

95 1265 51 21 barn
169 1266 83 28 upphör
266 1267 22 20 sä
310 1268 58 19 snart
390 1267 26 20 de
439 1266 51 28 gifta
511 1266 38 28 sig,
572 1266 27 21 dä
620 1266 26 21 de
668 1266 82 21 säledes
764 1267 67 20 mäste
846 1267 71 20 lämna

95 1295 77 21 landet.

163 1324 199 26 Vistelsebiljettens
384 1323 93 21 innehäll
499 1323 6 20 i
529 1323 64 27 öfrigt
615 1324 42 20 kan
679 1324 46 20 icke
746 1331 51 13 vara
812 1326 65 18 annat
891 1326 29 18 än

95 1352 122 21 kränkande
240 1352 33 21 för
293 1352 163 28 aktningsvärda
479 1352 39 20 och
539 1352 108 28 laglydiga
662 1358 105 22 personer,
783 1353 39 20 och
838 1352 81 21 kännes

95 1381 63 21 äfven
179 1381 27 27 pä
228 1381 58 21 detta
307 1383 40 19 sätt
368 1381 21 21 af
411 1380 130 21 härvarande
560 1381 67 27 judar.
657 1381 103 20 Ansökan
779 1388 34 14 om
829 1380 90 27 förnyad

95 1411 40 19 rätt
157 1411 30 19 att
209 1410 127 20 kvarstanna
358 1410 7 20 i
387 1410 73 20 landet
481 1410 22 20 af
524 1409 39 21 här
584 1409 82 21 bosatta
686 1409 72 27 judars
774 1410 145 26 afkomlingar,

94 1438 72 20 hvilka
188 1438 81 21 lämnat
290 1438 35 20 sitt
347 1438 147 26 föräldrahem,
527 1438 90 26 uppnätt
649 1438 187 27 värnepliktsälder
868 1438 52 20 eller

94 1466 72 21 hvilka
186 1468 52 19 ärna
260 1466 58 21 träda
340 1466 7 20 i
363 1466 120 27 äktenskap,
504 1466 105 20 inlämnas
626 1466 73 27 hvarje
715 1466 55 28 gäng
785 1466 32 21 till
832 1468 88 19 senaten

95 1495 39 20 och
156 1496 66 20 mötes
242 1495 8 20 i
270 1495 56 21 förra
345 1495 65 21 fallen
432 1495 105 27 vanligen,
558 1494 7 21 i
581 1494 35 21 det
630 1495 52 20 sista
697 1495 69 20 städse
782 1495 47 21 med
847 1494 72 28 afslag.

95 1523 69 27 Något
184 1524 66 20 motiv
270 1524 31 20 till
317 1524 68 26 dylikt
400 1523 66 28 afslag
481 1523 68 27 gifves
564 1523 7 20 i
586 1523 58 27 regel
659 1523 47 21 icke
722 1523 70 21 häller.
823 1523 96 26 Afslaget
