1095 1717
316 122 179 22 Borgareståndet
507 124 56 16 1894.
589 124 9 15 1
611 122 51 17 febr.
864 118 27 20 37

97 204 79 26 ningen
197 203 21 21 af
240 202 93 22 ständets
354 202 123 29 protokoll
467 198 13 37 i
492 209 28 15 en
541 202 92 28 upplaga
648 202 22 21 af
685 202 41 21 300
746 202 117 28 exemplar;
879 202 39 21 och

93 226 79 37 skulle.
183 226 126 37 beträffande
323 232 141 26 tryckningen
479 231 33 21 för
526 231 64 27 öfrigt
604 231 40 21 och
658 230 140 28 utdelningen
813 231 22 21 af
848 232 69 27 proto-

97 260 72 24 kollen
184 266 80 16 samma
278 260 119 22 förfarande
412 259 104 28 iakttagas
530 266 46 15 som
591 259 36 21 vid
642 260 84 20 senaste
740 259 107 29 landtdag.

167 413 116 28 Föredrogs
305 414 29 21 ett
355 412 48 23 från
424 412 93 23 ståndets
532 413 104 22 elektorer
650 412 116 22 inkommet
780 412 104 28 protokoll
899 412 22 21 af

99 442 93 28 följande
206 442 90 27 lydelse:

304 527 113 27 Protokoll,
438 527 58 21 fördt
513 527 36 21 vid
571 526 188 29 borgareståndets.
775 527 147 21 elektorssam»

238 555 124 23 manträden
375 555 148 22 nedannämda
536 555 65 28 dagar
615 555 23 21 år
654 555 61 22 1894;

369 646 114 28 Lördagen
498 646 41 21 den
558 647 13 20 7
579 646 105 28 januari.

168 705 60 21 Efter
242 704 79 22 slutadt
341 704 88 28 plenum
452 703 169 22 sammanträdde
643 703 98 27 samtliga
761 703 38 21 hrr
817 702 104 21 elektorer

101 735 54 21 samt
180 733 74 28 utsågo
280 739 76 21 genom
382 732 35 21 val
438 732 49 21 med
509 731 71 22 slutna
599 731 71 22 sedlar
695 731 32 21 till
750 731 126 21 ordförande
895 730 26 21 hr

100 761 100 28 Neovius,
220 761 105 21 hvarefter
346 760 79 22 beslöts
446 762 29 19 att
495 760 131 21 elektorerne
649 759 56 28 ånyo
727 759 69 22 skulle
815 765 105 15 samman-

101 790 86 21 komma
201 789 96 28 tisdagen
312 789 40 22 den
369 789 26 21 30
411 789 81 21 dennes
506 788 27 21 kl.
549 788 49 28 1/,
587 784 10 37 6
614 795 17 15 e.
646 795 28 14 m.

351 880 106 28 Tisdagen
471 879 42 24 den
530 880 31 21 30
570 879 104 28 januari.

170 937 41 21 Vid
226 943 81 22 upprop
321 937 107 21 befunnos
442 937 96 27 samtlige
552 937 37 20 hrr
603 936 105 28 elektorer
722 935 137 23 närvarande.

169 965 133 22 Beträffande
324 967 62 20 sättet
406 966 40 21 och
461 965 116 28 ordningen
592 965 33 21 för
639 965 57 21 valet
710 965 78 21 beslöts
803 966 30 19 att
847 963 75 22 därvid

102 994 68 21 skulle
192 994 61 27 följas
275 994 109 21 enahanda
406 993 173 28 tillvägagäende,
599 1000 46 14 som
660 993 36 21 vid
710 993 128 28 föregående
853 992 69 21 landt-

102 1023 64 20 dagar
187 1023 112 27 iakttagits,
321 1022 51 21 eller
393 1024 30 19 att
437 1022 64 27 valen
513 1022 70 21 skulle
597 1028 62 15 anses
674 1021 108 22 definitiva
796 1021 54 21 blott
864 1021 7 20 i
887 1020 36 21 det

101 1025 44 59 fall
160 1052 30 20 att
210 1051 36 21 det
260 1051 125 21 föreskrifna
400 1051 79 23 antalet
493 1050 117 22 ledamöter
623 1051 41 20 och
678 1050 135 28 suppleanter
826 1049 9 21 i
849 1049 73 27 hvarje

101 1079 81 22 utskott:
196 1079 78 22 erhölle
289 1079 35 21 nio
339 1079 52 23 eller
405 1079 51 22 flere
471 1081 73 24 röster,
557 1079 152 21 hvarförinnan
724 1078 71 21 omval
805 1073 67 37 skulle
883 1073 45 37 ske

101 1107 55 22 intill
171 1107 48 22 dess
230 1107 36 22 det
280 1107 79 28 nödiga,
371 1107 81 23 antalet
464 1108 117 23 ledamöter
590 1107 39 22 och
642 1107 135 28 suppleanter
786 1106 50 22 med
845 1105 78 28 ifrågar

101 1135 95 23 varande,
215 1136 86 23 röstetal
322 1136 100 27 erhållits,
441 1136 108 22 äfvensom.
572 1137 31 20 att
624 1135 131 22 omedelbart
776 1135 55 21 efter
845 1134 36 21 det
895 1133 27 22 de

102 1164 104 21 ordinarie
220 1164 143 21 ledamöterne
377 1165 8 20 i
400 1166 30 20 ett
445 1165 79 20 utskott
538 1164 70 21 blifvit
626 1164 96 27 utsedde,
738 1162 186 29 suppleanterne,i

102 1199 80 16 samma
197 1193 79 21 utskott.
290 1193 68 23 skulle
373 1193 98 27 utväljas;
484 1193 103 22 hvardera
602 1192 64 24 skildt
680 1193 34 21 för
728 1193 37 26 sig.

169 1220 59 22 Härå
242 1221 73 21 skreds
329 1221 32 21 till
376 1221 76 28 själfva
466 1221 61 27 valet,
542 1227 45 14 som
603 1221 98 21 lämnade
716 1219 93 29 följande
824 1219 98 22 resultat:

169 1288 39 22 Till
222 1288 151 24 ledamöter:

169 1340 8 21 i
192 1339 168 29 lagutskottet:
383 1340 81 22 erhöllo
485 1341 24 20 hr
531 1340 95 22 Jusölius
642 1341 33 27 17,
698 1340 25 22 hr
737 1333 102 28 Åkesson
851 1339 33 27 16;
899 1339 27 21 hr

101 1368 89 21 Kumlin
206 1369 33 26 13,
253 1369 25 21 hr
292 1368 78 28 Elving
385 1369 33 27 12,
433 1369 25 21 hr
472 1368 106 28 Nybergh:
589 1370 20 26 5,
621 1363 22 37 hr
649 1368 159 22 Castrén
744 1363 10 37 4
766 1363 34 37 och
817 1368 24 21 hr
847 1367 80 21 Lille-2

101 1396 224 28 röster,
187 1390 34 40 hrr
233 1396 92 28 Jansson,
339 1396 123 22 Herckman
477 1398 43 20 och
531 1394 90 31 Öhman,
636 1398 110 26 enhvar;1
756 1398 57 24 röst;

169 1425 32 21 till
223 1425 64 21 förste
309 1425 113 28 suppleant
436 1426 7 20 i
458 1432 81 14 samma
553 1426 89 21 utskott:
658 1426 25 20 hr
698 1426 92 21 Jansson
806 1425 27 21 13
845 1424 44 21 och
900 1424 29 20 hr

101 1452 123 22 Andersson
240 1454 13 20 5
268 1455 71 26 röster,
354 1456 62 20 samt-

170 1482 31 20 till
224 1482 65 21 andre
313 1482 121 28 suppleant:
456 1482 26 20 hr
503 1482 118 21 Stenström
643 1483 27 20 13
686 1482 39 22 och
744 1482 26 20 hr
785 1480 112 28 Stigzelius
911 1480 15 21 4

101 1510 69 22 röster
183 1510 109 22 äfvensom
306 1510 26 21 hr
346 1510 124 22 Andersson
487 1510 14 21 1.
513 1512 54 25 röst;
