1095 1717
210 126 40 20 592
413 132 178 21 Borgareståndet
604 132 57 18 1894.
686 133 22 17 31
721 137 61 12 mars.

181 213 69 19 taan».
282 212 66 21 Olisin
364 213 102 27 toivonut,
489 215 42 19 että
554 213 54 21 siinä
630 213 48 21 olisi
699 213 97 27 myöskin
812 214 98 20 mainittu
926 214 80 20 minkä-

181 240 71 21 lainen
277 247 21 15 se
321 241 107 21 vakuutus
451 248 33 20 on,
506 242 44 27 jota
571 242 58 21 tulee
646 242 69 20 vaatia
735 242 71 20 lainan
827 242 98 28 ottajalta.
955 242 51 20 Kun

181 270 204 21 asetusehdotuksen
402 271 10 19 1
430 270 55 27 S:ssä
500 272 108 25 sanotaan,
631 272 43 19 että
688 271 176 27 säästöpankeilla
887 278 27 14 on
930 271 75 21 tarkoi-

181 298 90 21 tuksena
286 300 56 19 ottaa
357 298 97 27 yleisöltä
469 299 64 21 rahaa
547 299 80 21 korkoa
643 299 134 27 kasvamaan,
789 300 43 20 niin
844 306 28 14 on
882 300 60 20 aivan
954 299 52 21 vält-

180 328 122 22 tämätöntä,
317 329 42 19 että
374 327 70 21 lainaa
465 329 97 20 antaessa
577 328 111 20 vaaditaan
712 328 46 20 niin
773 328 78 22 tukeva
866 328 74 21 takaus
955 328 51 20 kuin

181 355 141 26 mahdollista,
344 356 21 27 ja
380 356 62 27 pidän
466 357 58 20 minä
539 361 117 16 suotavana
678 359 42 19 että
736 357 160 27 persoonallista
911 357 96 21 takausta

181 384 45 20 niin
242 384 69 21 vähän
331 384 53 21 kuin
405 385 134 21 mahdollista
561 385 149 26 käytettäisiin,
727 392 53 14 vaan
797 387 42 19 että
853 386 66 20 lainat
934 387 72 19 annet-

181 412 70 21 taisiin
268 413 158 27 pääasiallisesti
441 414 124 27 kiinnitystä
581 415 87 20 vastaan
684 414 166 21 kiinteimistöön
861 414 20 28 ja
892 414 115 21 vakuutus-

181 441 109 28 papereita
305 442 91 27 pantiksi
412 443 113 20 ottamalla.

252 498 68 21 Sedan
337 499 148 22 diskussionen
501 499 51 21 härä
571 499 111 22 förklarats
698 499 98 27 afslutad,
816 499 44 22 blef
875 500 40 21 den
931 500 76 27 nädiga

182 527 164 28 propositionen,
361 529 7 20 i
385 528 93 27 enlighet
500 529 49 20 med
564 528 246 22 talmanskonferensens
825 529 84 27 förslag,
925 529 20 20 af
960 529 46 20 bor-

182 555 135 28 gareständet
340 557 122 21 remitterad
485 557 31 21 till
540 557 43 28 lag-
606 557 38 21 och
661 557 208 27 ekonomiutskottet,
885 557 37 21 och
938 557 68 21 skulle

181 585 105 20 remissen
301 585 102 28 därjämte
419 585 82 28 ätföljas
517 586 22 21 af
553 585 199 28 protokollsutdrag,
766 586 149 21 innehällande
927 586 40 21 den
977 593 30 14 nu

182 613 149 28 försiggängna
347 614 154 21 diskussionen.

252 757 117 28 Föredrogs
383 757 27 21 H.
426 757 26 22 K.
467 757 40 22 M:s
530 757 35 21 vid
588 760 83 19 senaste
693 757 88 28 plenum
800 757 115 28 bordlagda
930 757 76 28 nädiga

182 785 130 27 proposition
327 793 34 14 n:o
378 787 25 20 31
418 786 109 27 angäende
537 786 179 27 inskränkningar
726 787 7 20 i
744 786 91 27 egande-
846 787 38 20 och
895 786 111 27 nytjande-

182 815 69 20 rätten
267 814 31 21 till
312 814 41 21 fast
369 815 103 27 egendom
487 815 59 21 inom
561 815 212 28 fästningsesplanad.

251 871 33 21 Hr
298 871 121 22 talmannen
443 872 125 21 meddelade
584 874 30 19 att
634 872 233 21 talmanskonferensen
883 871 55 22 velat
952 871 54 22 före-

182 899 32 21 slä
228 900 75 21 remiss
318 900 21 21 af
354 900 41 21 den
411 901 77 27 nädiga
503 901 158 27 propositionen
676 901 32 21 till
723 901 142 27 lagutskottet.

252 956 33 21 Hr
300 956 202 29 Schybergson
525 958 72 21 anhöll
613 965 34 14 om
663 958 60 21 ordet
738 958 40 21 och
793 957 91 27 yttrade:
914 956 42 22 Det
970 963 37 14 var

183 986 69 20 under
268 989 81 18 senaste
365 986 106 27 landtdag,
487 993 46 14 som
549 986 26 21 de
595 987 65 20 första
675 986 122 21 obestämda
812 986 89 27 ryktena
916 986 7 20 i
938 985 69 21 denna

182 1013 60 28 fräga
258 1013 68 22 nädde
349 1014 142 21 allmänheten
514 1015 39 20 och
573 1015 75 27 själfva
664 1015 60 21 ordet
739 1014 204 28 fästningsesplanad
958 1014 50 21 kom

183 1042 31 20 till
230 1042 49 21 dess
302 1043 102 28 kunskap.
434 1043 146 28 Esplanadens
603 1043 91 28 omräde,
717 1044 87 20 hvarom
824 1043 7 20 i
851 1043 156 27 propositionen

182 1070 47 21 icke
244 1073 97 19 närmare
356 1071 59 28 talas,
438 1072 38 21 har
490 1072 66 21 sedan
579 1072 48 21 dess
642 1072 104 21 minskats
761 1072 31 21 till
809 1071 91 28 omfäng.
929 1071 41 21 Det
985 1073 23 18 är

182 1099 80 21 bekant
277 1102 35 25 att,
335 1100 55 21 hvad
412 1101 157 20 hufvudstaden
593 1101 103 27 beträffar,
720 1101 69 21 denna
804 1099 204 28 fästningsesplanad

182 1127 67 28 enligt
264 1128 42 21 den
321 1129 148 28 ursprungliga
484 1129 78 27 planen
578 1129 114 21 omfattade
708 1135 28 15 en
751 1129 120 27 betydande
887 1129 33 20 del
936 1128 20 21 af
966 1128 41 21 den

182 1158 107 19 närmaste
304 1157 135 27 skärgärden,
461 1157 77 22 medan
562 1158 42 21 den
627 1158 75 21 efterät
717 1158 70 21 blifvit
801 1158 7 20 i
823 1157 46 21 icke
885 1157 58 27 ringa
959 1157 49 20 män

182 1184 125 28 begränsad.
336 1185 84 28 Frägan
434 1187 38 20 har
487 1186 71 21 därför
573 1187 32 20 sin
621 1188 76 19 största
717 1186 106 28 praktiska
838 1185 109 28 betydelse
961 1185 47 22 icke

182 1213 34 20 för
230 1213 134 28 Helsingfors
380 1216 51 19 utan
446 1221 86 14 snarare
554 1215 33 21 för
601 1215 87 27 Viborg.
712 1215 51 20 Man
778 1215 38 20 har
831 1214 115 21 emellertid
962 1214 46 21 icke

183 1241 96 27 allenast,
294 1243 69 20 såsom
387 1250 29 13 nu
431 1243 7 20 i
453 1243 157 28 propositionen
631 1243 94 26 föreslås,
746 1243 92 28 uppstält
854 1243 156 27 bestämningar

182 1270 111 28 angäende
308 1271 43 21 viss
367 1271 142 28 begränsning
524 1272 8 20 i
547 1272 157 28 eganderätten,
719 1272 8 21 i
742 1272 121 21 individens
873 1271 137 22 ekonomiska

182 1299 124 27 rättigheter
320 1300 59 21 inom
393 1300 246 28 fästningsesplanadens
654 1301 93 27 omräde,
763 1302 51 20 utan
829 1307 49 14 man
894 1301 37 20 har
946 1300 63 21 äfven

182 1328 48 20 sökt
245 1328 124 27 genomföra
390 1329 179 28 inskränkningar
590 1330 8 20 i
613 1330 27 21 de
655 1330 58 20 inom
734 1329 153 28 esplanaderna
902 1328 108 28 befintliga

182 1356 145 22 individernas
343 1358 120 27 personliga
478 1358 182 27 handlingsfrihet.
685 1358 42 21 Det
742 1358 38 20 har
795 1359 56 26 sagts
867 1359 30 19 att
911 1357 99 27 förslaget

182 1385 75 21 härom
273 1385 67 21 skulle
363 1386 116 21 behandlas
494 1386 8 21 i
517 1386 153 22 administrativ
686 1388 46 26 väg,
754 1386 78 22 medan
847 1386 80 27 frågan,
942 1386 68 20 såvidt

182 1413 42 21 den
240 1414 68 26 gäller
328 1414 89 28 ingrepp
432 1415 8 20 i
455 1415 156 27 eganderätten,
634 1416 38 20 har
695 1415 90 21 kommit
806 1415 7 20 i
828 1415 73 26 riktigt
915 1414 53 28 spår,
984 1414 26 20 då

182 1448 31 14 nu
228 1444 31 19 ett
274 1442 78 28 förslag
367 1443 32 21 till
414 1443 121 27 ständerlag
550 1444 110 27 angående
678 1444 117 27 ersättning
810 1443 47 21 från
873 1443 35 21 det
923 1442 87 22 allmän-

182 1476 40 14 nas
236 1470 48 21 sida
298 1472 118 27 föreligger.
446 1472 41 27 Jag
502 1472 37 20 vill
554 1472 80 28 hoppas
650 1474 30 19 att
694 1472 63 21 äfven
773 1472 130 21 beträffande
919 1472 40 20 den
976 1471 34 21 del

182 1498 22 21 af
219 1498 81 29 frågan,
315 1506 46 14 som
376 1501 35 27 jag
427 1500 38 21 här
479 1501 38 20 har
533 1501 75 27 berört,
624 1507 26 15 en
665 1501 130 27 proposition
811 1501 7 20 i
833 1500 69 21 sinom
917 1500 29 21 tid
957 1500 54 21 skall

182 1526 68 22 blifva
266 1528 113 22 ständerna
394 1529 101 28 förelagd,
516 1530 40 20 och
571 1529 38 21 ber
631 1536 30 14 nu
676 1530 76 21 endast
767 1531 30 19 att
811 1530 8 20 i
834 1529 99 21 afseende
948 1529 12 21 å
976 1529 35 21 det
