1095 1717
187 106 41 21 360
386 112 181 22 Borgareståndet
579 112 56 18 1894.
660 113 25 17 27
698 112 52 18 febr.

160 192 64 21 vräka
240 192 201 27 åtalsskyldigheten
458 192 26 28 på
499 192 61 22 aktor
578 199 77 21 genom
671 195 30 19 att
716 192 85 28 angifva
817 192 63 22 saken
897 192 38 21 hos
948 193 39 21 ho-

160 227 56 20 nom,
232 233 29 3 —
276 227 26 15 en
318 221 129 27 förändring,
463 228 45 14 som
523 221 48 21 icke
587 228 49 14 vore
652 221 89 27 önsklig.
768 221 42 22 Det
825 224 22 18 är
862 221 123 27 visserligen

160 252 54 24 sant,
230 249 69 21 såsom
316 250 89 26 antydes
421 250 6 20 i
444 250 40 21 den
500 250 78 26 nådiga
594 250 157 27 propositionen
766 250 27 27 på
807 250 60 21 sidan
883 250 20 26 2,
917 251 31 19 att
959 256 27 14 en

160 278 78 21 allmän
255 278 76 27 klagan
346 278 114 28 förspörjes
475 278 60 21 öfver
550 278 249 28 ärekränkningsmålens
810 281 55 19 stora
876 278 62 25 antal,
946 278 40 21 och

161 309 30 18 att
206 308 30 20 ett
259 306 102 28 stäfjande
385 307 21 21 af
422 307 60 21 dessa
505 307 43 21 mål
565 313 49 15 vore
635 307 120 21 önskvärdt.
785 307 48 21 Men
858 307 57 21 detta
929 308 57 19 stora

161 335 57 21 antal
242 334 62 22 beror
326 335 179 28 hufvudsakligen
529 336 64 26 därpå
608 338 30 18 att
660 342 48 14 man
725 336 93 20 hvarken
833 336 38 20 hos
886 342 35 14 oss
935 335 53 21 eller

161 364 139 20 annorstädes
321 364 82 26 lyckats
425 364 58 22 finna
507 370 25 15 en
557 364 66 21 sådan
645 364 148 22 käraktäristik
808 364 27 28 på
849 364 61 22 dessa
926 364 61 26 brott,

161 392 139 28 hvarigenom
322 392 61 21 deras
406 393 58 20 antal
485 392 69 22 skulle
577 392 73 21 kunna
665 393 101 21 minskas.
794 392 42 22 Det
850 392 76 27 medel,
940 398 47 15 som

162 427 29 14 nu
207 420 94 27 föreslås,
324 421 106 26 nämligen
448 424 29 19 att
500 428 77 21 genom
601 421 109 22 åsättande
726 422 20 20 af
769 421 116 28 bevillning
900 421 88 27 bidraga

162 449 31 22 till
208 449 114 27 stäfjandet
337 450 21 21 af
372 450 205 27 processlystnaden,
592 452 29 25 är,
635 450 27 27 på
675 450 26 21 de
711 450 45 21 skäl
771 451 35 26 jag
817 457 28 14 nu
856 450 75 27 anfört,
940 450 48 21 icke

162 478 102 27 lämpligt.
293 478 161 27 Propositionen
476 485 64 21 synes
556 479 107 20 dessutom
686 479 50 27 utgå
751 479 45 20 från
813 485 26 14 en
855 479 76 27 oriktig
945 478 42 21 för-

162 507 118 26 utsättning
295 507 50 26 däri,
360 510 29 18 att
405 507 41 21 den
468 510 93 24 antager,
583 510 29 18 att
626 507 26 21 de
668 507 49 27 mål,
732 514 44 14 som
793 507 46 21 icke
854 507 50 21 höra
920 507 69 21 under

162 535 89 21 allmänt
266 535 47 27 åtal,
329 536 74 21 endast
418 543 50 14 vore
489 537 21 20 af
526 536 91 27 bagatell
632 539 68 18 natur.
730 535 63 22 Detta
809 538 22 19 är
847 536 53 21 dock
921 535 67 27 enligt

162 564 38 21 vår
214 564 95 27 strafflag
323 564 46 21 icke
385 565 64 20 fallet.
478 565 42 20 Det
535 565 68 26 gifves
624 565 105 26 åtskilliga
750 565 141 26 förbrytelser,
906 571 45 14 som
967 564 22 21 af

162 593 44 20 helt
221 593 67 20 andra
302 593 81 26 hänsyn
400 593 62 22 hafva
477 594 66 27 gjorts
559 593 105 21 beroende
680 593 21 21 af
716 593 161 27 målsegandens
892 593 96 26 initiativ,

162 623 51 19 utan
230 623 31 20 att
276 621 75 22 brottet
367 622 70 21 därför
452 629 49 14 vore
517 623 21 20 af
555 622 89 27 bagatell
661 625 67 18 natur.
747 622 29 20 Af
791 622 64 21 sådan
872 621 116 22 beskaffen-

162 650 37 21 het
215 652 36 18 äro
267 650 142 27 förbrytelser,
426 657 44 14 som
486 653 125 18 omnämnas
626 651 7 20 i
649 651 27 20 25
692 651 46 26 kap.
755 651 26 20 14
797 651 12 26 $
825 650 39 21 och
881 651 26 20 19
918 650 45 27 kap.
976 651 12 20 3

164 679 12 26 $
198 678 127 27 strafflagen,
342 679 18 20 d.
377 686 18 13 v.
411 685 15 15 s.
443 679 105 27 åtskilliga
563 679 69 27 gröfre
648 679 256 27 sedlighetsförbrytelser.
929 679 60 20 Sam-

163 707 75 20 hällets
254 707 88 21 intresse
358 710 29 18 att
403 708 65 21 saken
483 708 66 21 åtalas
565 710 24 18 är
603 714 42 21 nog
661 707 42 21 lika
715 710 53 18 stort
778 708 5 20 i
795 707 98 21 afseende
905 707 12 20 å
927 707 63 20 dessa

163 742 46 14 som
233 735 7 21 i
257 735 98 22 afseende
379 736 12 21 &
407 737 65 20 andra
495 737 69 26 gröfre
581 736 60 27 brott,
657 737 67 20 ehuru
741 736 63 21 åtalet
823 736 22 21 af
859 736 82 26 hänsyn
957 735 32 21 till

163 764 111 21 individen
289 764 89 21 lämnats
394 765 106 21 beroende
516 765 21 20 af
553 765 162 26 mälsegandens
733 765 94 20 initiativ.
857 764 42 21 Det
913 766 23 19 är
950 771 39 20 up-

164 793 88 27 penbart
268 795 29 18 att
314 793 71 26 dylika
400 793 137 27 förbrytelser
553 793 46 21 icke
615 793 59 21 desto
687 799 58 15 mera
756 793 50 20 böra
817 793 64 27 draga
891 793 99 27 stämpel-

164 821 119 28 bevillning
298 823 25 19 än
339 822 65 21 andra
420 823 74 26 grofva
509 821 142 28 förbrytelser.

233 849 34 21 En
283 850 65 21 andra
363 851 140 27 anmärkning
518 851 37 20 vill
570 851 35 26 jag
623 852 51 25 göra
688 850 90 21 rörande
794 850 41 21 den
851 849 76 28 nådiga
942 856 48 21 pro-

164 879 132 26 positionens
319 879 133 27 bestämning
475 886 34 14 om
525 879 207 27 stämpelbevillning
754 879 32 20 för
804 880 77 26 patent.
910 877 78 22 Därom

164 907 60 20 heter
239 907 37 21 det
290 907 26 27 pä
331 907 59 21 sidan
408 908 24 20 11
450 908 6 20 i
471 908 167 27 propositionen:
671 907 136 21 »Patentbref
828 909 23 18 är
866 907 65 26 enligt
946 906 43 27 gäl-

164 935 64 21 lande
243 935 124 28 förordning
383 937 152 20 underkastadt
551 936 145 27 stämpelskatt
716 936 53 21 efter
784 935 206 26 industristyrelsens

165 964 101 27 pröfning
281 964 45 21 frän
342 965 27 20 20
384 965 32 20 till
433 965 40 20 500
490 965 64 20 mark.
584 964 33 21 Dä
632 964 116 21 emellertid
772 964 69 21 denna
857 963 134 27 bestämning

165 994 53 20 mött
233 993 103 21 särskilda
351 993 130 27 svärigheter
496 993 35 21 vid
547 993 168 27 tillämpningen,
731 993 37 20 har
783 993 35 20 det
833 995 79 18 ansetts
924 992 66 27 lämp-

164 1021 64 26 ligast
244 1023 31 19 att
290 1021 177 28 stämpelafgiften
482 1022 33 21 för
529 1021 120 28 patentbref
664 1021 104 21 beräknas
783 1021 53 21 efter
851 1021 41 20 den
908 1021 35 26 tid,
959 1021 33 20 för

165 1049 87 21 hvilken
277 1052 111 25 patenträtt
411 1050 106 27 beviljas.»
550 1050 28 21 Af
593 1050 60 21 sidan
677 1051 27 20 38
720 1056 63 20 synes
806 1051 29 19 att
855 1049 88 27 afgiften
958 1049 34 20 för

165 1078 121 27 patentbref
299 1080 22 19 är
336 1078 119 27 föreslagen
471 1079 30 20 till
518 1079 26 20 10
560 1079 60 20 mark
641 1079 33 20 för
689 1079 73 26 hvarje
778 1078 23 21 är
815 1078 21 21 af
851 1078 40 21 den
908 1077 36 26 tid,
959 1077 33 20 för

164 1106 88 21 hvilken
269 1110 71 24 patent
356 1107 93 27 beviljas.
472 1107 41 27 Jag
529 1108 40 20 kan
585 1107 47 20 icke
646 1107 47 20 inse
709 1107 71 20 hvilka
795 1106 102 21 särskilda
911 1106 80 26 svärig-

165 1135 60 20 heter
240 1135 36 21 vid
292 1135 159 28 tillämpningen
475 1136 62 21 hafva
552 1136 82 20 kunnat
654 1135 109 21 föranleda
778 1135 70 21 denna
863 1135 129 26 förändring,

165 1163 55 21 hälst
236 1164 177 27 stämpelafgiften
429 1165 33 20 för
475 1164 127 27 privilegier,
618 1171 34 14 om
670 1164 72 21 hvilka
758 1165 87 19 nämnes
861 1163 12 21 ä
888 1163 60 20 sidan
964 1163 28 20 40

165 1191 7 21 i
188 1191 40 21 den
245 1192 77 27 nädiga
337 1193 163 27 propositionen,
515 1193 44 27 just
574 1193 38 26 gär
626 1195 24 18 ut
664 1193 54 20 efter
733 1192 116 26 enahanda,
864 1191 23 21 sä
903 1194 29 18 att
942 1193 50 25 säga

165 1220 79 27 rörliga
260 1221 63 26 skala,
339 1227 45 14 som
401 1221 33 21 för
448 1224 72 25 patent
535 1221 66 21 hittils
617 1221 53 20 varit
685 1221 103 26 gällande.
818 1220 41 21 Det
875 1222 22 19 är
913 1226 79 21 uppen-

166 1249 46 20 bart
228 1251 31 18 att
274 1249 40 21 den
329 1249 120 28 föreslagna
464 1250 150 27 förändringen
630 1250 32 20 för
678 1249 94 21 sökande
783 1249 20 20 af
814 1251 72 25 patent
896 1249 33 20 för
938 1249 55 20 min-

166 1277 37 21 dre
219 1277 150 28 uppfinningar
393 1278 69 22 skulle
484 1278 66 21 blifva
572 1278 92 21 särdeles
687 1278 41 26 dyr
750 1278 38 21 och
807 1277 138 27 omöjliggöra
960 1277 34 20 för

166 1306 48 20 dem
231 1306 107 22 vinnande
361 1307 22 21 af
397 1310 78 24 patent.
505 1307 74 27 Någon
603 1307 140 27 anmärkning
758 1309 56 18 emot
837 1306 69 20 denna
921 1305 34 21 del
972 1305 22 21 af

166 1334 158 28 propositionen
340 1335 69 21 skulle
424 1336 36 26 jag
475 1336 54 20 dock
544 1336 47 20 icke
607 1336 60 26 gjort,
689 1342 35 14 om
739 1335 52 26 icke,
807 1334 66 28 enligt
887 1334 56 21 hvad
958 1334 36 27 jag

166 1365 44 18 tror
225 1363 45 27 mig
285 1365 52 24 veta,
353 1370 25 14 en
396 1364 128 27 proposition
541 1370 34 14 om
591 1370 42 20 nya
648 1363 133 28 stadganden
796 1362 110 28 angående
921 1363 73 27 patent

165 1391 87 21 komme
268 1394 30 18 att
312 1392 35 20 vid
363 1392 70 21 denna
448 1392 101 27 landtdag
564 1392 7 20 i
587 1392 55 21 vissa
654 1392 59 21 delar
724 1392 139 20 underställas
874 1391 119 21 ständerna.

166 1418 77 23 Denna
259 1420 128 27 proposition
404 1423 28 22 är,
448 1421 69 21 såsom
532 1421 36 27 jag
583 1420 66 22 måste
668 1421 117 25 förutsätta,
801 1420 56 27 bygd
873 1419 26 27 på
915 1419 79 21 tidsen-

166 1448 42 27 liga
224 1448 137 27 grundsatser
383 1449 110 27 angående
516 1449 161 27 patentafgiften
701 1449 40 20 och
760 1448 137 28 patenttiden.
927 1447 67 21 Dessa

166 1476 141 27 grundsatser
321 1479 42 25 äro,
379 1480 30 18 att
425 1480 72 25 patent
512 1478 109 20 meddelas
636 1477 26 27 på
678 1484 26 14 en
720 1484 27 14 en
762 1477 57 27 gång
833 1477 33 20 för
881 1476 42 21 alla
937 1476 7 20 i
960 1476 34 27 lag

166 1504 98 22 faststäld
280 1506 36 26 tid,
331 1506 121 27 antagligen
468 1506 7 20 i
489 1506 158 27 propositionen
663 1506 119 27 föreslagen
798 1506 29 20 tid
845 1506 26 20 15
882 1505 28 26 år,
922 1504 72 22 vidare
