1009 1706
197 122 40 20 418

167 186 45 22 tills
227 186 39 21 har
282 186 49 21 med
345 186 214 28 landtmannafartyg
574 186 71 20 idkats
659 186 102 20 fraktfart
772 186 32 20 till
816 187 39 20 och
866 186 50 20 med

168 220 49 22 från
231 222 110 20 närmaste
357 220 124 28 grannrike,
497 221 53 19 utan
565 221 31 19 att
611 220 66 27 något
692 220 77 20 hinder
781 215 86 38 derföre
886 220 30 20 le-

168 256 38 27 gat
221 255 7 20 i
244 256 77 26 vägen.

236 289 59 21 Herr
315 296 41 14 von
376 289 79 27 Born,
471 288 20 22 J.
507 289 37 21 A.:
565 288 10 21 I
590 288 119 28 anledning
724 289 23 21 af
760 289 51 21 herr
828 289 88 21 Silfver-

168 331 63 15 svans
254 324 101 28 yttrande
375 324 33 20 får
425 324 40 27 jag
485 330 28 14 nu
533 323 122 21 äterhemta
675 323 57 21 hvad
745 324 38 27 jag
798 323 67 21 redan
881 323 35 21 vid

168 365 28 15 en
216 358 93 28 tidigare
329 358 123 21 diskussion
472 358 7 20 i
499 358 60 20 detta
580 359 63 19 ämne
662 357 55 21 hade
736 359 52 19 äran
804 360 31 18 att
850 360 66 26 yttra,

168 393 111 28 nemligen
295 394 32 19 att
342 392 225 28 landtmannafartygs
583 392 104 28 rättighet
703 392 33 20 till
749 392 102 21 fraktfart
862 392 55 22 ända

168 427 34 21 till
222 427 23 21 år
267 427 54 20 1856
343 433 37 14 var
400 426 115 21 inskränkt
535 426 77 21 endast
631 426 34 21 till
681 428 31 20 att
727 426 48 21 från
791 426 76 21 staden
883 427 33 21 till

168 461 74 22 landet
262 461 74 21 hemta
356 461 115 20 inhemska
491 468 62 19 yaror
570 461 39 20 och
625 461 112 21 utländskt
752 461 53 27 gods
820 461 34 21 för
870 461 47 21 sina

169 503 106 21 grannars
290 495 117 26 husbehof,
423 497 32 19 att
470 495 47 21 från
534 495 47 21 stad
597 495 33 20 till
641 502 71 15 annan
724 497 35 20 ort
769 497 149 26 transportera

168 530 95 21 kronans
277 529 161 28 tillhörigheter
458 529 40 21 och
516 529 103 28 flyttgods
633 529 40 21 och
688 529 49 22 från
751 529 115 22 hemorten
884 530 34 21 till

169 565 48 20 stad
231 565 54 20 eller
300 563 83 22 utrikes
399 565 34 19 ort
447 564 58 21 inom
522 557 115 34 Östersjön
647 563 48 22 föra
705 564 212 27 landtmannavaror,

169 599 55 22 dock
244 599 49 21 icke
316 598 33 21 för
371 598 134 21 handlandes
527 599 100 27 räkning.
657 598 65 21 Först
742 599 24 21 år
787 599 61 27 1856,
864 599 54 22 eller

169 635 70 20 straxt
254 633 56 22 efter
325 633 136 27 fredsslutet,
476 633 47 22 blef
536 633 28 28 på
579 633 168 28 borgerskapets
763 633 106 22 särskilda
879 641 37 14 an-

168 668 73 21 hållan
262 675 34 14 om
317 667 105 28 rättighet
441 669 32 20 att
493 668 22 21 få
534 667 99 22 befrakta
655 668 213 29 landtmannafartyg
884 669 33 20 för

169 709 26 14 en
211 703 32 20 tid
259 703 39 20 och
314 702 57 21 intill
387 702 48 21 dess
451 702 84 21 landets
551 702 152 21 handelsflotta
719 703 46 21 åter
782 703 76 21 hunnit
874 703 43 21 till-

168 744 56 14 vexa
245 737 158 21 vidsträcktare
426 737 105 28 rättighet
549 737 34 21 till
603 737 102 21 fraktfart
727 737 48 21 dem
799 737 118 22 tillerkänd

168 772 35 20 för
223 778 26 14 en
269 771 32 21 tid
321 771 24 21 af
362 773 33 19 tre
415 771 30 21 år.
474 771 79 21 Denna
571 771 104 28 rättighet
691 771 40 21 har
747 772 123 21 sedermera
886 772 31 21 tid

169 805 55 22 efter
244 813 71 14 annan
337 805 70 21 blifvit
426 805 101 28 förlängd
548 806 40 21 och
604 805 88 21 sednast
707 806 28 27 på
750 806 112 21 obestämd
877 806 39 21 tid.

168 839 51 22 Men
235 839 41 22 den
287 840 64 28 utgör
362 841 31 20 ett
403 839 262 29 undantags-stadgande,
676 840 109 21 föranledt
795 841 24 20 af
829 841 87 27 borger-

168 875 88 28 skapets
277 881 55 21 egen
355 874 109 27 anhållan,
488 874 39 21 och
550 874 48 21 icke
619 873 69 22 afsedt
708 876 32 19 att
759 875 66 21 räcka
839 875 33 21 för
888 881 27 15 en

167 909 76 27 längre
264 908 95 21 framtid.
390 908 43 21 Det
453 910 24 19 är
497 909 84 21 således
601 909 192 28 borgareståndets
811 909 105 28 rättighet

167 945 32 20 att
213 943 121 21 framställa
349 943 26 20 de
391 943 77 26 vilkor,
481 943 83 28 hvarpå
575 943 85 21 ståndet
670 943 38 21 vill
719 943 127 22 hädanefter
856 944 60 21 med-

167 977 59 28 gifva
247 979 70 19 större
337 977 186 28 seglationsfrihet
541 978 22 21 åt
583 977 224 29 landtmannafartyg,
824 980 27 19 än
867 979 48 21 dem

167 1011 168 29 ursprungligen
352 1011 131 22 tillkommit.

235 1045 58 22 Herr
315 1045 191 22 Christierson:
528 1046 141 21 Beträffande
689 1047 26 21 de
731 1047 184 22 landtmannafar-

167 1083 48 26 tyg,
231 1087 45 14 som
295 1080 28 27 gå
341 1081 28 26 på
383 1081 84 20 utrikes
483 1082 42 24 ort,
541 1081 66 20 borde
626 1081 26 20 de
670 1088 51 14 vara
738 1081 110 21 likställda
866 1082 49 21 med

166 1114 119 26 städernes,
301 1120 51 15 men
367 1114 8 20 i
390 1114 103 21 afseende
509 1114 12 21 å
531 1114 67 21 andra
608 1114 215 29 landtmannafartyg
833 1117 35 20 vet
876 1117 39 27 jag

166 1149 57 26 icke,
244 1148 102 22 hvarföre
367 1148 26 21 de
413 1149 62 21 skola
495 1155 50 14 vara
565 1149 49 20 med
634 1149 139 21 stadsmanna
793 1149 121 28 likställde;

166 1182 242 28 landtmannafartygen
428 1183 87 20 komma
533 1183 84 20 ändock
633 1183 70 28 aldrig
719 1185 31 20 att
763 1185 53 26 göra
832 1191 82 15 samma

166 1218 61 26 nytta
247 1217 22 20 åt
290 1216 47 21 sina
357 1216 83 21 redare.
470 1217 174 21 Vidkommande
663 1218 47 20 åter
726 1218 165 27 sjömanshusen
907 1219 6 20 i

166 1249 26 22 de
207 1250 70 20 skilda
293 1249 111 27 städerne,
419 1257 52 14 vore
486 1251 37 20 det
538 1251 129 26 önskvärdt,
682 1254 32 17 att
729 1252 26 20 de
771 1252 24 20 så
809 1252 43 21 fort
868 1259 45 14 som

165 1284 86 27 möjligt
272 1283 69 21 skulle
363 1283 101 22 afskaffas
488 1284 152 21 allesammans
661 1285 39 20 och
719 1287 32 18 att
770 1285 6 21 i
793 1286 72 20 stället
880 1287 33 20 in-

164 1317 95 22 rättades
274 1319 31 19 ett
321 1319 136 27 gemensamt
472 1318 137 28 sjömanshus
623 1318 33 21 för
671 1319 50 21 hela
737 1319 79 22 landet.

231 1352 59 21 Herr
312 1352 179 22 Silfversvan:
515 1353 76 22 Ehuru
613 1353 150 30 ridderskapet
787 1355 39 21 och
848 1355 64 22 adeln

163 1386 103 29 iakttagit
276 1387 201 28 grannlagenheten
488 1390 32 19 att
530 1388 97 21 inhemta
639 1389 190 28 borgareståndets
840 1390 73 28 tanke,

163 1420 125 24 hemställer
301 1422 49 29 jag,
365 1421 107 24 huruvida
489 1423 166 28 ifrågavarande
670 1424 105 29 rättighet
790 1425 43 22 kan
848 1432 64 15 anses
