1003 1709
762 131 40 21 687

86 194 33 22 för
139 194 36 22 det
194 195 118 27 allmänna;
329 202 48 14 men
394 195 32 21 till
443 195 94 28 fyllande
554 196 23 21 af
591 196 59 22 detta
665 196 51 21 kraf
729 198 23 19 är
765 198 25 26 ju
806 198 29 20 la-

86 236 41 21 gen
144 229 78 21 ämnad
238 232 31 18 att
285 230 96 21 förklara
397 230 80 21 enhvar
493 230 86 28 skyldig
595 233 31 19 att
636 231 33 20 för
680 231 36 20 det
727 231 109 22 allmänna

87 264 61 21 bästa
167 264 90 28 upplåta
278 264 33 21 sin
331 264 141 29 tillhörighet.
503 264 64 21 Emot
588 272 26 14 en
631 265 65 21 sådan
712 265 124 28 skyldighet

86 297 131 22 framställer
233 298 34 28 sig
283 298 41 21 den
339 298 94 28 fordran,
445 301 31 19 att
491 300 42 20 han
550 299 55 22 skall
620 299 67 22 blifva
702 300 28 27 på
746 302 32 19 ett
788 301 49 20 fullt

86 333 202 21 tillfredsställande
310 335 43 19 sätt
367 334 117 29 godtgjord
498 334 33 21 för
547 334 33 21 sin
597 334 83 26 förlust,
696 334 72 21 såsom
785 342 52 21 gan-

86 367 39 22 ska
140 367 68 29 billig.
231 367 50 22 Men
299 375 26 14 en
337 369 127 28 ersättning,
475 369 139 28 upptagande
625 369 55 21 blott
690 369 146 28 egendomens

86 402 56 21 efter
163 403 115 28 värdering
298 403 144 28 uppskattade
463 404 45 29 pris
524 406 120 19 motsvarar
664 404 48 21 icke
731 411 26 14 en
776 404 61 28 dylik

86 437 94 21 fordran.
211 437 43 22 För
269 437 81 28 många
364 437 44 22 kan
423 439 41 20 den
483 439 84 28 egodel,
584 445 45 14 som
646 440 60 27 tages
718 438 6 21 i
736 439 100 28 anspråk,

86 472 64 21 hafva
170 474 31 19 ett
219 473 24 20 så
257 473 54 27 högt
327 473 72 27 värde,
415 475 31 19 att
462 481 35 14 om
512 474 49 21 dess
577 473 113 21 afstående
706 473 93 22 berodde
815 474 23 20 af

86 506 54 21 hans
161 506 42 21 fria
222 507 62 28 vilja,
300 506 42 21 han
361 508 118 28 omöjligen
499 508 51 21 ville
566 507 34 22 för
615 508 76 21 endast
707 508 48 21 dess
770 508 67 21 värde

87 541 85 22 afträda
187 541 132 22 densamma.
351 541 42 28 Jag
408 543 45 20 tror
468 543 32 20 till
517 542 39 22 och
571 542 57 27 med,
644 544 31 19 att
690 542 147 22 förhållandet

87 576 6 20 i
109 576 26 21 de
151 576 62 21 flesta
228 576 38 21 fall
282 576 55 21 skall
353 576 66 21 blifva
434 577 82 22 sådant.
547 577 109 21 Hitintills
671 577 45 27 har,
732 577 7 21 i
756 577 81 22 saknad

87 611 24 21 af
125 617 26 15 en
168 611 222 28 expropriationslag,
406 611 34 21 för
452 611 220 28 jordinnehafvarnes
691 611 104 29 anspråk,
811 611 27 22 då

88 646 62 21 deras
178 645 105 28 egendom
307 645 56 22 varit
388 645 34 21 för
445 647 109 21 allmänna
580 646 158 29 anläggningar
763 646 75 21 behöf-

88 680 40 28 lig,
149 680 71 27 någon
242 682 65 26 gräns
329 680 19 28 ej
369 680 87 21 funnits.
487 681 50 21 Men
553 681 93 21 emellan
662 681 54 20 slike
733 681 104 27 oskäliga,

89 714 134 22 öfverdrifna
246 715 95 28 anspråk
363 714 39 21 och
426 715 35 20 det
484 715 72 21 nakna
579 714 75 22 värdet
674 716 23 19 är
719 717 31 20 ett
770 715 67 28 svalg.

88 749 101 22 Emellan
205 749 63 21 dessa
284 749 55 21 båda
355 749 151 28 ytterligheter
522 750 67 21 borde
604 756 26 14 en
647 749 90 29 lämplig
748 750 40 21 och
798 749 40 22 bil-

89 783 31 29 lig
140 783 115 29 medelväg
275 784 74 27 sökas,
365 783 39 21 och
420 783 71 22 denna
511 791 64 14 anser
587 785 39 27 jag
641 791 53 14 vara
709 784 82 21 funnen
806 784 32 21 uti

90 818 36 21 det
146 818 81 28 förslag
246 818 41 21 den
303 818 80 28 nådiga
398 819 164 27 propositionen
578 818 129 21 innehåller.
738 818 43 29 Jag
796 819 42 21 till-

90 852 85 29 styrker
190 852 85 22 derföre
292 852 109 23 vördsamt
416 853 175 28 propositionens
607 853 128 28 antagande.

158 887 58 22 Herr
231 895 42 14 von
288 887 79 28 Born,
383 888 26 21 K.
424 887 35 22 F.:
480 887 72 22 Också
569 889 37 27 jag
627 888 37 21 ber
680 889 32 20 att
726 888 22 21 få
763 888 76 22 förena

90 922 45 28 mig
151 922 6 21 i
173 922 37 21 det
225 922 108 28 yttrande,
348 929 45 15 som
410 923 25 21 de
451 924 78 20 tvenne
545 922 180 28 nästföregående
741 923 97 22 talarene

90 957 37 20 vid
143 957 168 21 bedömmandet
326 957 24 21 af
363 958 11 27 8
392 959 8 19 1
418 957 92 28 afgifvit.
536 957 41 28 Jag
593 963 64 15 anser
668 956 36 21 det
714 964 52 15 vara
776 957 64 28 högst

92 991 95 29 obilligt,
203 999 34 14 om
253 992 72 27 någon
342 992 116 28 jordegare
478 999 79 21 genom
578 992 66 28 tvång
664 991 56 22 skall
740 991 100 22 beröfvas

93 1027 154 27 eganderätten
268 1026 33 20 till
321 1026 33 21 sin
371 1027 51 26 jord
442 1028 59 20 emot
520 1026 122 27 ersättning
663 1025 77 22 endast
755 1026 33 21 till
803 1025 36 22 det

92 1061 73 27 värde,
177 1060 125 22 densamma
316 1060 33 21 för
366 1061 94 21 tillfället
474 1061 42 20 kan
532 1060 72 27 hafva,
615 1062 23 26 ty
652 1060 74 28 hvarje
739 1060 101 28 jordbru-

92 1095 62 27 kare,
175 1102 46 15 som
241 1095 49 21 med
311 1102 87 21 omsorg
416 1095 62 22 odlar
492 1095 31 21 sin
537 1095 58 28 jord,
610 1095 64 28 hyser
688 1094 35 22 väl
740 1094 42 22 den
797 1095 43 21 för-

93 1129 112 29 hoppning
223 1132 32 19 att
272 1129 75 22 kunna
362 1130 115 29 uppdrifva
492 1130 49 21 dess
556 1129 128 29 afkastning
699 1129 40 22 och
754 1129 87 29 följakt-

93 1164 59 28 ligen
167 1165 64 21 äfven
247 1165 49 21 dess
309 1164 73 21 värde.
405 1165 41 21 Om
462 1165 42 21 han
519 1164 74 27 likväl,
607 1164 55 21 efter
672 1166 32 19 att
714 1163 65 23 hafva
789 1165 51 21 ned-

93 1199 46 28 lagt
155 1199 116 22 kostnader
286 1199 27 29 på
329 1199 33 22 sin
378 1199 118 28 egendoms
512 1199 138 28 förbättring,
661 1199 73 22 hvilka
749 1200 58 21 ännu
820 1200 21 27 ej

93 1233 79 22 hunnit
193 1234 52 21 bära
263 1234 68 26 frukt,
347 1233 48 22 icke
414 1234 55 22 skall
486 1241 40 22 ega
546 1234 104 27 rättighet
668 1234 34 21 till
722 1234 67 29 högre
809 1241 33 14 er-

95 1268 97 29 sättning
207 1268 33 21 för
254 1269 86 28 jorden,
351 1270 27 19 än
395 1268 55 22 efter
465 1269 37 21 det
512 1268 73 27 värde,
596 1275 82 14 samma
689 1268 57 28 jord,
757 1268 27 21 då
799 1268 42 21 den

96 1302 55 21 skall
171 1303 76 27 afstås,
269 1304 58 27 eger,
343 1304 24 20 är
387 1303 37 21 det
438 1303 8 20 i
462 1304 93 27 sanning
576 1302 105 21 orättvist.
711 1302 44 22 Det
772 1302 70 23 finnes

95 1337 106 20 törhända
224 1338 22 19 få
264 1338 82 25 länder,
367 1337 38 20 der
425 1344 48 13 man
495 1337 39 20 har
555 1338 24 19 så
598 1337 92 26 mycken
710 1337 77 20 kärlek
801 1337 42 20 och

95 1371 74 20 värme
184 1370 33 21 för
233 1370 41 21 den
290 1371 61 20 ärfda
363 1370 85 27 jorden,
464 1377 46 14 som
524 1371 7 20 i
546 1369 100 27 Finland,
658 1370 39 20 och
711 1370 59 21 detta
781 1371 23 20 är
815 1376 28 15 en

96 1404 121 28 egenskap,
234 1411 46 15 som
300 1405 39 21 bör
355 1404 110 28 värderas;
486 1406 23 26 ty
530 1403 37 23 der
587 1410 50 15 man
652 1403 72 22 älskar
739 1403 41 22 och
793 1403 50 23 med

96 1438 112 22 förkärlek
228 1438 102 23 omfattar
350 1439 33 21 sin
400 1438 60 28 jord,
480 1438 38 22 der
533 1438 72 23 älskar
620 1438 40 22 och
675 1438 103 22 värderar
794 1444 49 16 man
