1006 1703
770 137 42 22 515

89 203 131 28 åligganden
241 203 40 21 och
301 203 136 28 rättigheter,
457 210 45 14 som
518 203 86 21 komme
620 205 32 19 att
666 203 88 22 tillhöra
769 205 67 20 bank-

89 237 150 28 fullmäktige,
259 237 70 21 skulle
350 237 67 20 femte
433 237 108 27 punkten,
557 237 7 20 i
580 237 56 21 hvad
653 237 111 22 derstädes
780 239 57 20 före-

89 271 53 26 slås,
159 273 32 19 att
211 271 85 27 längsta
315 271 149 20 förfallotiden
485 271 33 20 för
536 271 176 27 diskonteringar
727 288 5 10 ,
733 273 52 26 icke
795 273 42 27 får

89 305 120 27 öfverstiga
230 306 34 27 sju
284 304 103 21 månader
407 305 34 20 för
463 305 71 20 vexlar
552 306 56 19 samt
626 305 43 20 fem
686 306 102 21 månader
803 307 35 20 för

90 339 140 27 anvisningar
250 339 40 20 och
311 338 188 27 förskrifningar%,
520 339 148 27 omredigeras
688 339 99 27 sålunda,
807 342 32 19 att

90 373 86 27 längsta
196 373 148 21 förfallotiden
365 374 22 26 ,i
405 372 113 22 allmänhet
532 373 44 21 icke
590 375 36 19 må
641 373 128 28 öfverstiga*
786 381 19 13 o.
821 382 17 14 s.

91 414 26 19 v.,
134 407 111 21 äfvensom
261 408 32 20 att
309 406 85 21 ståndet
410 406 122 28 uppskjutit
546 406 76 28 frågan
639 414 35 14 om
689 408 35 20 val
740 408 22 21 af
771 408 68 22 bank-

90 441 148 27 fullmäktige,
257 441 108 21 revisorer
387 440 41 21 och
450 441 140 27 suppleanter
613 440 32 21 till
667 441 49 21 dess
739 442 100 28 samtliga

91 476 142 20 medstånden
249 476 64 20 äfven
329 475 64 21 fattat
408 474 72 22 beslut
495 475 7 20 i
516 475 120 27 anledning
650 476 24 20 af
682 476 66 28 sagde
759 477 81 28 nådiga

92 510 144 28 proposition;

160 545 33 20 4:0
210 544 78 28 utdrag
304 544 23 21 af
340 544 171 28 prestaständets
526 544 109 28 protokoll
650 544 33 21 för
698 545 42 21 den
756 547 11 20 7
779 547 60 20 inne-

92 579 95 21 varande
207 586 66 20 mars,
293 578 62 21 hvari
371 578 119 27 meddelas,
510 580 30 19 att
561 579 65 27 sagde
647 580 63 20 ständ
728 580 37 21 vid
783 581 57 21 före-

92 614 108 27 dragning
219 613 24 21 af
261 613 154 28 lagutskottets
433 612 138 22 betänkande
590 620 35 14 n:o
641 614 33 26 23,
690 614 150 23 innefattande

92 648 83 27 förslag
190 648 33 21 till
239 647 212 28 sammanjemkning
466 647 24 21 af
503 647 25 22 de
544 647 82 28 beslut,
642 648 6 20 i
664 648 74 22 hvilka
753 649 26 21 de
795 651 46 20 sär-

92 682 71 21 skilda
183 682 138 20 riksständen
343 683 88 19 stannat
451 682 6 20 i
478 681 120 27 anledning
612 682 24 20 af
648 682 28 21 H.
692 683 60 27 Kejs.
768 684 73 28 Maj:ts

93 716 80 28 nädiga
187 716 136 28 proposition
339 723 34 13 n:o
391 716 9 20 1
418 715 112 28 angäende
546 716 55 26 ogift
612 716 90 28 gvinnas
713 718 128 28 myndighet

93 751 36 21 vid
145 751 43 20 viss
203 750 66 27 ålder,
286 750 96 28 godkänt
396 750 158 27 betänkandet;

162 786 33 20 5:o
206 785 79 27 utdrag
295 784 24 22 af
327 784 171 28 prestaständets
510 784 109 28 protokoll
630 784 32 22 för
673 785 41 21 den
730 787 11 20 7
752 786 7 21 i
770 786 71 22 denna

94 819 85 27 månad,
195 819 50 21 med
260 818 220 28 tillkännagifvande,
496 820 31 19 att
542 818 86 22 ståndet
643 820 97 27 godkänt
755 821 88 28 expedi-

95 854 175 20 tionsutskottets
286 853 82 27 förslag
382 853 33 21 till
430 852 115 22 redaktion
561 853 23 21 af
598 854 127 21 ständernas
736 855 107 22 underdä-

94 889 52 27 niga
161 895 50 14 svar
227 889 12 20 &
253 888 80 27 nädiga
347 887 162 28 propositionen
527 894 35 14 n:o
578 888 26 20 34
621 888 113 28 angäende
749 890 94 21 revision

95 923 25 20 af
133 923 41 21 den
190 929 78 21 genom
284 922 80 27 nädiga
379 921 124 21 manifestet
518 922 42 21 den
576 923 12 20 9
603 923 56 27 april
670 923 56 21 1840
739 924 104 28 stadgade

96 957 133 27 omsättning
244 956 23 22 af
280 956 204 28 räntepersedlarne
500 956 7 20 i
522 956 82 21 landet.

164 991 177 21 Prestaständets
373 990 159 21 ofvannämnde
564 990 48 27 fyra
643 992 201 28 protokollsutdrag

97 1025 70 21 skulle
187 1025 73 26 äfven,
280 1025 70 20 säsom
369 1025 47 20 icke
437 1024 155 21 föranledande
612 1025 33 20 till
664 1025 72 28 nägon
758 1027 85 26 ätgärd,

96 1059 66 21 bland
177 1059 161 28 ridderskapets
353 1059 39 20 och
409 1058 75 21 adelns
500 1059 129 28 handlingar
644 1059 103 22 förvaras.

164 1127 124 28 Föredrogs
308 1127 154 28 lagutskottets
482 1128 41 21 den
544 1128 12 19 9
576 1127 8 20 i
603 1127 71 22 denna
688 1128 79 21 mänad
781 1129 63 21 bord-

97 1162 66 27 lagda
180 1161 137 22 betänkande
336 1169 35 14 n:o
386 1163 27 20 20
429 1163 7 20 i
451 1162 119 27 anledning
585 1162 23 21 af
622 1162 78 28 nädiga
714 1163 130 28 propositio-

98 1203 42 14 nen
161 1203 34 13 n:o
218 1196 25 20 15
259 1196 112 27 angäende
387 1196 131 21 barnamord
533 1197 56 19 samt
604 1196 78 21 fosters
698 1197 147 22 fördrifvande

98 1230 40 21 och
152 1230 125 21 utsättande
294 1229 110 21 äfvensom
421 1230 57 21 vissa
493 1230 39 21 fall
547 1230 24 20 af
584 1230 122 27 lägersmäl.

166 1263 153 22 Betänkandet
330 1264 117 27 upplästes,
456 1264 52 21 derä
518 1264 62 21 ordet
590 1265 28 27 pä
628 1264 96 28 begäran
735 1265 112 21 lemnades

166 1298 102 21 Friherre
291 1298 24 20 af
336 1298 135 26 Schult&n,
495 1305 45 14 som
564 1299 99 27 uppläste
686 1301 32 18 ett
741 1299 105 28 skriftligt

99 1331 146 28 andragande,
269 1332 127 26 sälydande:
417 1332 73 20 Jemte
514 1333 36 19 det
570 1333 40 26 jag
632 1333 66 26 vägar
716 1333 69 20 uttala
804 1333 42 21 den

100 1365 154 27 ofvertygelse,
274 1366 32 19 att
326 1365 42 20 den
388 1365 61 20 bästa
470 1367 65 25 utväg
556 1367 32 18 att
607 1365 135 21 förekomma
761 1366 26 20 de
808 1367 38 20 hos

99 1405 35 15 oss
154 1400 58 19 ännu
235 1399 24 20 sä
278 1398 80 22 talrika
378 1399 158 21 barnamorden
560 1400 23 19 är
606 1399 41 21 den
672 1401 32 19 att
730 1399 117 22 fortskrida

99 1434 29 27 pä
148 1433 41 21 den
210 1434 49 27 väg,
276 1433 36 21 det
333 1433 24 21 af
370 1435 31 19 ett
416 1433 104 21 obetänkt
533 1433 32 21 nit
581 1434 23 20 sä
620 1434 87 28 mycket
723 1434 124 21 misskända
