1003 1700
192 147 42 22 670

164 212 128 28 innehåller,
307 212 48 22 icke
374 212 52 22 böra
441 212 6 22 i
464 212 41 22 den
525 218 43 22 nya
584 211 90 29 stadgan
689 211 62 29 ingå,
768 210 90 24 emedan
874 211 37 22 det

164 248 24 20 är
202 247 48 21 icke
266 247 94 21 allenast
375 247 91 28 obilligt,
482 249 51 19 utan
550 247 40 21 ock
606 246 109 22 stridande
729 248 58 20 emot
798 246 56 22 hvad
864 253 46 15 som

164 283 24 19 är
208 282 91 21 allmänt
318 282 103 28 brukligt.
451 282 82 21 Endast
553 282 155 28 undantagsvis
729 282 62 20 torde
808 281 37 21 det
859 288 53 14 vara

164 316 71 28 fallet,
255 318 32 20 att
306 316 133 29 tjenstehjon
460 318 20 27 ej
496 317 57 21 utfår
573 316 71 28 någon
660 317 37 21 lön
712 316 68 21 innan
796 316 116 27 legostäm-

164 358 60 14 mans
240 351 49 21 slut.
313 350 50 22 Man
379 351 42 21 kan
437 351 49 21 icke
501 351 69 21 heller
586 350 48 22 med
650 350 46 22 skäl
712 350 80 28 fordra,
808 352 32 20 att
855 350 56 28 tjen-

164 385 86 28 stehjon
266 386 55 20 skall
337 386 69 21 under
421 387 32 19 ett
468 386 45 21 helt
528 386 24 21 år
567 385 68 21 skaffa
650 386 34 27 sig
699 385 76 21 kläder
791 386 39 20 och
841 385 71 27 öfriga

163 420 178 26 förnödenheter,
359 420 90 21 såframt
469 420 36 21 det
525 420 48 21 icke
593 419 114 21 efterhand
727 419 58 21 utfår
804 420 68 27 något
890 419 24 21 af

164 454 32 20 sin
212 454 43 21 lön.
286 454 50 21 Men
352 454 13 21 å
380 454 67 21 andra
462 454 61 21 sidan
539 455 39 20 bör
593 454 63 20 äfven
672 453 139 22 husbondens
827 454 43 20 rätt
884 454 28 27 på

163 489 67 27 något
251 490 43 19 sätt
316 490 88 26 tryggas
427 488 40 21 och
487 489 42 21 han
550 488 7 21 i
578 488 110 27 tjenarens
709 488 142 21 innestående
874 488 37 20 lön

164 522 64 22 hafva
248 530 27 14 en
296 522 103 22 säkerhet
417 523 34 21 för
469 523 57 21 hvad
546 524 99 27 tjenaren
666 523 41 21 kan
727 522 185 21 omhänderhafva

164 557 40 22 och
225 564 79 21 genom
319 557 95 22 vanvård
429 557 117 22 förderfva.
577 557 43 28 Jag
636 564 63 15 anser
715 556 92 28 derförc,
823 558 33 20 att
870 556 42 28 tje-

165 599 67 14 naren
251 592 67 21 borde
338 591 118 29 berättigas
472 594 31 19 att
519 591 114 22 efterhand
649 592 47 21 utfå
710 591 83 22 hälften
809 591 24 22 af
846 592 66 21 lönen

164 627 34 20 för
213 626 41 21 den
271 627 31 20 tid
318 627 42 20 han
377 627 74 27 tjenat,
463 627 40 21 och
514 627 34 21 får
563 627 6 21 i
586 626 226 22 öfverensstämmelse
823 625 89 22 dermed

164 661 79 22 föreslå
264 661 97 28 följande
382 661 114 22 redaktion
516 661 24 22 af
553 668 71 15 mom.:
640 661 158 28 ,Tjenstehjon
814 667 52 22 eger
881 660 31 21 ef-

164 696 93 21 terhand
272 696 40 21 och
327 696 8 21 i
350 695 136 22 förhållande
501 696 34 21 till
551 696 40 21 den
605 695 32 22 tid
652 696 24 21 af
688 696 166 28 legostämman,
865 702 47 14 som

164 730 101 27 förflutit,
286 729 97 22 utfordra
403 731 56 21 ända
479 731 33 21 till
533 731 83 21 hälften
637 731 23 20 af
678 731 41 20 den
739 730 82 22 utfästa
839 730 73 27 lönen,

164 771 49 15 men
229 765 127 21 derutöfver
370 765 35 21 må
420 766 158 28 tjenstehjonet
589 767 19 27 ej
620 766 40 27 lön
672 765 105 27 utfordra,
794 765 67 21 innan
875 765 37 21 det

164 799 32 21 sin
217 799 32 22 tid
268 800 82 28 uttjent
369 799 40 22 och
429 800 52 21 redo
502 801 34 21 för
555 799 34 30 sig
608 800 65 28 gjort,
689 807 34 14 om
740 800 20 28 ej
777 799 135 22 annorlunda

164 833 74 22 derom
254 834 226 22 öfverenskommits.*

231 868 58 22 Herr
305 869 91 28 Späre,
411 868 28 22 K.
455 870 42 21 W.:
514 869 42 29 Jag
571 871 52 26 tror,
635 871 31 20 att
682 869 41 22 den
740 870 53 21 brist
808 869 6 21 i
831 870 18 27 8,
861 869 51 22 herr

164 910 41 15 von
225 903 67 27 Born,
313 903 21 22 J.
350 904 33 27 A.,
402 904 58 21 velat
480 905 107 28 afhjelpa,
603 904 66 22 redan
685 905 24 20 är
724 904 94 29 afhjelpt
833 911 79 21 genom

164 939 119 27 uttrycket:
304 945 45 20 jom
370 939 20 27 ej
409 939 136 22 annorlunda
561 939 73 21 derom
650 939 223 27 öfverenskommits%;
888 941 24 26 ty

164 980 35 14 om
215 973 66 21 också
295 973 68 28 något
378 973 51 22 aftal
445 973 74 22 härom
530 973 49 22 icke
590 974 64 27 skett,
665 973 23 22 så
699 973 42 21 kan
753 973 55 22 dock
818 973 94 21 nämnde

165 1007 86 28 uttryck
266 1007 65 21 hafva
346 1007 102 22 afseende
463 1009 28 27 på
506 1008 75 28 hvarje
597 1008 58 28 gång
669 1015 27 14 en
707 1008 137 27 utbetalning
855 1008 57 27 sker,

164 1042 23 21 sä
207 1044 32 18 att
259 1041 237 23 öfverenskommelsen
516 1043 43 21 kan
579 1043 58 27 gälla
657 1043 33 21 för
711 1043 92 28 gången.
834 1042 77 21 Seder-

164 1083 59 14 mera
243 1076 63 21 heter
326 1075 37 22 det
378 1077 6 20 i
407 1077 6 20 2
428 1084 71 14 mom.:
518 1095 6 9 ,
529 1077 85 28 Vägrar
630 1077 112 21 husbonde
757 1077 83 28 utgifva
855 1077 57 21 hvad

163 1109 42 22 han
226 1110 33 21 till
280 1110 159 29 tjenstehjonet
457 1112 74 26 utfäst,
551 1111 58 29 gifve
632 1113 23 19 ut
677 1111 56 22 hvad
755 1111 43 21 han
820 1111 92 21 sålunda

164 1144 109 29 olagligen
292 1145 115 22 innehållit
425 1146 39 21 och
481 1147 50 21 böte
547 1147 110 21 dessutom
672 1146 85 21 hälften
772 1146 67 27 deraf,
856 1147 56 27 tjen-

164 1179 120 29 stehjonets
299 1180 86 21 ensak.*
414 1180 45 22 Det
474 1182 23 20 är
513 1182 59 20 svårt
587 1182 31 20 att
634 1182 55 26 veta,
703 1180 56 22 hvad
775 1188 45 14 som
837 1187 74 15 menas

163 1214 50 21 med
232 1214 83 22 hälften
337 1214 70 29 deraf,
422 1216 105 28 antingen
547 1216 36 21 det
598 1217 23 19 är
637 1215 82 21 hälften
736 1215 23 21 af
773 1215 41 21 den
830 1215 81 21 utfästa

163 1248 65 21 lönen
250 1248 52 21 eller
323 1247 76 22 endast
414 1248 83 22 hälften
513 1250 24 20 af
550 1249 56 21 hvad
622 1250 27 26 på
664 1250 65 20 lönen
745 1249 56 21 varit
815 1249 97 21 innestå-

164 1281 61 21 ende.
255 1282 44 20 Till
322 1282 137 21 undvikande
480 1284 23 20 af
521 1283 162 27 missförstånd,
699 1282 92 22 föreslår
808 1283 40 28 jag
863 1282 48 22 der-

162 1316 57 26 före,
235 1317 32 20 att
282 1315 36 22 det
337 1316 34 22 må
387 1316 59 22 heta:
463 1317 84 22 hälften
563 1318 24 21 af
598 1317 55 22 hvad
668 1318 43 20 han
726 1316 109 29 olagligen
850 1318 61 21 inne-

162 1350 68 22 hållit.

229 1385 59 22 Herr
303 1393 42 15 von
361 1385 79 29 Born,
456 1385 26 23 K.
499 1386 35 22 F.:
555 1387 44 29 Jag
618 1385 38 24 har
676 1385 65 23 redan
763 1385 71 24 blifvit
854 1387 56 23 före-

162 1422 100 22 kommen
279 1421 24 21 af
315 1421 51 22 herr
382 1421 74 29 Spåre.
486 1415 72 29 Äfven
571 1423 39 28 jag
625 1424 53 26 tror,
693 1424 32 20 att
741 1422 109 28 uttrycket
860 1430 50 22 nom

161 1458 21 30 ej
203 1456 136 25 annorlunda
359 1456 73 22 derom
453 1457 217 23 öfverenskommits*
689 1457 56 21 skall
761 1459 77 27 trygga
854 1458 56 28 tjen-
