998 1703
208 127 42 23 848

179 194 68 28 triger
263 193 6 21 i
285 200 27 15 en
328 193 134 28 församling.
486 193 43 22 Det
544 201 38 14 var
598 193 100 28 omöjligt
713 195 30 20 att
759 193 87 22 komma
859 194 22 21 åt
891 193 38 22 ho-

180 234 51 15 nom
246 227 50 22 med
310 228 50 28 laga
374 228 68 26 bevis,
458 228 39 21 och
514 229 36 20 det
565 235 38 14 var
618 227 85 22 derföre
714 228 33 21 till
759 228 79 21 allmän
849 227 80 30 glädje,

180 270 47 15 som
247 263 42 21 han
310 263 90 21 afsattes
420 262 24 21 af
462 264 144 27 guvernören.
635 263 67 21 Detta
721 263 80 21 skedde
816 263 8 20 i
839 264 90 21 centern

181 298 24 21 af
217 297 101 22 Finland.
349 297 87 22 Samma
454 297 136 22 förhållande
606 297 106 22 existerar
728 297 65 22 också
808 299 8 20 i
832 297 98 29 Sverige,

181 339 46 14 som
242 339 44 21 nog
302 333 24 20 är
341 334 31 18 ett
387 333 24 20 så
426 331 176 22 konstitutionelt
617 332 58 26 land,
691 339 46 13 som
754 334 54 19 trots
823 332 73 28 något.
919 333 12 20 I

181 374 27 14 en
228 367 24 21 år
275 366 53 22 1845
349 366 101 22 utfärdad
469 366 128 28 förordning
615 366 112 22 derstädes
746 367 97 28 stadgas,
859 368 32 20 att
907 367 24 21 så

181 404 60 18 snart
256 408 27 14 en
299 400 99 22 länsman
414 401 111 21 förverkat
540 400 193 30 landshöfdingens
744 401 132 27 förtroende,
887 401 44 21 kan

181 436 70 21 denne
270 436 80 21 honom
370 435 48 21 från
439 436 95 27 tjensten
551 436 70 28 skilja.
652 436 51 21 Man
719 436 40 28 gör
773 435 45 27 der,
836 435 93 22 likasom

181 471 39 21 hos
236 478 41 20 oss,
294 470 48 22 icke
358 472 59 20 stora
432 471 151 28 pretensioner
597 471 29 27 på
641 470 63 22 deras
720 470 141 29 skicklighet,
877 472 53 20 utan

182 505 25 21 de
230 507 38 19 äro
290 505 56 21 blott
368 506 70 21 såsom
461 505 161 21 lokalbiträden
643 505 59 21 inom
721 505 209 21 administrationen.

182 540 50 21 Men
254 540 60 21 detta
334 541 23 20 är
378 547 26 13 en
424 539 71 28 fråga,
512 547 46 14 som
577 540 56 21 blott
650 540 69 28 gäller
739 539 39 22 den
795 539 136 22 närvarande

182 575 66 21 tiden.
278 575 64 20 Hvad
362 575 116 21 framtiden
500 575 109 25 beträffar,
632 575 23 20 så
675 575 37 21 vill
730 575 40 28 jag
787 575 8 21 i
813 574 44 22 alla
872 575 60 21 delar

181 610 116 20 instämma
311 609 7 20 i
334 609 171 28 prestaståndets
520 609 89 28 förslag,
624 616 50 14 men
690 609 49 22 med
755 610 35 21 det
806 610 84 28 tillägg,
901 611 31 19 att

179 645 39 27 jag
234 650 63 14 anser
312 643 91 21 lönerna
418 643 54 22 böra
487 643 97 29 förhöjas
600 643 85 22 utöfver
700 643 56 22 hvad
772 644 66 28 sagde
850 643 81 28 förslag

182 678 74 20 derom
273 677 127 21 innehåller.

250 712 59 20 Herr
330 712 146 28 Törngren:
497 712 43 28 Jag
559 712 88 21 förenar
662 712 45 28 mig
723 712 49 22 med
787 712 51 21 herr
853 712 78 22 Järne-

182 747 40 21 felt
241 746 7 21 i
264 746 53 28 allo,
338 746 23 22 så
381 748 39 19 när
441 754 45 14 som
507 747 28 28 på
553 748 32 20 att
598 748 39 27 jag
655 747 66 21 också
735 748 69 20 måste
823 754 52 14 anse
889 747 42 21 den

182 781 120 28 tillstyrkta
322 781 64 21 lönen
406 781 34 21 för
455 782 65 26 liten,
536 782 48 21 icke
600 782 85 21 derföre
701 783 32 19 att
753 782 20 28 ej
789 788 27 14 en
832 782 99 21 länsman

182 816 50 22 med
247 816 48 21 sina
310 816 124 21 nuvarande
449 816 111 22 förmoner
576 816 39 22 och
627 816 48 22 med
686 816 41 21 den
738 816 124 28 föreslagna
872 817 59 21 löne-

182 851 146 28 tillökningen
344 851 38 21 har
398 850 133 30 tillräckligt.
562 851 50 21 Men
625 852 40 27 jag
680 858 70 17 anser,
769 853 32 19 att
817 858 27 14 en
860 851 35 21 del
911 851 23 21 af

183 886 26 21 de
230 885 127 27 inkomster,
373 886 88 20 hvartill
480 886 43 21 han
540 893 29 14 nu
584 893 64 14 anses
664 893 51 14 vara
731 886 132 27 berättigad,
879 886 54 22 böra

183 920 102 21 minskas.
316 920 70 20 Bland
407 920 49 20 dem
477 920 63 28 ingår
561 920 182 28 hufvudsakligen
767 920 41 21 den
829 920 103 28 inkomst,

182 962 47 14 som
243 955 43 21 han
302 954 39 20 har
356 961 79 21 genom
451 956 32 19 att
498 954 70 22 drifva
582 955 85 27 privata
676 955 56 21 .mäl.
755 955 44 21 Det
814 954 70 22 finnes
895 962 36 14 en-

184 990 40 27 ligt
238 989 45 21 min
300 988 124 22 erfarenhet
439 989 116 29 ingenting
570 989 149 29 olämpligare,
735 991 28 19 än
779 991 31 19 att
825 989 50 28 den,
886 997 46 14 som

183 1023 55 21 skall
255 1030 51 15 vara
320 1023 180 28 kronoäklagare,
511 1023 70 22 tillika
595 1023 34 21 för
645 1024 95 27 privatas
756 1024 59 21 talan
831 1023 35 22 vid
877 1031 55 14 sam-

183 1065 35 14 ma
232 1060 50 19 rätt.
305 1057 51 22 Man
372 1058 39 21 har
427 1057 66 22 också
509 1060 42 19 sett
567 1058 79 28 många
661 1058 100 29 exempel
776 1059 34 28 pä,
825 1060 32 20 att
873 1059 59 21 detta

183 1093 59 22 leder
261 1093 34 20 till
315 1093 93 28 intriger
425 1093 49 20 med
490 1093 118 28 allmogen,
624 1093 40 21 och
680 1093 36 21 det
732 1095 24 19 är
772 1094 101 28 vanligen
886 1094 48 28 just

182 1128 154 21 länsmännens
356 1129 43 19 rätt
419 1128 32 20 att
470 1127 69 22 drifva
559 1128 43 21 mäl
622 1127 36 22 vid
678 1128 86 28 tingen,
779 1135 46 14 som
845 1129 40 27 gör
900 1130 32 19 att

182 1163 162 27 guvernörerne
364 1162 27 21 dä
411 1161 41 22 och
470 1162 27 21 dä
516 1162 59 22 finna
595 1162 67 28 nägot
681 1162 94 28 verkligt
791 1163 47 21 skäl
854 1164 31 20 att
900 1164 31 20 af-

184 1198 55 20 sätta
261 1196 55 22 dem.
348 1196 49 21 Men
418 1203 35 15 om
474 1196 71 22 denna
565 1197 114 27 rättighet,
695 1196 89 22 hvilken
801 1198 40 28 jag
861 1204 70 21 anser,

183 1231 50 21 med
253 1231 42 21 den
315 1230 37 21 lön
372 1231 144 21 länsmännen
532 1232 34 20 för
581 1232 135 20 närvarande
731 1231 74 26 hafva,
821 1232 20 27 ej
858 1232 75 21 kunna

183 1266 51 19 utan
250 1264 151 21 motsvarande
417 1264 178 28 löneförhöjning
611 1264 48 21 dem
674 1264 119 28 fräntagas,
809 1265 70 21 skulle
890 1265 43 21 för-

183 1298 77 22 svinna
278 1298 40 21 och
334 1297 25 21 de
376 1300 66 19 sättas
458 1299 7 20 i
480 1298 87 21 tillfälle
582 1300 32 20 att
628 1298 86 22 förutan
729 1299 92 21 berörde
837 1300 96 21 inkomst

184 1334 74 21 kunna
273 1332 104 27 existera,
394 1346 27 2 —
436 1333 25 21 så
480 1335 45 19 tror
541 1334 46 28 jag,
602 1334 31 21 att
651 1334 40 21 allt
709 1335 23 20 är
748 1336 83 19 vunnet
845 1335 40 21 och
900 1337 32 19 att

183 1375 51 14 man
254 1367 64 22 äfven
339 1367 33 21 för
391 1367 56 22 hvad
462 1375 50 14 man
527 1368 7 21 i
550 1368 66 29 öfrigt
631 1368 84 22 befarat
731 1376 34 14 om
781 1369 48 21 dem
847 1369 27 22 dä
889 1369 43 22 kan

184 1410 51 14 vara
255 1402 58 29 lugn.
343 1401 58 22 Herr
416 1402 81 22 Munck
516 1403 40 21 har
576 1403 110 28 nemligen
707 1406 54 26 sagt,
777 1405 31 20 att
823 1404 109 23 länsman-

183 1445 42 14 nen
247 1437 38 21 har
306 1437 23 21 sä
349 1437 79 28 många
446 1437 120 22 inkomster
582 1445 78 21 genom
675 1440 32 20 att
722 1439 27 30 gå
765 1439 108 29 allmogen
889 1439 43 22 till-
