1003 1703
179 147 42 22 590

218 212 59 22 Herr
299 218 42 15 von
363 211 199 28 Weissenberg:
588 210 59 22 Herr
673 205 134 27 Grotenfelt
821 211 78 28 ogillar

151 246 71 23 denna
242 247 11 28 $
273 247 7 20 i
301 246 148 22 betänkandet
468 245 182 28 hufvudsakligen
671 245 29 28 pä
713 245 41 22 den
776 245 76 28 grund,
867 246 32 21 att

151 282 41 21 den
208 281 71 22 skulle
294 281 50 22 leda
359 281 33 21 till
408 282 32 20 ett
455 280 225 22 öfverändakastande
696 280 23 21 af
727 280 38 22 vär
776 280 123 22 brottmäls-

151 323 94 22 process.
269 315 43 29 Jag
327 316 69 21 finner
411 315 62 28 dock,
490 317 31 20 att
535 315 51 22 herr
601 315 124 21 Grotenfelt
736 315 52 28 sjelf
796 315 49 22 icke
856 315 43 22 för-

151 351 71 21 blifvit
242 351 32 21 sin
295 350 84 28 princip
400 352 88 26 trogen,
503 350 27 21 dä
549 349 43 21 han
607 350 6 20 i
637 350 6 20 2
658 351 120 20 momentet
793 350 23 21 af
829 356 70 15 reser-

151 386 102 22 vationen
271 385 96 28 frängätt
389 385 41 21 den
450 385 94 27 &sigten,
560 386 32 19 att
614 384 116 29 bevisning
753 384 33 21 till
801 384 50 22 stöd
865 384 34 22 för

152 420 160 29 befogenheten
332 419 24 22 af
373 426 28 14 en
420 419 69 21 skedd
508 419 162 28 ärekränkning
690 419 62 21 alltid
772 420 55 21 skall
843 419 56 22 före-

153 456 74 20 ställas
237 455 36 21 vid
284 454 42 21 den
338 453 98 28 domstol,
447 455 58 20 inom
517 454 64 21 hvars
589 454 142 27 jurisdiktion
743 454 37 21 det
788 454 111 28 päbörade

151 490 82 21 brottet
250 488 71 22 skulle
336 488 112 22 föröfvats.
477 488 11 22 I
503 488 66 28 sagde
585 495 63 14 mom.
665 488 62 21 heter
743 488 44 22 det:
803 490 38 27 ,är
857 488 41 21 den

150 524 112 28 handling,
277 523 167 28 beskyllningen
460 523 78 28 gällde,
554 523 7 21 i
576 522 37 29 lag
628 523 20 28 ej
664 522 80 29 belagd
758 523 50 21 med
821 530 78 14 ansvar

151 559 53 22 eller
219 559 43 20 kan
278 558 44 21 åtal
337 560 45 19 mot
398 558 42 21 den
456 565 78 20 genom
550 557 127 22 tillvitelsen
693 558 106 28 angripne
814 557 34 22 för
861 564 38 15 an-

151 601 43 14 nan
210 593 64 22 orsak
289 593 20 28 ej
326 592 110 28 anställas,
452 593 35 20 mä
502 592 49 27 den,
567 599 45 14 som
628 592 35 21 för
678 591 163 29 ärekränkning
856 592 43 21 till-

151 628 61 27 talas,
233 627 7 22 i
260 627 50 28 laga
329 627 93 28 ordning
442 627 120 21 framställa
582 627 115 28 bevisning
716 633 34 15 om
765 627 134 28 beskyllnin-

151 670 53 22 gens
224 662 93 27 sanning
337 661 57 22 inför
414 662 40 21 den
475 661 103 27 domstol,
594 661 38 21 der
651 661 68 22 ätalet
740 663 59 20 emot
817 661 82 22 honom

150 698 71 28 gjorts
236 696 139 28 anhängigt.*
404 695 63 22 Hade
482 696 51 21 herr
549 696 124 21 Grotenfelt
687 696 57 21 varit
756 696 143 28 konsegvent,

150 732 56 21 hade
221 732 43 20 han
280 731 65 21 ocksä
359 730 40 21 här
414 730 64 22 bordt
492 730 137 28 föreskrifva,
640 732 32 20 att
687 730 143 29 bevisningen
843 730 56 22 skall

151 767 81 21 företes
252 765 37 21 vid
304 766 72 20 forum
391 764 80 22 delioti.
501 764 34 22 En
551 764 42 22 slik
608 764 120 29 dagtingan
743 765 57 21 visar
814 766 84 27 endast,

150 801 34 21 till
199 800 75 21 hvilka
289 799 134 28 svärigheter
438 799 40 22 och
493 799 140 28 olägenheter
649 800 43 20 den
707 799 25 22 af
744 800 51 20 herr
805 799 94 23 Groten-

150 835 40 21 felt
204 834 126 22 försvarade
345 834 97 28 äsigtens
456 834 172 28 genomförande
644 834 71 21 skulle
731 834 55 22 leda.

218 869 59 21 Herr
291 868 161 28 Furuhjelm,
467 868 28 21 H.
510 869 35 21 V.:
560 868 57 22 Lika
632 868 56 22 med
698 869 53 21 flere
766 868 133 29 föregående

150 904 68 22 talare
238 904 44 21 kan
300 904 39 27 jag
353 903 34 21 för
402 903 45 21 min
463 903 34 21 del
512 903 49 22 icke
576 903 117 21 instämma
706 903 7 21 i
729 903 118 22 utskottets
863 904 35 21 be-

151 938 109 23 tänkande
275 937 135 22 beträffande
426 944 28 15 nu
470 938 167 28 ifrågavarande
654 939 24 20 11
695 939 19 27 8.
736 938 114 22 Utskottet
859 939 40 21 har

151 972 174 30 uppenbarligen
339 972 47 21 haft
400 972 34 21 för
450 972 66 28 afsigt
531 974 32 20 att
577 972 81 22 bereda
672 979 27 15 en
709 972 85 22 förmon
805 973 34 21 för
849 973 50 28 den,

151 1015 46 14 som
218 1009 23 19 är
262 1006 93 22 tilltalad
375 1006 34 21 för
428 1006 172 29 ärekränkning,
616 1007 7 20 i
645 1008 23 27 ty
687 1008 32 19 att
733 1007 80 21 honom
829 1007 70 22 skulle

150 1042 103 28 besparas
274 1041 124 28 omgängen
416 1042 32 20 att
464 1041 36 22 vid
514 1041 50 28 laga
579 1041 93 22 domstol
688 1041 74 22 bevisa
778 1041 121 29 sanningen

151 1076 24 21 af
192 1077 37 20 det
246 1076 92 21 tillmäle
353 1075 43 21 han
412 1076 65 27 gjort.
507 1075 50 22 Men
572 1077 59 20 utom
648 1075 56 22 hvad
718 1076 99 21 häremot
832 1077 68 21 redan

149 1111 59 20 förut
228 1110 72 21 blifvit
320 1109 96 27 anfördt,
436 1109 43 22 kan
494 1110 40 28 jag
549 1109 48 22 icke
612 1110 59 21 finna
685 1110 67 29 nägot
767 1109 54 28 skäl,
836 1110 63 21 hvar-

150 1145 46 21 före
215 1151 27 14 en
257 1144 68 22 sädan
340 1144 84 21 förmon
440 1144 70 21 skulle
526 1144 40 22 den
583 1144 106 22 tilltalade
704 1145 122 21 förskaffas.
856 1145 44 22 Det

150 1180 62 27 enda,
229 1186 46 14 som
290 1178 73 22 kunde
378 1178 126 29 äfventyras
518 1186 79 21 genom
613 1180 32 20 ett
660 1178 126 29 stadgande,
801 1181 32 20 att
848 1179 49 29 den,

151 1221 45 15 som
212 1214 39 22 vill
266 1213 74 22 bevisa
355 1219 27 15 en
398 1214 12 20 &
425 1214 37 21 ära
477 1213 85 29 gäende
576 1214 150 28 beskyllning,
740 1214 68 21 borde
824 1214 76 21 dervid

150 1248 64 21 ställa
234 1249 34 27 sig
287 1248 81 20 allmän
387 1248 38 27 lag
444 1248 40 20 och
506 1248 222 27 rättegängsordning
746 1248 34 21 till
798 1248 101 21 efterrät-

149 1282 66 27 telse,
238 1288 51 15 vore
312 1283 32 19 att
366 1280 125 29 derigenom
515 1281 104 28 möjligen
640 1281 75 28 dylika
734 1282 165 28 beskyllningar

149 1316 48 22 icke
213 1316 24 21 sä
252 1316 45 21 ofta
313 1315 70 21 skulle
397 1315 125 28 framträda,
533 1322 50 15 men
596 1316 39 28 jag
650 1322 70 21 anser,
731 1318 32 19 att
777 1316 59 22 detta
846 1323 53 15 vore

149 1351 8 20 i
173 1351 41 20 den
230 1350 110 21 allmänna
355 1350 161 21 humanitetens
531 1350 92 21 intresse
635 1357 28 14 en
672 1350 88 29 verklig
769 1351 77 27 fördel,
858 1351 40 22 och

148 1385 35 22 fär
200 1386 29 27 pä
249 1385 71 21 denna
333 1384 71 29 grund
418 1385 110 28 tillstyrka
543 1385 60 21 bifall
619 1385 33 21 till
668 1385 41 22 den
725 1385 80 29 nädiga
819 1393 78 21 propo-

149 1419 94 22 sitionen
258 1420 8 21 i
282 1419 71 22 denna
368 1419 41 22 del.

216 1455 58 22 Herr
295 1454 161 29 Grotenfelt,
476 1454 37 23 A.:
534 1453 51 24 Med
604 1453 120 31 anledning
744 1453 25 24 af
786 1453 49 24 herr
855 1461 42 17 von
