1006 1723
203 140 39 29 116

242 214 42 21 Vid
298 213 51 22 herr
364 213 212 23 landtmarskalkens
589 213 96 22 härefter
696 213 78 30 gjorda
784 210 137 31 hemställan,

173 257 35 14 om
222 249 86 22 ståndet
323 249 66 28 ansåg
407 249 81 28 nödigt,
504 251 30 20 att
549 251 31 20 ett
596 249 119 28 stadgande
730 249 7 21 i
754 249 35 22 det
805 249 55 28 syfte
871 249 51 22 herr

172 293 42 14 von
230 285 66 26 Born,
313 284 20 22 J.
349 284 34 27 A.,
398 284 120 28 föreslagit,
532 285 92 21 rörande
638 284 87 29 ombyte
736 284 24 21 af
768 284 98 21 bankens
877 286 44 27 sty-

172 321 56 21 relse
250 320 47 21 från
316 319 42 21 den
378 319 125 22 nuvarande
523 319 137 22 direktionen
675 319 33 21 till
725 326 26 14 en
767 326 71 14 annan
851 319 70 28 jemte

172 354 207 28 bankfullmäktige,
399 354 67 21 borde
481 354 7 21 i
503 354 148 21 betänkandet
670 353 86 29 inflyta,
773 353 28 22 då
816 354 7 21 i
838 353 83 22 utskot-

171 392 43 20 tets
229 389 93 22 motiver
336 389 33 21 till
385 389 36 21 det
435 396 29 14 nu
480 391 94 27 antagna
589 391 118 20 momentet
725 389 76 21 sådant
816 389 7 21 i
838 388 83 29 tydliga

173 425 89 28 ordalag
276 425 68 21 redan
360 423 140 29 framhållits,
517 425 104 28 begärdes
637 424 61 22 ordet
713 424 24 21 af

241 460 58 21 Herr
319 459 147 28 Törngren,
483 467 46 14 som
544 460 94 28 yttrade:
660 459 42 29 Jag
718 465 64 16 anser
798 459 76 28 nödigt
890 460 31 20 att

172 497 55 21 först
242 495 64 22 hafva
321 495 79 27 utredt,
416 495 105 21 huruvida
536 495 41 21 den
588 495 124 21 nuvarande
723 493 198 22 bankdirektionen

173 534 24 19 är
213 530 86 29 skyldig
319 531 32 20 att
370 531 136 27 qvarstanna.
535 523 32 28 Är
586 530 42 21 den
645 529 36 22 det
696 530 32 28 ej,
744 530 24 21 så
782 529 65 22 hafva
862 529 21 22 vi
896 529 25 28 ju

172 567 68 22 redan
259 565 96 28 stadgat,
375 565 56 21 huru
450 565 42 21 den
508 565 55 21 skall
578 565 108 21 tillsättas.
716 564 75 29 Enligt
806 565 45 20 min
867 571 54 22 upp-

172 601 95 28 fattning
288 607 64 14 anser
371 600 41 28 jag
433 599 41 22 den
495 600 20 28 ej
535 607 51 14 vara
607 599 85 28 skyldig
708 601 31 20 att
755 599 97 29 qvarstå,
867 601 53 19 utan

172 636 83 29 tycker,
270 635 92 21 likasom
384 635 51 20 herr
457 641 42 15 von
522 634 69 28 Born,
612 636 32 19 att
659 635 6 20 i
681 634 40 21 och
737 634 50 21 med
802 634 119 21 detsamma

172 670 197 29 bankfullmäktige
390 670 112 28 öfvertaga
521 670 98 21 bankens
634 669 143 29 förvaltning,
793 669 42 22 den
853 676 67 15 nuva-

172 707 67 22 rande
254 705 148 22 direktionens
417 705 89 21 mandat
521 705 39 21 bör
574 705 98 28 upphöra
683 705 39 21 och
734 711 27 15 en
772 712 29 21 ny
811 704 109 22 tillsättas.

172 744 52 22 Men
237 744 38 27 jag
291 748 64 14 anser
370 740 36 22 det
421 739 56 22 dock
491 739 83 23 kanske
590 747 51 15 vara
657 740 47 21 bäst
718 739 34 23 för
763 740 60 21 såväl
833 740 87 22 banken

172 786 46 15 som
241 776 219 26 bankdirektörerne,
483 777 31 19 att
536 776 37 21 det
592 776 70 21 skulle
682 776 98 28 stadgas,
795 777 31 19 att
841 776 41 21 den
899 776 24 21 af

172 815 55 26 dem,
243 820 46 14 som
304 812 39 21 vill
358 812 141 28 gvarstanna,
515 810 39 22 har
569 812 44 20 rätt
628 810 78 22 dertill.
731 810 69 22 Göres
811 811 20 28 ej
843 810 43 27 det,
897 811 24 21 sä

172 855 64 16 anser
253 849 39 28 jag
312 846 50 22 dem
380 845 136 29 berättigade
538 848 32 19 att
591 846 68 28 enligt
674 846 36 27 lag
725 846 87 21 komma
827 846 8 21 i
849 846 71 28 ätnju-

171 883 65 22 tande
252 883 23 21 af
288 882 92 28 pension
397 881 53 20 eller
465 881 120 21 bibehållas
596 881 39 21 vid
650 881 62 20 deras
728 881 59 21 förra
801 881 68 21 löner.

240 918 58 21 Herr
313 923 42 15 von
372 916 84 26 Born,
472 915 20 21 J.
508 915 36 21 A.:
565 915 43 28 Jag
623 916 39 20 har
678 915 126 28 egentligen
819 916 100 21 anmärkt

171 960 35 15 om
223 960 27 14 en
265 952 55 21 brist
335 951 8 21 i
358 951 59 20 detta
432 949 125 28 stadgande.
581 949 116 29 Uttrycket
713 949 127 28 ,framdeles
852 950 67 29 ledig-

170 987 122 23 Plifvande*
308 986 7 21 i
330 985 165 29 propositionen
511 985 69 21 skulle
595 985 129 28 visserligen
736 985 89 28 antyda,
836 987 32 19 att
878 985 42 21 den

172 1023 20 28 ej
209 1023 65 21 afsett
290 1021 25 22 de
331 1020 125 21 nuvarande
466 1019 157 22 direktörerne.
648 1019 51 22 Men
710 1020 128 28 godkännes
849 1020 72 21 denna

172 1058 57 27 åsigt
243 1057 24 21 af
281 1056 95 26 ståndet,
392 1056 24 21 sä
431 1055 68 21 måste
516 1055 146 28 uttryckligen
677 1055 118 28 förklaras,
811 1057 31 20 att
857 1055 64 22 dessa

171 1093 97 25 komma,
289 1091 34 21 till
342 1091 48 20 dess
410 1090 54 21 hvar
485 1090 39 21 och
545 1097 27 14 en
592 1090 24 21 af
633 1090 49 21 dem
702 1090 68 27 afgår,
786 1092 31 19 att
833 1091 88 27 qvarstå

172 1127 40 20 och
227 1132 63 15 anses
304 1125 65 20 hafva
383 1124 83 21 inträdt
481 1125 6 20 i
504 1124 80 21 sådana
596 1124 257 28 bankdirektörsplatser,
874 1132 45 13 som

171 1161 69 28 enligt
259 1160 61 21 detta
340 1159 82 28 förslag
441 1158 23 21 af
482 1159 60 20 Hans
563 1159 103 28 Majestät
685 1159 103 20 tillsättas
805 1159 29 28 på
853 1159 66 21 bank-

171 1195 149 27 fullmäktiges
335 1193 87 28 förslag.
445 1193 34 21 De
495 1193 70 21 skulle
582 1194 63 27 eljest
660 1195 77 26 utgöra
751 1199 27 15 en
789 1193 131 22 bankdirek-

171 1230 54 27 tion,
240 1236 47 14 som
301 1227 114 22 handhade
431 1227 161 28 förvaltningen
608 1228 23 20 af
645 1228 128 21 ständernes
787 1228 64 27 bank,
867 1230 52 19 utan

170 1266 33 19 att
219 1270 50 14 vara
284 1263 28 26 på
327 1261 140 20 föreskrifvet
482 1263 43 18 sätt
539 1262 83 19 tillsatt.

238 1296 58 21 Herr
318 1295 174 27 Furuhjelm,
514 1295 28 20 H.
563 1295 38 20 V.:
625 1294 74 21 Såsom
723 1295 51 21 herr
792 1295 67 21 baron
880 1295 39 21 och

169 1329 202 24 landtmarskalken
390 1328 67 22 redan
472 1329 120 21 framhållit
607 1335 63 16 anser
684 1329 64 22 äfven
761 1330 40 27 jag
817 1329 36 22 det
869 1337 51 14 vara

170 1367 78 28 tydligt
267 1366 7 21 i
294 1365 118 22 utskottets
437 1364 135 22 betänkande
593 1364 186 29 tillkännagifvet,
801 1367 30 19 att
847 1366 72 28 någon

170 1402 62 29 fråga
246 1409 34 14 om
297 1401 26 21 de
337 1400 124 22 nuvarande
475 1399 302 31 bankdirektörstjensternas
788 1399 131 31 indragning

170 1438 54 22 eller
234 1436 220 22 bankdirektörernas
466 1435 107 29 skiljande
584 1436 48 22 från
644 1436 62 21 deras
714 1436 149 29 befattningar
871 1437 48 21 icke

170 1473 73 23 kunna
258 1472 85 28 uppstå,
359 1470 127 29 isynnerhet
502 1478 34 15 om
552 1478 50 15 man
615 1472 81 28 jemför
707 1472 60 21 detta
777 1472 82 28 förslag
870 1472 49 21 med
