1011 1703
770 129 40 20 745

159 191 57 20 Herr
232 198 41 14 von
289 191 147 22 Bonsdorff:
452 192 44 21 För
511 193 44 20 min
569 193 35 21 del
620 193 42 22 kan
674 194 40 28 jag
729 193 48 22 icke
788 193 50 23 dela

91 225 42 20 den
148 225 24 20 af
184 225 222 22 riddarhusutskottet
424 227 133 20 beträffande
570 227 143 22 förevarande
726 228 63 28 fråga
803 230 35 19 ut-

90 259 71 21 talade
176 260 63 28 åsigt.
261 261 35 20 Då
311 261 74 28 frågan
402 268 35 14 om
453 262 147 21 riddarhusets
616 262 171 29 komplettering
797 263 40 21 och

91 293 116 29 inredning
227 295 98 21 förekom
346 295 40 21 hos
406 295 26 21 de
452 296 24 21 år
496 297 54 20 1860
565 297 175 21 sammanträdde
755 297 82 22 ridder-

90 328 88 28 skapets
194 329 40 20 och
249 329 75 21 adelns
339 329 141 27 komiterade,
496 330 75 21 ibland
584 331 75 20 hvilka
674 331 64 21 äfven
751 331 40 28 jag
800 338 38 14 var

90 369 27 14 en
137 362 104 28 medlem,
262 363 91 21 befanns
373 364 47 27 det,
436 366 31 19 att
482 364 194 22 riddarhuskassan
695 364 34 22 till
744 365 94 22 nämnde

89 396 69 22 behof
171 397 95 22 saknade
282 398 123 28 tillgångar,
421 398 100 22 hvarföre
537 399 40 21 ock
592 399 84 21 arbetet
691 399 56 22 hade
757 400 80 21 afstad-

90 433 43 19 nat.
161 432 43 20 Vid
219 432 60 21 detta
293 432 131 29 beklagliga,
440 433 139 22 oförutsedda
593 433 146 28 förhållande,
755 434 40 22 och
810 434 28 22 då

89 466 121 22 emellertid
225 467 64 21 huset
303 467 55 22 hade
374 468 72 21 blifvit
460 468 95 28 tilltaget
565 468 7 21 i
584 468 50 22 vida
648 469 70 21 större
731 468 68 28 skala,
810 470 27 20 än

89 501 161 29 ridderskapets
271 502 40 21 och
331 502 75 21 adelns
425 502 99 22 enskilda
538 503 68 22 behof
619 503 84 27 kräfde,
718 503 41 22 och
774 504 64 21 alltså

90 538 31 19 ett
136 536 156 22 vidsträcktare
307 536 100 22 ändamål
418 538 27 20 än
456 538 36 20 det
502 538 154 28 ursprungliga
666 538 90 21 dermed
765 538 73 22 kunde

89 570 83 28 vinnas,
187 572 80 27 ansågo
284 572 33 27 sig
332 571 134 22 komiterade
482 572 73 21 kunna
570 572 40 21 och
626 572 53 22 böra
693 572 34 21 till
740 572 97 28 regerin-

89 612 43 22 gen
147 606 7 20 i
170 605 173 29 underdånighet
357 606 122 28 hemställa,
490 614 35 14 om
539 606 48 22 icke
598 606 38 22 det
646 606 33 22 för
689 606 148 23 riddarhusets

88 640 171 29 komplettering
273 641 41 21 och
329 641 123 28 möblering
471 640 142 29 erforderliga
627 641 79 29 belopp
722 641 24 21 af
759 642 78 27 38,000

89 675 62 21 rubel
167 675 74 21 silfver
256 676 73 20 kunde
344 675 23 21 af
380 676 142 21 statsmedlen
541 676 82 27 anslås,
641 677 58 20 emot
715 675 36 22 det
765 676 71 21 vilkor

89 711 32 19 att
135 717 48 13 rum
198 709 7 21 i
220 709 138 22 riddarhuset
374 710 70 21 skulle
459 709 90 22 inrättas
563 710 40 21 och
613 709 114 29 hyresfritt
737 711 100 27 upplåtas

89 743 34 22 för
143 744 26 21 de
189 744 70 28 öfrige
278 745 33 20 tre
327 744 90 21 stånden
431 744 39 22 och
486 745 33 21 för
535 744 26 22 de
576 751 163 22 gemensamma
753 745 84 22 utskot-

90 779 36 20 ten
149 778 35 22 vid
206 779 111 21 blifvande
339 779 135 28 landtdagar.
504 779 78 22 Denna
602 779 150 29 underdåniga
771 779 66 22 fram-

89 813 104 28 ställning
213 813 46 22 blef
273 813 41 22 ock
326 814 8 21 i
348 814 68 21 nåder
431 813 89 22 bifallen
535 814 101 27 sålunda,
652 815 31 20 att
698 814 42 21 den
755 815 81 21 äskade

89 855 99 14 summan
204 849 77 26 38,000
295 848 62 22 rubel
372 849 75 21 silfver
462 850 57 20 emot
534 848 66 29 sagde
614 848 71 22 vilkor
693 848 144 23 öfverlemna-

89 883 38 21 des
150 883 22 21 ät
192 883 264 27 riddarhusdirektionen,
476 887 52 18 utan
548 883 290 30 äterdbetalningsskyldighet
832 879 10 38 ,

90 925 46 14 som
157 918 66 21 orden
244 918 50 28 lyda
313 918 8 21 i
341 918 37 21 det
397 918 80 28 nädiga
496 918 124 28 reskriptet.
651 917 72 22 Sedan
743 917 94 22 nämnde

90 952 71 22 vilkor
183 959 29 14 nu
235 954 23 19 är
281 952 110 29 uppfyldt,
415 953 23 20 sä
461 953 60 21 torde
544 952 72 28 någon
639 952 161 29 återbetalning
814 953 24 21 af

89 987 141 21 förenämnde
256 987 76 28 anslag
351 987 48 21 icke
421 987 53 21 böra
494 987 87 20 komma
600 986 7 21 i
626 986 71 28 fråga;
719 986 41 21 och
781 987 54 21 säle-

89 1021 38 21 des
143 1021 68 21 finner
228 1022 40 27 jag
287 1021 48 21 icke
354 1021 46 21 skäl
416 1022 32 20 att
462 1021 34 21 för
511 1021 37 21 det
563 1020 134 22 närvarande
718 1020 119 28 tillstyrka,

89 1055 36 21 det
141 1062 27 14 en
183 1055 35 21 del
233 1056 24 20 af
270 1055 138 21 riddarhuset
423 1055 77 28 skulle,
515 1055 72 22 säsom
597 1054 106 22 utskottet
716 1054 120 29 föreslagit,

89 1090 107 28 försäljas,
205 1091 52 19 utan
268 1096 64 14 anser
339 1090 39 28 jag
389 1090 64 21 huset
463 1090 53 21 böra
523 1089 110 22 bibehälla
641 1089 34 21 sin
682 1090 155 28 ursprungliga

89 1124 40 22 och
152 1124 124 22 nuvarande
299 1124 118 28 egenskap,
438 1124 23 22 sä
478 1124 65 28 länge
559 1124 278 28 ständsrepresentationen

89 1159 87 27 fortfar;
193 1166 34 14 om
243 1159 78 27 denna,
336 1159 7 21 i
357 1166 27 14 en
395 1159 107 21 måhända
512 1158 48 22 icke
570 1158 96 28 aflägsen
677 1158 95 28 framtid,
782 1166 54 21 upp-

89 1194 47 26 hör,
156 1193 42 21 blir
218 1193 37 21 det
275 1193 31 21 tid
326 1194 32 20 att
378 1194 68 21 väcka
466 1193 61 28 fräga
547 1200 34 14 om
596 1192 149 22 riddarhusets
760 1192 77 22 försäl-

87 1228 67 28 jande
176 1228 40 20 och
239 1228 138 28 förvandling
401 1228 34 20 till
456 1229 31 20 ett
508 1228 41 21 hus
571 1227 34 21 för
626 1227 210 29 representationen.

89 1262 51 22 Men
157 1262 26 22 dä
198 1262 26 21 de
239 1270 56 19 rum,
311 1270 46 14 som
371 1269 30 14 nu
411 1262 56 22 varit
477 1262 7 21 i
495 1262 66 22 nedre
571 1262 110 28 våningen
691 1262 34 21 för
734 1261 103 29 borgare-

90 1298 40 21 och
146 1297 162 21 bondeständen
323 1297 115 27 inrättade,
454 1297 49 22 icke
516 1296 83 22 funnits
609 1296 35 22 för
653 1296 124 22 ändamälet
787 1296 51 22 fullt

89 1332 114 27 lämplige,
224 1332 71 20 säsom
316 1338 43 21 nog
376 1332 50 26 läga
446 1332 39 20 och
501 1332 110 20 dessutom
627 1331 110 21 saknande
752 1331 84 21 läktare

89 1365 34 21 för
138 1365 100 26 åhörare,
254 1365 40 21 och
309 1365 222 21 riddarhusutskottet
551 1364 95 28 upplyst,
661 1365 32 20 att
707 1364 129 28 lämpligare

91 1399 142 22 sessionsrum
254 1399 34 22 för
308 1399 100 28 samtlige
424 1399 90 22 ständen
530 1398 72 22 kunde
618 1405 78 22 genom
711 1398 69 29 nägra
794 1398 43 22 för-

90 1434 118 29 ändringar
229 1434 25 22 af
273 1434 145 29 inredningen
440 1434 117 29 anbringas
575 1433 9 22 i
602 1433 74 23 husets
695 1433 47 22 öfre
757 1433 81 29 väning
