995 1703
192 131 41 22 326

165 196 150 23 förhållanden
336 197 23 21 så
380 196 96 28 skyddad
495 196 99 28 plägsed,
610 197 32 20 att
661 196 76 28 hvarje
754 195 160 29 inskränkning

166 231 46 22 deri
223 232 86 21 komme
320 232 32 20 att
362 231 112 21 betraktas
484 233 53 19 nära
548 237 43 22 nog
601 238 46 14 som
659 232 31 20 ett
701 231 92 28 ingrepp
804 230 7 21 i
822 230 92 29 egande-

166 268 79 19 rätten.
275 266 51 21 Icke
348 266 69 22 heller
434 266 39 27 jag
494 266 38 21 har
553 265 106 28 någonsin
678 265 74 21 tillåtit
767 266 45 28 mig
827 265 86 21 förorda

167 302 32 20 ett
214 301 76 21 sådant
305 300 99 29 ingrepp.
428 300 50 21 Men
494 300 106 21 utskottet
616 307 63 21 synes
696 300 44 28 mig
754 300 36 21 vid
807 300 108 21 nedskrif-

167 336 79 22 vandet
261 335 23 21 af
298 335 62 21 dessa
376 335 86 28 slagord
481 335 64 21 hafva
560 335 77 28 glömt,
653 336 33 19 att
701 335 77 28 frågan
793 335 69 28 gäller
878 342 37 13 en-

167 370 47 21 dast
229 369 171 22 kronohemman
417 369 40 23 och
472 369 27 21 de
514 369 125 28 föreslagna
654 369 214 29 inskränkningarne
879 376 37 14 en-

167 403 48 22 dast
234 405 94 20 åboerne
347 404 19 27 å,
380 411 50 14 men
445 403 118 28 ingalunda
579 410 80 21 egaren
673 404 25 20 af
710 403 137 22 hemmanen.
876 403 40 22 Ut-

168 438 81 22 skottet
269 439 103 20 förmäler
388 439 33 27 sig
437 438 40 21 sist
492 438 39 21 och
547 438 102 27 slutligen
665 439 20 27 ej
702 438 64 21 hafva
781 438 84 21 kunnat
880 438 36 27 på-

168 472 59 22 finna
244 473 68 28 några
332 473 67 20 andra
415 472 71 22 medel
501 473 32 20 till
549 472 178 21 förekommande
743 472 24 21 af
781 472 137 28 öfverflödigt

168 507 141 28 svedjebruk,
330 509 27 19 än
378 507 27 21 de
428 513 46 15 som
494 507 70 21 finnas
584 507 131 21 föreskrifna
731 507 7 20 i
755 508 51 20 1851
825 508 33 21 års
874 507 43 21 för-

169 541 100 29 ordning,
280 542 40 21 och
336 542 79 21 uttalar
430 541 71 22 tillika
516 541 41 22 den
574 541 153 28 förhoppning,
739 543 32 19 att
786 542 132 28 svedje-ofo-

169 578 38 27 get
220 576 49 21 bäst
283 577 43 20 kan
342 577 76 28 stäfjas
429 577 28 28 på
471 576 172 28 öfvertygelsens
657 578 49 26 väg,
721 578 56 19 samt
793 577 125 21 framhåller

169 611 66 21 bland
250 613 66 19 annat
331 617 46 14 som
394 617 27 15 en
436 610 80 28 kraftig
532 610 121 22 väckelse
646 606 12 36 i
669 611 60 21 detta
739 611 124 21 hänseende
876 611 42 21 den

170 645 113 22 sannolika
304 645 196 28 omständigheten,
517 647 32 19 att
564 645 82 28 skogen
665 645 67 21 innan
752 645 49 21 kort
819 645 100 22 öfverallt

169 679 56 21 skall
238 680 23 20 få
275 679 37 21 det
322 679 71 27 värde,
405 681 31 20 att
447 680 37 20 det
494 679 48 21 icke
553 679 74 21 vidare
638 679 62 21 lönar
711 679 78 21 mödan
800 682 32 18 att
843 681 76 19 endast

170 714 84 21 bränna
269 721 43 21 upp
328 714 42 21 den
381 714 7 20 i
399 714 41 21 och
449 714 34 21 för
494 714 74 27 odling
579 714 23 20 af
611 713 83 21 sveder.
718 714 43 28 Jag
771 714 51 21 ville
833 721 28 13 nu
873 714 47 21 åter

171 755 46 14 mer
232 750 28 19 än
275 755 68 21 gerna
358 748 116 28 medgifva,
490 750 31 19 att
536 748 107 20 utskottet
657 748 70 21 skulle
737 748 64 22 hafva
811 748 47 21 haft
869 748 50 22 obe-

171 782 86 29 tingadt
272 784 53 25 rätt,
342 789 34 14 om
392 782 49 21 icke
456 782 78 28 frågan
550 782 71 28 gällde
637 782 138 22 uteslutande
790 782 129 22 kronohem-

171 824 61 20 man,
247 816 85 22 hvilkas
348 817 73 26 åboer,
437 817 71 21 såsom
523 816 82 21 bekant
619 818 30 26 är,
665 816 48 21 icke
729 817 22 21 få
766 816 47 22 fritt
828 817 92 28 föryttra

172 851 185 29 skogsprodukter
377 851 48 21 från
448 851 26 21 de
497 851 23 21 af
538 851 49 21 dem
607 851 160 21 innehafvande
787 851 134 28 lägenheter.

172 886 145 28 Naturligtvis
337 886 67 28 draga
424 886 62 21 desse
507 886 65 21 åboer
592 886 49 21 icke
661 886 37 20 det
712 886 96 28 ringaste
824 886 7 21 i
845 886 76 21 betän-

171 920 72 22 kande
263 922 31 19 att
314 920 82 21 bränna
418 927 42 21 upp
482 921 82 28 skogen
583 920 34 21 till
636 920 61 27 sved,
713 920 27 21 då
755 920 60 22 detta
830 922 44 20 sätt
889 923 33 19 att

172 955 146 28 tillgodogöra
334 954 82 28 skogen
431 956 24 19 är
470 955 36 21 det
522 954 55 22 enda
592 954 34 22 för
641 955 49 21 dem
706 955 85 21 tillåtna
807 955 40 21 och
863 955 57 21 dess-

172 991 60 19 utom
253 990 34 20 för
308 989 140 28 ögonblicket
465 989 114 21 förskaffar
595 989 26 21 de
636 990 34 20 för
686 989 116 21 framtiden
819 990 102 28 obekym-

172 1024 52 21 rade
247 1025 31 20 ett
299 1023 76 28 rikligt
396 1024 154 21 latmansbröd.
581 1023 125 21 Utskottets
721 1023 153 27 förmenande,
890 1025 32 20 att

172 1058 165 21 föreskrifterne
358 1058 6 21 i
387 1058 53 21 1851
462 1059 35 20 års
517 1057 128 29 förordning
663 1060 37 19 äro
716 1058 206 29 tillfyllestgörande

172 1093 34 20 till
221 1093 179 20 förekommande
415 1092 24 21 af
453 1093 108 20 missbruk
576 1092 24 21 af
613 1093 154 28 svedjerätten,
779 1095 23 19 är
818 1093 54 21 dock
886 1093 38 21 det

174 1127 54 21 allra
244 1128 79 20 största
336 1127 119 28 misstaget.
479 1127 49 22 Den
539 1134 46 21 syn,
597 1133 27 14 en
636 1127 224 22 kronohemmansåbo
872 1134 52 21 eger

174 1162 44 21 låta
233 1161 93 22 anställa
341 1162 13 21 å
368 1162 69 26 mark,
453 1169 46 14 som
513 1162 43 21 han
571 1162 38 21 vill
625 1162 104 28 afsvedja,
745 1162 40 26 får,
801 1163 69 27 enligt
880 1163 43 20 för-

174 1196 135 28 fattningens
330 1196 147 28 ordalydelse,
493 1196 102 22 förrättas
611 1197 23 20 af
647 1198 80 20 tvenne
743 1197 56 27 goda
814 1198 40 20 och
870 1197 53 27 ojäf-

174 1231 50 27 vige
239 1233 57 18 män.
320 1230 47 21 Och
380 1231 46 27 just
441 1232 7 19 i
464 1231 36 20 det
516 1231 126 21 obestämda
655 1232 41 20 och
707 1231 116 21 sväfvande
834 1232 6 20 i
852 1232 72 20 denna

175 1264 113 21 föreskrift
307 1264 80 27 ligger,
404 1264 68 28 enligt
492 1265 44 20 min
556 1264 76 27 tanke,
648 1265 94 21 orsaken
760 1265 34 20 till
809 1265 41 21 den
866 1267 59 19 stora

175 1298 55 21 våda
245 1298 33 21 för
294 1298 181 28 skogsbeståndet
485 1298 7 21 i
503 1299 47 20 vårt
561 1298 57 28 land,
629 1306 46 14 som
687 1299 127 28 svedjandet
824 1300 13 20 å
847 1300 77 20 krono-

175 1334 130 20 hemmanen
327 1332 98 22 innebär.
456 1333 117 22 Lättheten
589 1335 32 19 att
637 1334 82 20 erhålla
735 1334 61 21 desse
811 1334 114 28 synebevis

175 1368 39 21 har
229 1367 111 28 nemligen
356 1367 39 21 hos
411 1367 25 22 de
453 1368 7 21 i
475 1368 118 21 allmänhet
609 1368 89 28 håglöse
713 1369 95 20 åboerne
823 1369 12 20 å
846 1369 80 21 sådane

176 1403 101 21 hemman
292 1402 131 21 frammanat
438 1403 79 28 många
532 1402 183 29 svedjeodlingar,
731 1410 46 15 som
793 1403 64 28 eljest
872 1403 54 28 möj-

170 1437 65 29 ligen
251 1437 115 27 uteblifvit,
382 1437 40 21 och
437 1438 71 21 tillika
523 1438 130 27 förorsakat,
664 1440 32 19 att
711 1439 66 29 ingen
793 1438 24 21 af
829 1439 26 21 de
866 1439 60 21 äldre
