1000 1709
191 132 42 20 378

161 198 40 20 och
217 196 70 22 notkil
302 196 24 20 af
339 196 37 21 väf
389 196 53 20 eller
456 196 87 20 bunden
553 195 50 21 med
613 196 23 20 sä
646 195 44 21 fina
700 195 94 27 maskor,
805 196 32 19 att
847 194 67 28 spädt:

161 232 66 28 yngel
242 230 46 22 deri
304 230 43 21 kan
362 231 77 26 fängas
456 232 55 19 samt
528 229 94 21 sänkhäf
630 230 24 20 af
663 236 82 14 samma
761 228 149 23 beskaffenhet

163 266 39 22 och.
218 268 69 19 större
303 264 105 23 diameter
424 266 27 20 än
467 265 36 21 två
519 264 40 22 och
574 272 27 13 en
617 264 47 22 half
677 264 54 21 aln”.

229 300 64 22 Hvad
314 300 67 28 angär
401 299 92 21 friherre
509 299 119 28 Carpelans
645 298 144 28 anmärkning
805 300 46 20 mot
866 305 44 15 mo-

162 337 83 20 mentet
261 335 27 27 e),
304 336 32 19 att
351 334 119 28 Ijustrande
487 334 48 21 icke
551 334 65 20 borde
630 333 120 29 förbjudas,
762 333 23 21 sä
795 335 24 19 är
829 333 37 21 det
877 333 34 21 väl

163 372 70 24 sannt,
249 372 32 18 att
296 369 60 21 detta
371 369 98 21 fiskesätt
483 370 23 19 är
518 368 109 28 oskyldigt
638 368 27 28 pä
677 368 57 20 vissa
744 367 65 28 tider;
825 375 49 14 men
884 367 28 21 dä

163 406 7 20 i.
185 404 167 29 propositionen
367 404 54 20 står:
438 403 131 28 ,ljustrande
584 402 54 21 efter
650 402 46 27 fisk,
714 409 47 19 som,
770 398 35 39 för
815 406 32 18 att
857 402 53 26 leka,

163 439 106 29 uppstigit
289 438 34 21 till
343 438 127 21 stränderna
491 438 54 20 eller
560 438 7 20 i
583 436 83 28 grunda
685 436 80 27 vikar*,
781 437 24 21 sä
821 436 42 21 blir
878 436 33 22 sä-

163 474 52 22 dant
229 474 48 21 icke
293 474 6 20 i
315 472 118 21 allmänhet
449 472 117 28 förbjudet,
582 473 52 19 utan
650 472 56 20 blott
722 470 68 22 under
808 470 104 27 lektiden,

163 508 91 22 emedan
275 508 36 21 det
331 507 56 21 dock
407 506 61 22 torde
488 514 52 14 vara
561 506 81 26 säkert,
658 508 32 19 att
705 506 126 28 derigenom
847 505 66 22 leken

165 543 39 21 och
219 542 92 22 sålunda
325 542 64 20 äfven
406 542 80 20 fiskens
502 541 158 28 fortplantning
675 541 130 21 förhindras.

232 577 58 21 Herr
306 583 40 14 von
364 576 77 27 Born,
458 576 20 21 J.
493 576 37 21 A.:
545 576 12 20 I
572 577 90 19 motsats
673 576 33 20 till
716 575 57 21 hvad
783 576 50 21 herr
843 575 69 22 Furu-

164 612 68 30 hjelm
254 613 77 27 yttrat,
355 611 38 21 ber
413 612 40 27 jag
475 611 22 21 få
519 611 114 26 anmärka,
653 613 32 19 att
700 618 50 14 man
765 610 14 22 å
793 611 83 27 ganska
891 610 23 21 få

165 650 59 19 orter
239 647 7 21 i
261 646 94 22 Finland
374 646 61 20 torde
451 646 67 27 draga
533 647 38 19 not
586 645 137 21 uteslutande
739 645 56 21 efter
811 647 32 19 ett
858 644 56 22 enda

165 682 110 27 fiskeslag.
298 681 67 21 Detta
380 682 23 19 är
419 682 91 19 tvertom
527 680 76 21 endast
613 680 156 28 undantagsvis
780 680 67 21 fallet.
870 680 44 21 För

167 717 62 21 dessa
249 718 59 19 orter
329 718 24 18 är
373 715 65 21 också
458 715 176 28 propositionens
652 715 114 21 redaktion
785 715 8 21 i
808 714 61 22 detta
883 715 31 21 af-

167 750 79 22 seende
266 750 90 21 alldeles
371 750 99 28 lämplig;
489 757 50 14 men
557 750 28 28 på
600 750 26 21 de
642 750 63 21 flesta
720 750 83 21 trakter
818 750 7 21 i
841 750 74 21 landet

165 786 74 22 kastar
255 792 49 14 man
321 787 23 19 ut
360 784 32 22 sin
408 788 39 18 not
462 785 54 21 efter
532 785 40 21 den
587 784 47 28 fisk,
645 785 38 21 vår
693 784 72 22 Herre
775 784 76 29 gifver,
862 786 52 21 utan

165 823 32 19 att
212 820 75 22 dervid
302 820 46 21 afse
364 820 31 20 ett
411 819 55 21 enda
481 820 95 28 fiskslag,
593 821 51 20 utan
660 820 65 20 oftast
739 820 41 21 fisk
790 820 24 21 af
822 820 39 21 bra
871 826 43 22 nog

167 856 59 21 olika
241 854 93 28 storlek;
350 854 39 22 och
405 854 69 22 under
489 854 76 22 sådant
581 854 136 22 förhållande
732 855 63 22 torde
810 856 32 20 ett
857 855 59 22 stad-

168 891 69 29 gande
254 890 82 26 härom,
352 890 23 21 af
389 890 41 20 den
445 890 82 28 lydelse
543 890 42 21 den
596 890 80 28 nådiga
686 890 164 28 propositionen
861 897 54 22 upp-

167 928 61 26 tager
245 925 39 21 och
300 924 106 22 utskottet
424 925 81 27 jemväl
520 924 115 28 tillstyrkt,
652 932 51 14 vara
719 925 119 29 olämpligt.
867 925 48 22 Fri-

167 960 63 22 herre
247 960 108 27 Carpelan
371 959 38 21 har
425 959 67 21 redan
507 959 125 27 framhållit,
648 960 55 20 huru
719 960 101 28 omöjligt
835 959 36 21 det
885 961 31 25 är,

167 997 32 19 att
221 994 23 21 få
265 994 112 21 fullvuxen
400 993 41 21 fisk
464 994 23 20 af
505 996 33 19 ett
557 994 82 21 mindre
660 994 48 27 slag
723 994 6 20 i
746 1001 25 14 en
788 995 48 25 not,
851 994 65 22 hvars

167 1029 87 21 maskor
270 1028 61 21 skola
347 1035 51 13 vara
414 1028 23 20 så
451 1028 60 27 vida,
527 1030 31 20 att
573 1028 66 27 yngel
654 1028 24 21 af
692 1034 27 14 en
735 1030 69 19 större
820 1030 33 20 art
869 1028 47 22 der-

167 1063 50 22 med
232 1063 47 21 icke
295 1062 43 21 kan
354 1062 83 28 fångas.
461 1062 43 28 Jag
519 1069 63 15 anser
597 1062 93 27 derföre,
707 1062 39 21 och
762 1063 29 27 på
805 1062 26 22 de
846 1062 70 29 öfriga

167 1098 48 21 skäl
235 1098 38 27 jag
297 1097 6 20 i
327 1097 44 20 min
394 1098 133 20 reservation
543 1096 82 28 anfört,
641 1097 42 21 den
697 1097 24 21 af
733 1097 46 28 mig
793 1097 125 29 föreslagna

167 1132 142 22 redaktionen
332 1131 7 21 i
362 1131 101 21 afseende
489 1132 12 20 å
524 1133 119 19 momentet
666 1132 22 27 b)
711 1138 52 14 vara
785 1131 131 29 lämpligast.

168 1166 83 22 Genom
275 1174 26 14 en
325 1166 66 21 sådan
414 1166 114 21 redaktion
551 1166 70 21 skulle
638 1166 48 28 just
705 1166 8 21 i
733 1168 65 24 orter,
813 1166 38 22 der
867 1174 50 14 man

168 1200 112 28 samtidigt
302 1200 78 28 fångar
403 1200 77 22 endast
503 1203 31 19 ett
554 1201 54 20 visst
628 1201 57 27 slags
701 1200 50 27 fisk,
768 1200 87 28 stadgas
871 1200 45 22 det-

167 1242 83 15 samma
270 1242 45 14 som
331 1235 164 27 propositionen
511 1235 88 27 åsyftar,
615 1235 111 27 nemligen
741 1236 32 19 att
788 1234 61 22 freda
863 1242 53 20 yng-

168 1269 40 25 let,
229 1276 49 13 men
298 1268 28 28 på
347 1270 58 18 orter
421 1268 37 21 der
474 1268 59 21 olika
547 1268 89 27 fiskslag
651 1268 112 27 samtidigt
778 1268 87 27 fångas,
881 1268 37 21 det

167 1302 100 28 orimliga
287 1301 129 29 stadgandet
435 1301 117 27 undvikas,
571 1304 32 18 att
619 1308 57 20 man,
692 1302 34 21 för
741 1303 33 19 att
788 1302 49 21 icke
852 1302 66 21 bland

167 1336 102 28 fångsten
289 1336 84 22 erhålla
388 1343 27 14 en
431 1338 69 20 större
515 1336 52 21 fisks
583 1336 72 28 yngel,
671 1336 70 22 måste
755 1336 46 21 helt
816 1336 40 22 och
871 1336 46 22 hål-

166 1371 31 21 let
213 1370 44 22 låta
276 1371 30 21 bli
327 1371 33 21 att
378 1370 67 29 fånga
460 1371 42 21 den
517 1371 113 22 fullvuxna
646 1370 85 23 mindre
746 1370 76 23 fisken.
852 1371 65 23 Hvad

166 1406 74 22 vidare
255 1406 68 28 angår
339 1406 41 21 den
396 1405 135 22 framställda
544 1405 191 29 nödvändigheten
751 1407 32 21 att
798 1406 120 22 bestämma

168 1441 57 21 vissa
248 1440 147 22 dimensioner
418 1441 35 21 för
475 1440 138 28 sänkhåfvar,
635 1440 44 22 kan
697 1441 40 29 jag
756 1440 49 23 icke
823 1441 50 22 inse
886 1442 31 22 att
