1020 1709
799 129 27 21 33

172 194 44 21 Det
231 200 75 15 varma
320 193 84 27 förord,
420 194 39 28 jag
477 194 8 20 i
500 194 45 21 min
560 194 135 21 reservation
710 196 46 19 mot
770 194 83 21 utskot-

103 230 42 20 tets
160 228 138 21 betänkande
313 228 59 20 velat
386 228 89 28 inlägga
489 228 34 21 för
534 230 31 19 ett
576 228 121 28 ofördröjdt
707 228 113 21 införande
831 228 25 21 af

104 269 27 14 en
145 262 104 28 utvidgad
264 261 99 22 handels-
375 262 40 20 och
429 262 165 29 näringsfrihet,
609 262 70 21 finner
694 262 7 20 i
717 262 41 21 den
773 262 80 28 nädiga

103 297 164 28 propositionen
283 296 36 21 det
334 296 128 28 kraftigaste
478 297 54 21 stöd.
562 297 46 20 Der
624 297 126 21 framhälles
766 297 26 21 de
806 299 46 18 ute-

103 331 99 21 slutande
222 331 248 28 näringsrättigheterna
491 339 45 14 som
557 331 100 28 skadliga
678 331 3 21 i
697 331 80 28 mänga
796 331 56 21 afse-

102 365 81 28 enden;
202 365 27 22 de
245 373 64 14 anses
324 367 116 27 utestänga
455 368 32 19 ett
502 367 54 20 stort
571 366 60 21 antal
646 366 142 28 medborgare
803 365 49 22 frän

102 400 144 28 möjligheten
267 402 32 19 att
317 400 33 21 till
366 407 55 21 egen
436 401 96 21 utkomst
545 401 69 28 jemte
628 400 66 21 barns
710 401 40 20 och
765 400 87 21 orklösa

102 435 117 21 föräldrars
240 435 133 21 omvärdnad
394 435 40 21 och
454 435 70 28 ärliga
543 435 137 28 försörjande
701 434 99 22 använda
819 434 33 21 fiit

102 469 40 22 och
164 470 113 27 omtanke;
300 469 26 22 de
348 470 104 28 stämplas
475 477 45 14 som
541 477 27 14 en
588 469 125 29 kränkning
730 469 24 22 af
767 469 84 22 menni-

103 504 64 21 skans
183 505 109 27 naturliga
308 504 135 28 rättigheter.

169 539 33 21 På
216 539 71 28 grund
302 539 72 27 häraf,
390 539 40 21 och
445 539 7 20 i
467 537 143 23 betraktande
626 539 24 21 af
659 537 26 22 de
696 538 95 28 menliga
801 537 51 30 följ-

101 573 45 27 der,
162 573 36 22 det
213 573 24 21 af
245 573 119 28 höglofliga
375 573 151 29 ridderskapet
537 573 40 22 och
588 573 64 22 adeln
663 573 83 21 fattade
758 572 94 23 beslutet

101 607 73 22 kunde
192 608 75 21 utöfva
283 608 27 28 pä
325 608 85 21 landets
429 608 126 28 utveckling
570 607 7 22 i
592 607 136 29 mängfaldig
742 607 109 29 riktning,

100 643 33 21 får
146 643 39 28 jag
200 645 59 19 emot
275 643 59 21 detta
349 643 71 22 beslut
435 643 110 22 vördsamt
559 643 108 28 nedlägga
682 642 45 21 min
738 642 113 29 allvarliga

101 680 102 26 protest".

168 748 124 28 Föredrogs
312 747 161 30 ridderskapets
489 749 41 21 och
545 747 77 23 adelns
638 745 99 24 enskilda
752 745 98 25 besvärs-

101 783 93 22 utskotts
214 783 138 22 betänkande
372 790 35 15 n:o
430 785 8 20 1
461 784 7 21 i
483 783 119 28 anledning
617 783 24 22 af
653 783 52 21 herr
720 783 130 27 Järnefelts,

99 819 28 20 A.
142 818 32 27 F.,
189 818 113 21 memorial
321 819 113 27 angående
449 818 136 27 underdänig
603 817 94 29 petition
715 824 34 14 om
764 817 86 22 tullför-

99 853 161 28 fattningarnes
276 853 177 22 öfverlemnande
466 853 33 21 till
509 853 85 22 landets
605 851 100 22 ständers
715 852 135 28 granskning

100 888 68 21 under
182 888 119 28 påstående
316 888 111 28 landtdag.

168 922 158 28 Betänkandet,
342 922 84 22 hvilket
439 921 120 30 upplästes,
570 928 37 15 var
618 921 24 22 af
649 919 97 30 följande
756 921 94 29 lydelse:

168 973 9 11 »
179 957 44 21 Vid
238 957 159 22 sammanträde
413 957 41 21 den
465 957 27 22 27
504 957 99 22 sistlidne
618 956 91 21 oktober
719 957 39 20 har
768 955 82 22 ridder-

100 992 78 28 skapet
192 992 40 21 och
248 992 64 21 adeln
327 992 7 21 i
350 991 102 22 afseende
468 993 13 20 &
495 990 159 23 förberedande
670 989 134 29 behandling
816 990 34 21 till

100 1026 96 22 ständets
212 1026 99 21 enskilda
322 1026 173 22 besvärsutskott
505 1025 121 28 hänskjutit
637 1027 32 19 ett
680 1025 23 21 af
711 1025 51 21 herr
772 1025 78 21 Järne-

99 1061 46 26 felt,
162 1061 26 20 A.
204 1060 33 28 F.,
252 1060 121 22 inlemnadt
389 1061 117 27 sälydande
522 1059 122 22 memorial:

167 1095 38 21 Uti
225 1095 67 28 nädig
310 1095 135 28 proposition
464 1095 34 20 till
513 1094 104 21 Finlands
632 1093 88 22 ständer
733 1093 39 26 har
787 1092 63 22 Hans

99 1129 61 28 Kejs.
177 1129 62 28 Maj:t
254 1129 116 22 framställt
384 1129 103 22 behofvet
503 1129 23 21 af
539 1128 76 28 anslag
630 1128 33 21 till
679 1128 126 26 folkskolor,
816 1127 34 21 till

100 1164 137 28 anläggande
257 1163 24 22 af
298 1170 43 22 nya
360 1162 305 23 kommunikationsanstalter
681 1162 40 21 och
736 1161 34 22 till
783 1161 67 22 andra

100 1198 167 29 allmännyttiga
289 1197 95 28 företag,
404 1198 120 28 hvarjemte
545 1196 28 22 H.
593 1195 61 30 Kejs.
675 1195 63 30 Maj:t
758 1196 92 21 allernä-

100 1233 58 28 digst
176 1233 72 21 täckts
267 1232 33 21 till
320 1232 118 22 ständerna
457 1232 135 21 öfverlemna
611 1231 94 22 relation
725 1237 35 15 om
780 1230 70 22 finska

99 1267 144 22 statsverkets
263 1267 105 28 ställning
382 1267 30 28 pä
426 1267 106 21 särskilda
551 1265 56 22 tider
625 1265 48 22 frän
691 1266 51 21 1811
760 1265 34 21 till
809 1265 41 21 och

99 1302 50 21 med
166 1303 61 20 1862.
249 1301 33 22 Af
294 1301 94 22 nämnde
402 1301 101 27 relation,
513 1308 47 14 som
568 1300 83 29 jemväl
661 1301 107 27 upptager
778 1301 71 20 netto-

99 1336 156 27 behållningen
274 1335 24 21 af
316 1335 128 21 tullmedlen
459 1336 34 20 för
506 1335 106 20 särskilda
628 1335 30 25 år,
674 1334 95 27 framgår
784 1333 65 21 huru-

99 1370 59 21 ledes
181 1369 168 22 tullintraderna
371 1369 70 21 under
464 1369 26 20 de
511 1369 88 20 sednast
614 1368 103 21 förflutna
732 1367 28 21 20
775 1367 52 21 ären
842 1367 7 21 i

100 1404 24 22 sä
143 1403 98 29 betydlig
259 1403 50 22 män
328 1403 103 27 varierat,
446 1404 33 20 att
493 1402 111 22 desamma
619 1401 35 22 för
669 1409 27 14 en
712 1401 34 22 del
762 1401 24 21 år
801 1400 49 22 med

100 1439 80 23 dubbla
194 1439 104 29 beloppet
313 1438 140 28 öfverskjutit
470 1438 150 22 inkomsterna
635 1437 49 23 frän
699 1436 69 22 tullen
783 1436 68 23 under

145 1480 52 24 Högl.
210 1480 53 18 Ridd.
276 1480 30 18 och
318 1480 64 17 Adelns
394 1478 67 18 Protok.
773 1477 11 18 3
