1003 1728
193 147 40 23 122

231 215 102 21 Friherre
349 214 26 22 de
390 215 21 21 la
427 214 138 30 Chapelle:
586 214 49 22 Den
650 214 80 29 nådiga
744 213 163 30 propositionen

163 250 129 28 innehåller,
311 252 31 20 att
360 250 49 21 med
425 250 142 22 tillsättandet
582 250 24 21 af
619 250 69 28 öfrige
703 250 145 21 bankverkets
864 256 44 15 em-

163 286 57 22 bets-
244 286 40 21 och
306 286 131 28 tjenstemän
465 286 102 21 förhälles
590 285 69 29 enligt
681 292 29 14 nu
732 284 100 30 gällande
855 285 54 21 eller

163 321 117 22 framdeles
300 321 23 21 af
341 321 28 21 H.
388 320 60 29 Kejs.
470 321 64 28 Maj:t
547 320 120 22 meddelade
683 320 141 29 stadganden.
854 320 55 22 Der-

164 357 54 21 efter
239 358 62 27 säges
322 357 7 20 i
350 356 69 29 fjerde
436 358 125 25 momentet,
577 357 31 20 att
623 355 134 29 ,ordningen
772 355 34 22 för
820 355 89 22 förvalt-

164 393 81 28 ningen
265 392 24 21 af
307 391 163 29 ifrägavarande
492 392 39 21 och
551 391 23 21 af
594 391 69 28 öfriga
682 391 7 21 i
708 391 86 21 banken
810 391 99 22 nedsatta

164 429 63 20 stats-
243 427 40 22 och
303 427 154 21 militieverket
476 427 110 28 tillhöriga
603 426 76 22 fonder
694 426 113 21 förblifver
823 426 85 22 oförän-

164 463 62 27 drad,
242 462 33 21 till
291 462 49 21 dess
359 462 28 21 H.
408 462 60 29 Kejs.
489 462 71 29 Maj:t,
580 462 55 21 efter
650 461 140 22 inhemtande
805 461 24 21 af
841 461 68 22 bank-

164 498 147 28 fullmäktiges
332 497 107 28 yttrande,
459 497 69 22 finner
548 497 51 28 godt
619 497 74 21 derom
711 497 136 21 annorlunda
866 497 43 21 för-

164 533 79 21 ordna"
270 534 65 20 samt:
359 533 67 26 ,dock
448 533 74 22 kunna
537 532 116 21 ständerna
668 532 33 21 till
715 533 29 21 H.
760 531 60 30 Kejs.
836 532 73 29 Maj:ts

163 568 139 21 fastställelse
317 568 81 21 föreslä
413 568 80 22 sädana
509 568 116 28 ändringar
640 568 7 21 i
663 567 36 22 det
713 568 35 21 för
764 568 84 21 banken
864 569 45 28 gäl-

164 603 63 22 lande
247 604 134 28 reglemente
402 604 49 21 med
466 603 102 22 afseende
583 604 13 21 &
611 603 110 29 primitiva
737 603 39 22 och
792 603 117 29 hypoteks-

164 639 111 27 fonderna,
292 646 45 14 som
353 639 24 20 af
390 639 117 22 ständerna
526 639 74 21 kunna
615 645 62 14 anses
693 639 98 28 nödiga".
820 639 35 22 Då
870 639 39 22 här

164 673 83 21 säledes
263 681 29 14 nu
307 675 23 19 är
345 673 62 29 fräga
423 675 123 27 egentligen
561 681 34 13 om
606 673 131 29 grunderna,
748 675 23 20 sä
783 681 62 21 synes
856 675 52 27 mig,

164 715 45 14 som
225 708 25 22 de
266 708 230 29 detaljbestämningar
510 709 50 21 herr
576 708 113 29 Törngren
701 708 113 30 föreslagit
824 710 20 27 ej
856 709 53 21 böra

163 750 30 14 nu
207 743 87 21 komma
310 743 67 21 under
393 743 171 28 öfverlägguing.

230 778 153 28 Ifrägakomne
406 780 96 19 moment
522 779 31 20 uti
573 778 178 21 bankutskottets
770 779 139 21 betänkande

163 813 47 20 blef
222 813 28 27 pä
264 813 51 20 herr
330 812 209 22 landtmarskalkens
555 813 73 21 derom
644 813 77 28 gjorda
731 813 109 28 förfrägan
852 813 56 22 oför-

163 847 91 22 ändradt
270 848 23 21 af
306 847 150 28 ridderskapet
471 848 40 21 och
526 848 64 21 adeln
605 848 117 28 godkändt.

230 882 219 30 Nästderpäföljande
468 883 12 21 &
500 883 60 21 sidan
582 884 22 21 11
622 884 111 28 upptagna
751 886 102 26 moment,
872 892 36 13 an-

163 918 83 29 gäende
268 919 105 21 utseende
397 919 22 21 af
440 919 47 28 fyra
513 919 113 27 revisorer,
647 919 33 21 för
696 921 32 19 att
743 919 106 29 deltaga
842 914 14 38 i
866 920 41 21 den

162 954 102 27 revision,
281 961 45 14 som
342 955 110 28 primitiva
468 955 39 21 och
522 955 215 28 hypoteksfonderna
747 955 83 29 ärligen
841 956 67 21 borde

163 989 103 28 undergä,
282 991 77 26 antogs
374 990 27 28 pä
417 991 42 20 sätt
475 990 115 21 utskottets
606 990 136 21 betänkande
757 991 75 21 härom
847 992 61 21 inne-

163 1025 74 20 häller.

230 1058 139 22 Beträffande
389 1060 46 21 åter
456 1060 36 21 det
511 1060 94 21 derefter
624 1060 12 21 &
651 1067 82 14 samma
749 1060 46 21 sida
810 1060 6 21 i
832 1061 75 21 betän-

162 1094 80 22 kandet
262 1094 177 21 förekommande
461 1097 97 19 moment
578 1102 34 14 om
633 1095 104 21 utseende
757 1096 24 20 af
799 1096 108 21 bankfull-

162 1129 106 27 mäktiges
284 1128 40 21 och
339 1129 118 21 revisorers
473 1130 139 27 suppleanter
627 1129 86 28 yttrade

229 1164 58 20 Herr
310 1163 90 27 Späre,
423 1164 26 20 K.
472 1164 46 21 W.:
546 1164 112 21 Utskottet
680 1164 39 21 har
741 1164 111 27 förutsett,
875 1167 33 19 att

161 1198 140 28 suppleanter
317 1198 70 20 skulle
402 1198 113 27 behöfvas,
532 1206 49 13 men
596 1198 48 21 icke
655 1198 103 22 förutsett
769 1198 40 22 den
821 1200 87 28 möjlig-

161 1233 43 26 het,
220 1235 32 19 att
266 1232 54 21 bäde
336 1232 138 28 suppleanter
486 1234 38 20 och
536 1233 135 27 fullmäktige
682 1233 75 21 kunna
767 1234 97 27 upphöra
876 1237 31 18 att

161 1267 69 20 finnas
244 1268 67 18 innan
327 1268 62 18 nästa
404 1268 110 26 landtdag,
530 1268 40 19 och
585 1268 38 19 har
639 1268 84 20 säledes
739 1268 20 26 ej
771 1268 69 20 heller
851 1268 54 20 före-

160 1301 65 27 slagit
240 1301 66 27 nägot
321 1302 53 24 sätt,
389 1300 55 21 huru
460 1301 41 20 den
518 1301 119 27 organism,
653 1308 45 13 som
714 1301 69 21 kallas
799 1302 107 20 bankfull-

160 1335 103 27 mäktige,
279 1334 54 22 skall
349 1334 67 21 hällas
432 1335 37 21 vid
484 1335 31 27 lif,
531 1336 6 20 i
554 1335 38 21 fall
607 1334 26 22 de
649 1335 138 28 fullmäktige
803 1336 38 20 och
857 1343 48 21 sup-

159 1370 105 27 pleanter,
281 1376 45 13 som
342 1376 30 13 nu
386 1369 75 21 kunna
476 1371 68 26 utses,
560 1370 66 20 innan
642 1371 62 19 nästa
720 1370 103 28 landtdag
836 1370 70 22 skulle

159 1403 27 21 dö
210 1403 53 21 eller
286 1403 27 28 pä
334 1405 66 19 annat
420 1405 42 19 sätt
482 1404 118 21 försvinna.
636 1404 43 20 Det
698 1406 23 18 är
737 1411 26 14 en
780 1405 62 26 brist,
859 1412 46 14 som

160 1438 68 28 enligt
248 1438 26 20 de
294 1438 87 28 äsigter,
402 1438 74 22 hvilka
496 1439 7 20 i
524 1438 118 22 allmänhet
661 1439 59 27 gjort
735 1439 34 28 sig
784 1439 122 29 gällande
893 1434 17 38 i

158 1472 117 24 utskottets
296 1473 91 30 förslag,
403 1473 47 21 icke
466 1474 44 21 kan
525 1474 108 30 afhjelpas
648 1474 28 29 pä
691 1476 67 20 annat
774 1476 42 20 sätt
831 1476 27 20 än
874 1476 31 21 att
