998 1709
206 130 39 23 176

175 196 47 22 lösa
242 196 48 21 sina
309 197 69 26 noter,
399 202 49 16 men
467 196 110 28 nödgades
597 195 47 22 åter
665 197 78 27 stoppa
764 196 61 27 1819,
841 195 27 21 då
889 195 36 21 det

177 230 116 29 stadgades
313 232 32 19 att
363 231 42 21 den
420 238 52 14 vore
488 231 87 28 skyldig
591 233 32 19 att
639 231 69 21 inlösa
724 231 48 20 sina
785 232 62 19 noter
864 230 61 21 1823.

176 265 50 22 Den
237 265 72 21 kunde
320 265 55 21 dock
386 266 62 27 börja
458 266 89 21 dermed
557 266 68 21 redan
638 266 51 20 1821
702 266 42 20 den
756 266 9 19 1
779 266 51 27 maj.
854 264 72 22 Sedan

177 299 48 21 dess
241 299 38 21 har
295 298 42 21 den
352 298 48 21 icke
417 300 94 27 stoppat.
533 299 64 21 Huru
610 299 42 21 den
667 299 173 28 parlamentsakt
850 305 35 14 ser
896 300 30 25 ut,

177 341 47 14 som
239 333 70 21 skulle
325 333 118 28 berättigat
455 333 85 22 banken
552 335 31 20 att
593 333 87 21 inställa
692 334 33 21 sin
736 333 191 28 metallutvexling

177 369 24 20 år
222 368 63 27 1830,
307 367 36 22 det
363 368 70 21 skulle
451 369 40 27 jag
512 369 37 21 bra
569 375 68 21 gerna
655 375 29 14 se.
714 368 64 21 Hvad
793 368 67 28 angår
876 369 50 20 herr

177 403 146 22 Silfversvans
338 403 108 28 yttrande,
462 404 32 20 att
510 404 43 21 han
568 403 20 28 ej
605 405 36 19 vet
655 403 56 21 huru
725 403 43 22 han
779 403 55 21 skall
844 405 82 25 votera,

178 439 24 20 sä
221 437 117 22 förundrar
358 438 36 21 det
409 439 51 27 mig,
476 440 31 19 att
525 439 43 21 han
583 440 72 19 ansett
670 438 76 28 nödigt
762 440 32 19 att
809 438 117 21 tillkänna-

177 473 60 28 gifva
257 473 34 21 för
311 473 91 27 ständet,
419 473 37 22 det
471 473 42 22 han
529 474 20 28 ej
565 473 40 22 har
620 474 72 27 nägon
708 473 63 28 äsigt.
800 473 59 21 Herr
875 473 51 21 Silf-

177 515 91 14 versvan
282 508 39 21 har
337 510 58 25 sagt,
411 510 31 19 att
458 508 36 21 det
509 509 36 21 vid
561 515 26 14 en
603 509 105 20 missvext
723 508 71 21 skulle
809 509 28 27 gä
848 510 22 19 ut
882 508 45 21 silf-

177 549 38 15 ver
233 543 41 20 och
289 544 33 19 att
337 543 37 20 det
389 550 51 14 vore
456 543 58 21 svärt
530 550 44 21 om,
590 543 88 28 tillfölje
694 543 24 20 af
731 543 36 21 det
782 543 143 27 förhällande,

177 584 47 15 som
239 577 40 21 här
294 577 72 22 blifvit
383 577 107 22 bestämdt
505 578 80 21 mellan
601 577 75 22 silfver
692 577 40 22 och
748 578 77 26 sedlar,
840 577 87 22 eländet

176 612 71 21 skulle
267 611 53 22 ökas
341 619 78 21 genom
440 612 54 21 brist
513 613 29 28 pä
562 612 221 22 cirkulationsmedel.
813 612 43 28 Jag
875 612 52 21 ville

177 647 110 26 anmärka,
303 648 32 20 att
350 647 50 21 herr
416 647 133 22 Silfversvan
566 648 20 27 ej
601 647 75 28 tyckes
686 647 65 22 hafva
760 647 60 28 gjort
831 647 33 28 sig
874 647 53 21 reda

177 681 34 22 för
226 683 32 20 att
273 681 87 22 eländet
375 681 70 22 skulle
462 682 52 21 ökas
529 682 83 21 kanske
623 681 7 21 i
641 682 111 21 tiodubbel
768 682 75 27 måtto,
854 681 73 22 derest

177 717 87 21 banken
283 717 105 28 stoppade
409 717 33 22 sin
463 717 189 28 silfverutvexling
674 717 40 21 och
737 717 98 21 bankens
854 716 72 22 sedlar

177 752 69 21 skulle
267 751 52 22 falla
338 751 34 21 till
393 752 134 27 enfjerdedel
547 752 25 21 af
589 752 39 21 sitt
647 751 73 22 värde.
750 752 43 27 Jag
811 752 69 21 måste
899 753 28 27 på

176 789 62 21 dessa
254 787 48 22 skäl
317 787 61 28 yrka,
393 789 31 19 att
439 787 50 21 hela
505 787 58 21 detta
577 789 96 19 moment
688 787 67 21 måtte
771 787 53 28 utgå
839 787 40 21 och
894 789 33 20 att

177 824 36 21 det
228 822 109 22 bestämdt
351 821 107 22 förklaras
474 823 37 26 att,
523 823 24 20 så
560 823 61 20 snart
631 821 188 29 silfverutvexling
830 829 26 14 en
867 823 60 27 gång

177 859 78 28 börjat,
271 858 55 21 skall
342 857 165 21 silfvermarken
523 864 52 14 vara
587 857 37 20 det
635 857 55 20 enda
699 857 83 28 lagliga
791 857 135 28 betalnings-

177 893 71 22 medel
263 893 7 20 i
285 892 83 27 landet,
384 892 112 21 äfvensom
515 893 32 20 att
566 899 34 13 om
615 891 87 21 banken
718 892 48 20 icke
782 892 80 27 fullgör
879 892 47 21 sina

177 927 154 30 skyldigheter,
347 926 42 22 den
405 927 35 20 må
455 926 64 21 ställa
534 927 33 27 sig
583 926 80 21 allmän
678 926 37 28 lag
729 926 32 21 till
773 926 152 21 efterrättelse.

244 962 59 21 Herr
318 967 42 15 von
375 961 154 21 Bonsdorff:
545 961 58 21 Herr
617 961 82 20 Linder
714 961 39 20 har
763 960 93 21 bestridt
866 961 59 21 mina

177 997 116 30 uppgifter.
324 996 43 29 Jag
387 997 39 20 har
447 996 138 29 naturligtvis
606 997 19 27 ej
643 996 51 28 sjelf
707 996 143 28 komponerat
866 996 59 27 dem;

173 1034 41 28 jag
221 1033 39 20 har
268 1032 84 21 hemtat
363 1031 47 21 dem
422 1031 57 21 ifrån
487 1031 100 28 Agardhs
599 1031 40 21 och
647 1031 139 28 Ljungbergs
794 1031 132 28 förträffliga

176 1068 90 21 arbeten
281 1067 7 20 i
303 1066 131 27 statistiken,
450 1066 49 21 dem
512 1067 40 27 jag
567 1066 68 21 måste
646 1066 72 21 lemna
728 1072 60 15 mera
798 1065 127 22 förtroende

175 1105 28 19 än
223 1103 22 20 åt
263 1102 50 20 herr
333 1101 93 20 Linders
446 1101 145 20 bestridande.
621 1100 64 21 Hvad
704 1101 102 20 beträffar
821 1101 50 20 herr
887 1101 37 20 Jä-

175 1136 105 29 gerhorns
300 1135 101 28 yttrande
422 1142 34 14 om
476 1135 131 28 tvångskurs
623 1135 39 20 och
678 1135 27 21 de
721 1135 89 28 olyckor
825 1135 40 21 och
881 1135 43 21 för-

175 1172 75 26 luster,
266 1177 46 14 som
328 1170 7 21 i
350 1169 105 22 händelse
470 1169 25 21 af
507 1169 229 28 silfverutvexlingens
750 1168 118 29 stoppning
881 1170 43 21 för.

176 1207 84 20 menats
275 1205 133 27 uppkomma
423 1204 33 21 för
471 1204 54 21 hvar
541 1204 39 21 och
595 1211 35 19 en,
646 1211 46 14 som
706 1204 108 21 innehade
826 1203 98 22 bankens

175 1239 124 21 oinlösbara
319 1239 77 24 sedlar,
413 1239 23 20 så
455 1239 40 20 har
512 1239 40 26 jag
572 1239 71 26 aldrig
662 1241 42 18 sett
724 1239 100 26 exempel
846 1239 77 26 derpå,

174 1280 50 15 men
245 1273 34 20 väl
299 1273 28 26 på
347 1273 126 20 motsatsen.
503 1271 82 21 Finska
606 1271 86 22 banken
713 1272 105 28 stoppade
840 1272 83 21 silfver-

173 1307 142 28 utvexlingen
331 1305 68 22 redan
416 1307 64 26 1856;
496 1313 49 14 men
561 1306 66 28 ingen
642 1305 39 22 har
694 1307 39 27 jag
748 1307 50 20 hört
812 1307 69 21 under
896 1307 27 21 ti-

173 1343 42 20 den
231 1348 52 15 anse
299 1341 33 28 sig
347 1343 96 26 tvungen
458 1341 36 21 vid
513 1341 163 28 emottagandet
691 1341 24 21 af
727 1341 129 29 penningar,
871 1341 52 30 inga

173 1377 90 28 olyckor
279 1376 54 21 eller
351 1376 103 21 förluster
469 1376 39 21 har
523 1375 24 22 af
560 1376 229 29 silfverutvexlingens
804 1377 119 28 stoppning

171 1412 108 28 försports
298 1411 36 21 vid
355 1411 41 20 den
416 1411 190 26 inrikesrörelsen,
622 1413 52 19 utan
690 1413 94 19 tvertom
799 1412 65 21 hafva
879 1412 43 21 alla

173 1446 78 24 affärer
270 1446 59 21 inom
349 1445 74 21 landet
442 1446 46 28 gått
503 1446 32 21 sin
555 1445 89 28 vanliga
658 1446 68 28 gång,
742 1446 57 22 helst
814 1447 53 21 hvar
882 1447 40 21 och
