1006 1711
790 113 39 23 711

110 177 89 23 komma
213 178 8 21 i
236 177 71 29 fråga,
320 177 83 29 jemväl
417 178 131 29 uppskattad
562 180 24 20 af
598 179 95 29 ojäfvige
708 180 40 21 och
763 179 95 23 sakkun-

111 213 50 27 nige
181 214 58 26 män,
259 213 24 21 af
300 212 75 22 hvilka
390 214 135 26 guvernören
541 214 40 21 och
597 214 41 22 den
654 214 126 23 afträdande
794 215 63 22 hvar-

110 247 52 21 dera
184 249 48 20 utse
254 247 73 21 halfva
350 247 92 27 antalet;
466 254 49 14 men
537 248 130 22 försummar
686 249 124 22 afträdaren
827 252 30 19 att

109 281 58 21 inom
189 281 42 21 den
250 282 24 20 af
291 283 136 27 guvernören
444 283 80 20 utsatta
538 282 31 21 tid
585 283 100 28 begagna
700 283 33 28 sig
748 284 24 20 af
786 284 71 21 denna

109 317 54 25 rätt,
179 316 34 21 mä
229 315 42 22 alla
287 315 232 28 värderingsmännens
535 317 147 21 utnämnande
698 317 115 22 ankomma
828 318 29 27 pä

108 351 137 26 guvernören
266 357 81 15 ensam.
377 350 72 22 Sedan
465 350 144 29 värderingen
624 351 8 21 i
647 351 145 22 föreskrifven
808 352 48 22 ord-

108 385 54 28 ning
181 385 126 30 försiggätt,
327 392 40 21 ege
386 387 135 26 guvernören
538 387 56 20 sätta
609 385 41 22 den
666 393 46 14 som
727 387 108 21 vederbör
849 388 8 21 i

109 419 120 29 besittning
248 420 24 21 af
290 420 36 21 det
346 420 33 21 till
400 420 126 22 afträdande
541 420 113 22 bestämda
670 421 103 27 omrädet,
787 422 69 27 jemte

109 455 52 22 derä
180 455 114 28 befintliga
314 455 126 28 byggnader
461 455 39 22 och
518 455 152 28 inrättningar,
690 457 58 20 emot
763 455 93 22 utbetal-

108 490 53 29 ning
183 490 23 21 af
227 490 231 27 ersättningssumman
482 489 34 22 till
535 490 132 29 jordegaren
689 490 53 21 eller
756 490 99 22 innehaf-

107 531 73 20 varen,
196 525 39 22 och
251 526 53 20 utan
319 525 76 21 hinder
411 524 24 21 af
446 525 57 27 tvist,
514 532 46 14 som
572 522 112 31 angäende
695 525 161 29 ersättningens

106 559 79 29 belopp
200 559 43 22 kan
259 561 64 27 göras
339 559 116 29 anhängig.
477 559 45 22 Vill
537 560 43 21 han
596 560 41 20 den
654 561 20 27 ej
691 560 61 27 lyfta,
768 560 53 20 eller
833 563 23 18 är

107 593 135 30 egendomen
263 594 116 22 intecknad
398 594 40 21 och
453 595 89 28 uppstär
558 594 93 22 emellan
666 594 80 22 honom
763 594 39 22 och
818 601 37 15 an-

108 629 38 21 dra
169 629 52 21 tvist
244 636 34 14 om
301 629 72 21 bättre
393 630 44 20 rätt
456 629 34 21 till
510 629 97 27 medlen,
629 628 35 22 mä
680 628 26 22 de
722 629 110 21 nedsättas
848 630 7 20 i

106 664 82 21 ränteri
211 664 54 21 eller
285 664 40 21 hos
347 664 73 28 nägon
442 664 63 21 säker
524 664 166 28 räntegifvande
705 664 90 27 anstalt,
811 664 44 21 tills

107 698 80 22 tvisten
202 700 23 20 är
241 698 86 29 afgjord
348 698 53 22 eller
420 698 122 22 afträdaren
558 698 34 22 för
606 698 96 28 lyftning
716 698 25 21 af
752 698 37 22 det
803 698 53 22 ned-

106 735 56 20 satta
177 733 74 22 ställer
267 733 100 29 nöjaktig
381 732 108 22 säkerhet.
512 732 85 22 Varder
607 733 122 28 stridighet,
741 740 34 14 om
786 734 69 20 större

106 767 88 23 omräde
209 768 58 21 lösas
281 767 63 28 skall,
359 767 54 22 eller
428 775 33 14 om
478 768 71 21 lösens
565 767 87 29 belopp,
663 767 92 22 förfares
766 767 89 23 dermed

106 803 69 22 såsom
191 803 120 22 nedanföre
327 802 107 29 stadgas."

173 896 88 22 Ankom
283 902 27 15 en
333 895 126 29 deputation
479 895 49 22 från
552 894 158 22 bondeståndet
730 895 67 22 under
816 902 37 14 an-

105 930 90 23 förande
216 930 24 22 af
256 930 211 28 landtdagsmannen
489 930 112 29 Hagman,
620 936 45 15 som
681 930 76 28 inbjöd
771 930 83 21 ridder-

106 965 77 29 skapet
198 965 40 22 och
254 965 63 21 adeln
333 966 32 20 att
379 964 87 29 deltaga
480 964 7 22 i
504 964 176 27 bondeståndets,
696 964 35 22 vid
742 964 111 28 föredrag-

104 1000 83 28 ningen
202 1000 24 21 af
239 1001 155 20 sammansatta
409 1000 45 27 lag-
470 1000 40 21 och
526 999 234 22 ekonomieutskottets
778 999 75 21 betän-

105 1034 72 22 kande
199 1035 7 21 i
229 1034 120 28 anledning
369 1033 25 22 af
414 1034 79 28 nådiga
512 1034 165 28 propositionen
693 1040 35 15 n:o
744 1034 26 21 48
786 1034 67 28 angå-

105 1068 54 22 ende
176 1068 127 29 legostadga
318 1069 34 21 för
366 1068 124 22 husbönder
505 1068 41 22 och
561 1068 141 29 tjenstehjon,
718 1068 82 22 fattade
817 1069 35 21 be-

104 1104 52 26 slut,
172 1105 33 20 att
219 1105 68 20 rätter
305 1103 143 29 legostämma
466 1103 70 21 skulle
551 1110 51 14 vara
618 1103 47 21 från
681 1103 42 21 den
740 1104 9 20 1
765 1104 87 27 januari

105 1139 33 21 till
161 1145 82 14 samma
265 1138 32 21 tid
318 1138 47 21 året
387 1137 102 27 derefter,
508 1137 50 22 med
572 1138 102 21 tillåtelse
690 1139 32 20 att
737 1138 7 20 i
759 1138 49 20 stad
822 1138 31 21 af-

105 1173 57 21 sluta
180 1173 50 28 lega
249 1172 34 21 för
297 1171 56 22 halft
371 1172 30 26 år,
417 1171 53 22 eller
486 1172 47 21 från
550 1171 41 22 den
608 1173 9 19 1
632 1172 88 27 januari
735 1172 32 20 till
782 1172 42 21 den
841 1173 10 20 1

102 1207 43 28 juli
166 1207 40 21 och
226 1207 49 22 från
293 1207 42 22 den
352 1207 9 20 1
375 1206 42 28 juli
432 1206 33 21 till
480 1206 42 22 den
539 1206 9 21 1
563 1206 88 28 januari
666 1206 95 28 följande
775 1206 31 26 år,
822 1206 30 21 äf-

104 1248 89 15 vensom
215 1243 31 20 att
266 1241 134 28 tjenstelijon
421 1241 20 27 ej
458 1240 69 21 skulle
543 1247 41 22 ega
599 1242 43 19 rätt
657 1243 31 18 att
704 1241 24 20 af
741 1240 111 21 husbonde

104 1275 73 23 fordra
193 1275 127 22 orlofssedel
339 1275 45 21 förr
399 1276 26 20 än
442 1274 41 22 den
501 1275 9 21 1
528 1275 122 26 november,
666 1275 47 21 ifall
728 1275 49 21 dess
793 1275 59 27 lego-

104 1313 93 19 stämma
212 1311 91 28 utginge
319 1309 40 22 den
376 1310 10 21 1
400 1309 94 29 januari,
510 1309 41 22 och
565 1309 48 21 icke
629 1309 45 22 förr
688 1311 27 20 än
726 1309 41 22 den
779 1310 11 21 1
801 1309 51 28 maj,

104 1345 7 20 i
127 1344 103 22 händelse
245 1344 158 27 legostämman
419 1343 157 28 tilländaginge
592 1344 41 19 den
651 1344 8 19 1
674 1343 48 28 juli.

172 1377 163 29 Deputationen
350 1376 102 22 tackades
468 1376 40 22 och
524 1376 105 21 afträdde.
