1006 1700
784 114 41 21 103

102 178 7 21 i
124 177 114 29 kollegier,
259 186 45 14 som
326 179 61 21 bestå
407 179 24 21 af
447 179 57 21 färre
520 179 125 22 ledamöter.
666 176 53 26 Det
734 180 69 22 finnes
820 181 31 21 ett

102 213 104 29 gammalt
220 213 85 21 ordstäf
318 214 6 20 i
340 213 41 21 den
397 216 77 25 vägen,
490 221 46 15 som
552 214 39 22 har
606 215 32 21 sin
654 215 137 28 fullkomliga
805 216 44 20 rik-

101 247 70 27 tighet
187 247 39 21 och
242 248 7 20 i
265 248 33 20 sin
314 248 139 28 tillämpning
468 248 97 28 betyder,
580 251 33 18 att
627 250 96 20 arbetets
734 249 81 29 godhet
829 250 20 27 ej

100 281 63 21 alltid
179 282 62 21 beror
256 282 28 28 på
300 282 108 28 mängden
423 283 23 20 af
460 283 106 21 arbetare.
597 283 42 28 Jag
654 290 65 14 anser
733 284 87 21 derföre
836 284 13 20 4

99 322 105 22 personer
224 323 52 14 vara
296 324 43 20 nog
357 317 34 21 för
406 318 31 20 att
453 317 62 21 sköta
531 317 63 21 äfven
611 318 26 20 de
653 318 82 28 vigtiga
750 318 99 26 ärender,

100 357 45 15 som
167 350 87 22 komma
274 352 31 20 att
325 352 77 27 utgöra
422 352 91 20 föremål
533 352 34 20 för
587 352 208 28 bankfullmäktiges
811 353 37 21 be-

98 385 106 27 handling
224 385 40 21 och
284 386 72 27 någon
372 386 117 27 tillökning
503 386 7 21 i
527 386 59 21 detta
601 387 59 21 antal
675 387 84 21 således
775 388 20 26 ej
811 388 37 20 be-

99 420 82 20 höfvas.
204 419 106 21 Deremot
326 426 63 22 synes
405 420 45 28 mig
465 422 32 18 ett
511 420 120 28 stadgande
646 421 8 21 i
670 421 36 21 det
721 421 64 28 syfte,
801 428 45 14 som

98 454 50 20 herr
164 460 42 14 von
221 454 119 21 Bonsdorff
352 454 123 28 föreslagit,
494 454 133 22 beträffande
642 455 36 21 det
693 456 79 20 minsta
788 456 59 20 antal

98 488 23 21 af
134 488 203 28 bankfullmäktige,
354 495 45 14 som
415 488 54 28 egde
485 488 177 27 beslutanderätt,
674 496 52 14 vara
736 489 23 21 af
768 490 78 26 nöden,

98 524 22 26 ty
136 523 33 21 för
185 522 41 22 den
242 523 103 21 händelse
361 525 31 19 att
405 523 28 21 H.
450 522 60 28 Kejs.
527 523 62 28 Maj:t
604 524 127 27 godkänner
749 524 97 20 ständer-

97 564 39 15 nas
157 557 165 28 ifrägavarande
342 557 161 28 framställning
523 558 40 21 och
583 558 87 21 banken
691 558 90 21 sälunda
800 558 45 21 mä-

96 591 72 22 hända
182 592 7 20 i
205 599 27 14 en
248 599 50 14 snar
313 591 88 22 framtid
417 592 97 21 kommer
530 594 31 19 att
577 593 144 21 öfverlemnas
735 593 34 20 till
787 595 58 19 stän-

96 626 78 22 dernas
189 627 140 27 förvaltning,
345 627 68 21 mäste
428 626 196 29 bankfullmäktige
640 627 66 21 redan
723 627 35 21 vid
774 627 72 22 denna

96 661 104 28 landtdag
215 662 59 19 utses
290 661 32 20 för
338 662 31 19 att
384 661 61 21 träda
460 661 7 20 i
481 661 129 28 utöfningen
621 661 24 21 af
653 662 48 21 sina
711 662 133 27 funktioner,

96 695 40 21 och
152 695 123 21 det-kunde
291 695 27 21 dä
333 695 66 21 redan
416 696 68 20 första
499 695 70 28 dagen
585 696 23 20 af
620 696 62 21 deras
693 703 150 14 sammanvaro

95 729 93 26 inträffa,
204 731 32 19 att
251 729 36 21 det
303 729 71 21 blefve
389 729 91 22 föremäl
495 730 33 20 för
544 730 76 20 tvifvel
634 730 38 21 hos
683 730 160 21 bankfullmäk-

94 765 54 27 tige,
165 764 105 20 huruvida
286 765 13 19 3
314 764 24 20 af
352 763 48 21 dem
416 765 37 19 äro
469 763 103 28 behörige
588 765 32 20 att
633 765 55 20 fatta
699 764 77 21 beslut.
799 764 44 22 En-

95 798 40 28 ligt
150 798 44 21 min
210 798 66 21 tanke
297 798 68 21 mäste
381 797 64 22 alltsä
460 798 65 21 ocksä
539 798 71 21 denna
625 798 62 28 fräga
702 805 29 14 nu
747 799 24 20 af
784 800 58 19 stän-

94 833 68 20 derna
177 832 96 28 afgöras,
289 831 101 22 hvarföre
403 833 39 27 jag
452 832 128 28 tillstyrker,
591 834 32 19 att
634 832 65 21 bland
710 833 27 20 de
747 833 96 28 speciela

94 867 142 28 stadganden,
252 873 46 14 som
313 867 76 28 längre
404 867 55 20 fram
475 867 7 20 i
498 867 148 20 betänkandet
661 867 135 21 förekomma
810 868 33 20 till

94 901 145 21 efterrättelse
255 901 33 21 för
304 901 202 28 bankfullmäktige,
522 901 64 21 äfven
597 901 35 21 mä
642 901 77 28 inflyta
729 902 113 21 föreskrift

93 936 82 21 härom.

163 969 80 22 Grefve
264 970 104 21 Creutz:
389 970 43 27 Jag
451 970 38 21 ber
507 969 77 22 endast
599 972 32 19 att
645 971 22 20 fä
683 970 85 21 bemöta
783 971 58 20 ännu

94 1006 30 20 ett
144 1004 101 28 yttrande
266 1004 24 21 af
308 1004 50 21 herr
377 1011 42 14 von
440 1004 122 21 Bonsdorff.
595 1004 58 21 Herr
668 1011 41 14 von
725 1004 118 21 Bonsdorff

92 1040 39 20 har
146 1038 123 28 föreslagit,
285 1040 32 19 att
332 1038 7 21 i
356 1038 145 21 betänkandet
517 1038 64 21 äfven
597 1039 70 20 skulle
677 1038 52 28 ingä
740 1040 31 19 ett
784 1039 57 20 stad-

92 1074 70 28 gande
185 1073 29 28 pä
234 1073 56 21 hvad
312 1074 43 19 sätt
375 1073 34 21 val
429 1073 24 20 af
466 1072 137 28 fullmäktige
619 1073 55 20 skall
689 1073 96 28 försiggä
801 1073 40 20 och

92 1109 33 21 för
141 1108 32 21 sin
190 1107 35 22 del
241 1107 115 29 tillstyrkt,
372 1109 31 19 att
419 1107 36 21 det
470 1107 66 21 borde
552 1107 38 21 ske
604 1108 22 20 in
642 1107 72 29 pleno.
744 1107 43 28 Jag
803 1115 36 13 an-

92 1150 35 14 ser
146 1144 32 20 ett
198 1142 77 22 sädant
296 1142 118 28 stadgande
435 1142 90 28 onödigt
545 1142 40 21 och
600 1142 51 21 ville
668 1142 134 21 öfverlemna
817 1143 23 19 ät

92 1178 75 27 hvarje
187 1177 63 21 ständ
269 1178 32 20 att
320 1177 36 20 vid
375 1177 76 27 hvarje
472 1176 86 22 tillfälle
577 1177 86 21 komma
683 1176 101 21 öfverens
804 1184 35 13 om

91 1213 108 20 valsättet.
228 1212 44 21 För
293 1211 44 21 min
356 1211 35 21 del
407 1211 42 21 kan
462 1212 39 27 jag
516 1212 21 27 ej
553 1211 70 21 heller
637 1211 78 28 riktigt
729 1211 62 27 gilla,
808 1213 31 19 att

92 1247 36 21 det
148 1246 70 22 skulle
237 1247 22 20 fä
280 1246 50 21 bero
350 1246 29 27 pä
399 1252 27 14 en
446 1246 24 20 sä
489 1248 46 18 stor
550 1246 129 28 församling
694 1248 31 18 att
741 1246 98 28 afgöra
826 1242 15 36 i

91 1281 68 21 första
178 1281 120 26 instansen,
318 1286 35 15 om
370 1280 40 28 jag
426 1280 23 20 sä
464 1280 32 21 får
512 1281 62 27 säga,
589 1286 78 21 genom
684 1281 31 19 ett
731 1280 106 27 lyckträff.

91 1316 43 26 Jag
148 1316 70 20 skulle
233 1315 69 21 hellre
318 1314 27 21 dä
360 1314 74 26 önska,
450 1316 32 19 att
497 1314 86 21 ständet
598 1314 33 21 för
647 1314 74 28 hvarje
737 1314 58 28 gäng
806 1316 32 19 ut-

91 1349 65 21 sedde
177 1348 70 21 skilda
267 1348 114 26 elektorer,
401 1354 45 14 som
467 1347 54 27 egde
537 1349 31 19 att
583 1349 56 19 sätta
655 1348 56 20 vissa
726 1353 112 21 personer,

90 1383 33 21 till
140 1382 99 28 exempel
259 1384 76 19 trenne
350 1382 28 27 pä
393 1380 92 28 förslag,
500 1381 65 21 bland
580 1381 75 20 hvilka
670 1380 87 22 ständet
772 1381 66 21 sedan

90 1417 68 23 borde
178 1417 64 31 välja.
271 1416 63 26 Dock
353 1422 64 14 anser
435 1416 39 27 jag
493 1416 78 21 sädant
587 1416 52 20 böra
654 1415 52 29 bero
721 1415 28 29 pä
763 1411 75 42 hvarje
