1003 1709
194 138 40 20 224

233 202 59 21 Herr
312 208 41 15 von
373 202 78 26 Born,
472 202 19 20 J.
511 202 37 20 A.:
569 202 45 27 Mig
634 208 64 21 synes
718 203 32 19 att
770 202 35 21 det
824 202 8 21 i
847 202 66 28 ingen

165 237 104 21 händelse
292 236 58 21 lärer
372 237 27 28 gå
422 244 27 13 an
473 238 31 20 att
527 236 82 29 stadga,
627 236 36 21 det
678 236 184 29 bankfullmäktig
882 237 33 21 får

165 272 99 29 uppbära
284 272 33 20 sin
338 271 36 21 lön
394 271 54 21 först
468 271 66 22 sedan
555 271 42 21 han
618 271 92 21 tillträdt
729 272 33 21 sin
783 271 130 29 befattning,

166 307 90 21 emedan
271 306 63 21 desse
350 306 147 28 fullmäktige,
513 313 34 14 om
565 306 163 21 slutmomentet
743 306 6 21 i
766 306 148 22 betänkandet

166 341 126 28 godkännes
313 341 22 20 få
354 340 111 29 åtskilliga
485 341 126 21 funktioner
631 341 66 20 innan
714 341 26 20 de
755 341 92 21 tillträdt
867 341 47 22 sina

165 375 155 28 befattningar,
344 375 38 21 der
401 375 88 28 stadgas
507 375 110 28 nemligen
634 377 31 19 att
680 375 162 22 vederbörande
858 377 55 27 tjen-

166 413 91 25 stemän,
273 417 46 14 som
335 410 23 21 af
372 410 116 21 ständerne
504 413 69 24 utses,
590 411 54 27 egde
660 411 97 20 tillträda
772 411 48 21 sina
835 411 79 21 befatt-

165 445 85 29 ningar,
266 445 66 21 sedan
347 445 204 28 bankfullmäktige,
567 445 55 21 efter
638 453 114 20 noggrann
767 445 146 28 inventering,

165 481 28 27 på
213 480 128 21 ständernas
357 481 80 26 vägnar
453 480 117 28 öfvertagit
586 480 120 21 änberörde
722 480 83 21 fonder.
835 480 79 21 Inven-

165 515 73 28 tering
258 515 55 20 skall
331 514 84 21 således
435 515 68 28 enligt
519 515 72 21 denna
605 515 114 21 redaktion
735 515 96 28 försiggå
847 516 66 21 innan

165 549 138 28 fullmäktige
319 549 92 21 tillträdt
427 549 48 21 sina
489 549 155 29 befattningar.
668 549 92 29 Obilligt
775 557 50 14 vore
842 552 32 19 att
888 551 27 20 de

165 584 48 21 icke
229 584 70 21 skulle
315 583 22 21 få
352 583 67 28 något
434 583 79 22 arvode
530 584 68 21 under
611 584 175 29 inventeringen,
797 587 52 19 utan
861 585 54 21 först

165 619 49 21 från
234 618 41 21 den
295 617 32 22 tid
347 618 26 21 de
391 618 92 21 tillträdt
499 619 48 20 sina
562 619 155 28 befattningar,
734 620 68 21 ehuru
817 620 98 21 invente-

165 654 49 27 ring
230 653 50 21 sker
295 653 65 20 förut.
384 653 42 28 Jag
441 661 65 14 anser
522 653 72 22 derför
610 654 36 21 det
661 654 25 21 af
697 654 50 21 herr
757 654 157 28 Björkenheim

165 688 125 27 föreslagna
305 687 100 28 tillägget
420 688 47 21 helt
482 689 38 20 och
537 688 67 21 hållet
620 689 96 28 onödigt,
728 696 50 14 men
794 689 121 28 tillstyrker

165 725 32 18 att
212 722 118 27 meningen
345 722 35 21 må
396 723 147 28 omredigeras
558 723 99 20 sålunda:
671 726 31 18 att
717 724 197 28 bankfullmäktige

166 765 27 14 m.
209 757 21 21 fl.
248 757 68 27 ,egde
336 756 97 22 tillträda
453 757 47 22 sina
515 757 155 29 befattningar,
686 758 75 22 dervid
776 759 138 29 fullmäktige

165 792 85 27 främst,
267 792 56 20 efter
342 798 112 22 noggrann
474 793 148 28 inventering,
638 793 27 27 på
686 793 127 21 ständernas
832 796 83 26 vägnar

166 827 112 28 öfvertaga
294 826 120 22 änberörde
430 827 96 21 fonder."

233 861 47 22 Och
300 869 47 14 som
363 862 96 27 ståndet,
475 863 28 28 på
518 863 74 21 derom
608 863 24 21 af
646 863 50 21 herr
712 863 201 22 landtmarskalken

165 897 62 28 gjord
242 897 167 28 framställning,
420 897 114 28 godkände
550 897 42 22 den
607 898 24 21 af
644 898 100 22 sednaste
760 899 83 21 talaren
858 899 56 21 före-

165 932 76 28 slagna
261 931 293 29 redaktionsförändringen,
578 932 69 21 skulle
668 933 163 22 slutmomentet
850 934 7 21 i
878 934 36 21 be-

165 966 120 21 tänkandet
300 967 6 19 i
323 966 96 27 enlighet
435 967 86 22 dermed
539 967 153 28 omredigeras.

232 1000 59 21 Herr
306 1000 200 22 landtmarskalken
522 1002 105 27 tillfrågte
642 1002 52 21 härå
705 1002 92 27 ståndet,
808 1002 107 22 huruvida

165 1036 36 20 det
216 1035 103 26 önskade,
330 1037 32 18 att
376 1035 57 21 valet
448 1036 23 20 af
485 1036 235 28 banktjenstemännen
736 1037 70 20 skulle
822 1037 38 21 ske
876 1045 39 20 per

166 1071 80 20 classes
262 1070 54 20 eller
331 1077 38 20 per
386 1070 80 27 capita,
483 1071 52 20 derå

232 1104 58 21 Herr
305 1111 43 14 von
363 1104 146 22 Bonsdorff
521 1105 93 28 yttrade,
630 1107 32 19 att
677 1105 83 22 talaren
777 1107 67 27 ansåg
855 1107 59 20 detta

165 1139 34 22 val
215 1139 123 28 lämpligast
353 1138 53 21 böra
422 1139 97 29 försiggå
533 1147 40 21 per
589 1140 77 28 capita.

232 1173 58 22 Herr
306 1173 153 28 Schauman,
476 1175 33 20 A.:
525 1175 44 20 Det
579 1175 61 21 torde
651 1182 51 14 vara
714 1175 24 21 så
748 1175 87 28 mycket
846 1177 67 27 omöj-

165 1208 67 29 ligare
252 1209 32 20 att
299 1208 92 21 anställa
406 1209 57 20 valet
479 1209 103 27 klassvis,
599 1217 45 13 som
660 1210 75 27 hvarje
750 1210 57 21 klass
824 1211 90 20 sålunda

165 1243 72 21 kunde
253 1242 58 27 välja
326 1243 53 20 hvar
395 1243 33 20 sin
445 1243 22 21 af
481 1243 26 21 de
523 1246 33 18 tre
573 1244 12 20 å
600 1244 105 27 förslaget
720 1244 113 27 uppförde.

232 1276 47 22 Och
294 1276 82 21 beslöts
392 1278 31 19 att
438 1277 151 28 ifrågakomna
604 1277 34 21 val
653 1277 70 21 skulle
734 1278 38 21 ske
786 1285 39 21 per
835 1279 78 27 capita.

232 1311 34 21 De
282 1310 23 22 af
319 1310 86 22 ståndet
420 1311 7 21 i
443 1311 60 21 detta
519 1312 80 21 ärende
615 1312 83 21 fattade
714 1312 80 28 beslut,
810 1313 49 21 med
874 1320 39 14 un-

165 1346 81 28 dantag
264 1346 24 20 af
302 1346 98 21 besluten
416 1346 92 21 rörande
525 1348 65 20 sättet
605 1346 33 22 för
654 1347 136 21 anställande
806 1348 24 20 af
843 1348 34 20 val
892 1348 24 20 af

164 1380 128 22 änbemälde
311 1380 199 29 banktjenstemän,
527 1381 70 21 skulle
612 1388 79 22 genom
707 1382 79 28 utdrag
800 1390 25 14 ur
841 1385 72 26 proto-

163 1416 69 21 kollet
246 1415 106 29 delgifvas
368 1416 141 22 medstånden
521 1416 33 21 till
565 1416 122 22 kännedom
700 1419 56 19 samt
767 1418 146 28 expeditions-

164 1450 106 22 utskottet
289 1450 33 22 för
342 1450 42 22 den
400 1451 12 21 å
427 1451 107 22 utskottet
549 1452 158 22 ankommande
723 1452 76 29 åtgärd
813 1453 6 21 i
833 1454 80 22 ämnet.
