998 1709
756 125 39 23 301

146 192 145 30 »Godkänner
311 192 151 30 ridderskapet
482 192 39 23 och
541 192 64 23 adeln
626 192 26 23 10
671 193 12 29 &
702 193 24 22 af
741 194 84 21 utskot-

77 230 43 20 tets
135 228 167 29 ifrågavarande
317 228 137 21 betänkande
470 227 144 22 oförändrad?

145 262 50 22 Den
210 269 47 15 som
273 262 127 29 godkänner
415 261 92 22 berörde
518 262 18 28 $,
548 269 73 15 svarar
629 262 33 28 ja;
678 262 42 21 den
731 262 36 22 det
777 263 48 21 icke

78 299 46 26 gör,
139 304 74 15 svarar
228 297 43 28 nej.

145 331 85 22 Vinner
250 331 46 28 nej,
311 331 91 21 insättes
418 331 7 20 i
441 331 59 21 2:dra
521 337 64 14 mom.
601 330 56 22 efter
672 331 76 21 orden:
766 331 60 29 ,Tog

78 367 93 28 någon",
186 366 110 29 tillägget:
313 367 65 26 ,utan
394 367 32 20 att
441 365 53 22 söka
509 365 42 22 den
567 365 94 22 skadade
677 367 80 27 värja."

146 401 78 21 Denna
242 400 135 29 proposition
396 400 130 22 besvarades
545 399 51 22 med
611 400 59 21 såväl
682 401 25 27 ja
722 407 45 14 som
783 401 44 28 nej,

78 435 101 22 hvarföre
200 435 40 21 och
255 435 28 21 då
297 435 101 28 votering
412 435 115 28 begärdes,
548 434 76 21 skreds
642 435 33 20 till
691 435 135 28 omröstning

77 470 100 27 klassvis,
193 469 75 22 dervid
284 476 77 15 svaren
376 469 88 21 utföllo:

242 504 7 21 i
264 503 58 29 3:dje
337 503 29 21 kl.
382 503 50 21 med
448 504 26 21 17
485 504 29 29 ja
529 503 41 22 och
587 503 24 21 11
627 505 42 27 nej,

238 554 9 11 n»
263 538 60 21 2:dra
402 554 10 10 »
460 539 47 26 8n
544 553 9 12 n
599 538 52 26 5,

240 569 96 35 nlstä
355 569 21 35 9»
404 569 19 35 n»
462 569 45 35 81n
545 569 21 35 n»
599 573 13 20 4
642 588 9 11 n

148 606 60 22 Enär
227 607 163 28 propositionen
411 606 90 21 sälunda
521 606 60 21 inom
601 606 42 21 alla
663 608 33 19 tre
715 606 114 22 klasserna

80 642 112 21 besvarats
213 641 50 22 med
283 641 159 28 öfvervägande
460 641 34 28 ja,
509 648 38 15 var
561 640 97 22 ständets
674 641 79 28 beslut,
769 643 32 20 att
816 642 11 27 $

80 677 71 21 skulle
167 675 131 22 oförändrad
312 677 98 26 antagas.

148 712 12 27 8
177 712 24 20 11
218 711 93 28 gillades
326 712 52 19 utan
394 710 100 28 ändring.

148 746 63 21 Efter
226 745 37 22 det
278 746 11 27 &
306 746 26 21 12
347 745 71 21 blifvit
434 745 97 28 uppläst,
546 744 107 29 begärdes
668 745 61 21 ordet
744 745 24 21 af

149 781 58 21 Herr
222 780 96 29 Späre,
334 779 27 22 K.
377 779 44 21 W.:
437 779 43 28 Jag
494 779 40 22 har
549 779 115 28 ingenting
679 781 32 19 att
726 780 105 21 anmärka

82 817 59 20 emot
156 816 41 27 8:n,
213 821 46 15 som
275 815 71 20 blifvit
361 814 94 28 uppläst,
466 821 50 14 men
527 813 96 22 derefter
633 813 70 22 skulle
711 815 40 27 jag
761 815 69 21 önska

82 853 32 19 ett
134 850 83 28 tillägg.
246 849 12 22 I
279 849 55 22 1734
353 849 35 22 års
403 849 37 28 lag
456 849 93 28 stadgas,
564 849 33 21 att
612 855 34 15 om
662 850 79 21 tvenne
756 856 74 21 perso-

82 892 40 15 ner
136 885 54 21 räka
204 885 7 20 i
228 883 102 30 slagsmäl
343 884 40 21 och
399 890 64 21 sarga
472 883 122 22 hvarandra
605 883 125 28 ömsesides,
741 884 24 21 sä
775 884 56 21 skall

83 921 52 26 den,
150 919 90 22 hvilken
259 919 67 21 vällat
346 918 136 28 slagsmälet,
498 918 21 21 fä
539 917 50 22 fullt
609 924 85 21 ansvar,
715 925 51 14 men
781 918 50 28 den,

84 962 46 15 som
145 961 79 21 genom
240 953 42 22 den
297 953 67 22 andra
380 953 46 22 blef
439 952 74 22 inledd
529 952 52 27 deri,
593 952 76 21 endast
679 953 91 21 hälften.
792 953 39 21 Att

83 989 103 30 slagsmål
202 989 23 21 sä
240 988 104 29 försiggä,
359 989 32 20 att
406 987 36 21 det
458 988 19 27 ej
494 987 42 21 blir
551 987 47 28 slag
614 987 53 21 eller
682 987 150 29 kroppsskada

84 1026 13 21 8
112 1027 60 19 ömse
188 1023 64 28 sidor,
263 1023 32 21 lär
310 1022 54 21 höra
379 1022 33 21 till
428 1021 187 29 sällsyntheterna.
637 1021 42 28 Jag
695 1022 79 21 önskar
785 1022 47 21 der-

84 1060 47 21 före
146 1059 40 21 här
201 1058 35 21 det
251 1057 84 29 tillägg,
351 1058 32 20 att
398 1056 49 27 den;
462 1063 46 14 som
524 1056 55 21 efter
595 1055 36 22 det
645 1055 44 22 han
704 1056 47 21 blef
763 1057 68 20 anfal-

83 1095 44 26 len,
143 1093 78 22 skadar
236 1092 49 27 den,
300 1099 46 14 som
362 1091 74 27 anföll,
452 1091 70 21 skulle
536 1090 70 29 plikta
621 1090 77 21 endast
712 1089 84 23 hälften
809 1090 26 23 af

84 1129 57 21 hvad
156 1128 36 27 lag
207 1127 87 28 stadgar
309 1126 34 21 för
358 1125 42 22 den
416 1125 141 21 sistnämnde.

153 1163 56 21 Herr
230 1160 161 27 Grotenfelt,
405 1160 35 21 A.:
464 1159 6 21 I
484 1160 13 21 5
515 1160 12 27 $
546 1159 27 21 35
589 1159 50 31 kap.
654 1158 29 21 M.
699 1159 26 20 B.
740 1159 24 21 af
778 1160 55 21 1734

86 1197 34 22 års
140 1197 37 27 lag
196 1195 147 22 förekommer
362 1193 130 28 visserligen
512 1195 32 20 ett
563 1193 119 28 stadgande
702 1193 8 20 i
725 1193 36 21 det
777 1194 56 27 syfte

85 1231 51 22 herr
156 1230 68 29 Späre
245 1229 82 28 antydt.
356 1228 52 21 Men
428 1228 37 21 det
484 1235 39 15 var
538 1227 65 22 ocksä
618 1227 34 22 för
669 1228 54 20 1734
738 1227 35 22 ärs
787 1227 46 29 lag-

86 1266 85 21 stiftare
190 1271 27 15 en
232 1263 163 28 nödvändighet
410 1264 32 20 att
456 1263 7 20 i
478 1263 65 28 lagen
557 1261 74 22 införa
645 1263 32 20 ett
691 1261 70 29 dylikt
777 1262 56 21 stad-

87 1299 81 30 gande,
188 1298 91 22 emedan
294 1298 26 21 de
336 1298 62 21 fleste
414 1296 225 29 straffbestämningar
654 1296 7 21 i
678 1297 54 20 1734
747 1297 35 20 års
797 1297 37 28 lag

88 1337 37 18 äro
147 1333 105 22 absoluta.
280 1333 35 20 Då
334 1332 22 21 vi
376 1332 98 20 deremot
488 1339 30 13 nu
532 1332 80 25 antaga
627 1337 28 14 en
669 1331 43 26 lag,
727 1337 46 14 som
788 1331 46 20 helt

88 1368 40 21 och
150 1367 68 21 hället
239 1367 24 20 är
285 1365 99 29 grundad
402 1365 28 28 pä
448 1365 92 21 relativa
558 1363 233 27 straffbestämmelser,
811 1365 24 20 sä

87 1408 65 16 anser
170 1401 40 28 jag
224 1400 34 21 för
273 1400 45 21 min
333 1399 35 22 del
383 1401 32 20 ett
430 1398 119 29 stadgande
563 1397 8 22 i
587 1396 138 23 omförmäldt
739 1397 58 29 syfte
813 1397 20 31 ej

86 1443 52 16 vara
152 1436 25 22 af
188 1435 78 22 nöden.
