998 1703
188 145 42 22 340

226 211 11 20 I
260 210 71 21 denna
357 209 134 22 reservation
518 209 107 23 instämde
648 209 104 22 herrarne
776 209 133 29 Jägerhorn,

160 246 27 21 K.
204 245 28 27 J.,
248 252 41 15 von
306 245 127 27 Haartman,
449 244 34 28 V.,
500 245 84 27 Taube,
600 251 48 14 von.
657 244 84 22 Konow
757 245 39 21 och
812 244 24 21 af
848 243 62 22 Häll-

162 281 74 21 ström.

228 314 103 22 Friherre
346 313 95 22 Wrede
457 315 55 21 utlät
528 314 42 29 sig:
591 313 65 22 Emot
672 314 96 21 ståndets
784 321 29 14 nu
828 313 83 22 fattade

161 349 71 21 beslut
252 349 69 21 måste
342 348 63 21 äfven
423 348 40 28 jag
482 355 113 15 reservera
610 349 54 27 mig,
680 348 92 22 emedan
788 348 41 21 den
845 355 67 14 nuva-

140 386 11 5 ”
162 384 66 22 rande
252 382 157 30 generationen
433 383 126 28 derigenom
580 383 125 28 medgifvits
722 384 32 20 att
768 383 58 21 lefva
842 383 26 28 på
886 382 26 22 de

162 418 130 22 kommande
309 417 194 29 generationernas
519 418 125 21 bekostnad.

230 453 50 21 Med
303 452 93 21 friherre
418 452 82 22 Wrede
521 452 103 22 förenade
646 453 32 27 sig
699 452 103 22 herrarne
819 452 92 28 Gripen-

164 488 59 28 berg,
239 488 20 21 J.
275 486 28 22 U.
320 487 29 27 8.,
364 494 43 14 von
423 487 102 21 Schoultz
542 487 39 21 och
596 486 102 22 Etholén.

231 557 124 28 Föredrogs
375 557 78 28 utdrag
473 565 25 14 ur
516 557 171 28 prestaståndets
702 557 109 29 protokoll
827 557 34 21 för
877 559 36 19 nä-

164 592 136 23 dannämnde
317 592 66 28 dagar
398 592 147 21 innevarande
561 592 30 27 år,
607 593 23 20 så
645 591 103 29 lydande:

442 627 49 21 Den
509 627 25 21 15
548 627 94 28 januari.

232 661 139 28 Föredrogos
391 661 39 22 och
451 661 115 21 bordlades
586 662 34 20 till
638 663 62 20 nästa
714 661 88 29 plenum
818 662 96 28 följande

164 698 49 21 från
229 696 98 22 ståndets
343 696 98 21 enskilda
455 696 172 21 besvärsutskott
637 696 104 21 inkomna
751 696 164 22 betänkanden:

234 766 22 27 2)
272 765 7 21 i
295 764 118 29 anledning
429 765 23 21 af
465 764 152 29 kyrkoherden
633 766 27 20 A.
674 765 92 21 Heikels
776 766 92 28 petition
880 773 35 14 om

166 800 130 28 vidtagande
312 800 24 22 af
350 799 106 21 särskilda
476 800 99 29 åtgärder
590 800 33 21 till
632 800 152 28 förbättrande
800 801 29 28 af
841 802 74 20 krono-

167 837 151 21 länsmännens
341 834 108 28 ställning,
470 834 84 22 hvilket
574 834 137 21 betänkande
731 834 39 22 här
789 835 82 28 intogs,
892 836 25 21 så

165 870 103 29 lydande:

236 904 24 26 I
282 903 143 22 betraktande
449 903 70 28 deraf,
542 905 32 19 att
596 903 169 22 kronolänsmän
783 904 48 21 icke
847 904 68 22 sällan

167 940 64 26 högst
246 938 127 28 bristfälligt
389 938 40 20 och
442 938 151 27 ofullständigt
604 937 98 28 uppfylla
712 938 33 21 sin
756 938 160 28 bestämmelse,

167 972 88 23 hvartill
270 972 170 27 hufvudsakliga
455 972 119 21 orsakerna
589 971 67 21 borde
667 971 63 22 sökas
742 972 20 28 ej
774 972 84 22 mindre
868 973 48 21 der-

167 1008 42 26 uti,
225 1009 32 19 att
272 1007 26 20 de
315 1013 78 21 genom
409 1006 72 21 alltför
497 1007 46 20 små
558 1006 62 21 löner
636 1008 60 19 snart
712 1006 62 29 sagdt
789 1007 85 28 tvingas
886 1010 31 19 att

168 1041 68 22 skaffa
256 1041 34 28 sig
309 1040 156 28 biförtjenster,
485 1041 73 21 hvilka
577 1041 41 20 lätt
635 1040 74 21 kunna
724 1042 80 27 antaga
819 1048 27 15 en
862 1042 55 21 min-

166 1076 39 21 dre
228 1083 38 14 ren
290 1075 109 26 karaktär,
420 1077 27 19 än
467 1075 65 21 äfven
551 1075 55 26 deri,
623 1077 31 18 att
669 1075 99 21 bemälde
784 1077 132 27 tjenstemän

167 1112 57 19 ännu
244 1110 34 20 för
297 1109 88 28 mycket
400 1110 37 20 äro
454 1109 161 21 öfverlemnade
636 1109 22 21 åt
676 1111 173 26 guvernörernes
864 1112 53 27 god-

167 1145 74 28 tycke,
257 1143 100 22 hvarföre
373 1143 73 27 desse,
462 1144 67 21 likväl
549 1143 83 28 ganska
650 1144 92 28 vigtiga,
761 1145 92 27 tjenster
868 1146 49 21 icke

167 1180 64 20 sökas
246 1179 24 21 af
283 1178 56 27 dem,
355 1185 46 14 som
417 1178 64 21 hafva
497 1179 72 27 någon
585 1178 67 28 utsigt
666 1179 34 20 till
711 1185 26 15 en
748 1180 102 27 tryggare
861 1188 55 14 sam-

167 1212 170 28 hällsställning;
354 1212 63 21 alltså
433 1212 39 21 och
488 1213 28 28 på
532 1212 36 21 det
583 1212 72 22 denna
671 1213 115 28 olägenhet
801 1214 72 21 kunde
885 1215 32 21 af-

167 1247 84 27 hjelpas
268 1248 55 18 samt
339 1246 114 27 möjlighet
468 1246 91 21 beredas
575 1246 33 21 för
622 1247 165 27 ifrågavarande
800 1248 117 21 befattnin-

168 1287 49 21 gars
237 1279 129 21 besättande
386 1280 49 20 med
455 1280 72 20 dertill
543 1280 49 20 fullt
608 1280 87 28 duglige
711 1282 57 25 män,
784 1280 39 22 har
838 1282 79 28 kyrko-

166 1313 83 22 herden
272 1314 26 20 A.
322 1313 79 22 Heikel
421 1313 39 21 hos
481 1313 37 21 det
536 1313 134 29 högvördiga
684 1314 162 29 prestaståndet
860 1316 57 22 före-

167 1350 64 27 slagit
254 1348 137 28 underdånig
413 1348 92 29 petition
528 1348 82 28 derom,
631 1351 31 19 att
680 1349 214 24 kronolänsmännen
911 1352 6 21 i

167 1384 73 21 landet
261 1383 68 21 måtte
348 1383 69 21 förses
437 1383 51 21 med
509 1383 117 30 tillräcklig
647 1385 35 20 lön
702 1385 12 20 &
733 1386 42 20 stat
791 1388 55 19 samt
862 1387 55 22 åter-

167 1419 93 22 insättas
282 1417 6 22 i
313 1425 82 14 samma
419 1417 131 30 rättigheter
573 1426 46 15 som
640 1419 67 22 andra
730 1420 141 30 tjenstemän,
895 1423 24 22 så

165 1456 34 21 att
222 1454 26 21 de
273 1453 48 23 icke
347 1453 132 29 obehörigen
504 1453 72 29 flyttas
600 1454 48 22 från
672 1456 32 19 ett
724 1454 88 23 distrikt
831 1457 33 21 till
887 1460 31 19 ett
