998 1703
786 114 39 21 311

108 179 112 27 gatulopp,
236 178 56 21 efter
307 179 42 20 den
366 179 10 20 1
390 178 88 28 januari
495 179 54 21 1865
565 179 48 21 icke
623 186 61 15 mera
694 179 70 22 skulle
778 180 78 21 tilläm-

107 219 45 21 pas.
182 213 35 20 Då
235 220 29 13 nu
280 213 122 21 emellertid
417 213 29 28 pä
460 213 27 20 de
502 213 67 28 brott,
585 220 46 15 som
647 215 127 20 omnämnas
789 214 7 21 i
812 215 43 21 den

105 247 125 27 föreslagna
252 246 243 29 fridlysningsstadgan,
519 247 20 28 ej
561 248 68 27 nägot
644 247 145 28 kroppsstraff
801 249 54 20 eller

106 281 118 21 dödsstraff
240 281 73 28 följer,
334 287 64 22 synes
418 281 45 28 mig
483 281 42 21 den
543 282 24 20 af
578 282 50 20 herr
643 281 119 22 Edelsköld
777 283 78 27 gjorda

104 315 174 28 anmärkningen
298 315 49 21 icke
365 322 52 15 vara
432 315 91 28 förtjent
537 316 24 20 af
574 317 33 19 att
621 315 103 22 särskildt
739 317 116 27 uppmärk-

106 356 99 14 sammas.
235 349 62 21 Mera
316 349 48 21 skäl
379 349 73 21 kunde
468 349 37 22 det
519 356 52 15 vara
585 351 33 20 att
632 351 59 26 yttra
706 350 41 20 den
764 350 90 27 önskan,

105 385 32 20 att
152 384 91 21 emedan
258 384 37 28 lag
310 384 78 21 saknas
404 384 7 21 i
426 384 144 22 förevarande
585 384 46 27 fall,
641 384 72 21 denna
723 384 132 29 författning

105 418 24 22 sä
144 421 60 19 snart
218 426 46 14 som
280 418 87 29 möjligt
382 418 58 29 finge
455 419 62 21 träda
532 418 7 22 i
555 418 100 29 gällande
671 418 65 22 kraft.

173 453 58 22 Herr
250 460 43 15 von
311 452 156 29 Knorring:
490 453 11 21 I
516 454 119 21 utskottets
650 453 138 22 betänkande
804 454 49 22 åbe-

104 495 64 21 ropas
184 488 119 28 kejserliga
317 488 146 28 kungörelsen
480 488 24 21 af
517 487 42 22 den
575 488 13 20 4
599 495 56 14 mars
667 489 61 26 1862,
740 495 46 14 som
796 489 57 21 stad-

105 530 39 21 gar
160 524 32 20 ett
210 522 44 22 vite
270 522 24 22 af
308 523 27 21 10
350 522 33 21 till
399 522 39 21 och
454 522 50 22 med
521 522 40 22 100
574 522 62 22 rubel
652 522 75 22 silfver
743 524 58 21 emot
816 524 39 20 allt

104 557 59 28 slags
186 557 72 28 ohägn
280 557 14 21 &
316 557 285 28 Helsingfors-Tavastehus
619 557 132 28 jernvägen,
774 564 49 15 men
847 558 6 20 i

104 591 63 28 fräga
189 599 34 14 om
247 592 53 27 dräp
320 591 40 22 och
374 591 162 28 kroppsskador
551 591 102 22 hänvisar
667 591 34 21 till
716 592 80 21 allmän
811 593 43 26 lag.

105 625 90 22 Säledes
216 626 43 21 kan
280 626 36 21 det
331 625 114 29 verkligen
460 626 97 27 inträffa,
573 628 32 19 att
619 627 8 20 i
643 632 27 15 en
685 626 62 28 fräga
760 626 24 21 af
796 626 57 21 före-

103 661 95 22 varande
214 661 150 22 beskaffenhet
380 660 118 22 dödsstraff
510 660 72 22 kunde
598 660 120 28 tillämpas,
733 660 50 21 med
798 661 55 20 afse-

104 695 55 21 ende
175 695 73 27 hvarä,
265 694 40 22 och
321 695 27 21 dä
362 694 152 29 ridderskapet
529 694 41 22 och
585 694 64 22 adeln
664 694 67 22 redan
745 694 60 22 förut
815 702 36 14 an-

104 731 43 20 sett
166 730 154 21 tukthusstraff
334 730 20 27 ej
370 728 54 22 böra
441 730 89 26 bringas
545 729 35 21 till
595 728 176 29 verkställighet,
786 730 67 20 innan

103 764 235 28 fängelseanstalterna
358 764 37 21 äro
415 764 8 20 i
438 764 36 21 det
490 763 71 28 skick,
576 765 31 20 att
623 763 36 22 det
673 764 120 28 lämpligen
808 764 44 21 kan

104 799 45 27 ske,
164 798 84 22 hvilket
262 798 70 22 skulle
348 798 51 22 bero
416 798 23 21 af
452 799 143 27 regeringens
609 798 112 28 pröfning,
733 799 40 27 jag
790 806 63 14 anser

102 834 51 20 herr
168 832 130 23 Edelskölds
312 832 162 28 framställning
488 840 53 14 vara
556 832 133 28 fullkomligt
703 832 74 28 riktig.

172 867 58 22 Herr
251 867 162 27 Grotenfelt,
434 868 36 20 A.:
494 866 51 22 Med
563 866 120 28 anledning
701 866 24 22 af
737 866 58 22 hvad
809 867 42 22 den

104 902 100 22 sednaste
220 902 66 21 ärade
301 901 84 21 talaren
398 901 107 27 anmärkt,
516 901 64 21 utber
587 901 40 27 jag
637 901 45 27 mig
692 902 32 20 att
734 900 23 21 få
766 902 87 26 nämna,

104 938 32 20 att
151 937 35 21 det
202 936 122 26 dödsstraff,
340 942 46 14 som
401 936 29 27 pä
444 936 70 28 grund
527 935 25 21 af
560 935 80 21 allmän
651 935 36 28 lag
697 934 73 22 kunde
781 934 72 22 ädöm-

104 979 46 14 mas
166 971 33 21 för
214 971 88 21 svärare
322 969 72 29 ohägn
414 970 109 21 föröfvadt
541 970 13 21 &
569 969 284 28 Helsingfors-Tavastehus

103 1007 129 27 jernvägen,
255 1005 67 20 redan
343 1004 73 21 blifvit
431 1004 127 21 förändradt
575 1010 78 22 genom
670 1003 27 21 de
711 1004 82 26 beslut,
808 1011 46 13 som

104 1041 23 21 af
139 1040 26 21 de
182 1038 106 23 särskilda
302 1038 91 21 stånden
409 1038 111 29 vidtagits,
535 1037 28 22 dä
576 1038 41 21 den
631 1037 87 29 nädigst
728 1037 125 29 föreslagna

103 1074 117 22 kriminela
239 1073 196 28 öfvergängslagen
453 1073 24 21 af
490 1073 49 21 dem
555 1072 126 28 godkändes
697 1072 40 21 och
752 1072 33 21 till
800 1071 53 29 följe

104 1109 23 22 af
145 1109 75 21 hvilka
239 1108 72 28 beslut
330 1107 117 22 dödsstraff
464 1107 49 22 icke
532 1114 61 14 mera
611 1106 70 21 skulle
695 1106 88 21 komma
797 1108 33 19 att
845 1106 8 21 i

104 1143 94 22 Finland
213 1142 111 22 ädömmas
340 1149 38 14 ens
394 1142 34 21 för
443 1141 26 22 de
484 1141 97 22 sväraste
596 1140 149 29 förbrytelser.

172 1177 58 21 Herr
250 1184 42 15 von
306 1176 80 27 Born,
402 1176 20 22 J.
438 1176 36 22 A.:
498 1176 43 28 Jag
555 1182 64 15 anser
634 1175 37 21 det
686 1175 23 21 af
722 1175 51 21 herr
787 1174 65 22 Edel-

105 1212 62 22 sköld
190 1211 76 29 gjorda
288 1211 82 28 förslag
392 1218 52 14 vara
463 1210 134 28 fullkomligt
616 1209 237 22 öfverensstämmande

104 1246 51 22 med
181 1246 162 28 ridderskapets
371 1246 40 20 och
438 1245 75 21 adelns
542 1244 71 21 beslut
637 1243 7 21 i
669 1242 183 28 nästföregäende

106 1280 79 22 ärende
200 1280 112 22 äfvensom
328 1281 7 20 i
350 1280 77 28 frägan
441 1286 34 15 om
491 1279 109 21 allmänna
616 1277 127 28 strafflagen
759 1277 40 21 och
809 1278 44 20 för-

105 1322 53 14 enar
177 1315 45 27 mig
242 1315 87 21 derföre
343 1314 7 21 i
367 1314 42 21 den
428 1314 63 28 åsigt,
507 1320 46 14 som
567 1313 51 21 herr
633 1311 119 23 Edelsköld
767 1312 85 21 uttalat.

174 1348 46 21 Och
240 1348 92 27 beslöts,
352 1348 29 27 pä
395 1348 51 19 herr
459 1346 213 22 landtmarskalkens
687 1346 74 20 derom
777 1345 77 28 gjorda

106 1382 168 28 framställning,
296 1384 33 19 att
352 1383 9 19 1
386 1383 120 20 momentet
525 1381 23 21 af
565 1381 12 26 8
598 1379 69 22 skulle
685 1379 169 27 omredigeras
839 1375 17 39 i
