1000 1703
198 139 41 23 626

240 206 147 27 »Godkänner
404 205 151 29 ridderskapet
573 206 40 21 och
632 205 63 21 adeln
717 206 9 20 1
750 212 63 14 mom.
834 203 23 23 af
875 205 13 20 3
907 206 11 26 8

171 241 31 22 uti
218 241 118 21 utskottets
352 241 137 21 betänkande
505 239 151 22 oförändradt?

239 275 49 22 Den
304 282 46 14 som
366 275 127 28 godkänner
505 275 166 28 ifrågavarande
687 276 102 25 moment,
803 281 73 14 svarar
885 274 33 28 ja;

171 311 42 21 den
232 310 37 21 det
284 310 48 21 icke
349 311 44 27 gör,
410 317 73 14 svarar
498 310 43 27 nej.

239 345 85 21 Vinner
344 345 46 27 nej,
412 344 93 21 erhåller
525 345 11 27 $
556 343 96 29 följande
673 344 93 27 lydelse:
787 360 10 8 ,
801 343 117 21 Husbonde

172 386 52 22 eger
239 379 135 29 tjenstehjon
391 386 34 14 om
441 378 49 21 dess
505 378 82 28 sysslor
602 378 39 21 och
657 378 63 21 deras
736 378 105 28 behöriga
856 378 62 21 verk-

172 414 106 22 ställande
293 414 128 21 underrätta
437 415 54 19 samt
507 413 33 21 till
556 413 80 27 skäligt
650 413 75 21 arbete
741 413 77 21 hålla."

239 448 97 22 Hvilken
356 448 134 28 proposition
511 448 46 20 blef
574 447 48 21 med
644 447 160 28 öfvervägande
825 447 36 27 nej
882 447 36 20 be-

171 482 84 28 svarad,
271 482 7 22 i
293 482 56 28 följd
369 482 78 21 hvaraf
465 483 119 19 momentet
603 482 87 20 komme
709 483 32 19 att
757 482 82 20 erhålla
855 481 41 21 den
913 481 5 20 i

171 517 243 28 kontrapropositionen
431 516 123 28 föreslagna
569 516 121 21 redaktion.

239 551 139 21 Beträffande
394 552 60 20 2:dra
469 552 120 20 momentet
604 551 85 28 yttrade

239 586 58 22 Herr
313 593 41 15 von
370 586 153 21 Bonsdorff:
544 586 44 21 För
608 587 31 20 att
659 586 88 20 komma
761 585 33 21 till
810 586 108 28 husagans

171 621 135 22 afskaffande
321 621 40 21 har
375 621 107 21 utskottet
492 621 7 20 i
510 621 37 20 sitt
563 621 138 20 betänkande
712 621 70 28 utgått
792 621 56 20 ifrån
859 621 59 28 prin-

170 657 60 27 ciper
245 655 39 22 och
301 655 136 27 reflexioner,
449 662 46 14 som
510 655 101 28 uttrycka
625 655 41 21 den
683 657 108 19 varmaste
806 655 110 28 filantropi

171 690 41 22 och
232 690 74 21 säkert
325 690 70 20 skulle
416 696 51 14 vara
485 690 95 20 särdeles
598 689 130 28 tillämplige
744 689 31 21 uti
791 689 127 26 samhällen,

171 724 38 22 der
224 723 76 29 hvarje
315 724 94 21 medlem
425 723 106 21 innehade
547 723 41 21 den
603 723 172 28 bildningsgrad,
786 725 31 19 att
827 723 90 21 känslan

169 758 35 21 för
219 758 36 22 det
270 759 57 20 rätta
342 758 40 20 och
398 758 36 20 det
449 757 106 28 skickliga
569 764 52 15 vore
636 758 39 20 hos
691 758 79 20 honom
786 758 45 20 lika
844 758 73 28 gifven

170 799 46 15 som
236 792 39 21 hos
295 792 144 28 lagstiftaren.
469 792 11 20 I
500 792 81 20 sådane
601 792 120 21 samhällen
741 798 52 15 vore
813 792 40 21 ock
876 792 42 21 alla

169 826 124 28 strafflagar
314 826 147 28 öfverflödige.
492 826 63 20 Plato
574 826 39 21 har
628 826 28 28 på
671 828 93 26 pappret
779 826 139 21 konstruerat

169 868 28 14 en
216 861 66 21 sådan
302 860 111 29 republik;
434 867 49 14 men
499 860 6 21 i
522 860 149 28 verkligheten
693 861 33 21 får
742 868 49 14 man
807 861 53 21 söka
875 861 41 21 den

169 896 114 28 förgäfves.
314 895 127 28 Strafflagar
457 895 68 21 måste
541 894 84 22 således
640 895 79 28 finnas;
735 902 50 14 men
801 902 34 15 om
847 897 70 19 staten

169 930 133 21 förbehåller
322 930 34 27 sig
375 930 105 20 straffrätt
495 929 34 21 för
544 930 43 20 alla
602 929 58 21 brott
675 931 58 19 emot
750 930 122 28 borgerliga
888 930 30 21 la-

169 970 77 22 garne,
262 964 25 22 så
305 964 66 21 borde
390 964 41 20 ock
449 964 59 21 inom
523 964 97 28 familjen
637 964 142 28 (omfattande
794 965 123 21 husbönder

169 999 50 21 med
239 998 62 21 deras
321 998 53 21 barn
393 998 39 21 och
453 998 144 28 tjenstehjon)
618 998 76 22 chefen
715 999 53 21 eller
789 999 128 21 husbonden

168 1039 53 15 vara
235 1032 123 28 berättigad
373 1033 32 20 att
420 1032 6 20 i
443 1032 134 28 disciplinärt
591 1032 110 28 afseende,
713 1032 38 21 der
767 1033 79 21 allmän
857 1033 59 21 dom-

169 1067 42 21 stol
229 1067 49 21 icke
298 1067 43 20 kan
361 1067 101 28 rimligen
481 1067 88 28 anlitas,
585 1067 75 22 utöfva
679 1067 42 22 den
742 1067 113 28 straffrätt,
871 1075 45 14 som

168 1101 89 28 lagarne
273 1101 78 20 hittills
366 1101 71 28 tillagt
452 1101 79 22 honom
550 1101 69 22 under
638 1102 133 28 benämning
791 1103 24 20 af
830 1103 86 27 måttlig

168 1135 90 28 husaga.
287 1136 40 20 Att
346 1135 67 28 något
431 1136 108 21 missbruk
558 1137 24 20 af
600 1136 70 21 denne
685 1136 104 29 rättighet
803 1137 7 20 i
825 1137 91 21 sednare

167 1169 57 22 tider
240 1171 37 26 egt
291 1177 55 20 rum,
357 1169 39 22 har
411 1170 48 21 icke
474 1170 115 29 försports;
605 1172 31 19 ett
647 1171 77 21 sådant
734 1171 109 21 missbruk
853 1171 63 21 straf-

168 1204 33 21 far
217 1204 109 21 dessutom
342 1204 33 28 sig
390 1204 57 28 sjelf,
458 1205 89 28 sålänge
563 1205 73 28 hvarje
651 1206 84 27 tjenare
746 1207 24 20 är
781 1213 26 14 en
818 1205 27 21 fri
857 1206 58 21 med-

167 1238 104 27 borgare,
286 1240 23 25 ty
328 1245 27 14 en
374 1239 123 26 husbonde,
513 1246 47 14 som
578 1239 88 21 dermed
685 1241 40 26 gör
743 1240 34 27 sig
795 1240 67 26 känd,
882 1240 33 21 får

167 1271 49 21 icke
231 1271 89 28 dugliga
336 1272 90 27 tjenare.
449 1272 44 21 För
508 1273 44 20 min
568 1273 35 20 del
618 1274 39 20 har
668 1274 41 27 jag
724 1273 46 21 haft
784 1273 132 28 egendomar

167 1305 13 21 å
198 1305 53 21 flere
267 1307 68 26 orter;
352 1306 13 20 å
383 1305 65 28 ingen
466 1306 24 21 af
507 1306 62 21 desse
587 1307 39 21 har
646 1307 40 28 jag
707 1307 59 28 hört,
782 1309 31 19 att
831 1308 83 28 husaga

166 1339 128 28 begagnats,
307 1341 68 20 annat
390 1342 26 19 än
433 1341 162 28 undantagsvis,
607 1342 89 21 emedan
710 1342 66 28 sagde
787 1344 58 19 orter
856 1342 58 28 lyck-

166 1372 75 30 ligtvis
258 1374 47 22 haft
324 1381 27 14 en
370 1375 41 28 god
432 1374 39 22 och
490 1375 98 29 skäligen
608 1377 87 28 upplyst
711 1377 137 28 befolkning,
864 1385 49 14 men

163 1409 40 28 jag
221 1411 37 20 vet
275 1410 33 21 att
326 1409 36 21 det
379 1409 69 22 finnes
465 1412 63 25 orter,
545 1410 38 22 der
599 1411 146 22 förhållandet
763 1411 48 22 icke
830 1413 23 20 är
869 1412 45 21 lika

165 1443 98 30 lyckligt.
281 1456 23 7 —
321 1436 21 32 Å
360 1443 26 22 de
401 1444 59 21 förre
475 1446 24 21 är
514 1445 37 22 det
569 1445 115 29 oskadligt,
700 1454 34 14 om
757 1447 106 28 rättighet
880 1447 33 21 till
