1009 1703
778 127 39 21 491

95 192 70 21 under
179 192 110 28 uttrycket
301 210 9 9 ,
314 191 80 29 stadigt
405 191 114 29 hemvist”;
533 192 42 22 den
586 199 46 15 som
643 192 39 22 har
692 193 72 28 stadig
774 192 74 29 tjenst,

95 227 40 21 har
149 227 35 21 väl
200 227 66 21 också
282 227 80 27 stadigt
378 226 100 22 hemvist.

163 261 33 21 På
216 262 50 20 herr
285 261 213 22 landtmarskalkens
521 262 7 20 i
548 262 98 27 enlighet
665 262 91 21 härmed
770 262 78 27 gjorda

95 296 162 27 framställning
280 296 70 20 skulle
373 296 166 28 ifrågavarande
562 297 12 26 &
594 296 24 20 af
637 296 116 21 utskottets
774 296 74 21 betän-

95 330 71 21 kande
182 330 98 27 undergå
294 330 42 21 den
352 330 100 28 ändring,
463 333 31 18 att
505 330 97 21 derifrån
613 330 70 21 skulle
699 331 53 27 utgå
762 331 20 27 ej
794 330 54 21 min-

96 364 37 21 dre
149 365 79 20 orden:
244 365 52 26 ,och
311 364 75 21 dervid
400 365 85 28 styrker
500 366 32 19 att
542 365 43 20 han
596 365 20 28 ej
627 364 72 22 häftar
709 365 34 20 för
754 364 94 28 oguldna

95 399 203 28 kronoutskylder*,
318 401 27 18 än
367 399 78 21 orden:
468 399 53 26 ,och
542 400 20 27 ej
579 399 57 21 trädt
652 399 6 20 i
673 399 71 28 stadig
760 399 88 27 tjenst*.

430 451 13 20 2
460 451 52 28 kap.

448 486 47 27 $2

164 520 85 27 Antogs
269 519 51 21 med
340 519 42 22 den
401 519 23 21 af
438 520 50 21 herr
504 519 79 29 Spåre,
599 519 27 22 K.
642 520 44 27 W.,
702 519 76 22 härvid
791 520 57 20 före-

96 555 76 27 slagna
184 553 99 29 ändring,
294 555 32 19 att
337 553 25 22 de
374 554 46 21 deri
433 554 179 21 förekommande
625 555 66 20 orden
704 554 79 27 ,stads-
796 555 53 20 eller

95 589 179 21 landskommun"
290 589 70 21 skulle
377 589 87 28 utbytas
480 591 58 19 emot
553 589 112 28 uttrycket
681 589 138 22 .kommun%.

448 636 47 27 83.

164 670 84 27 Antogs
265 669 69 27 enligt
349 669 118 21 utskottets
483 669 145 21 betänkande.

448 716 11 26 8
475 717 19 19 4.

165 743 83 22 Härvid
263 743 86 28 yttrade
366 744 32 27 sig

164 778 59 21 Herr
246 778 162 26 Grotenfelt,
429 778 37 21 A.:
490 778 51 21 Med
560 778 102 21 afseende
684 778 12 20 &
715 778 133 20 bestämnin-

96 820 67 22 garne
183 813 7 21 i
210 812 41 21 den
274 812 23 21 af
316 812 118 21 ständerna
453 813 68 21 redan
537 814 94 26 antagna
647 812 116 21 kriminela
779 812 69 21 öfver-

96 847 136 29 gängslagen
252 847 64 21 utber
333 848 39 27 jag
390 847 45 28 mig
451 850 31 18 att
498 848 22 20 fä
536 847 88 21 förorda
639 846 66 22 sädan
721 847 128 28 förändring

97 882 24 22 af
134 883 13 20 2
163 884 119 20 momentet
297 882 7 21 i
320 883 13 20 4
349 883 21 27 8,
386 884 32 19 att
434 882 27 22 dä
476 883 38 21 der
530 882 70 21 såsom
616 882 129 21 försvarslös
761 882 87 20 beteck-

96 924 40 14 nas
156 917 52 27 den,
229 924 46 14 som
296 916 116 29 undergätt
433 917 142 29 straffarbete,
592 917 70 20 denna
682 916 84 28 påföljd
782 916 67 21 borde

96 952 142 20 föreskrifvas
258 951 34 21 för
313 952 52 26 den,
386 958 46 14 som
454 951 118 28 undergätt
592 951 154 28 tukthusstraf,
765 950 85 21 hvilket

97 987 122 20 motsvarar
240 986 36 20 det
296 986 87 20 svårare
403 986 149 27 frihetsstraff,
570 992 46 14 som
632 986 7 20 i
656 985 104 27 Sveriges
782 984 66 21 brott-

97 1020 93 27 mälslag
208 1020 147 21 förekommer
375 1020 69 21 under
459 1027 67 14 namn
542 1020 23 21 af
578 1019 144 21 straffarbete.
752 1019 12 20 I
779 1018 69 28 fjerde

97 1056 121 19 momentet
233 1054 67 21 borde
316 1053 105 22 likaledes
437 1054 111 28 uttrycket
563 1070 8 12 ,
578 1053 226 29 lifstidsstrafarbete"
815 1054 33 19 ut-

97 1089 63 28 bytas
176 1090 46 20 mot
236 1105 4 10 ,
242 1089 195 28 lifstidstukthus";
450 1089 40 21 och
501 1089 27 20 då
539 1090 63 19 ärans
614 1088 78 21 förlust
703 1088 69 27 enligt
783 1087 65 28 sagde

97 1123 130 28 författning
247 1123 48 21 icke
316 1129 60 14 mera
395 1123 71 21 skulle
488 1123 86 21 komma
594 1124 32 19 att
646 1122 120 26 ådömmas,
783 1121 66 21 borde

98 1158 37 21 det
154 1158 7 21 i
182 1157 70 28 tredje
272 1159 119 20 momentet
411 1157 61 28 heta,
491 1159 33 20 att
543 1157 42 21 den
606 1158 23 20 är
648 1156 139 27 försvarslös,
803 1163 46 14 som

98 1192 70 22 dömts
189 1192 103 28 förlustig
307 1192 172 28 medborgerligt
493 1191 137 27 förtroende,
646 1191 89 21 hvilken
751 1197 98 15 ansvars-

98 1227 84 28 påföljd
198 1227 86 21 komme
300 1228 32 19 att
347 1228 110 20 motsvara
473 1226 42 22 den
531 1226 23 21 af
568 1228 63 19 ärans
647 1226 85 21 förlust.

166 1261 58 21 Herr
240 1261 91 28 Spåre,
347 1260 27 22 K.
390 1260 44 22 W.:
456 1261 72 21 Jemte
549 1260 36 21 det
600 1260 41 28 jag
655 1260 88 21 förenar
758 1260 45 26 mig
818 1258 32 22 uti

98 1296 52 21 herr
171 1296 135 20 Grotenfelts
326 1295 151 28 nyssnämnda
496 1294 150 28 andragande,
662 1294 38 21 ber
713 1294 40 27 jag
766 1295 33 19 att
814 1293 36 21 be-

99 1330 107 20 träffande
221 1331 13 19 4
250 1331 121 19 momentet
386 1330 24 20 af
423 1329 167 27 ifrågavarande
606 1329 11 25 $
632 1329 23 20 få
670 1328 86 26 påpeka
766 1335 26 13 en
804 1327 45 20 deri

98 1363 180 20 förekommande
300 1363 93 27 felaktig
415 1362 123 21 redaktion.
571 1362 44 20 Det
641 1362 63 20 heter
729 1360 121 27 nemligen:

100 1397 66 27 yVarit
182 1397 33 21 för
235 1396 141 27 mordbrand,
399 1396 57 21 stöld
476 1396 54 21 eller
550 1395 82 22 inbrott
652 1395 53 22 eller
720 1396 67 19 annat
802 1394 49 21 med

99 1432 217 22 lifstidsstraffarbete
336 1432 54 21 eller
410 1431 118 22 dödsstraff
547 1430 88 29 belagdt
654 1429 60 22 brott
736 1428 114 28 tilltalad",
