1000 1703
88 190 42 28 las,
147 190 84 28 afgöra,
247 189 110 28 nemligen
377 189 106 21 huruvida
496 189 98 21 bankens
604 189 100 21 silfverut

90 227 88 26 stoppas
194 225 53 20 eller
261 225 21 27 ej
298 224 36 21 vid
349 224 143 21 förefallande
508 224 167 20 eventualiteter

90 260 68 27 angår
173 260 53 20 sista
241 260 119 24 momentet
376 259 6 19 i
399 258 140 21 förevarande
558 258 70 28 punkt
644 258 27 21 ell

89 293 57 21 hvad
168 293 78 28 belopp
267 293 86 20 banken
377 293 36 20 vid
432 292 110 28 utgifning
562 292 24 20 af
602 292 71 20 sedlar
691 292 12 20 £

89 328 123 27 beräkning
230 328 47 19 sina
296 327 39 20 hos
349 327 116 20 utländska
481 326 79 21 ombud
576 326 82 27 egande
676 333 22 13 os

90 361 95 28 dringar,
206 368 62 14 anser
286 362 40 27 jag
346 361 176 21 bankutskottets
542 360 138 21 betänkande
696 361 6 20 i

89 395 155 28 välgrundadt,
265 396 40 20 och
320 395 121 28 tillstyrker
457 395 85 21 derföre
559 395 49 20 dess
622 395 129 28 antagande.
781 395 57 21 Ban-

90 431 54 21 kens
166 430 79 22 ombud
259 431 13 20 å
287 430 83 21 utrikes
385 432 59 19 orter
458 430 65 21 hafva
538 430 131 21 åtminstone
685 430 77 21 hittills
779 429 60 22 alltid

90 465 56 22 varit
162 465 64 21 säkra
241 465 40 21 och
298 465 158 27 vederhäftige;
474 472 50 13 man
540 465 39 20 bör
594 465 33 20 väl
643 465 40 20 ock
699 464 73 22 kunna
786 465 53 28 hop-

90 507 45 21 pas,
152 502 31 19 att
198 499 86 22 banken
301 500 19 27 ej
337 499 69 21 heller
420 499 116 21 framdeles
551 501 90 26 antager
657 499 33 21 tili
706 499 79 21 ombud
803 506 37 14 an-

90 535 38 21 dra
144 536 26 19 än
187 534 79 21 sådane
282 534 122 26 affärsmän,
420 534 28 28 på
462 534 74 20 hvilka
551 533 86 21 banken
653 534 133 28 fullkomligt
797 533 42 22 kan

90 568 46 22 lita.
166 568 42 21 Om
228 568 98 22 bankens
347 568 117 28 tillgångar
483 568 39 21 hos
541 568 49 21 dem
606 570 36 19 äro
659 570 69 19 större
744 570 27 20 än
787 568 52 22 ban-

90 603 43 21 ken
150 610 63 14 anser
228 603 33 21 sin
276 603 147 21 vexelrörelse
439 602 104 27 erfordra,
559 604 24 19 är
596 602 26 28 ju
637 602 86 22 banken
725 598 12 36 i
753 602 85 24 tillfälle

91 639 32 19 att
137 637 92 28 indraga
244 637 144 21 öfverskottet
402 637 7 20 i
424 637 118 28 klingande
558 638 61 26 mynt
630 637 30 20 uti
673 637 96 21 bankens
780 637 62 22 hvalf

93 672 39 20 och
153 671 66 21 sedan
238 672 85 27 utgifva
343 671 71 21 sedlar
432 671 52 20 derä
499 671 33 20 till
548 670 36 21 det
598 671 58 27 höga
672 671 78 28 belopp
766 672 74 21 ofvan-

92 705 105 29 uppgifne
217 705 136 21 förhållande
372 705 80 22 mellan
471 705 75 21 silfver
567 705 40 21 och
627 705 72 22 sedlar
720 705 120 28 medgåfve.

92 740 92 21 Banken
204 740 43 21 kan
267 740 62 21 alltid
344 740 52 28 sjelf
413 740 47 21 bäst
475 740 107 26 beräkna,
598 739 55 22 huru
669 742 55 19 stort
739 740 101 28 tillgodo-

92 775 108 21 hafvande
216 775 41 20 den
271 775 34 20 för
320 775 161 21 vexelrörelsen
497 775 104 20 behöfver
616 775 28 27 på
659 774 84 22 utrikes
758 777 34 19 ort
802 781 39 15 un-

93 809 39 22 der
147 810 58 21 olika
220 809 158 21 förhållanden.
403 809 43 21 Det
461 809 39 21 bör
516 809 38 20 der
568 809 75 27 finnas,
655 816 50 15 men
716 809 48 21 icke
775 817 66 14 mera.

161 844 57 21 Herr
241 844 145 21 Molander:
409 843 103 22 Rörande
532 843 41 22 den
592 850 29 14 nu
636 843 101 29 gällande
753 851 89 22 propor-

94 879 74 20 tionen
190 879 23 20 af
232 879 11 20 7
263 878 33 21 till
313 879 26 20 15
353 878 94 21 emellan
463 878 97 21 bankens
576 879 123 21 metalliska
715 879 72 22 valuta
803 879 40 21 och

94 913 50 21 dess
165 913 127 21 emitterade
315 913 72 20 sedlar
407 913 64 21 hafva
491 913 109 28 åtskillige
621 913 68 22 talare
709 913 67 22 redan
796 913 47 22 före

94 948 46 27 mig
155 948 124 26 framhållit,
295 947 104 21 hurusom
414 947 72 21 denna
501 947 126 28 proportion
638 947 79 22 saknar
729 947 28 22 ali
768 950 75 25 egent-

94 982 32 28 lig
146 982 70 28 grund
235 983 56 20 samt
311 982 55 21 huru
385 982 87 27 tillfölje
488 982 24 21 af
526 989 81 13 samma
622 981 136 29 proportion,
775 981 26 22 då
817 988 26 15 en

94 1017 45 20 viss
159 1023 84 14 summa
264 1018 14 19 t.
299 1023 34 14 ex.
355 1016 90 27 100,000
465 1016 61 21 rubel
544 1016 7 20 i
566 1016 98 21 bankens
681 1016 69 21 sedlar
766 1018 78 27 upptes

96 1051 34 21 till
153 1051 92 27 inlösen,
267 1051 86 20 banken
373 1053 24 18 är
417 1050 129 27 förbunden,
565 1052 31 19 att
612 1051 85 21 utöfver
713 1050 26 21 de
756 1051 90 27 100,000

96 1086 69 27 rubel,
182 1085 42 21 den
239 1085 82 28 nödgas
336 1085 34 21 för
384 1085 63 21 dessa
458 1085 70 21 sedlar
538 1085 84 28 utgifva
633 1085 6 20 i
650 1085 118 28 klingande
778 1088 68 25 mynt,

96 1121 92 27 indraga
206 1128 25 13 ur
251 1121 97 20 rörelsen
371 1121 89 26 114,285
480 1120 71 27 rubel,
570 1120 82 21 hvilket
671 1121 69 20 måste
756 1120 38 21 ske
809 1127 37 22 ge-

97 1162 51 14 nom
164 1155 137 28 uppsägning
317 1155 24 21 af
354 1154 49 22 dess
419 1155 127 21 utestående
562 1154 130 29 fordringar,
705 1155 141 27 hvarigenom

96 1190 53 21 flere
165 1190 108 27 störingar
288 1189 8 20 i
311 1189 129 21 affärslifvet
455 1189 131 21 förorsakas.

165 1224 32 21 På
211 1224 64 21 dessa
291 1224 40 21 och
346 1224 52 21 flere
415 1224 67 21 andra
496 1223 68 21 redan
580 1223 131 22 framhållna
727 1223 45 22 skäl
784 1230 63 15 anser

94 1259 41 27 jag
150 1258 44 27 mig
209 1258 54 21 böra
277 1258 89 21 förorda
381 1257 42 22 den
440 1258 23 21 af
476 1258 50 21 herr
540 1264 42 15 von
592 1257 121 22 Haartman
724 1257 124 29 föreslagna

98 1292 71 29 grund
189 1293 33 20 till
242 1292 151 21 fastställande
414 1293 24 20 af
456 1291 156 29 proportionen
637 1291 93 22 emellan
751 1291 97 22 bankens

99 1327 123 20 metalliska
242 1327 73 20 valuta
335 1327 40 19 och
394 1326 49 20 dess
464 1327 79 25 sedlar,
562 1333 49 13 men
628 1326 80 25 skulle,
725 1326 49 20 med
792 1327 56 19 afse-

100 1360 54 21 ende
178 1360 12 20 å
212 1360 26 20 de
261 1360 32 20 uti
315 1360 177 20 bankutskottets
514 1359 139 21 betänkande
677 1359 39 20 och
737 1359 49 21 herr
805 1365 43 15 von

99 1394 133 22 Haartmans
254 1394 135 21 reservation
412 1393 126 21 meddelade
560 1393 111 29 uppgifter
697 1394 55 20 samt
776 1393 12 21 &
808 1393 41 21 den

99 1430 63 28 ringa
178 1429 91 28 tillgång
284 1429 29 28 pä
328 1428 75 22 silfver
419 1429 40 20 och
474 1428 58 28 guld,
549 1435 46 14 som
610 1428 34 21 för
660 1427 135 22 närvarande
811 1428 39 20 £n-

146 1469 50 23 Högl.
209 1469 52 18 Ridd.
275 1469 30 17 och
316 1469 64 17 Adelns
392 1469 68 16 Protok.
760 1468 22 17 10
