992 1714
763 125 41 26 248

78 192 59 24 hålla
152 193 74 23 landet
240 192 51 24 hela
306 192 37 24 det
358 193 173 30 rörelsekapital,
547 193 120 24 detsamma
677 195 114 28 behöfver;
802 195 27 22 då

80 236 26 14 en
122 229 157 21 nationalbank
295 229 33 22 får
344 230 85 28 utgifva
444 229 71 22 sedlar
529 230 7 21 i
553 230 76 21 sådant
644 229 136 22 förhållande
795 231 34 20 till

79 263 37 21 det
131 264 81 26 silfver,
227 263 85 22 hvilket
328 264 55 21 skall
398 264 60 28 ligga
473 264 34 21 till
521 264 71 28 grund
607 264 34 21 för
656 263 49 22 dess
720 265 108 27 säkerhet,

79 304 47 15 som
147 299 24 20 är
191 297 119 29 medgifvet
330 299 33 20 till
384 299 100 27 exempel
498 299 106 20 Finlands
619 298 65 27 bank,
699 300 24 19 är
738 299 37 21 det
790 307 38 13 na-

79 332 111 29 turligtvis
208 340 28 14 en
256 334 46 20 stor
322 333 58 21 vinst
400 333 34 21 för
454 333 86 21 banken
555 335 33 19 att
603 333 85 28 utgifva
703 333 24 21 så
741 333 88 29 mycket

80 367 72 22 sedlar
166 375 46 14 som
226 368 93 28 möjligt,
335 368 39 21 och
390 368 28 21 då
432 369 56 21 skall
504 369 36 20 det
555 368 63 21 alltid
633 369 59 28 ligga
706 368 9 21 i
732 368 97 23 bankens

79 402 93 22 intresse
196 405 31 19 att
249 403 99 21 anskaffa
374 403 140 28 erforderligt
539 403 79 28 belopp
646 403 74 22 silfver
745 404 34 21 för
802 411 27 14 en

80 437 57 22 ökad
160 437 171 28 sedelemission,
354 437 72 22 derest
448 445 27 14 en
498 438 67 21 sådan
587 438 34 21 till
641 438 151 21 förstärkande
808 439 24 20 af

79 472 191 29 rörelsekapitalet
290 472 115 21 erfordras.
435 473 70 28 Finge
526 472 64 22 äfven
612 472 156 29 privatbanker
786 475 45 19 rätt

80 508 31 20 att
130 507 85 28 utgifva
235 507 77 28 sedlar,
332 507 69 22 skulle
422 507 149 22 sedelstocken
586 507 52 22 ökas
653 507 86 22 utöfver
755 507 75 22 behof-

79 543 38 20 vet
136 543 54 20 eller
209 543 196 28 privatbankernas
424 543 70 21 sedlar
512 542 106 29 möjligen
638 550 25 14 ur
683 543 98 21 rörelsen
797 545 33 19 ut-

80 578 78 27 tränga
173 577 203 22 nationalbankens.
406 577 44 29 Jag
464 579 37 20 vet
515 577 49 22 icke
579 577 57 22 hvad
651 577 89 22 dermed
755 580 76 26 egent-

80 611 59 29 ligen
154 618 52 15 vore
222 614 88 26 vunnet,
326 618 50 15 men
392 612 34 21 väl
442 612 88 22 komme
545 611 72 23 sedlar
630 612 24 21 af
667 612 52 22 flere
735 613 48 28 slag
799 614 33 20 att

81 646 108 22 cirkulera
204 647 6 21 i
226 647 84 28 landet,
331 647 33 21 till
383 647 67 22 oreda
465 648 33 21 för
513 647 114 28 vexlingar
642 647 40 21 och
697 648 133 28 agiotering,

81 682 75 22 hvilka
176 682 142 28 olägenheter
337 683 59 21 ännu
416 682 61 22 torde
498 682 151 29 ihågkommas
669 682 24 22 af
711 682 56 28 dem,
783 689 46 15 som

81 717 47 21 haft
138 716 217 23 affärsförhållanden
370 717 37 22 vid
422 717 42 21 den
480 717 37 28 tid,
533 717 27 21 då
576 716 36 22 det
623 716 94 22 svenska
726 724 104 22 pappers-

82 753 85 27 myntet
184 752 69 28 jemte
274 752 36 22 det
325 752 66 28 ryska
406 752 39 21 här
460 752 8 21 i
483 752 75 22 landet
573 758 38 15 var
626 752 8 20 i
649 752 94 29 omlopp.
773 752 59 22 Herr

82 787 114 28 Törngren
211 787 39 21 har
265 787 68 21 redan
348 787 43 21 fäst
405 787 221 28 uppmärksamheten
642 786 59 28 derå,
717 788 31 20 att
761 789 71 20 staten

82 822 66 21 också
162 822 40 21 har
216 822 58 21 vissa
290 822 133 28 monopoler,
439 828 34 15 om
488 829 51 14 man
555 822 24 20 så
591 821 39 22 vill
641 821 58 21 kalla
710 821 55 22 dem.
788 822 44 22 Det

82 858 24 20 är
126 857 26 27 ju
174 858 32 20 ett
227 856 74 28 regale
322 856 33 22 för
375 858 72 20 staten
462 857 33 21 att
510 856 33 21 slå
557 858 72 26 mynt;
643 856 102 21 hvarföre
762 856 70 22 skulle

82 891 37 21 det
138 891 28 21 då
184 890 48 22 icke
252 891 135 21 fortfarande
408 891 22 21 få
448 898 51 14 vara
518 891 49 21 dess
582 890 74 29 regale
672 892 32 19 att
718 890 64 22 äfven
798 892 34 20 ut-

82 926 60 28 gifva
157 926 85 21 sedlar?
262 926 45 21 Det
322 933 41 14 ena
379 926 45 21 står
438 926 8 20 i
462 927 53 20 nära
531 925 105 22 samband
651 925 49 21 med
711 925 37 21 det
758 926 74 21 andra.

149 961 53 21 Man
222 960 39 22 har
281 961 41 21 ock
340 961 40 21 här
400 961 34 21 till
454 960 49 22 stöd
523 960 34 22 för
576 960 167 28 privatbankers
763 961 69 21 sedel-

82 996 166 28 utgifningsrätt
268 996 73 21 anfört
361 995 99 29 exempel
481 995 48 21 från
551 994 97 28 Sverige.
681 994 44 22 Det
741 996 24 20 är
780 995 53 21 visst

83 1032 74 26 sannt,
178 1032 32 20 att
229 1030 38 22 der
288 1030 69 22 finnes
379 1032 31 20 ett
430 1032 55 19 stort
500 1030 58 21 antal
573 1029 157 29 privatbanker
745 1030 40 21 och
801 1032 32 19 att

83 1066 26 20 de
126 1065 51 21 ökat
196 1065 189 29 rörelsekapitalet
405 1065 59 21 inom
484 1064 84 28 landet;
588 1071 51 15 men
657 1064 70 21 skulle
741 1064 48 21 icke
805 1064 28 21 de

84 1101 59 27 gjort
164 1100 45 27 det,
228 1100 56 21 hade
304 1100 111 21 allmänna
432 1099 88 22 banken
534 1099 7 21 i
556 1098 90 28 Sverige
661 1098 110 22 sannolikt
786 1106 47 14 ver-

83 1135 37 21 kat
142 1135 33 21 till
194 1142 83 14 samma
296 1134 52 21 mål.
378 1134 42 28 Jag
439 1134 39 21 har
493 1134 56 21 varit
564 1134 7 20 i
587 1133 86 21 tillfälle
689 1133 69 21 under
773 1140 60 14 resor

83 1170 7 20 i
106 1170 91 27 Sverige
217 1172 33 18 att
269 1169 45 21 tala
332 1169 51 21 med
398 1169 86 21 erfarne
499 1168 124 26 affärsmän,
638 1168 67 21 bland
720 1167 49 21 dem
784 1168 50 21 med

84 1204 126 28 aktieegare
225 1204 7 21 i
248 1203 162 29 privatbanker,
426 1204 39 20 och
482 1203 25 21 de
523 1202 65 22 hafva
603 1202 128 28 visserligen
742 1202 92 28 medgif-

84 1239 39 27 vit,
138 1240 32 19 att
185 1238 187 29 sedelutgifvande
383 1238 83 21 banker
476 1237 99 22 medföra
586 1236 92 28 ofantlig
687 1236 66 28 vinst,
764 1236 70 21 ofant-

84 1274 46 28 liga
144 1273 102 21 fördelar.
275 1273 51 21 Men
342 1272 34 21 för
390 1272 78 21 hvem?
488 1272 27 22 Jo
534 1284 23 4 —
573 1271 34 21 för
621 1271 100 21 bankens
736 1271 98 21 aktionä-

84 1315 43 20 rer,
143 1307 49 22 icke
207 1308 33 21 för
256 1308 80 21 landet.
349 1320 22 2 —
385 1306 47 22 Och
448 1307 111 28 sjelffallet
572 1307 23 20 är
607 1306 70 27 äfven,
688 1307 31 19 att
730 1312 27 14 en
768 1305 67 21 sådan

84 1342 228 27 sedelutgifningsrätt
326 1342 70 19 måste
411 1342 34 19 för
461 1342 97 19 bankens
573 1340 125 19 aktionärer
713 1347 52 12 vara
782 1346 53 21 gan-

85 1376 40 21 ska
139 1375 128 28 förmonlig,
288 1376 53 19 enär
361 1374 26 21 de
405 1374 74 21 kunna
494 1374 69 21 räkna
577 1374 64 20 ränta
655 1373 28 28 på
697 1373 51 20 hela
761 1373 74 26 belop-

85 1413 38 27 pet
138 1410 24 21 af
175 1410 42 21 den
232 1409 132 29 utelöpande
384 1408 159 27 sedelstocken,
562 1407 40 22 och
617 1407 86 21 vinsten
719 1414 45 14 som
781 1413 54 22 upp-

86 1446 99 22 kommer
206 1445 134 28 derigenom,
360 1445 33 21 :att
415 1443 131 30 utelöpande
564 1442 71 22 sedlar
650 1442 34 21 till
699 1449 27 14 en
742 1442 35 21 del
792 1441 46 22 för-
