1000 1706
768 126 40 22 365

87 197 47 17 som
158 191 35 23 vid
216 192 34 21 sin
272 191 139 29 tillämpning
433 191 72 22 kunde
528 192 89 22 komma
636 194 32 20 att
688 192 48 22 leda
756 192 34 22 till
807 194 31 20 ett

86 227 128 28 otidsenligt
234 227 170 27 samvetstvång,
421 227 97 21 anhåller
531 228 40 27 jag
585 229 32 19 att
632 227 22 21 få
670 227 106 28 nedlägga
792 228 45 20 min

86 262 136 20 reservation
238 263 45 19 mot
298 261 101 21 beslutet.

154 295 55 21 Häri
224 295 119 21 instämde:
359 295 83 22 Herrar
458 296 93 27 Spåre,
568 296 27 21 K.
611 296 35 21 W.
658 296 40 21 och
709 302 42 15 von
762 296 75 22 Chri-

86 329 123 22 stierson.

154 364 25 28 88
199 365 12 20 3
232 364 40 21 och
292 364 13 21 4
325 364 127 28 godkändes
471 364 144 22 oförändrade
633 367 53 20 utan
702 365 135 29 föregängen

86 398 131 22 diskussion.

154 432 140 23 Beträffande
310 434 12 27 $
338 434 12 20 5
365 434 98 27 yttrade:

154 468 58 20 Herr
235 468 100 28 Spåre,
357 468 28 21 K.
409 468 46 22 W.:
478 469 47 21 Här
548 469 69 21 under
636 470 68 21 andra
719 472 119 20 momentet

86 502 101 21 hänvisas
208 502 33 21 till
262 502 27 21 de
309 502 145 28 föreskrifter,
474 510 45 14 som
539 503 73 21 blifvit
627 504 127 22 meddelade
768 504 7 21 i
790 504 47 29 kej-

86 535 80 29 serliga
181 536 85 22 brefvet
281 536 24 22 af
318 536 41 22 den
377 538 25 20 16
415 537 42 28 juli
474 538 53 21 1827
544 539 56 19 samt
613 538 147 22 hofrätternas
771 538 7 21 i
788 532 49 28 Åbo

86 569 41 22 och
142 570 68 21 Wasa
225 570 134 22 universaler
375 571 24 21 af
413 571 40 21 den
470 573 12 20 5
498 579 57 14 mars
571 572 40 21 och
623 573 10 20 7
643 573 49 27 juni
710 574 61 20 1830.
794 573 43 29 Jag

86 604 70 22 skulle
172 605 74 27 önska,
263 607 32 19 att
310 605 63 22 deras
389 606 96 21 innehåll
500 606 63 22 äfven
580 606 68 22 måtte
662 607 77 28 inflyta
754 608 6 21 i
776 608 18 28 8,
808 608 28 28 på

87 639 37 22 det
143 641 33 19 att
195 647 50 14 man
266 640 49 22 icke
331 640 93 22 behöfde
440 641 99 29 uppsöka
554 638 192 32 bestämningarne
761 642 75 22 härom

86 674 29 28 på.
130 674 52 22 flere
198 674 71 22 skilda
284 675 86 21 ställen.

155 708 57 22 Herr
235 709 104 22 Munck:
363 709 87 22 Samma
470 710 145 28 anmärkning
634 710 56 22 hade
706 711 66 22 redan
789 712 49 21 bort

86 745 64 27 göras
165 744 36 21 vid
216 745 13 20 4
245 745 18 27 8,
279 744 38 22 der
332 744 37 22 det
385 745 41 21 ock
441 745 100 22 hänvisas
556 746 34 20 till
605 745 59 21 förut
678 746 101 28 gällande
794 747 43 21 för-

86 778 130 29 fattningar;
232 786 49 14 men
297 779 27 21 då
340 779 66 29 sagde
422 780 12 27 $
449 780 108 28 godkänts
573 780 138 28 oförändrad,
722 781 62 21 torde
794 782 43 20 den

86 813 36 22 vid
137 814 13 28 8
165 814 13 20 5
193 814 77 28 gjorda
285 814 174 28 anmärkningen
474 814 53 22 böra
541 814 93 22 förfalla.

155 848 71 22 Sedan
247 849 49 21 herr
318 848 79 29 Späres
417 848 83 29 förslag
513 849 82 27 blifvit,
610 849 29 29 på
653 849 51 21 herr
719 849 117 23 landtmar-

87 882 103 22 skalkens
206 882 74 22 derom
296 883 78 28 gjorda
389 883 118 29 förfrågan,
523 884 24 21 af
561 884 85 21 ståndet
661 884 127 28 förkastadt,
800 892 37 14 an-

87 919 48 27 togs
151 918 11 27 8
178 918 28 28 på
221 917 162 29 framställning
403 917 24 22 af
444 918 50 21 herr
510 918 200 22 landtmarskalken
726 920 52 20 utan
794 919 43 21 för-

86 952 100 28 ändring.

155 986 110 23 Skolande
281 987 96 22 ståndets
393 988 7 20 i
416 988 60 20 detta
491 987 80 22 ärende
582 987 82 22 fattade
675 987 73 22 beslut
757 995 80 21 genom

86 1021 79 30 utdrag
185 1030 25 13 ur
230 1022 133 28 protokollet
383 1022 106 29 delgifvas
508 1022 142 22 medstånden
666 1023 34 21 till
714 1023 123 21 kännedom

86 1058 56 19 samt
164 1056 244 29 expeditionsutskottet
426 1058 7 19 i
453 1057 102 21 afseende
575 1058 12 20 &
602 1057 131 28 vidtagande
753 1058 24 21 af
794 1058 42 21 den

86 1091 28 28 på
128 1091 107 21 utskottet
250 1091 159 21 ankommande
426 1091 77 28 åtgärd
519 1091 6 20 i
541 1093 80 19 ämnet.

154 1159 124 30 Föredrogs
294 1159 234 23 ekonomieutskottets
543 1159 139 22 betänkande
697 1167 36 15 n:o
748 1161 12 21 6
775 1161 7 20 i
798 1168 38 14 an-

85 1193 92 29 ledning
196 1195 24 20 af
236 1195 80 28 nådiga
336 1195 164 28 propositionen
521 1201 34 14 n:o
576 1195 24 20 41
623 1195 113 27 angående
752 1194 83 22 fiskeri-

86 1228 117 28 näringens
224 1228 163 29 upphjelpande
407 1231 56 19 samt
482 1228 144 22 befordrande
645 1229 24 20 af
687 1229 81 21 fiskens
784 1229 52 21 fort-

87 1263 114 28 plantning
224 1263 31 21 uti
278 1263 83 28 insjöar
383 1263 40 21 och
444 1265 121 24 strömmar,
591 1263 84 21 hvilket
698 1263 138 22 betänkande

82 1297 89 28 jemlikt
193 1297 162 29 ridderskapets
377 1297 41 21 och
440 1297 76 22 adelns
537 1297 72 22 beslut
629 1297 43 21 den
692 1298 26 20 29
738 1297 98 22 sistlidn>

86 1331 95 21 februari
203 1332 74 20 hållits
299 1332 13 20 å
335 1331 78 20 bordet
435 1332 56 20 intill
510 1332 71 20 denne
600 1331 52 27 dag,
671 1331 110 22 hvarefter
796 1332 41 20 och

86 1364 67 22 sedan
179 1365 87 20 ståndet
292 1365 99 26 heslutit,
414 1367 32 18 att
468 1365 148 20 betänkandet
638 1365 70 20 skulle
731 1365 106 28 granskas

85 1398 114 30 punktvis,
215 1401 55 19 samt
284 1399 69 22 första
368 1399 97 28 punkten
480 1399 46 21 deri
542 1399 71 21 blifvit
627 1399 97 28 uppläst,
738 1399 98 22 tillsades

86 1433 72 29 ordet,
173 1434 29 29 på
217 1434 95 29 begäran
