1009 1700
778 131 40 21 705

94 193 40 21 har
156 193 126 28 derigenom
306 193 157 29 församlingen
486 194 48 22 icke
555 195 40 21 fått
617 194 123 30 ersättning
758 196 33 21 för
811 197 34 21 sin

95 228 135 27 eganderätt.
261 228 43 28 Jag
324 235 64 15 anser
403 229 86 21 derföre
504 229 77 28 frågan
597 237 34 14 om
648 230 41 21 den
705 230 141 22 innehafvare

95 262 24 20 af
132 262 155 21 ecklesiastika
302 263 107 21 boställen
425 263 165 22 tillkommande
607 265 122 27 ersättning
743 265 32 21 uti
789 265 57 22 före-

95 297 96 20 varande
207 297 38 21 fall
259 297 128 28 lämpligare
398 298 52 21 böra
458 298 52 28 ingå
520 298 7 21 i
538 298 157 29 författningen
707 305 35 14 om
752 301 95 26 prester-

96 331 89 28 skapets
199 331 102 28 aflöning.

163 365 58 22 Herr
242 365 161 29 Ehrnrooth,
426 367 27 21 K.
476 367 37 21 A.:
537 367 44 28 Jag
601 368 55 21 hade
672 368 66 22 också
751 368 46 22 haft
813 369 34 22 för

94 401 66 28 afsigt
181 403 32 19 att
232 401 113 28 anmärka,
366 401 36 22 det
417 403 51 20 herr
484 409 42 14 von
542 402 70 22 Borns
628 403 77 29 tillägg
721 411 64 20 synes
801 404 45 28 mig

94 436 7 20 i
118 436 24 21 så
162 436 67 21 måtto
250 436 84 21 mindre
350 436 147 29 fullständigt,
515 439 30 19 att
561 437 38 22 der
614 438 35 21 väl
664 439 55 20 talas
735 445 34 14 om
785 439 61 20 inne-

94 469 106 22 hafvaren
215 471 24 21 af
253 473 32 19 ett
301 471 248 28 ecklesiastik-boställe,
563 479 50 14 men
626 472 115 29 ingenting
752 479 35 14 om
798 473 49 27 den,

94 511 47 14 som
160 505 113 29 verkligen
293 512 52 21 eger
360 506 111 27 bostället,
487 507 38 20 det
540 507 38 20 vill
593 508 52 26 säga
659 507 7 20 i
681 507 52 21 flere
749 507 38 21 fall
803 507 43 21 för-

94 539 129 29 samlingen.
247 541 43 20 Det
305 547 64 21 synes
385 541 45 27 mig
445 541 67 21 likväl
528 548 52 14 vara
596 541 77 28 billigt,
689 543 32 20 att
737 549 26 14 en
779 542 67 21 sädan

95 575 123 28 ersättning
237 576 56 20 skall
315 575 122 21 tillkomma
460 576 163 27 församlingen.
659 576 63 22 Hvad
743 577 103 21 beträffar

95 609 189 28 kronoboställen,
301 610 69 21 skulle
384 610 39 27 jag
440 610 25 21 be
481 612 33 19 att
529 610 22 22 få
566 610 75 22 förena
655 611 45 28 mig
715 611 7 21 i
739 611 50 21 herr
803 618 43 15 von

95 643 124 29 Knorrings
234 645 82 28 förslag
330 644 33 21 till
378 644 116 21 redaktion
511 645 23 21 af
547 645 18 28 $.

163 679 58 21 Herr
236 686 43 14 von
292 679 207 28 Weissenberg:
510 679 11 21 I
540 681 12 20 5
571 679 12 28 &
598 679 39 21 har
652 687 50 14 man
718 680 77 21 endast
810 687 36 14 ve-

95 714 30 21 lat
146 715 78 26 trygga
242 713 233 28 jordinnehafvarenes
497 716 49 19 rätt.
576 713 146 28 Jordegarens
738 716 50 26 rätt,
801 715 46 28 jor-

96 748 40 21 den
160 749 36 20 mä
217 755 30 14 nu
269 748 66 22 sedan
358 755 51 21 egas
433 748 23 21 af
473 749 96 27 kronan,
587 748 71 28 någon
675 749 104 21 kommun
795 750 54 21 eller

96 783 129 28 privatman,
246 785 23 19 är
290 783 148 28 uttryckligen
460 783 119 21 stadfästad
598 783 7 21 i
624 783 27 20 de
670 785 33 19 tre
727 783 68 22 första
817 784 31 27 S$.

96 817 44 28 Jag
162 817 70 21 finner
255 817 84 22 således
362 818 103 21 herrarne
486 825 42 14 von
549 817 99 22 Kremer
667 817 40 22 och
722 817 125 22 Ehrnrooth

96 852 48 21 icke
160 852 64 21 hafva
240 852 46 21 haft
301 852 72 28 giltigt
389 851 47 23 skäl
452 852 33 21 till
501 853 48 20 sina
564 852 177 28 anmärkningar.

164 886 59 21 Herr
238 886 165 28 Furuhjelm,
419 886 27 21 H.
462 886 33 21 V.:
512 887 50 21 Med
577 887 120 28 anledning
708 887 23 20 af
742 887 56 22 hvad
809 887 39 21 här

97 921 71 21 blifvit
190 921 101 21 anmärkt
311 927 34 16 om
365 921 154 21 innehafvares
535 921 23 21 af
573 921 154 21 ecklesiastika
742 921 107 22 boställen

96 957 44 19 rätt
156 955 34 22 till
205 955 139 29 godtgörelse
359 955 34 22 för
409 956 33 21 sin
458 956 115 28 nyttjorätt
591 956 70 21 finner
674 956 39 28 jag
729 956 72 27 ocksä,
817 958 33 19 att

98 992 31 19 ett
144 990 77 21 sädant
237 990 119 28 stadgande
371 991 39 20 bör
426 990 92 28 införas,
534 991 111 27 antingen,
661 991 71 20 säsom
746 991 51 20 herr
807 997 42 14 von

98 1025 59 21 Born
174 1025 119 28 föreslagit,
309 1031 80 22 genom
401 1025 77 28 tillägg
493 1025 24 20 af
529 1041 9 12 ,
544 1025 53 21 eller
612 1025 165 21 ecklesiastika*
794 1025 56 21 efter

100 1059 94 26 nkrono*
217 1060 53 20 eller
290 1061 59 19 ännu
369 1059 80 27 hellre,
470 1059 72 22 såsom
562 1059 51 21 herr
633 1066 42 14 von
694 1059 157 28 Weissenberg

98 1093 107 27 förordat,
228 1100 78 22 genom
328 1093 139 21 uteslutande
483 1093 25 21 af
521 1093 62 21 ordet
597 1093 98 27 ,krono*.
725 1093 63 21 Hvad
803 1094 48 20 åter

100 1128 102 21 beträffar
223 1128 40 21 den
284 1128 114 27 kollision,
420 1135 35 14 om
475 1135 50 14 man
545 1128 23 21 så
585 1128 39 21 vill
639 1129 62 27 säga,
717 1135 46 14 som
779 1128 71 21 skulle

98 1163 79 28 uppstå
193 1163 93 21 emellan
302 1163 157 28 församlingen
475 1163 40 21 och
531 1162 156 21 innehafvaren
704 1163 23 21 af
743 1163 109 26 bostället,

99 1197 25 21 så
139 1198 76 27 tyckes
231 1198 44 27 mig
290 1203 27 15 en
333 1197 66 21 sådan
416 1197 48 21 icke
480 1197 54 21 böra
549 1197 87 20 komma
651 1197 8 20 i
674 1197 69 28 fråga.
766 1197 47 21 Här
828 1199 24 19 är

99 1231 49 21 icke
164 1232 70 27 sagdt,
250 1232 56 21 huru
321 1231 151 28 ersättningen
488 1231 55 22 skall
559 1231 108 21 utbetalas
680 1231 35 21 till
725 1231 127 21 innehafva-

100 1273 50 20 ren,
166 1268 52 19 utan
235 1267 83 27 endast,
334 1267 32 20 att
381 1266 42 21 han
439 1266 56 21 skall
511 1266 22 21 få
549 1266 131 27 ersättning,
696 1266 40 21 och
747 1265 106 28 naturligt

100 1301 30 26 är,
146 1302 33 19 att
201 1300 42 21 han
266 1301 48 21 icke
337 1301 40 20 bör
397 1301 118 27 godtgöras
535 1301 34 21 för
589 1300 76 27 längre
680 1300 31 21 tid
727 1302 27 19 än
770 1300 43 21 han
827 1301 25 20 är

99 1334 141 21 innehafvare
261 1335 23 20 af
303 1335 108 20 bostället.
442 1335 42 26 Jag
505 1341 64 14 anser
589 1334 85 20 derföre
695 1334 68 20 saken
778 1334 74 21 kunna

100 1368 88 28 mycket
208 1368 41 21 lätt
269 1369 97 26 regleras
387 1368 101 26 sålunda,
504 1370 31 19 att
551 1369 31 20 ett
598 1367 108 21 bestämdt
721 1367 83 28 kapital
819 1369 33 19 ut-

100 1402 91 27 betalas,
206 1401 79 22 hvaraf
298 1404 79 20 räntan
392 1401 133 22 tillkommer
540 1401 157 22 innehafvaren
708 1401 24 22 af
743 1401 110 27 bostället,

102 1438 39 21 och
158 1437 85 21 hvilket
258 1437 83 28 kapital
355 1437 67 21 borde
437 1437 145 21 öfverlemnas
593 1436 34 23 till
637 1436 164 29 församlingen.
825 1436 29 22 Så

173 1477 51 23 Högl.
238 1477 52 17 Ridd.
304 1477 29 17 och
347 1477 62 17 Adelns
423 1477 66 17 Protok.
769 1477 22 17 45
