1011 1703
192 141 41 20 432

164 205 67 21 blifva
251 205 69 20 större
341 203 39 22 och
401 204 79 26 större,
496 204 55 20 samt
570 203 28 20 då
616 202 164 28 svårigheterna
794 203 32 20 att
840 201 68 22 blifva

163 238 98 28 delaktig
275 237 24 22 af
312 237 72 22 denna
398 237 106 28 bildning,
518 237 50 21 med
583 237 102 20 afseende
701 237 13 20 å
727 236 77 28 dyrare
814 236 95 21 lefnads-

163 272 151 22 förhållanden
330 272 100 21 alltmera
446 271 59 22 ökas.
527 271 86 22 Jemväl
628 271 61 21 torde
705 270 38 22 det
757 271 75 21 kunna
847 272 61 19 anta-

163 314 38 21 gas
217 314 52 14 vara
284 308 82 19 statens
382 305 141 29 obestridliga
537 305 56 29 pligt
608 307 32 20 att
654 306 29 28 på
693 305 39 21 allt
743 305 32 22 vis
786 305 123 21 underlätta

163 341 128 28 uppfostran
311 340 24 21 af
353 340 48 22 dess
421 341 142 27 tjenstemän,
584 340 40 20 och
643 339 52 29 ingå
713 340 32 20 uti
761 341 82 19 statens
859 341 51 25 eget

163 374 147 23 välförstådda
328 375 103 27 intresse,
447 375 71 21 såsom
536 374 94 22 vilkoret
645 374 34 21 för
695 374 48 21 dess
759 373 151 29 sjelfbestånd,

163 411 31 21 att
217 410 54 21 söka
292 409 73 29 sprida
385 409 42 21 den
446 409 77 28 högsta
543 408 90 29 möjliga
654 408 99 28 bildning
775 408 66 21 bland
864 408 47 21 sina

163 444 148 28 medborgare.
345 444 69 21 Detta
436 445 24 20 är
482 445 31 19 ett
535 443 53 27 mål,
612 450 46 14 som
681 443 138 28 sannerligen
842 442 68 22 borde

163 479 74 21 ställas
252 478 67 22 bland
334 478 26 21 de
376 478 90 21 främsta
481 478 24 21 af
518 478 56 26 dem,
590 477 34 21 för
637 477 84 21 hvilkas
733 477 108 21 ernående
849 476 61 29 jord-

163 514 65 26 bruk,
243 513 80 21 handel
343 512 40 22 och
402 512 93 22 industri
511 512 71 22 skatta
597 512 34 21 till
645 514 78 19 staten.
753 506 72 27 Äfven
841 512 69 20 måste

164 548 36 21 det
220 554 63 15 anses
298 547 106 21 innebära
420 554 26 14 en
462 547 123 28 obillighet,
602 554 34 14 om
652 548 71 20 staten
739 546 55 21 skall
809 546 101 22 beskatta

163 582 42 22 den
225 582 167 27 undervisning,
408 588 44 14 som
473 583 24 19 är
512 581 67 28 nödig
594 582 34 20 för
643 581 94 21 flertalet
753 581 24 21 af
790 580 49 22 dess
853 582 57 26 tjen-

163 619 84 19 stemän
263 617 41 21 och
320 616 70 28 öfriga
405 616 148 27 medlemmar,
564 616 26 21 då
605 616 8 21 i
628 616 67 21 andra
711 616 38 21 fall
765 617 70 20 staten
851 616 58 21 kost-

163 651 102 22 nadsfritt
284 651 125 28 uppfostrar
430 657 26 14 en
475 657 71 14 annan
565 650 34 21 del
618 651 24 20 af
655 651 48 20 sina
717 651 143 28 tjenstemän,
876 651 33 21 så-

163 692 45 14 som
224 685 61 21 fallet
301 686 24 19 är
340 684 6 21 i
361 684 190 22 militärskolorne.

230 720 51 20 Man
302 718 72 22 kunde
390 719 34 20 för
440 718 65 28 öfrigt
520 719 129 27 visserligen
664 719 104 27 invända,
784 720 31 20 att
830 719 27 21 då
872 726 38 14 an-

162 754 53 21 talet
236 754 72 20 elever
329 752 35 22 vid
387 753 248 21 elementarläroverken
662 754 56 20 efter
743 753 42 21 den
809 753 101 28 förhöjda

163 788 194 27 terminsafgiftens
376 787 116 21 införande
509 787 49 21 icke
576 787 133 21 åtminstone
723 788 7 20 i
746 788 71 26 någon
835 787 74 28 betyd-

162 823 68 27 ligare
251 822 53 28 grad
324 821 151 27 förminskats,
495 822 41 20 den
557 822 87 21 slutsats
660 821 63 22 deraf
739 822 69 20 måste
824 822 85 28 dragas,

163 858 30 20 att
215 856 44 22 alla
281 856 36 26 de,
333 856 85 21 hvilkas
438 856 54 20 barn
514 856 133 21 fortfarande
669 856 81 21 besöka
773 856 136 28 läroverken,

162 893 52 19 utan
234 890 112 29 synnerlig
362 890 116 28 olägenhet
493 890 73 22 mäkta
582 890 89 28 erlägga
686 890 41 22 den
743 890 167 28 ifrågavarande

163 925 98 29 afgiften.
291 919 51 27 Men
362 924 71 21 denna
449 924 88 22 slutsats
553 931 63 15 anser
632 924 107 21 utskottet
754 932 51 14 vara
820 925 89 22 alldeles

162 959 117 22 förhastad.
310 959 103 21 Tvertom
436 959 69 28 gifver
528 959 151 21 erfarenheten
703 959 35 21 vid
761 959 96 27 handen,
877 962 32 19 att

162 994 61 21 fallet
241 994 49 20 icke
306 995 24 19 är
346 993 86 27 sådant,
448 995 56 19 samt
518 995 32 19 att
566 993 76 21 endast
658 993 40 21 den
714 994 7 20 i
737 994 171 21 folkmedvetan-

162 1029 35 20 det
220 1027 62 28 djupt
304 1027 119 21 rotfästade
446 1027 160 28 öfvertygelsen
630 1034 34 14 om
684 1027 139 28 bildningens
846 1030 63 26 nytta

162 1062 39 21 och
224 1061 160 28 oumbärlighet
406 1063 46 26 gör,
468 1063 32 20 att
522 1062 78 27 många
620 1061 107 22 föräldrar
746 1062 100 28 dagligen
868 1063 40 21 och

162 1096 125 28 stundligen
310 1096 93 27 pålägga
426 1097 33 26 sig
479 1096 78 27 sjelfva
574 1096 26 21 de
620 1097 79 20 största
719 1097 189 28 ansträngningar,

162 1130 147 21 umbäranden
325 1130 40 21 och
380 1130 139 27 försakelser,
532 1143 24 2 —
572 1130 138 27 försakelser,
727 1137 34 14 om
777 1131 74 21 hvilka
866 1131 42 22 den

161 1165 120 28 lyckligare
300 1163 82 22 lottade
401 1164 84 29 knappt
500 1165 81 20 förmår
596 1166 53 26 göra
665 1165 33 28 sig
713 1172 27 14 en
756 1165 153 28 föreställning

163 1211 23 3 —
203 1199 34 20 för
257 1200 32 19 att
308 1198 126 28 derigenom
455 1199 73 20 kunna
547 1199 80 21 bereda
645 1201 66 26 utväg
725 1199 33 21 till
774 1199 134 22 bekostande

161 1233 24 21 af
203 1233 47 20 sina
269 1233 64 20 barns
353 1233 129 27 uppfostran
498 1233 33 20 till
547 1233 132 27 insigtsfulla
695 1233 40 21 och
750 1234 86 27 nyttiga
851 1241 56 14 sam-

161 1266 204 21 hällsmedlemmar.

228 1301 43 20 Det
286 1302 24 19 är
325 1300 28 28 på
368 1300 159 28 ofvanantydda
542 1300 53 27 skäl,
610 1307 45 14 som
666 1301 107 22 utskottet
783 1303 71 20 ansett
865 1301 42 22 den

160 1334 149 29 underdåniga
323 1334 93 29 petition
432 1335 53 21 böra
501 1335 78 27 stödas,
594 1335 50 22 med
659 1336 89 22 hvilken
764 1337 36 21 det
815 1337 92 28 högvör-

160 1370 50 28 diga
223 1369 86 22 ståndet
320 1369 31 22 uti
363 1369 142 22 förevarande
516 1370 61 28 fråga
588 1370 89 21 beslutit
688 1371 33 22 till
732 1371 28 22 H.
771 1371 61 29 Kejs.
845 1372 63 28 Maj:t

160 1405 57 28 ingå,
238 1404 39 21 och
298 1404 33 21 till
352 1403 130 29 deltagande
497 1405 61 21 hvari
573 1405 107 22 utskottet
695 1406 34 22 för
744 1407 32 21 sin
793 1407 35 20 del
844 1414 64 14 anser

160 1439 87 28 tjenligt
263 1440 31 21 att
309 1439 63 21 äfven
386 1439 27 22 de
425 1439 69 28 öfrige
505 1440 124 29 respektive
640 1441 90 22 stånden
742 1442 35 21 må
788 1441 118 29 inbjudas.*
