1014 1706
196 128 26 22 42

166 194 28 22 rit
215 194 134 28 öfverflödig.
379 194 39 21 Att
439 194 102 28 Sveriges
561 194 58 21 rikes
639 194 87 22 ständer
745 194 37 22 vid
800 194 117 22 särskildta

166 228 113 29 riksdagar
301 229 59 27 gjort
384 228 119 28 påstående
527 236 34 14 om
583 228 197 28 tillgodonjutande
803 228 23 21 af
844 229 73 21 denna

166 265 53 25 rätt,
234 264 38 21 vill
284 264 40 28 jag
338 262 49 22 icke
403 262 106 28 bestrida,
525 270 49 14 men
591 262 36 22 det
643 264 24 20 är
679 263 83 28 jemväl
777 263 91 27 bekant,
884 265 32 20 att

166 298 63 22 dessa
251 298 122 28 erinringar
396 297 40 21 och
459 296 144 23 anhållanden
627 297 70 29 aldrig
716 298 79 21 vunnit
813 297 103 23 afseende

166 333 39 21 hos
226 333 78 28 högsta
324 332 96 22 makten.
455 332 123 28 Konungen
594 332 8 21 i
617 332 91 28 Sverige
724 332 101 22 utöfvade
841 339 75 15 ensam

165 368 135 28 rättigheten
316 368 31 20 att
362 367 121 21 bestämma
501 367 40 21 och
556 366 76 29 afgöra
648 367 42 21 alla
705 367 210 29 tull-lagstiftnings-

165 402 74 28 frågor
260 402 57 21 intill
342 402 53 20 1809
416 402 35 20 års
471 401 261 29 regementsförändring;
753 402 41 20 och
814 401 42 22 den
872 403 44 26 sty-

164 437 68 27 relse,
252 443 47 15 som
320 436 56 21 efter
395 436 204 22 storfurstendömet
618 436 106 22 Finlands
744 436 101 28 förening
866 436 50 22 med

164 471 146 29 kejsareriket
332 470 113 28 tillsattes,
469 471 38 21 har
527 470 82 29 jemväl
632 470 143 22 obehindradt
794 470 58 22 intill
866 472 49 20 när-

165 506 95 22 varande
276 506 31 21 tid
322 505 85 22 utöfvat
427 512 82 14 samma
528 507 49 20 rätt.
607 505 65 21 Hvad
686 512 47 14 som
748 506 106 28 möjligen
871 505 44 22 kan

164 548 52 15 vara
236 543 32 19 att
287 547 63 15 anses
370 540 34 22 för
424 540 72 28 billigt
517 540 39 22 och
576 540 86 21 rättvist
677 540 34 22 får
726 540 48 22 icke
790 540 125 22 förblandas

164 576 50 21 med
236 575 46 27 det,
300 582 46 14 som
362 575 34 21 för
415 571 106 25 Finlands
541 574 88 22 ständer
645 576 58 20 ännu
716 576 65 27 utgör
796 574 117 30 grundlag,

165 610 39 21 och
222 610 40 28 jag
281 609 43 21 kan
344 609 49 21 icke
412 609 118 28 medgifva,
546 610 32 20 att
593 610 37 20 vår
646 616 29 14 nu
690 609 102 29 gällande
807 609 108 29 grundlag

163 644 123 22 innehåller
295 644 68 28 något
374 643 125 28 stadgande,
510 644 83 28 hvarpå
603 650 51 14 man
664 643 70 21 skulle
745 644 75 21 kunna
830 644 85 28 grunda

164 678 127 22 ständernas
306 678 96 28 anspråk
417 678 28 28 på
460 678 133 28 rättigheten
609 679 33 20 att
656 678 87 28 deltaga
753 678 7 20 i
770 678 145 28 tull-lagstifi-

164 713 88 29 ningen.

232 747 135 22 Skärskådar
388 754 50 14 man
454 747 77 29 frågan
546 747 57 22 ifrån
618 747 50 21 dess
682 747 114 29 praktiska
811 747 46 22 sida
872 747 41 22 och

163 783 42 21 den
226 784 70 26 nytta,
316 788 46 14 som
378 782 104 28 möjligen
499 782 71 21 kunde
586 782 125 21 vederfaras
724 781 95 22 Finland
834 788 80 22 genom

164 824 27 14 en
207 817 22 21 åt
244 817 50 21 dess
314 816 88 21 ständer
423 816 125 28 medgifven
563 818 44 20 rätt
622 818 32 19 att
669 816 87 28 deltaga
770 816 32 21 uti
817 816 97 28 tull-lag-

162 852 140 28 stiftningen,
322 858 63 14 anser
401 851 40 28 jag
456 851 36 21 det
506 858 52 14 vara
575 851 65 28 högst
655 851 177 28 problematiskt,
848 851 65 21 huru-

162 886 50 21 vida
227 888 31 19 ett
274 885 77 22 sådant
366 885 153 28 medgifvande
535 885 72 21 kunde
623 892 51 14 vara
691 885 87 28 nyttigt.
810 885 50 21 Som
876 885 37 21 be-

161 921 64 27 kant,
241 922 23 19 är
280 920 218 28 tull-lagstiftningen
514 920 7 21 i
536 920 94 21 Finland
646 927 46 14 mer
707 920 54 21 eller
776 920 85 21 mindre
876 920 37 22 be-

162 955 80 21 roende
262 955 24 21 af
304 954 113 22 enahanda
437 954 139 28 lagstiftning
595 954 6 21 i
623 954 150 28 kejsareriket.
807 954 68 21 Detta
889 956 25 20 är

162 991 32 19 ett
214 988 66 28 band,
300 988 58 21 ifrån
377 988 84 21 hvilket
481 989 21 20 vi
522 989 48 21 icke
591 988 74 21 kunna
680 988 83 29 frigöra
779 996 41 13 oss.
848 988 64 22 Stän-

162 1024 78 21 dernas
264 1022 144 28 inblandning
428 1023 32 21 uti
480 1023 218 29 tull-lagstiftningen
718 1023 70 21 skulle
807 1023 105 28 möjligen

160 1058 75 21 kunna
254 1057 114 21 föranleda
387 1057 33 21 till
435 1057 148 28 hvarjehanda
599 1058 130 27 obehagliga
744 1057 168 28 förvecklingar.

160 1092 11 21 I
192 1092 66 27 öfrigt
278 1091 127 27 förefinnes,
427 1092 44 27 mig
491 1092 131 28 veterligen,
643 1092 48 21 icke
711 1092 69 28 några
800 1091 111 28 grundade

161 1126 47 21 skäl
228 1126 34 21 till
278 1125 41 22 den
334 1125 114 22 förmodan
463 1126 54 21 eller
532 1126 36 21 det
583 1126 139 28 påståendet,
737 1128 31 19 att
783 1126 70 21 finska
868 1128 44 26 sty-

160 1161 71 21 relsen
248 1160 70 21 skulle
333 1159 128 22 försummat
476 1162 32 19 att
523 1161 6 20 i
541 1160 72 21 denna
623 1161 120 28 grannlaga
754 1161 61 28 fråga
828 1161 85 21 bevaka

160 1195 84 21 landets
260 1194 80 26 fördel,
356 1194 24 21 så
395 1194 88 28 mycket
498 1195 36 20 det
549 1195 52 20 stått
616 1195 7 20 i
639 1195 49 20 dess
703 1195 99 28 förmåga
816 1196 32 20 att
859 1196 54 27 göra

160 1229 43 21 det.
233 1229 69 27 Ingen
323 1228 110 28 mensklig
451 1228 123 21 institution
590 1231 23 18 är
629 1229 91 21 ofelbar.
749 1229 75 21 Under
840 1229 72 21 denna

160 1263 50 20 dom
228 1262 115 21 hemfaller
362 1262 63 21 äfven
447 1262 70 21 finska
536 1262 188 21 landtständernas
740 1263 44 20 alla
798 1263 113 28 tillgöran-

160 1297 48 21 den.
239 1295 43 29 Jag
302 1302 63 15 anser
384 1296 36 21 det
437 1296 87 21 derföre
539 1303 52 14 vara
605 1297 56 20 både
676 1298 78 19 rättast
770 1297 40 20 och
824 1297 88 21 klokast

159 1333 32 20 att
206 1330 88 22 afvakta
310 1330 26 21 de
352 1330 113 29 förslager,
481 1330 28 21 H.
525 1331 63 28 Maj:t
602 1331 108 28 Kejsaren
721 1331 67 22 lofvat
799 1331 44 22 låta
854 1331 57 22 före-

158 1366 65 29 lägga
244 1365 117 22 ständerna
379 1365 36 22 vid
432 1365 151 22 förstskeende
603 1366 104 28 landtdag
722 1366 40 21 och
777 1366 75 22 hvilka
866 1366 45 22 för-

159 1401 72 28 slager
250 1399 64 22 äfven
333 1400 88 21 komma
440 1401 32 20 att
492 1400 111 21 innehålla
623 1400 134 29 stadganden
775 1401 136 22 beträffande

158 1435 128 31 ytterligare
298 1434 151 29 utsträckning
459 1435 24 21 af
491 1434 42 23 den
544 1437 43 21 rätt
597 1435 33 23 till
641 1435 200 32 sjelfbeskattning,
852 1437 58 22 stän-
