1020 1703
207 133 41 22 444

177 200 36 18 vat
231 198 113 27 förelägga
363 196 116 22 ständerna
494 196 82 28 förslag
591 196 33 21 till
639 196 116 28 tidsenliga
765 196 158 29 förändringar

176 232 38 20 och
228 232 73 28 tillägg
316 232 8 20 i
338 231 82 21 landets
434 232 139 28 grundlagar,
585 226 105 26 hvarföre
701 231 86 21 ståndet
798 231 48 21 icke
857 231 66 21 borde

177 266 28 27 gå
220 265 61 22 Hans
296 266 103 27 Majestät
415 265 7 21 i
437 265 83 28 förväg.

243 300 93 21 Prosten
352 299 20 22 J.
388 299 17 21 I.
421 299 74 29 Bergh
510 299 92 29 yttrade,
618 299 37 21 det
669 301 97 26 prosten,
780 300 28 27 på
818 299 47 21 skäl
875 306 46 14 som

175 334 136 29 vicepastorn
327 341 41 14 von
384 334 69 21 Essen
469 335 5 19 i
492 341 26 14 en
535 341 71 14 annan
620 334 62 27 fråga
692 334 93 21 rörande
795 333 128 28 förändring

175 369 25 21 af
217 369 135 28 grundlagen
372 367 82 28 anfört,
470 369 67 27 ansåg
553 368 42 21 den
610 375 30 13 nu
655 367 165 29 ifrågavarande
835 368 86 28 petitio-

175 410 43 14 nen
234 402 135 28 öfverflödig.

242 437 93 22 Prosten
357 436 80 21 Heikel
458 436 122 27 anmärkte,
596 438 32 19 att
642 443 27 14 en
687 436 209 29 landtdagsordning
915 437 6 20 i

174 471 103 22 afseende
295 471 13 21 &
325 471 194 27 förhandlingarna
534 477 30 14 nu
579 470 67 21 redan
661 471 56 21 visat
732 471 34 28 sig
781 477 52 15 vara
847 470 74 22 behöf-

174 506 40 27 lig,
233 505 101 22 hvarföre
352 505 122 28 petitionen
489 505 48 21 icke
552 505 73 21 kunde
641 512 63 14 anses
720 512 52 14 vara
787 505 134 28 öfverflödig.

242 540 148 27 Domprosten
409 539 94 21 Renvall
522 539 73 21 kunde
615 539 49 22 icke
684 539 59 22 finna
763 539 42 21 den
819 546 30 15 nu
864 540 56 21 före-

174 575 76 27 slagna
265 574 122 29 petitionen
402 575 28 27 gä
445 574 28 21 H.
489 573 62 29 Kejs.
561 573 74 29 Maj:ts
650 574 8 21 i
672 574 105 21 trontalet
792 574 61 28 gifna
867 575 54 20 löfte

173 609 7 21 i
196 609 86 28 förväg,
299 609 39 20 och
359 609 51 21 ville
430 608 33 21 för
484 608 32 21 sin
538 608 35 21 del
588 608 116 28 godkänna
720 609 135 26 densamma,
871 616 49 14 men

173 643 97 21 önskade
291 643 87 27 endast,
394 644 32 19 att
441 643 37 20 der
498 643 59 20 finna
575 649 28 14 en
623 642 121 29 antydning
763 649 34 14 om
816 645 32 19 att
863 643 56 21 ifrån

173 677 60 21 äldre
248 677 56 21 tider
320 683 28 15 en
362 677 210 27 landtdagsordning
586 677 50 20 med
652 677 179 28 grundlagsenlig
845 678 73 26 giltig-

172 712 38 20 het
225 711 76 21 finnes.

237 745 130 21 Professorn
382 744 129 27 Schauman,
527 744 205 28 kontraktsprosten
747 744 114 22 Ehrström
877 745 40 21 och

171 780 137 27 vicepastorn
328 786 42 14 von
389 778 70 22 Essen
480 778 104 22 förenade
604 778 34 28 sig
658 778 65 22 äfven
743 780 49 20 med
807 779 49 21 dem
872 786 45 14 som

170 813 64 28 yrkat
248 813 133 27 petitionens
396 812 129 28 antagande,
541 813 121 27 hvarjemte
677 812 42 22 den
735 813 134 21 sistnämnde
880 821 37 13 an-

169 847 93 27 märkte,
277 849 32 19 att
324 848 70 20 ehuru
408 854 28 14 en
451 847 131 29 föregående
599 847 68 21 talare
678 847 104 29 åberopat
793 848 26 20 de
829 848 25 21 af
861 848 56 21 vice-

169 884 90 26 pastorn
275 882 7 21 i
297 889 28 14 en
346 888 71 14 annan
437 881 62 28 fräga
519 881 91 22 anförda
626 881 56 27 skäl,
698 881 63 22 dessa
780 882 67 21 likväl
862 882 55 26 icke,

169 916 69 28 enligt
253 916 149 28 vicepastorns
418 916 63 27 äsigt,
497 916 72 21 kunde
584 922 41 21 ega
641 916 154 28 tillämplighet
810 917 7 20 i
833 916 83 22 föreva-

169 950 67 21 rande
252 951 45 21 fall.

236 984 148 22 Talemannen
400 984 134 22 framställde
550 984 52 22 härä
618 984 34 21 till
668 985 135 27 omröstning
819 985 96 28 följande

168 1019 145 28 proposition:

235 1053 46 22 Vill
302 1053 85 21 ständet
407 1053 71 21 säsom
498 1053 38 22 sitt
559 1054 50 27 eget
629 1054 80 27 antaga
726 1053 59 21 detta
800 1053 114 28 petitions-

167 1087 97 28 förslag?
847 1106 2 3 ,

234 1121 136 22 Besvarades
385 1122 50 21 med
450 1122 71 21 nitton
534 1122 25 28 ja
573 1123 46 20 mot
634 1123 36 20 nio
685 1123 43 27 nej.

234 1157 116 22 Hvarefter
366 1156 87 27 beslöts,
465 1159 32 19 att
511 1156 209 29 petitionsförslaget
731 1156 70 21 skulle
811 1156 34 21 till
856 1157 57 21 stän-

163 1191 51 22 dets
228 1190 101 22 enskilda
344 1190 173 22 besvärsutskott
529 1190 132 22 remitteras.

390 1225 49 21 Den
455 1226 24 20 17
496 1224 116 22 december
629 1225 61 21 1863.

233 1258 123 28 Föredrogs
374 1259 41 21 oeh
434 1258 113 21 bordlades
563 1258 57 20 intill
635 1258 145 21 nästskeende
795 1258 117 28 plenisam-

163 1292 114 22 manträde
292 1294 33 18 tre
340 1292 49 21 frän
400 1292 96 20 ständets
507 1292 99 21 enskilda
616 1291 174 22 besvärsutskott
800 1291 111 50 ingångna

163 1326 163 26 betänkanden,
340 1326 121 28 nemligen:
487 1338 27 3 —
543 1338 28 3 —
600 1338 28 4 —
657 1338 27 3 —
716 1337 24 4 —
772 1337 25 3 —
886 1338 22 3 —

232 1361 21 26 3)
272 1360 114 28 angäende
404 1362 89 26 prosten
509 1360 28 21 H.
553 1360 91 22 Heikels
659 1338 193 50 petitionsförslag
861 1360 48 21 der-

159 1402 48 19 om,
222 1397 32 19 att
274 1395 88 21 härnäst
382 1395 204 21 sammanträdande
601 1395 87 20 ständer
704 1395 67 20 måtte
787 1394 121 29 föreläggas

160 1429 67 29 nådig
242 1429 134 28 proposition
393 1430 33 20 till
441 1437 28 20 ny
486 1429 210 30 landtdagsordning,
712 1429 129 28 sålydande:
