1003 1709
187 124 41 22 552

157 189 34 21 till
210 196 85 19 ansvar,
314 188 28 22 då
357 189 41 21 den
415 188 158 29 prostituerade
587 188 101 28 dagligen
704 188 53 21 flere
772 188 81 28 gånger
869 188 36 21 be-

159 224 39 28 går
217 230 82 14 samma
319 223 39 27 fel,
382 225 52 19 utan
453 224 33 20 att
505 223 67 21 likväl
591 223 67 27 något
677 229 78 15 ansvar
781 222 32 21 för
835 222 71 22 henne

159 264 52 22 eger
230 265 55 14 rum.
316 258 43 28 Jag
379 258 70 21 skulle
469 258 63 21 äfven
552 257 85 22 derföre
656 257 88 21 förorda
766 258 25 20 14
811 258 11 27 $
842 257 8 21 i
865 256 42 22 den

159 292 79 29 nådiga
258 292 175 29 propositionen,
453 292 92 22 emedan
561 293 7 20 i
583 292 43 21 alla
641 292 45 26 fall,
702 298 35 15 om
753 292 40 21 den
809 293 98 27 antages,

159 327 119 21 orättvisan
295 327 41 21 blir
349 327 160 27 jemförelsevis
525 326 91 22 mindre.

227 360 57 23 Herr
304 361 108 27 Linder,
432 361 36 21 E.:
487 362 66 20 Emot
575 361 91 21 friherre
690 360 106 29 Carpelan
815 361 38 21 vill
870 362 38 27 jag

159 396 77 21 endast
256 396 112 26 anmärka,
385 397 32 19 att
433 396 39 28 jag
487 396 48 21 icke
551 397 51 25 tror,
618 396 32 20 att
665 395 136 29 sedligheten
818 396 89 28 främjas

159 437 79 21 genom
254 430 102 21 stiftande
372 430 24 21 af
409 430 68 28 lagar,
493 438 45 14 som
554 430 48 22 icke
618 430 132 21 efterlefvas.
780 424 72 28 Äfven
870 430 38 22 fri-

159 465 63 21 herre
244 464 108 29 Carpelan
372 464 61 22 torde
454 465 120 28 medgifva,
590 466 31 19 att
641 464 25 21 de
686 465 39 21 här
740 467 111 25 upptagna
866 465 42 21 för-

159 499 110 21 seelserna
288 499 132 21 åtminstone
435 499 8 21 i
459 500 26 20 99
501 499 37 22 fall
553 499 65 21 bland
635 499 40 21 100
690 499 49 21 icke
755 499 70 21 skulle
841 499 68 21 blifva

160 533 138 27 bestraffade,
314 533 40 21 och
370 534 27 20 då
412 540 49 14 man
477 534 39 21 har
532 534 60 20 detta
606 533 62 21 klara
682 534 150 26 medvetande,
845 541 64 14 anser

157 569 49 28 jag,
222 569 32 21 att
274 576 50 14 man
345 568 49 22 icke
409 568 39 22 bör
463 570 80 27 antaga
559 570 31 20 ett
605 568 129 28 stadgande,
751 575 46 15 som
813 570 19 26 ej
849 569 60 21 kom-

160 610 47 14 mer
222 605 32 19 att
270 603 131 21 efterlefvas.
433 603 43 29 Jag
491 603 70 21 skulle
577 603 93 27 derföre,
685 604 8 20 i
708 603 70 21 likhet
793 604 50 21 med
857 604 53 20 flera

161 638 74 27 andra,
251 638 54 28 vilja
320 637 118 29 godkänna
457 638 74 21 denna
546 638 11 27 $
573 637 66 22 sådan
658 638 42 21 den
716 639 24 20 är
754 639 7 20 i
778 637 40 22 den
829 638 81 28 nådiga

161 672 169 28 propositionen.

228 706 59 22 Herr
306 706 157 29 Jägerhorn,
479 706 27 22 K.
523 707 30 21 J.:
574 706 50 22 Med
644 706 119 28 anledning
781 707 24 21 af
818 707 92 22 friherre

163 742 118 28 Carpelans
297 742 77 28 gjorda
388 741 126 28 jemförelse
530 742 93 21 emellan
639 741 36 21 det
690 742 136 28 naturanlag,
843 749 45 14 som
903 742 7 21 i

163 776 110 28 egenskap
290 777 24 21 af
327 776 110 28 tjuforgan
453 777 81 21 företer
549 776 34 28 sig
598 777 39 21 hos
653 776 91 28 tjufven,
760 776 40 22 och
815 777 42 21 den
872 784 38 14 na-

161 812 104 27 turkraft,
277 812 39 27 jag
331 812 39 20 bär
391 811 99 27 omtalat,
506 811 37 21 vill
559 812 39 27 jag
616 814 46 18 mot
680 812 66 21 sådan
759 812 128 27 jemförelse
903 812 7 20 i

161 846 187 29 mensklighetens
368 853 65 14 namn
454 846 108 28 nedlägga
582 846 45 21 min
647 848 93 26 protest,
761 846 91 22 emedan
868 846 42 22 den

161 880 133 28 naturkraft,
310 888 46 14 som
373 881 40 28 jag
432 880 33 22 uti
479 880 143 22 förevarande
638 882 63 20 ämne
717 881 129 27 framhållit,
861 881 50 21 hela

162 915 175 29 menskligheten
353 916 39 21 har
407 918 32 19 att
454 916 64 21 tacka
533 916 34 21 för
582 916 32 21 sin
632 916 102 21 existens,

229 950 58 22 Herr
306 950 187 22 Nordenheim:
513 950 11 21 I
544 950 118 28 anledning
681 950 25 21 af
721 950 92 22 friherre
831 951 80 28 Carpe-

162 986 47 20 lans
224 985 102 27 yttrande
342 985 52 21 ville
407 985 39 28 jag
461 986 111 26 anmärka,
583 986 31 20 att
629 985 108 21 friherren
753 985 46 21 helt
814 986 40 20 och
865 986 46 21 hål-

161 1020 31 20 let
206 1020 70 20 måste
291 1020 65 20 hafva
371 1020 141 21 missförstått
528 1020 51 28 mig,
595 1021 23 26 ty
634 1020 70 27 enligt
719 1020 48 21 mitt
782 1020 82 28 förslag
878 1023 32 18 ut-

163 1054 75 28 gjorde
254 1053 36 21 det
303 1054 47 27 just
365 1056 32 19 ett
411 1054 72 21 vilkor
498 1054 34 21 för
547 1056 32 19 att
593 1054 63 21 aktor
671 1054 49 22 icke
736 1054 69 21 skulle
821 1055 23 21 få
859 1056 52 26 taga

162 1088 72 28 någon
250 1088 87 28 åtgärd,
353 1090 32 19 att
400 1089 96 27 qvinnan
510 1089 41 21 hos
567 1089 32 21 sin
614 1089 141 27 själasörjare
770 1089 88 21 förtrott
872 1089 38 21 ho-

162 1129 51 15 nom,
234 1122 38 21 sitt
292 1122 88 28 felsteg,
396 1123 40 21 och
457 1122 74 22 dervid
553 1124 89 26 betygat
661 1123 34 21 sin
714 1124 113 27 allvarliga
842 1124 68 27 ånger

163 1156 106 28 deröfver,
284 1164 51 14 men
348 1157 40 28 jag
403 1157 87 27 önskar,
506 1158 31 20 att
552 1158 7 20 i
575 1158 64 27 lagen
655 1157 55 21 skall
726 1158 87 28 qvarstå
825 1160 31 18 ett
866 1158 43 21 för-

163 1190 50 28 bud,
229 1191 72 21 såsom
316 1193 84 26 protest
415 1193 46 20 mot
475 1192 222 28 sedlighetslagarnas
714 1192 163 22 öfverträdelse.

231 1225 103 21 Friherre
355 1225 140 29 Carpelan:
514 1226 52 21 Man
581 1226 39 21 har
635 1226 39 21 här
690 1226 105 28 åberopat
810 1228 101 26 exempel

163 1259 48 20 från
231 1259 68 21 andra
318 1259 83 27 länder,
421 1266 51 14 men
489 1260 39 27 jag
547 1261 52 24 tror,
614 1261 32 19 att
661 1260 21 20 vi
704 1259 74 21 kunna
792 1260 67 27 fägna
874 1267 35 14 oss

163 1292 60 21 öfver
242 1294 31 19 att
288 1293 7 20 i
311 1292 80 28 sedligt
409 1293 102 21 afseende
531 1294 32 20 stå
581 1292 49 22 vida
648 1293 69 27 högre
736 1295 27 19 än
779 1294 79 26 många
873 1301 38 13 an-

164 1326 38 21 dra
225 1326 137 22 civiliserade
384 1326 82 28 länder,
490 1327 38 21 der
548 1334 50 14 man
618 1327 46 21 ofta
682 1334 44 21 nog
745 1328 70 20 finner
835 1328 75 28 hvarje

164 1360 69 29 tredje
254 1361 54 21 eller
327 1361 70 28 fjerde
419 1362 52 21 barn
489 1368 52 15 vara
560 1362 29 28 på
608 1361 61 22 sidan
690 1362 74 27 afladt,
780 1362 67 28 något
865 1369 46 15 som

163 1395 49 22 icke
230 1398 24 19 är
270 1396 61 21 fallet
346 1396 8 21 i
368 1396 48 21 vårt
431 1396 57 21 land.
519 1396 42 28 Jag
576 1396 84 22 fruktar
675 1396 73 28 likväl,
764 1398 32 20 att
811 1398 24 21 så
850 1398 61 21 kom-

163 1437 35 15 me
212 1432 33 20 att
260 1430 46 28 ske,
321 1437 35 15 om
371 1437 58 21 man,
445 1431 71 21 såsom
531 1431 159 21 bondeståndet
703 1431 97 29 uttryckt
815 1432 40 28 sig,
869 1433 42 28 gif-
