995 1709
189 122 42 22 328

161 187 152 28 ifrågakomne
334 187 131 28 åtgärderne
486 186 139 28 sannerligen
646 187 20 28 ej
687 187 45 21 tåla
751 187 36 21 vid
809 187 101 28 uppskof.

161 222 72 28 Eljest
247 221 62 21 skola
324 221 51 22 våra
390 221 186 21 efterkommande
591 220 50 22 med
656 221 40 21 allt
709 221 48 21 skäl
767 221 76 21 bittert
852 222 58 21 före-

161 256 40 22 brå
221 263 34 15 oss
275 256 33 22 för
327 255 37 22 det
379 256 22 21 vi
417 256 132 28 expatrierat
564 255 59 27 dem,
640 268 24 4 —
682 257 22 27 ty
720 255 71 21 denna
804 255 106 29 likgiltig-

161 291 39 21 het
215 291 34 21 för
264 291 94 28 skogens
375 291 122 22 bevarande
513 291 62 26 skall,
587 297 35 14 om
638 290 41 21 den
696 290 32 21 får
739 290 91 21 fortfara
840 291 71 27 länge,

163 325 144 29 ovilkorligen
327 325 65 22 hafva
413 325 33 21 till
460 325 90 29 påföljd,
565 326 32 20 att
615 325 53 21 hvar
684 326 27 20 än
726 325 53 21 våra
793 325 118 22 efterkom-

163 361 78 21 mande
261 361 36 20 må
316 360 66 21 hafva
401 359 111 30 uppslagit
532 359 47 22 sina
595 359 96 29 bopålar,
709 359 48 22 icke
773 359 42 22 blir
829 359 36 22 det
880 360 33 21 uti

163 395 37 22 det
215 395 33 21 till
264 401 26 16 en
306 395 89 21 sibirisk
410 394 78 22 tundra
502 393 141 23 förvandlade
659 394 82 22 Suomi.

231 429 57 22 Herr
303 429 83 22 Rein:
406 429 50 22 Den
474 429 32 22 uti
527 428 167 29 ifrågavarande
708 429 93 28 petition
817 429 95 22 uttalade

164 465 57 28 åsigt
235 471 35 14 om
281 463 197 29 otillräckligheten
490 463 24 22 af
522 464 26 21 de
561 463 101 28 gällande
675 463 238 29 lagbestämmelserna,

163 500 32 20 att
215 499 13 20 å
247 505 28 14 en
294 498 36 21 del
346 500 58 19 orter
419 498 78 21 hindra
510 498 94 28 skogens
619 498 108 21 utödande
746 505 78 21 genom
843 499 70 21 öfver-

165 533 79 21 drifvet
259 532 132 28 svedjebruk
406 533 95 28 grundar
517 533 33 28 sig
564 533 29 28 på
607 532 70 21 under
693 532 139 29 tillämpning
845 533 24 20 af
877 533 36 21 de-

165 575 83 14 samma
268 574 87 15 vunnen
376 567 131 21 erfarenhet.
537 567 44 21 Det
600 567 56 21 hade
675 567 87 22 derföre
777 567 57 21 varit
849 567 62 22 önsk-

165 603 48 27 ligt,
227 603 33 20 att
275 601 108 22 utskottet
402 601 48 22 icke
471 602 70 28 åtnöjt
562 601 33 29 sig
613 601 48 22 med
677 603 32 20 att
724 601 76 22 endast
813 601 101 22 försäkra

165 638 129 25 motsatsen,
312 637 53 21 utan
385 637 32 20 att
432 636 122 22 detsamma
568 636 65 21 äfven
649 636 50 21 sökt
715 636 80 28 bevisa,
811 638 32 20 att
857 637 55 28 peti-

164 671 100 22 tionären
284 671 110 29 misstagit
413 671 39 28 sig.
482 671 35 22 Då
537 671 77 22 sådant
633 671 49 22 icke
703 671 68 27 skett,
790 671 68 22 måste
875 672 39 28 jag

165 713 53 15 anse
232 705 158 30 petitionärens
405 706 119 29 påstående
539 713 52 14 vara
605 706 146 28 ovederlagdt.
779 706 135 29 Ytterligare

165 741 40 22 har
224 741 43 22 han
287 741 101 28 bestyrkt
409 741 120 22 detsamma
544 747 78 23 genom
638 741 33 21 sin
687 741 7 21 i
710 741 42 28 dag
767 741 99 22 lemnade
881 744 33 19 ut-

166 776 99 28 redning.
293 775 35 22 Då
342 775 110 22 dessutom
468 775 69 22 kändt
552 778 30 24 är,
596 777 33 20 att
643 775 111 29 åtskilliga
769 776 83 21 trakter
867 777 7 21 i
890 777 26 21 de

167 812 59 19 östra
245 811 65 20 länen
326 810 67 21 redan
409 810 44 21 lida
468 810 24 22 af
505 810 127 29 skogsbrist,
647 813 53 18 utan
716 811 32 20 att
762 811 69 28 utsigt
846 811 69 22 finnes

167 845 35 22 för
224 844 49 23 dess
295 845 109 27 återvext,
425 851 64 16 anser
506 845 40 29 jag
566 845 36 22 det
621 844 118 30 höglofliga
759 845 87 22 ståndet
863 845 54 23 böra

168 880 59 21 finna
243 880 34 28 sig
290 880 136 28 uppmanadt
440 882 33 19 att
487 881 23 20 åt
524 880 42 21 den
582 880 78 21 väckta
675 880 76 29 frågan
768 887 57 22 egna
840 881 77 21 allvar-

166 915 33 28 lig
213 914 199 29 uppmärksamhet.
439 915 57 21 Lika
510 915 49 21 litet
574 921 47 14 som
636 914 50 21 herr
702 921 42 15 von
759 915 157 29 Weissenberg

167 949 44 21 kan
228 949 41 28 jag
288 949 68 21 önska
377 949 40 21 och
438 949 53 28 vilja
507 949 108 28 tillstyrka
631 949 160 28 svedjerättens
805 950 111 21 brådstör-

167 983 50 22 tade
237 983 152 28 upphörande,
404 985 52 20 utan
478 983 76 22 endast
569 983 50 22 dess
634 984 161 28 inskränkning
808 985 58 21 inom
882 985 34 22 så-

168 1018 56 21 dana
247 1017 112 28 skrankor,
383 1025 45 14 som
452 1018 108 29 betrygga
581 1018 75 21 landet
677 1019 77 28 nödigt
779 1019 137 28 skogsbehof.

168 1052 45 21 Till
233 1052 108 21 vinnande
361 1053 24 20 af
403 1053 60 21 detta
483 1053 100 22 ändamål
603 1053 77 27 borde,
696 1053 70 28 enligt
785 1054 45 21 min
850 1055 66 28 åsigt,

168 1093 129 22 noggranna
319 1087 189 29 undersökningar
530 1087 118 27 anställas,
664 1089 20 27 ej
706 1088 84 21 mindre
805 1089 34 20 till
859 1091 59 19 utrö-

169 1121 70 21 nande
259 1121 24 21 af
296 1121 78 21 åkerns
390 1128 58 20 area,
464 1123 28 20 än
506 1122 23 21 af
543 1121 36 21 det
593 1121 69 21 behof
673 1122 28 28 på
717 1122 136 28 svedjeland,
870 1130 46 14 som

168 1155 35 22 till
222 1155 95 28 fyllande
338 1155 24 21 af
380 1153 131 31 bristen
481 1149 31 40 på
530 1155 53 22 åker
602 1156 178 29 oundgängligen
795 1159 25 18 är
835 1157 81 28 nödigt.

168 1189 113 28 Derjemte
302 1189 66 22 borde
388 1190 41 21 den
445 1190 33 21 till
493 1190 51 21 sved
565 1190 91 28 tjenliga
675 1191 138 28 skogsmark,
829 1192 28 27 på
875 1193 43 23 sätt

169 1231 79 21 genom
264 1224 118 28 styrelsens
397 1224 86 29 försorg
497 1225 67 21 redan
580 1225 58 21 skett
653 1225 50 22 med
718 1225 152 28 stockskogen,
884 1227 32 20 in-

169 1258 60 21 delas
245 1259 6 19 i
268 1259 84 20 30—40
370 1258 72 26 lotter,
458 1258 24 21 af
500 1259 74 20 hvilka
589 1265 27 14 en
632 1259 33 20 för
680 1259 76 28 hvarje
772 1260 23 20 år
811 1259 57 28 finge
885 1259 33 22 till

169 1291 52 22 sved
241 1292 119 27 begagnas,
381 1291 95 22 börande
498 1292 62 21 dessa
578 1293 76 20 lotters
671 1293 94 29 omfång,
779 1294 71 21 såvidt
864 1294 54 29 möj-

169 1327 40 27 ligt
224 1327 30 27 är,
270 1326 132 21 bestämmas
418 1327 13 20 &
446 1333 41 15 ena
502 1327 62 22 sidan
579 1327 56 21 efter
651 1327 108 28 behofvet,
770 1329 13 20 &
793 1329 42 20 den
850 1329 68 21 andra

169 1361 56 21 efter
245 1361 145 28 tillgängarne
412 1361 28 28 pä
460 1361 135 29 skogsmark.
624 1362 33 22 På
677 1363 41 21 den
737 1363 106 28 uppgifna
858 1364 59 21 tiden

170 1395 24 22 af
213 1396 83 21 30—40
314 1396 24 21 &r
357 1396 69 21 skulle
442 1403 29 22 ny
487 1397 54 28 skog
556 1397 67 21 hinna
639 1404 100 22 uppvexa
753 1398 8 21 i
777 1398 41 21 den
834 1398 84 22 afsved-

169 1430 38 23 das
226 1431 63 21 ställe
309 1431 41 22 och
363 1432 74 22 landet
452 1432 91 22 sälunda
558 1432 117 30 betryggas
691 1440 34 15 om
741 1433 87 30 ständig
843 1433 76 30 skogs-
