1003 1742
206 140 39 24 126

177 209 70 22 skulle
263 209 76 29 afgöra
355 206 79 25 sådana
449 206 72 32 frågor
536 210 67 21 annat
618 208 28 22 än
661 206 32 24 till
708 206 97 25 bankens
823 209 99 29 fromma,

176 245 38 21 vill
228 246 39 27 jag
283 244 55 22 dock
353 244 48 22 icke
416 244 116 30 tillstyrka,
542 246 32 20 att
584 245 71 27 någon
666 244 128 29 förändring
803 246 35 20 må
848 245 75 22 kunna

177 281 40 21 ske
227 281 7 21 i
245 280 57 21 hvad
311 279 28 23 H.
349 280 61 28 Maj:t
422 280 38 21 och
472 280 114 22 ständerne
597 282 135 26 gemensamt
743 280 74 22 derom
827 280 96 22 beslutit.

245 315 58 22 Herr
325 315 145 29 Törngren:
493 316 56 22 Herr
571 315 156 29 Björkenheim
750 315 68 21 måste
839 315 19 28 ej
879 317 44 19 rätt

177 351 66 23 hafva
261 350 66 24 fattat
346 351 44 23 min
410 351 95 31 mening.
536 350 43 31 Jag
594 358 69 22 anser,
680 352 31 22 att
731 350 43 24 den
795 350 128 31 proportion

177 388 94 22 emellan
291 388 72 22 sedlar
383 388 39 22 och
444 388 108 23 metallisk
572 388 82 28 valuta,
670 394 46 16 som
735 387 116 23 ständerne
871 387 52 22 fast-

178 425 73 28 ställa,
266 424 39 22 bör
325 424 111 23 betraktas
456 425 70 22 såsom
546 432 27 15 en
593 424 107 30 grundlag
719 424 39 22 och
774 424 7 22 i
797 424 41 22 den
853 426 71 27 vägen

178 461 38 22 vill
229 462 39 28 jag
283 461 20 28 ej
318 461 72 21 lemna
404 460 196 30 bankfullmäktige
614 461 73 28 nägon
703 460 65 22 frihet
786 462 32 20 att
836 460 89 29 vidtaga

177 496 159 28 förändringar.
359 496 51 21 Men
425 497 96 21 deremot
536 496 38 22 vill
586 497 39 28 jag
640 496 73 22 lemna
727 496 198 22 bankdirektionen

179 532 40 22 och
238 531 196 29 bankfullmäktige
454 532 28 21 all
502 532 75 28 möjlig
600 531 66 21 frihet
685 532 9 20 i
713 531 102 22 afseende
837 532 12 20 &
865 532 60 21 läne-

177 567 82 22 rörelse
274 566 39 22 och
329 566 71 28 öfriga
414 567 150 21 förhällanden
580 567 33 21 till
628 566 155 22 allmänheten.

246 602 59 22 Herr
320 603 96 27 Arppe:
433 602 43 29 Jag
486 602 37 22 ber
534 604 32 20 att
580 603 22 21 fä
616 602 142 29 understödja
769 602 36 22 det
815 602 109 29 yttrande,

178 638 75 22 herrar
273 638 113 28 Törngren
404 638 40 22 och
459 645 43 15 von
517 637 118 23 Bonsdorff
648 638 8 21 i
671 638 103 22 afseende
790 638 12 22 &
817 638 107 28 ifrägava-

179 673 68 23 rande
262 675 97 20 moment
375 673 91 29 afgifvit,
483 674 39 21 och
538 674 79 22 önskar
632 673 94 29 derföre,
740 676 32 19 att
788 673 35 22 det
834 674 35 21 mä
880 681 45 15 om-

179 710 110 28 redigeras
305 709 7 21 i
326 709 36 21 det
377 708 24 22 af
413 709 48 22 dem
477 710 89 28 angifna
581 709 63 29 syfte.

247 746 58 21 Herr
326 744 197 30 Björkenheim,
538 746 37 22 R.:
596 746 55 22 Hela
666 745 59 22 detta
745 747 95 21 moment
860 746 64 28 afser,

180 782 69 28 enligt
264 781 45 22 min
324 781 146 29 uppfattning,
481 782 19 28 ej
517 783 66 20 annat
596 783 26 20 än
634 780 82 23 sädana
726 781 142 29 stadganden,
879 789 46 15 som

179 818 52 29 ingä
244 817 7 21 i
267 817 37 21 det
320 817 94 29 speciela
428 818 145 28 reglementet
589 818 32 21 för
637 817 86 22 banken
739 817 40 23 och
794 818 47 22 icke
857 818 68 30 nägra

180 854 23 21 af
215 852 207 30 hufvudgrunderna
438 854 33 21 för
487 854 97 21 bankens
599 853 153 30 organisation.
780 854 75 21 Skulle
871 854 55 22 dock

179 890 24 21 af
220 889 42 22 den
277 889 124 28 föreslagna
414 889 144 22 redaktionen
573 889 71 29 nägon
661 896 71 15 annan
748 889 89 22 slutsats
852 889 74 22 kunna

179 925 88 28 dragas,
283 925 108 21 erkänner
403 925 39 28 jag
457 927 32 19 att
504 924 40 22 den
560 927 24 20 är
600 925 84 28 otydlig
698 925 40 22 och
754 925 40 22 bör
807 927 74 20 rättas.

247 959 59 22 Herr
321 959 145 30 Törngren:
482 960 34 22 Dä
532 960 122 23 emellertid
668 961 25 21 sä
707 961 80 28 mänga
797 961 23 22 af
829 960 97 23 ständets

179 995 142 23 medlemmar
340 996 140 22 missförstätt
495 996 71 22 denna
581 996 122 28 redaktion,
720 997 23 21 sä
758 1003 63 15 anser
834 998 40 27 jag
890 997 37 22 det

180 1039 52 14 vara
252 1031 38 22 allt
311 1031 46 22 skäl
373 1033 31 20 att
419 1031 75 22 förena
510 1031 33 29 sig
558 1032 7 21 i
580 1031 56 22 hvad
651 1032 50 21 herr
716 1033 75 28 Arppe
806 1034 68 27 yttrat
889 1040 37 15 an-

179 1067 84 28 gäende
283 1066 190 29 omredigeringen
492 1067 63 22 deraf
574 1067 39 22 och
628 1067 7 21 i
652 1067 76 22 sädant
747 1068 102 21 afseende
869 1068 57 21 äter-

179 1102 113 21 remittera
306 1102 148 21 betänkandet
469 1103 33 20 till
517 1102 171 21 bankutskottet.

247 1136 102 21 Friherre
365 1136 26 21 de
406 1137 21 20 la
443 1136 135 29 Chapelle:
597 1136 99 22 Emedan
717 1136 36 22 det
774 1136 90 23 sednare
880 1145 45 14 mo-

179 1173 84 19 mentet
283 1171 106 28 möjligen
408 1171 72 21 kunde
496 1171 24 21 sä
534 1171 85 27 förstäs,
635 1173 32 19 att
683 1171 36 22 det
734 1171 70 22 skulle
819 1172 108 22 innefatta

179 1206 106 27 rättighet
300 1206 33 20 för
349 1205 27 22 H.
387 1205 63 28 Maj:t
465 1206 39 21 och
521 1207 126 20 ständernes
662 1206 196 29 bankfullmäktige
869 1208 32 20 att
912 1209 14 19 t.

179 1246 33 15 ex.
229 1240 90 21 tillsluta
335 1240 84 21 banken
436 1241 33 20 för
485 1241 195 27 silfverutvexling,
695 1241 23 21 sä
734 1241 91 21 föreslär
837 1242 46 27 jag,
895 1243 32 20 att

178 1275 8 20 i
201 1275 61 20 detta
277 1277 96 18 moment
387 1275 93 20 emellan
496 1275 67 20 orden
580 1277 104 24 ,ämnen*
702 1275 40 21 och
752 1276 91 25 ,yfinnes*
855 1277 71 20 skulle

178 1308 101 27 inryckas
295 1314 27 14 en
337 1308 96 27 mening,
447 1315 46 14 som
509 1308 69 21 skulle
594 1309 136 20 förekomma
745 1315 27 14 en
788 1309 66 21 sädan
869 1309 57 21 tolk-

178 1343 59 27 ning,
254 1341 91 29 ungefär
361 1342 23 21 af
398 1341 96 29 följande
510 1343 91 27 lydelse:
617 1343 81 27 ,sävidt
714 1343 25 22 de
755 1343 48 22 icke
817 1343 109 28 upphäfva

179 1377 98 21 bankens
297 1376 125 29 skyldighet
442 1378 31 20 att
491 1377 49 22 med
558 1378 75 21 silfver
646 1378 72 21 utlösa
732 1377 48 23 sina
795 1378 131 29 utelöpande

179 1411 89 22 sedlar.*

246 1446 58 22 Herr
319 1452 42 15 von
376 1445 79 29 Born,
470 1445 27 24 K.
513 1446 35 23 F.:
567 1445 46 24 Här
633 1447 39 22 har
693 1447 121 29 anmärkts,
829 1450 33 19 att
876 1446 51 24 med

178 1481 27 22 de
220 1481 137 22 föreskrifter
368 1488 53 22 som,
432 1483 28 28 pä
471 1484 43 20 sätt
525 1483 53 22 sista
587 1485 121 20 momentet
718 1483 128 28 innehäller,
857 1483 70 23 skulle
