1025 1703
175 130 41 21 790

143 196 40 27 jag
196 195 120 28 misstaget,
332 195 41 21 och
388 194 43 21 han
451 194 69 21 finnes
540 202 92 14 numera
646 194 7 20 i
668 196 124 20 stamtaflan
808 195 89 22 anteck-

146 229 43 21 nad
204 228 71 22 såsom
291 228 49 21 död.
371 228 41 21 Om
426 228 60 21 detta
501 228 142 27 förhållande,
660 235 45 14 som
722 230 104 27 möjligen
843 229 55 22 varit

146 263 147 27 anledningen
314 262 83 28 dertill,
413 264 32 20 att
465 264 88 20 namnet
569 263 137 21 Olivecreutz
722 263 81 21 influtit
818 264 6 20 i
840 264 57 21 före-

146 297 95 22 varande
257 297 145 29 förteckning,
419 298 38 21 har
470 298 40 27 jag
523 298 58 21 velat
592 298 91 27 upplysa
694 297 153 29 ridderskapet
858 299 39 21 och

146 332 71 21 adeln.

214 366 58 22 Herr
292 373 41 14 von
354 366 79 27 Born,
454 366 20 22 J.
495 367 36 20 A.;
554 367 44 20 För
614 366 44 21 min
674 366 35 21 del
725 373 64 14 anser
801 367 48 28 jag,
866 369 32 20 att

146 402 41 21 den
204 401 23 22 af
240 401 108 22 utskottet
366 401 125 28 föreslagna
509 401 104 28 ätgärden
629 401 7 20 i
652 401 59 21 detta
727 402 64 20 ämne
806 403 23 20 är
844 409 52 21 gan-

146 436 39 21 ska
200 435 98 29 lämplig,
314 435 41 21 och
371 436 32 21 fär
419 436 85 21 säledes
519 435 109 28 tillstyrka
643 436 60 21 bifall
720 435 33 21 till
764 436 133 27 densamma,

145 471 140 28 naturligtvis
301 470 98 27 sålunda,
416 472 32 19 att
463 471 66 20 sedan
548 477 29 14 nu
592 470 88 28 upplyst
695 470 79 27 blifvit,
790 472 31 19 att
837 472 59 20 ätten

145 505 138 21 Olivecreutz
298 506 24 19 är
337 505 29 27 på
377 505 137 21 svärdssidan
526 504 135 27 utslocknad,
671 505 122 21 kostnaden
804 505 33 21 för
849 505 48 22 dess

145 539 134 28 vapensköld
302 539 39 21 bör
365 539 24 21 af
408 539 162 28 ridderskapets
592 539 41 21 och
654 539 76 21 adelns
751 546 56 21 egna
825 539 72 22 medel

145 574 112 27 betäckas,
274 574 39 21 och
328 575 33 19 att
377 574 20 27 ej
414 574 72 27 någon
501 574 74 21 vidare
590 573 78 28 åtgärd
684 574 33 20 till
736 574 124 21 ersättande
876 575 23 20 af

145 608 121 22 kostnaden
285 608 34 22 för
338 609 61 20 ätten
421 608 135 28 Tigerstedts
575 608 127 28 vapenplåt,
726 610 52 20 enär
797 608 41 22 den
858 616 38 14 nu-

145 650 60 15 mera
220 643 72 21 blifvit
307 642 81 28 erlagd,
406 642 43 22 kan
464 643 87 21 komma
566 642 76 28 ifråga.

213 678 57 21 Herr
290 677 105 27 Munck,
415 677 28 21 K.
463 678 34 21 F.:
519 678 42 28 Jag
579 677 38 21 vill
633 677 33 20 till
681 678 118 21 utskottets
814 678 82 29 förslag

144 712 101 28 tillägga,
261 713 33 20 att
309 711 141 28 betalningen
469 712 66 21 borde
554 712 100 28 erläggas
673 712 36 21 vid
727 712 106 29 äfventyr,
850 720 47 15 som

144 747 50 22 herr
210 747 74 22 Taube
300 747 6 21 i
322 747 34 21 sin
371 747 134 21 reservation
520 747 120 28 föreslagit,
652 747 110 28 nemligen
774 749 33 20 att
817 754 79 22 vapen-

144 781 124 28 sköldarna,
283 782 58 21 intill
356 782 49 21 dess
421 781 112 28 betalning
549 782 56 27 sker,
622 781 70 22 skulle
708 781 49 22 från
772 782 124 22 riddarhus-

144 815 71 22 salens
231 817 56 27 vägg
302 816 112 27 nedtagas.

212 850 58 21 Herr
290 851 175 20 Silfversvan:
489 850 42 29 Jag
546 851 83 28 tycker,
645 852 31 19 att
692 851 36 21 det
745 858 50 15 vore
811 851 84 22 mindre

143 885 110 28 lämpligt,
272 886 32 20 att
323 885 152 28 ridderskapet
497 885 39 21 och
558 885 64 22 adeln
637 885 69 21 första
721 886 87 28 gången
824 887 71 20 denna

142 919 62 28 fråga
223 919 148 22 förekommer
389 920 7 20 i
416 920 86 21 ståndet
524 920 70 22 skulle
615 921 82 20 utsätta
721 921 72 28 någon
812 921 83 29 påföljd

143 954 7 20 i
161 953 104 22 händelse
278 953 48 22 icke
338 954 68 28 liqvid
417 954 42 22 blir
469 955 125 21 verkställd.
618 955 43 28 Jag
672 956 51 25 tror,
735 957 32 19 att
778 956 26 21 de
815 957 80 28 ifråga-

143 988 94 21 varande
258 989 97 20 ätternas
375 989 146 27 medlemmar,
540 990 28 20 då
586 989 26 21 de
632 989 89 21 officielt
735 990 68 21 blifva
817 991 78 21 under-

143 1022 85 21 rättade
251 1029 35 14 om
309 1022 77 28 saken,
409 1023 47 22 icke
477 1023 61 21 skola
558 1023 115 22 underlåta
695 1025 31 20 att
745 1024 89 28 erlägga
853 1025 42 21 den

144 1057 80 21 eskade
240 1056 98 28 afgiften.

210 1091 58 21 Herr
288 1090 163 28 Jägerhorn,
472 1091 23 22 C.
516 1091 31 21 J.:
571 1091 43 28 Jag
633 1092 98 21 biträder
749 1092 42 22 den
807 1094 24 20 af
844 1094 51 21 herr

142 1125 134 21 Silfversvan
296 1125 85 27 yttrade
400 1125 57 28 åsigt
477 1126 23 21 sä
518 1126 87 27 mycket
624 1126 79 27 helire,
723 1133 46 14 som
788 1128 107 21 utskottet

142 1160 64 27 säger
221 1159 8 21 i
244 1159 38 21 sitt
297 1159 146 28 betänkande,
457 1161 32 20 att
500 1160 190 21 uraktlätenheten
701 1161 105 28 möjligen
817 1163 78 21 vällats

142 1194 24 21 af
180 1193 149 28 obekantskap
345 1193 50 22 med
410 1194 182 22 förhållanderne.

210 1227 58 22 Herr
283 1234 41 15 von
341 1227 122 22 Gertten:
481 1229 51 20 Som
548 1229 27 20 de
590 1229 8 21 i
613 1229 111 27 Ryssland
740 1231 83 20 bosatte
835 1232 58 20 med-

141 1261 121 21 lemmarne
280 1261 24 22 af
320 1261 151 28 ridderskapet
492 1263 39 20 och
547 1262 64 21 adeln
627 1263 47 21 icke
691 1264 61 21 torde
768 1264 73 21 kuuna
857 1273 36 20 ge-

142 1302 50 14 nom
208 1295 139 29 tidningarne
363 1295 145 28 underrättas,
523 1297 127 21 hemställer
662 1298 46 27 jag,
725 1305 34 14 om
775 1298 48 22 icke
835 1300 58 21 stån-

142 1329 37 22 det
195 1330 51 21 ville
265 1330 39 21 hos
324 1330 229 29 generalguvernören
568 1331 98 28 anhålla,
682 1334 31 19 att
729 1333 42 22 han
787 1334 84 22 täcktes
886 1335 7 21 i

142 1364 140 22 omförmäldt
297 1364 105 22 afseende
417 1365 88 29 vidtaga
520 1365 76 29 åtgärd
610 1366 8 21 i
633 1366 74 22 saken.

210 1398 58 22 Herr
284 1406 42 15 von
342 1399 81 27 Born,
443 1399 20 22 J.
479 1400 36 22 A.:
534 1400 72 22 Jemte
622 1401 37 21 det
674 1402 64 22 äfven
751 1404 40 28 jag
805 1403 88 22 förenar

142 1433 44 28 mig
202 1433 7 21 i
224 1433 56 23 hvad
296 1434 50 22 herr
361 1434 134 23 Silfversvan
510 1436 68 28 yttrat
593 1435 81 29 derom,
690 1439 32 20 att
737 1438 67 29 något
819 1438 73 23 äfven-
