1025 1706
177 114 40 20 440

149 178 204 20 mansdistrikterne
374 177 49 21 med
443 178 129 27 pastorater,
589 176 39 20 och
649 176 82 28 byarne
750 176 7 20 i
776 176 33 20 sin
825 175 75 21 helhet

149 212 88 20 tillhöra
253 218 82 14 samma
351 211 134 27 församling.
508 210 34 21 En
558 210 66 21 sådan
637 210 118 28 jemkning
770 210 66 21 borde
847 211 53 20 nöd-

150 245 90 28 vändigt
260 246 74 27 börjas
354 245 49 21 med
419 245 26 21 de
461 246 82 20 minsta
556 244 135 26 områderna,
706 244 49 20 med
771 244 92 28 byarna,
876 245 25 27 ja

151 280 50 21 med
221 280 137 20 hemmanen.
387 279 44 21 Det
452 280 72 20 blefve
540 278 27 22 då
582 278 40 21 ock
638 278 85 28 nödigt,
739 280 32 19 att
786 279 115 27 egolotter,

151 321 46 13 som
218 314 88 20 tillhöra
326 320 27 14 en
371 314 29 27 by
416 314 54 20 eller
485 315 31 19 ett
531 314 112 25 hemman,
659 319 50 14 men
725 312 59 28 ligga
799 312 59 22 inom
873 320 28 14 en

150 355 72 13 annan
243 348 40 27 bys
302 348 55 21 eller
377 347 34 21 till
431 348 40 20 och
492 348 50 20 med
562 354 26 14 en
608 353 72 14 annan
700 346 91 22 sockens
806 347 96 27 område,

151 382 76 28 skiljas
242 382 57 21 ifrån
314 382 43 20 den
372 382 70 26 förra,
457 384 23 26 ty
496 382 76 20 endast
586 380 91 22 sålunda
691 380 43 22 kan
750 388 27 14 en
793 381 62 28 redig
869 381 32 22 in-

152 416 90 27 delning
262 414 24 22 af
303 416 75 21 landet
397 416 84 21 vinnas.
511 415 74 21 Saken
605 416 25 19 är
648 415 118 27 ingalunda
786 416 24 19 så
828 416 75 20 enkelt

152 450 110 27 reglerad,
283 457 47 14 som
351 456 28 15 en
401 449 109 29 afgången
534 449 53 28 högt
608 450 89 27 uppsatt
717 449 135 21 embetsman
873 449 30 22 lät

152 486 99 26 uppgöra
267 483 41 22 den
324 484 29 28 på
367 483 86 27 kartan,
469 484 40 21 och
525 483 182 28 sammanhänger
721 483 50 21 med
781 483 76 28 frågan
868 490 34 15 om

153 518 160 28 egostyckning
330 518 41 21 och
389 518 189 28 jordafsöndring,
593 523 51 15 men
660 518 24 20 är
699 517 74 22 alltför
787 517 70 29 vigtig
871 520 32 20 att

153 553 84 21 lemnas
256 552 68 21 åsido.
355 553 43 28 Jag
411 553 67 28 vågar
494 552 87 22 derföre
596 551 87 28 föreslå,
698 553 33 20 att
745 552 85 22 landets
845 554 58 20 stän-

154 587 38 21 der
214 587 52 28 ingå
288 587 50 21 med
360 587 136 28 underdånig
518 586 94 28 petition
636 593 34 14 om
691 587 81 28 nödiga
791 587 113 28 åtgärders

154 629 65 14 snara
238 621 133 28 vidtagande
386 622 8 20 i
409 621 72 22 denna
500 628 44 21 nog
563 621 195 28 maktpåliggande
773 623 130 27 angelägen-

154 657 45 26 het,
215 656 39 21 och
270 656 98 21 anhåller
383 656 8 21 i
406 656 135 28 ödmjukhet,
556 657 32 19 att
603 655 60 22 detta
677 655 51 22 mitt
742 656 83 28 förslag
837 657 67 21 måtte

155 691 7 20 i
178 691 77 21 sådant
269 691 103 21 afseende
387 691 27 20 de
430 691 70 28 öfriga
515 690 93 21 stånden
624 689 113 29 delgifvas.

665 725 70 21 Henr.
749 725 100 22 Heikel.*

223 759 71 21 Lades
309 759 13 20 å
338 759 77 21 bordet
430 759 33 21 till
479 759 67 21 andra
561 759 90 28 plenum
666 759 7 20 i
689 760 63 21 nästa
767 760 72 22 vecka.

428 811 49 22 Den
495 813 25 20 13
536 812 98 21 oktober.

223 846 125 28 Föredrogs
367 847 90 26 prosten
476 846 29 21 H.
520 845 92 22 Heikels
628 846 112 21 memorial
757 853 34 14 om
807 847 99 28 tillväga-

157 880 120 28 bringande
296 880 24 21 af
338 880 128 29 fullständig
481 880 151 28 likformighet
647 881 31 20 uti
694 881 85 21 landets
794 881 113 29 indelning

156 915 7 20 i
176 914 108 28 judicielt,
300 915 170 21 administrativt
486 915 40 21 och
542 915 149 21 ecklesiastikt
705 915 132 21 hänseende.

224 948 35 22 Då
273 949 67 27 ingen
356 950 96 20 anmälte
468 950 33 27 sig
514 951 32 19 att
558 949 110 21 diskutera
679 948 83 29 frågan,
773 950 134 22 framställde

157 983 51 21 herr
223 983 140 21 talemannen
376 983 97 28 följande
488 984 147 28 proposition:

225 1017 46 21 Vill
287 1017 86 21 ständet
387 1020 81 25 antaga
482 1020 89 26 prosten
586 1017 92 21 Heikels
689 1024 30 14 nu
729 1018 130 28 föredragna
869 1026 38 21 pe-

158 1052 158 27 titionsförslag
336 1052 71 20 såsom
428 1052 37 20 sitt
486 1054 61 26 eget,
568 1052 40 20 och
624 1052 120 21 detsamma
762 1052 33 21 till
811 1053 97 21 ständets

158 1086 173 22 besvärsutskott
346 1086 126 22 remittera?

226 1120 135 21 Besvarades
384 1120 106 28 enhälligt
510 1120 103 28 jakande.
642 1120 48 22 Och
712 1122 99 20 kommer
831 1122 76 28 frägan

159 1154 57 28 förty
232 1155 38 25 att,
286 1155 6 20 i
308 1154 103 21 afseende
428 1155 13 20 &
456 1154 127 28 beredning,
594 1154 34 21 till
643 1154 98 22 ständets
757 1155 99 22 enskilda
871 1156 37 21 be-

160 1188 145 21 svärsutskott
320 1188 131 28 remitteras.

385 1240 49 20 Den
451 1240 25 20 17
493 1240 114 20 december
624 1240 61 20 1863.

227 1272 124 28 Föredrogs
371 1273 41 20 och
428 1272 115 21 bordlades
557 1273 58 21 intill
630 1273 145 21 nästskeende
791 1273 117 28 plenisam-

160 1306 112 21 manträde
287 1308 32 19 tre
335 1306 48 21 från
397 1306 98 21 ständets
505 1306 99 22 enskilda
614 1307 173 21 besvärsutskott
797 1307 112 29 ingångna

160 1340 161 28 betänkanden,
338 1341 121 28 nemligen:

228 1411 20 26 2)
269 1410 112 28 angäende
401 1412 89 26 prosten
512 1410 27 21 H.
563 1410 89 22 Heikels
670 1411 189 29 petitionsförslag
874 1419 36 18 om
