1000 1706
813 134 41 20 567

135 196 106 28 kapitlet"
257 196 14 22 &
285 196 88 21 åttonde
393 196 67 22 raden
482 197 53 28 deri,
551 198 70 21 skulle
636 198 83 22 införas
733 200 25 25 ,1
776 199 40 21 och
830 200 13 20 3
859 200 24 27 88

135 230 27 20 53
182 230 61 27 kap."
265 230 40 21 och
324 232 33 18 att
374 230 56 21 efter
445 231 62 21 ordet
521 232 79 28 ,angä*
617 233 12 20 &
644 233 73 20 tionde
733 233 66 21 raden
815 233 67 21 borde

134 264 91 20 insättas
242 264 164 28 bestämningen
424 265 104 27 ,qvinnas
543 272 79 15 ansvar
637 266 33 21 för
685 267 69 21 första
765 268 40 20 och
815 267 68 22 andra

134 304 63 14 resan
214 298 116 28 lägersmål
346 300 76 19 samt".

202 332 64 22 Hvad
285 332 152 29 ridderskapet
457 333 40 21 och
517 333 64 21 adeln
601 334 90 22 sålunda
707 335 89 22 beslutit
812 336 70 22 skulle

135 374 78 21 genom
236 367 200 28 protokollsutdrag
457 367 106 29 delgifvas
581 368 142 22 medständen
746 370 34 21 till
801 370 81 22 känne-

134 402 50 20 dom
205 404 55 19 samt
280 402 244 27 expeditionsutskottet
546 402 34 22 för
600 403 130 28 vidtagande
751 404 24 21 af
794 404 42 23 den
854 406 28 28 pä

134 436 106 21 utskottet
255 435 161 22 ankommande
434 436 77 28 ätgärd
526 437 7 20 i
549 437 74 22 saken.

202 505 125 28 Föredrogs
346 505 154 28 lagutskottets
520 506 138 23 betänkande
679 515 34 14 n:o
734 509 25 20 21
781 509 7 20 i
808 509 74 22 anled-

135 539 53 29 ning
208 540 23 21 af
245 539 79 29 nädiga
339 540 164 28 propositionen
519 548 34 14 n:o
572 541 25 21 18
613 542 112 28 angäende
741 543 56 21 falsk
813 544 70 29 angif-

134 575 59 21 velse
209 574 39 21 och
264 581 72 14 annan
352 574 168 30 ärekränkning.

203 609 154 21 Betänkandet
372 609 114 22 bordlades
501 610 34 21 till
551 611 62 20 nästa
625 611 89 28 plenum
724 611 20 22 d.
758 613 25 20 14
794 613 88 22 dennes.

203 678 175 22 Sammanträdet
393 678 53 22 slöts
461 679 53 22 härä
528 679 29 21 kl.
573 680 46 21 ätta
633 687 18 14 e.
666 687 28 15 m.

628 727 20 16 In
661 726 59 18 fidem:

537 759 78 20 Victor
627 760 25 20 de
666 760 22 20 la
700 761 114 25 Chapelle.

280 895 64 28 Den
367 896 36 27 14
425 895 88 36 Mars,
535 895 40 28 kl.
601 897 37 26 10
660 897 18 26 f.
700 907 37 17 m.

203 958 43 21 Till
260 957 110 29 justering
384 958 112 28 upplästes
511 957 162 29 ridderskapets
689 958 40 22 och
745 959 75 22 adelns
835 967 49 22 pro-

135 992 67 22 tokoll
218 993 34 21 för
267 992 42 22 den
325 992 13 22 5
354 992 40 22 och
411 993 11 20 7
438 992 147 22 innevarande
601 1000 65 14 mars.

204 1062 103 21 Friherre
323 1062 24 20 af
360 1062 126 21 Schultén
501 1062 88 21 undfick
603 1062 28 28 på
646 1062 96 28 begäran
756 1063 63 21 ordet
828 1066 57 19 samt

136 1096 80 27 anhöll,
232 1096 51 21 med
297 1096 118 28 anledning
431 1096 24 21 af
468 1096 161 28 ridderskapets
644 1096 41 22 och
701 1096 75 22 adelns
792 1097 42 22 den
849 1099 13 20 5
878 1098 7 21 i

136 1131 71 21 denna
221 1130 79 22 månad
315 1130 82 22 fattade
414 1130 77 28 beslut,
506 1131 140 28 hvarigenom
661 1131 93 27 ståndet,
765 1132 67 21 sedan
842 1132 42 21 rid-

136 1165 188 21 darhusutskottet
340 1165 49 21 med
405 1165 118 22 affordradt
538 1165 137 22 betänkande
691 1166 122 28 inkommit,
829 1167 56 21 efter

136 1199 107 28 votering,
259 1199 72 21 såsom
346 1200 38 20 sitt
400 1200 84 28 antagit
499 1203 80 18 tvenne
595 1200 107 21 särskilda
717 1200 24 21 af
754 1200 75 23 herrar
842 1207 42 15 von

137 1234 166 28 Weissenberg,
323 1234 27 21 A.
370 1234 33 27 B.,
417 1234 40 20 och
477 1241 41 14 von
538 1233 148 28 Willebrand,
701 1233 27 22 K.
749 1234 32 27 F.,
801 1235 84 27 ingifne

136 1268 189 29 petitionsförslag
344 1275 34 14 om
398 1268 161 29 ridderskapets
581 1268 40 22 och
641 1268 75 22 adelns
735 1269 108 27 afsägelse
864 1270 23 21 af

137 1303 47 21 sina
200 1303 68 28 enligt
283 1303 126 28 privilegier
425 1303 39 21 och
480 1303 67 21 andra
561 1302 154 29 författningar
725 1302 160 22 innehafvande

137 1337 258 26 företrädesrättigheter,
409 1337 49 19 med
474 1338 111 26 undantag
599 1336 24 20 af
631 1337 115 20 förmonen
757 1338 32 18 att
799 1337 87 27 deltaga

137 1370 7 20 i
160 1370 84 21 landets
264 1369 185 29 representation,
465 1371 32 19 att
517 1370 22 21 få
558 1369 33 21 till
607 1369 133 27 protokollet
754 1370 34 20 för
803 1376 83 14 samma

137 1404 43 28 dag
198 1405 59 21 emot
275 1402 143 23 omförmälda
436 1403 72 22 beslut
525 1402 108 29 nedlägga
648 1410 27 15 en
691 1402 124 29 skriftligen
831 1410 54 23 upp-

137 1440 44 21 satt
195 1438 135 23 reservation
346 1438 24 22 af
382 1438 97 28 följande
494 1438 93 29 lydelse:
