998 1703
746 144 39 22 351

66 208 32 29 lig
116 216 51 15 mon
188 211 107 20 motsvara
311 209 176 30 kronofogdarne
503 210 117 22 derstädes.
650 210 11 21 I
677 211 90 28 Sverige
783 212 32 20 ut-

66 243 48 22 föra
134 243 174 28 kronofogdarne
329 245 78 27 sjelfve
422 245 7 20 i
445 244 96 28 enlighet
562 245 49 21 med
626 245 109 21 allmänna
750 245 65 28 lagen

66 278 45 20 ofta
126 285 44 20 nog
186 278 26 21 de
227 278 116 28 vigtigaste
359 279 119 21 aktoriater
489 280 40 20 och
544 279 64 21 hafva
621 279 127 28 uppbörden
769 281 46 19 ute-

67 311 99 21 slutande
186 312 33 21 för
239 319 55 21 egen
315 313 34 21 del
371 320 34 14 om
421 313 89 21 händer.
540 313 27 28 Ej
584 314 24 20 så
624 314 37 20 hos
680 321 41 13 oss.
751 313 64 21 Hvad

66 346 144 21 länsmannen
225 346 43 22 kan
284 347 94 28 förtjena
393 354 79 21 genom
488 348 94 21 enskildt
597 348 90 26 biträde,
703 350 24 18 är
743 348 19 27 ej
778 348 37 20 be-

66 380 85 28 tydligt.
182 380 61 22 Hans
260 382 92 27 myckna
367 382 74 21 arbete
458 382 39 22 och
514 382 99 28 ständiga
628 382 136 28 uppassande
776 382 40 21 och

67 422 60 14 resor
142 415 72 21 lemna
229 416 80 21 honom
325 416 19 28 ej
361 416 96 22 särdeles
471 417 30 21 tid
518 416 72 22 dertill
607 416 62 29 öfrig,
685 416 83 22 hvilket
777 417 39 27 jag

66 450 52 28 sjelf
132 450 40 21 fått
188 450 77 27 erfara,
282 451 26 20 då
321 451 39 28 jag
375 451 93 28 nödgats
484 452 52 20 söka
551 452 142 20 länsmannen
709 452 28 27 på
753 454 62 18 orten

67 484 51 21 flere
139 484 82 28 gånger
241 485 111 27 förgäfves
373 486 6 20 i
395 486 56 28 följd
467 486 23 21 af
503 486 54 20 hans
573 492 60 14 resor
648 486 7 20 i
670 486 145 28 tjensteären-

66 519 45 21 der.
141 518 49 22 Den
211 526 45 14 som
277 519 56 21 skall
352 520 58 21 finna
425 520 33 21 sin
474 520 119 28 uträkning
609 520 39 21 och
664 520 57 21 vinst
736 527 79 21 genom

66 553 84 22 biträde
166 554 22 21 åt
203 554 98 21 enskilde
317 556 79 26 parter,
412 555 68 21 måste
496 555 62 21 alltid
572 562 51 13 vara
639 555 32 20 till
686 555 76 25 hands,
778 562 37 14 an-

66 595 50 14 nars
136 588 40 21 bär
192 588 35 21 det
243 589 33 28 sig
291 589 54 21 icke.
376 589 35 21 Må
423 590 40 27 jag
478 590 34 21 för
528 589 66 28 öfrigt
609 589 100 28 tillägga,
725 591 32 20 att
772 590 43 21 för-

67 622 121 22 ordnandet
213 623 92 21 rörande
332 623 153 22 länsmännens
512 624 103 28 ställning
640 624 59 21 inom
725 623 90 29 Sverige

67 657 64 22 väckt
146 657 87 28 mycket
248 658 120 28 ogillande,
383 659 102 21 hvarföre
501 666 50 14 man
566 659 43 20 kan
626 661 88 25 antaga,
730 660 32 20 att
777 661 38 19 än-

67 692 63 28 dring
145 692 111 21 derstädes
273 694 59 19 snart
348 693 82 21 vinnes.
456 693 154 21 Länsmännen
626 692 110 22 derstädes
751 693 65 21 hafva

67 726 66 28 ingen
153 734 55 20 rang
227 727 40 21 och
288 729 109 19 motsvara
412 728 7 20 i
435 728 36 20 det
491 730 109 20 närmaste
615 728 51 21 våra
682 728 133 28 ,uppbörds-

66 760 127 22 skrifvare.*

136 795 57 22 Herr
208 796 103 27 Munck,
327 796 26 22 K.
369 797 32 21 F.:
417 796 76 30 Enligt
508 797 56 21 hvad
581 798 49 20 herr
644 797 122 29 Jägerhorn
783 805 32 14 re-

67 832 42 20 dan
130 831 96 28 upplyst,
242 838 51 21 eger
314 838 26 14 en
361 832 153 28 landshöfding
529 832 7 21 i
553 832 89 28 Sverige
657 834 44 19 rätt
717 834 31 19 att
763 834 52 19 utan

67 866 135 27 ransakning
219 866 79 21 afsätta
313 866 47 21 sina
376 866 162 28 underlydande
554 867 105 21 länsmän.
690 867 43 28 Jag
748 866 67 22 befin-

67 908 39 13 ner
130 900 44 28 mig
195 899 84 22 således
304 900 7 21 i
335 900 40 22 den
399 901 96 29 lyckliga
518 901 131 28 ställningen
672 904 32 18 att
724 901 23 21 af
765 902 50 20 herr

67 935 168 29 Björkenheims
256 935 116 29 förvåning
391 936 60 21 öfver
467 936 49 21 mitt
532 936 70 28 afslag
617 936 13 21 &
643 936 172 28 prestaständets

67 969 131 29 inbjudning
213 970 33 20 till
262 970 135 28 underdänig
411 971 94 28 petition
522 978 34 14 om
573 970 150 29 upphäfvande
738 971 23 21 af
773 971 43 21 för-

67 1005 123 27 fattningen
214 1012 34 13 om
268 1004 153 22 länsmännens
441 1006 135 27 afsättlighet
599 1006 71 20 lemna
691 1012 26 14 en
739 1007 77 26 anpart

68 1039 63 22 äfven
147 1039 22 21 ät
184 1039 93 21 svenska
291 1039 172 29 lagstiftningen.
494 1040 11 21 I
520 1040 76 28 frägan
612 1047 34 14 om
661 1040 154 21 länsmännens

66 1074 162 21 löneförmoner
248 1073 64 22 hafva
333 1074 26 21 de
374 1074 132 29 föregäende
520 1075 98 21 talarene
633 1075 182 28 hufvudsakligen

67 1109 66 21 afsett
153 1108 42 21 den
215 1108 108 21 ordinarie
345 1108 141 22 kronolönen.
516 1109 52 21 Men
588 1109 143 21 länsmännen
751 1109 65 22 hafva

67 1143 110 21 dessutom
193 1143 83 28 ganska
292 1143 78 28 mänga
385 1143 68 22 andra
467 1144 128 27 inkomster,
610 1144 66 21 bland
691 1143 74 22 hvilka
779 1151 36 14 en-

67 1180 56 20 samt
138 1178 63 21 deras
216 1178 79 20 arvode
311 1178 34 20 för
361 1178 233 28 bränvinsredskapers
610 1179 121 27 försegling
741 1179 7 20 i
758 1179 58 21 vissa

67 1212 113 22 distrikter
200 1213 83 27 uppgår
301 1212 33 21 till
355 1212 52 22 flere
427 1213 84 21 hundra
532 1213 70 27 rubel;
623 1213 73 21 vidare
715 1213 101 28 inbringa

67 1246 155 28 utmätningar,
245 1247 93 21 sakören
362 1247 39 21 och
423 1248 85 27 privata
531 1247 188 29 fullmäktigskap,
743 1248 73 20 hvilka

67 1281 78 22 alltför
157 1281 35 21 väl
207 1281 74 21 kunna
296 1282 24 20 af
333 1281 141 22 länsmännen
492 1282 133 21 handhafvas
640 1284 50 19 utan
712 1282 104 21 äsidosät-

68 1315 65 22 tande
153 1315 24 21 af
196 1315 61 21 deras
278 1316 168 28 tjenstepligter,
462 1328 27 4 —
504 1316 111 28 betydliga
636 1323 101 15 summor.
767 1316 49 22 Den

68 1349 142 28 insigtsfulle,
230 1349 88 27 driftige
341 1350 40 20 och
404 1350 91 20 redbare
518 1350 141 20 länsmannen
680 1350 81 20 räknar
776 1352 41 18 ett-

68 1385 64 19 tusen
152 1383 33 20 till
206 1382 127 21 tolfhundra
353 1383 62 20 rubel
430 1383 7 20 i
453 1383 56 28 årlig
529 1383 105 27 inkomst,
655 1383 88 21 oaktadt
762 1383 54 21 hans

69 1418 109 21 ordinarie
196 1418 36 21 lön
248 1419 64 27 utgör
328 1418 76 21 endast
419 1417 197 29 etthundrafyratio
632 1417 67 22 rubel.
729 1418 88 21 Anstäl-

68 1454 31 21 ler
118 1460 50 15 man
184 1460 27 13 en
223 1453 128 29 jemförelse
367 1453 93 21 emellan
475 1453 99 21 länsmän
591 1453 39 21 och
645 1452 67 22 andra
728 1453 89 29 tjenste-
