1000 1700
186 130 42 22 360

157 202 39 15 ren
216 195 68 21 borde
304 202 41 21 ega
363 203 54 14 rum.
447 195 44 22 Det
508 196 40 21 har
562 196 102 21 hitintills
678 198 56 20 varit
749 196 111 29 stadgadt,
875 199 32 20 att

158 229 105 22 lifdömde
285 237 111 21 personer,
419 237 46 15 som
488 231 72 21 blifvit
581 230 122 27 benädade,
723 231 67 22 borde
810 231 98 29 undergå

158 264 113 29 uppenbar
286 265 133 28 kyrkoplikt,
430 265 40 22 och
484 267 38 20 när
538 266 126 21 densamma
678 273 29 14 nu
719 266 70 21 skulle
799 265 109 28 bortfalla,

158 299 66 22 borde
240 299 37 22 det
291 299 36 21 väl
343 307 52 14 vara
410 300 79 28 tydligt
504 300 40 21 och
560 300 64 27 klart,
638 302 33 19 att
685 300 36 21 det
737 301 99 21 enskilda
852 307 56 15 sam-

158 334 54 21 talet
227 333 56 22 skall
298 334 62 21 träda
375 334 7 21 i
398 335 79 21 stället.
500 335 43 28 Jag
558 334 70 22 skulle
644 335 34 20 väl
694 335 105 27 förmoda,
815 337 32 19 att
857 335 7 20 i
875 337 33 20 ut-

158 369 54 28 slag,
228 368 47 22 deri
291 370 117 26 regentens
424 369 42 21 näd
482 370 71 27 nägon
569 369 127 28 delingvent
711 369 117 28 meddelas,
845 369 63 22 äfven

158 404 66 20 sättet
238 402 35 22 för
289 403 53 20 hans
358 403 91 22 mildare
462 403 144 28 bestraffning
616 403 55 21 skall
682 405 99 26 utsättas,
792 404 24 21 sä
829 406 31 19 att
871 404 37 21 nä-

158 444 43 21 gon
217 437 47 22 fara
279 437 34 21 för
326 438 112 27 uppenbar
453 437 126 28 kyrkoplikt
594 438 20 27 ej
631 437 67 22 borde
714 445 52 14 vara
780 437 128 28 förhanden,

158 471 50 21 med
222 471 90 21 mindre
323 471 66 22 sädan
405 472 8 21 i
428 472 67 21 näder
508 471 148 27 föreskrifves,
673 472 27 21 d&
715 472 42 21 den
769 473 139 28 naturligtvis

158 505 69 22 mäste
248 512 41 21 ega
309 513 54 14 rum.
393 506 79 22 Vidare
493 506 38 21 har
549 506 51 21 herr
615 513 41 14 von
672 506 113 28 Knorring
800 506 108 27 anmärkt,

158 542 33 19 att
206 547 49 14 man
272 540 48 21 icke
336 540 66 21 borde
418 540 7 21 i
440 541 72 28 utslag
527 541 82 21 utsätta
624 540 67 28 nägot
706 541 116 28 äliggande
837 541 34 21 för
882 548 26 14 en

159 574 94 22 sakfälld
269 576 31 20 att
315 575 89 21 inställa
419 575 34 28 sig
467 576 40 20 hos
522 577 88 27 presten
626 575 32 21 till
675 576 36 20 det
727 575 129 21 föreskrifna
872 582 37 15 en-

160 608 79 22 skildta
259 609 110 27 samtalet,
386 610 73 21 såvida
480 610 129 28 omöjlighet
624 610 73 20 dertill
712 609 127 22 förefunnes
855 610 7 20 i
877 610 31 21 af-

159 643 80 22 seende
260 643 13 21 &
290 643 94 22 häktade
404 650 111 22 personer.
546 643 42 29 Jag
610 643 51 21 ville
680 643 100 22 häremot
795 644 115 27 anmärka,

158 679 32 20 att
210 677 42 22 den
270 677 95 22 häktade
385 678 68 21 redan
472 679 30 28 pä
517 680 43 20 sätt
576 677 40 22 och
631 678 33 21 vis
680 679 23 20 är
719 677 39 22 hos
774 680 88 26 presten
878 679 32 21 in-

159 711 71 27 ställd,
246 714 24 26 ty
285 712 182 28 fänghuspresten
483 715 23 19 är
522 713 49 21 med
586 713 80 20 honom
676 713 7 20 i
694 714 78 20 nästan
788 713 74 28 daglig
872 713 37 22 be-

158 746 82 29 röring.
270 747 39 20 Att
329 747 131 28 stadgandet
479 747 69 28 gäller
562 747 76 21 endast
652 753 112 22 personer,
781 754 45 14 som
842 747 67 22 vistas

159 781 28 27 pä
202 780 27 21 fri
245 781 38 26 fot,
299 781 67 21 borde
381 782 35 21 väl
431 789 51 14 vara
497 782 79 27 tydligt
590 781 41 21 och
646 781 130 28 uppenbart.
799 781 62 22 Inom
877 783 33 20 ut-

159 815 82 20 skottet
260 822 39 14 var
320 815 35 22 väl
375 816 71 28 fräga,
462 818 32 19 att
510 817 67 28 nägot
592 815 119 28 stadgande
726 816 93 21 rörande
834 816 76 21 instäl-

159 849 53 22 lelse
232 849 41 22 hos
292 851 88 27 presten
401 851 49 21 icke
469 850 68 22 borde
557 850 7 21 i
582 849 96 29 utslaget
693 849 85 28 inflyta,
794 857 50 14 men
860 857 50 15 man

160 884 68 28 ansäg
246 891 27 14 en
289 885 67 21 sädan
372 885 167 21 underlätenhet
554 892 52 15 vara
621 884 124 29 betänklig,
760 885 92 21 emedan
869 885 42 21 den

159 918 108 22 sakfällde
282 919 28 21 dä
325 920 105 28 möjligen
445 919 73 22 kunde
534 919 71 29 skyllä
619 919 29 28 pä
662 919 112 21 bristande
788 919 122 21 kännedom

160 952 24 22 af
197 953 38 21 sitt
254 953 116 28 äliggande
385 956 56 19 samt
456 954 87 21 anmäla
559 954 33 27 sig
607 953 34 22 till
654 953 142 28 nattvarden,
811 955 53 20 utan
880 955 36 20 att.

159 987 66 22 hafva
243 987 42 22 fätt
303 989 111 28 emottaga
429 989 72 28 nägon
516 988 99 28 varning.
645 987 44 22 Det
705 989 23 20 är
744 988 49 21 med
808 988 104 21 afseende

160 1021 74 28 derpä,
245 1028 46 15 som
307 1022 105 28 förslaget
428 1024 24 19 är
467 1022 80 29 gjordt.
570 1021 82 22 Vidare
668 1022 73 27 tyckte
754 1022 46 28 jag,
816 1024 31 19 att
862 1021 50 22 herr

161 1062 41 14 von
222 1055 113 29 Knorring
354 1057 82 27 yrkade
455 1057 29 28 pä
504 1058 31 20 att
556 1057 52 20 sista
628 1056 132 28 paragrafen
780 1056 66 21 borde
866 1055 47 22 helt

160 1089 40 21 och
220 1090 69 21 hället
308 1090 62 28 utgä;
389 1097 51 15 men
455 1091 50 21 med
520 1090 42 22 den
577 1090 39 21 har
631 1090 108 21 utskottet
754 1089 56 21 blott
824 1089 88 29 äsyftat,

160 1126 32 19 att
212 1124 24 21 sä
251 1126 60 20 snart
327 1132 44 14 som
388 1125 87 29 möjligt
490 1125 22 22 få
527 1124 155 29 kyrkoplikten
697 1124 107 21 afskaffad
820 1124 40 21 och
873 1124 40 29 jag

160 1160 37 20 vet
211 1159 49 21 icke
276 1160 67 27 nägot
358 1160 52 21 ondt
426 1160 52 21 deri.

228 1193 59 22 Herr
302 1201 43 14 von
360 1193 143 29 Knorring:
524 1193 102 22 Friherre
642 1193 109 28 Carpelan
767 1193 39 21 har
821 1193 91 22 alldeles

161 1228 141 21 missförstått
317 1229 52 27 mig.
399 1229 43 27 Jag
457 1228 92 22 menade
564 1228 48 21 icke
628 1229 53 20 sista
696 1228 12 27 $
721 1228 8 20 i
743 1227 171 28 författningen;

160 1261 24 21 sä
204 1261 61 29 längt
285 1262 29 21 ha
328 1262 22 21 vi
366 1263 57 20 ännu
439 1263 20 26 ej
475 1262 101 27 kommit;
592 1263 53 19 utan
660 1261 53 21 sista
728 1263 120 19 momentet
862 1261 25 21 af
900 1262 12 20 2

161 1296 40 27 8:n.
231 1295 65 22 Hvad
311 1296 92 21 friherre
420 1295 107 29 Carpelan
542 1296 34 21 för
592 1295 67 28 öfrigt
673 1295 99 28 genmält
789 1295 124 22 föranleder

160 1330 46 28 mig
226 1332 31 19 att
277 1332 68 25 yttra,
366 1331 32 20 att
418 1337 34 14 om
473 1330 161 28 författningen
656 1329 41 21 blir
713 1329 34 20 till
763 1329 151 28 uppställning

161 1364 40 21 och
217 1364 166 28 fullständighet
399 1364 66 22 sädan
482 1364 41 22 den
539 1366 23 20 är
578 1364 7 21 i
598 1364 42 21 den
652 1363 79 29 nädiga
741 1363 172 29 propositionen,

161 1398 126 23 densamma
301 1399 49 22 icke
366 1400 84 21 lemnar
465 1407 47 14 rum
528 1399 34 22 för
572 1399 68 28 något
651 1398 159 27 missförstånd,
821 1405 50 15 men
882 1400 32 20 att

160 1440 35 15 om
212 1433 41 23 den
269 1433 87 22 affattas
370 1435 8 20 i
394 1434 98 29 enlighet
506 1433 49 22 med
571 1433 118 22 utskottets
706 1433 148 28 betänkande,
870 1433 42 22 den
