1009 1709
784 138 25 20 79

157 201 49 21 Med
227 201 118 28 anledning
364 201 24 21 af
405 202 71 20 denna
495 201 122 22 diskussion
638 202 133 22 framställde
787 203 50 21 herr

88 236 201 21 landtmarskalken
305 243 26 14 en
348 236 119 28 sålydande
482 237 146 27 proposition:

157 286 10 10 »
170 270 45 20 Vill
230 270 151 27 ridderskapet
396 271 40 20 och
452 270 64 22 adeln
533 278 29 13 nu
577 271 33 20 till
626 271 103 28 pröfning
740 272 96 27 företaga

89 305 8 20 1
116 311 65 14 mom.
197 304 24 21 af
234 304 176 21 bankutskottets
426 305 151 21 betänkande?

154 338 50 21 Den
228 346 45 14 som
295 339 37 21 vill
352 340 78 26 genast
450 339 75 29 pröfva
547 339 66 28 sagde
632 347 64 14 mom.
715 347 75 15 svarar
803 341 33 28 ja;

86 373 41 21 den
144 374 37 21 det
197 373 47 22 icke
260 373 37 22 vill
313 380 74 15 svarar
403 374 44 27 nej.

154 408 85 21 Vinner
258 409 35 27 nej
313 409 74 20 anstår
401 409 49 20 med
467 409 162 28 granskningen
645 410 24 21 af
682 410 93 21 nämnde
791 417 44 14 mo-

86 444 60 20 ment
162 443 44 21 tills
221 443 150 21 betänkandet
385 442 8 21 i
409 443 70 28 öfriga
494 443 61 21 delar
570 443 71 21 blifvit
656 444 119 28 pröfvadt.*

153 477 168 29 Propositionen
340 477 131 22 besvarades
487 477 50 22 med
552 477 110 22 obestridd
678 479 158 28 röstpluralitet

85 512 110 28 nekande;
211 511 130 22 kommande
357 511 64 22 alltså
436 512 66 29 sagde
516 514 97 19 moment
623 515 31 19 att
664 513 94 28 pröfvas,
769 513 65 21 sedan

85 547 149 21 betänkandet
249 547 6 20 i
272 546 66 28 öfrigt
353 547 122 26 granskats.

153 581 174 22 Vidkommande
347 581 36 21 det
401 581 164 29 derpåföljande
584 589 64 14 mom.
665 582 6 21 i
689 582 146 22 betänkandet

84 616 53 21 eller
156 618 33 19 att
208 616 85 21 banken
310 615 69 22 skulle
394 616 47 21 från
459 615 130 22 statsverket
605 617 69 21 återfå
690 617 46 20 sina
752 617 82 22 härför-

84 651 65 21 innan
166 651 32 20 dit
213 650 101 21 lemnade
330 650 77 29 bidrag
421 652 48 26 etc.,
486 650 86 29 yttrade

152 685 58 21 Herr
225 685 143 21 Järnefelt:
385 685 43 21 Om
443 685 36 21 det
493 685 40 21 ock
549 685 13 21 &
575 692 41 15 ena
631 685 60 22 sidan
707 693 54 14 vore
771 687 62 21 önsk-

84 720 72 27 värdt,
177 721 31 20 att
228 719 86 22 banken
335 720 48 21 från
403 720 132 21 statsverket
551 720 105 28 återfinge
672 720 47 21 sina
735 720 32 21 dit
782 721 51 21 lem-

84 755 55 21 nade
157 754 86 28 bidrag,
259 754 128 28 uppgående
403 755 69 28 enligt
487 754 128 28 utskottets,
631 755 49 20 dess
696 755 137 22 betänkande

83 789 116 28 vidfogade
219 789 65 20 tabell
305 796 34 14 n:o
361 790 11 19 7
393 789 33 21 till
447 789 66 28 något
529 789 60 22 öfver
605 790 91 26 747,000
711 789 62 22 rubel
788 791 45 20 silf-

83 831 44 20 ver,
144 824 23 21 så
183 823 69 21 finner
265 823 40 28 jag
319 823 98 22 deremot
433 824 27 27 på
475 823 68 22 andra
559 824 68 27 sidan,
643 824 49 21 med
707 824 103 22 afseende
821 825 12 21 &

83 858 144 21 statsverkets
251 858 124 21 nuvarande
395 858 118 28 tillgångar
533 859 40 20 och
596 859 27 20 då
645 859 94 21 nämnde
761 859 71 21 medel

84 893 71 21 blifvit
175 893 99 21 använda
292 893 33 21 till
345 893 81 21 landets
445 893 111 22 allmänna
575 893 66 28 behof,
657 893 116 29 billigheten
783 894 48 28 for-

82 929 46 26 dra,
140 932 31 17 att
181 930 68 27 några
265 928 80 23 sådane
360 929 97 28 anspråk
471 929 44 21 icke
529 931 36 19 må
580 928 29 29 af
621 928 112 21 ständerne
745 930 86 20 väckas.

83 963 62 21 Hvad
167 962 106 22 utskottet
293 962 34 21 för
345 962 67 28 öfrigt
432 963 7 20 i
459 962 60 22 detta
539 964 97 20 moment
652 963 113 28 föreslagit
780 964 52 27 god-

83 998 83 21 känner
179 998 40 27 jag
234 998 97 21 deremot
346 997 33 20 till
395 997 43 21 alla
453 997 66 22 delar.

151 1032 58 21 Herr
224 1031 131 29 Pipping,
371 1031 21 22 J.
408 1031 35 21 F.:
463 1032 66 21 Emot
548 1031 175 22 bankutskottets
742 1033 89 28 tillstyr-

83 1067 49 27 kan,
148 1070 46 25 ,att
210 1067 81 22 landets
307 1067 85 21 ständer
406 1069 63 20 måtte
485 1068 36 21 hos
536 1067 29 21 H.
581 1067 58 28 Kejs.
653 1067 65 29 Maj:t
733 1068 9 20 i
755 1067 75 22 under-

82 1102 98 28 dånighet
190 1101 128 29 framställa
334 1101 33 21 det
381 1101 166 30 önskningsmål,
559 1105 30 18 att
605 1101 82 22 banken
702 1102 67 21 skulle
775 1102 56 28 från

82 1137 124 20 statsverket
221 1136 71 29 återfå
307 1137 48 20 sina
370 1136 143 28 härförinnan
529 1136 30 21 dit
575 1136 94 21 lemnade
684 1137 93 28 bidrag",
793 1137 38 20 har

82 1171 58 20 inom
163 1171 100 21 bemälde
286 1170 83 21 utskott
391 1177 38 20 en,
449 1173 57 19 samt
528 1171 124 21 sedermera
675 1171 35 21 vid
730 1171 101 21 ärendets

82 1205 156 28 föredragning
258 1205 39 21 hos
316 1205 151 28 ridderskapet
486 1206 40 21 och
547 1205 75 27 adeln,
638 1205 63 21 äfven
717 1205 67 21 andra
798 1207 33 19 rö-

82 1241 44 19 ster
142 1240 47 27 höjt
204 1240 40 27 sig.
268 1239 31 22 Af
312 1239 71 21 denna
399 1239 254 29 meningsskiljaktighet
669 1241 60 26 tager
737 1240 40 27 jag
787 1241 45 27 mig

82 1274 120 28 anledning
219 1275 32 20 att
269 1274 87 21 anhålla
374 1281 34 14 om
428 1274 98 21 ståndets
545 1274 193 28 uppmärksamhet
756 1275 28 27 på
799 1275 32 20 åt-

81 1309 88 28 skilliga
189 1309 47 21 skäl
259 1308 40 22 och
319 1309 186 28 omständigheter
524 1315 55 20 som,
601 1308 69 28 enligt
689 1309 44 20 min
754 1309 76 27 tanke,

81 1343 74 20 kunna
171 1343 90 20 inverka
275 1343 28 26 på
319 1343 79 20 sakens
413 1343 141 27 uppfattning
569 1343 40 20 och
625 1342 163 21 bedömmande.

150 1377 10 20 I
176 1377 32 20 sin
225 1378 45 19 mot
285 1376 117 21 utskottets
418 1376 138 21 betänkande
573 1376 30 21 uti
620 1375 164 28 ifrågavarande
796 1377 33 20 del
854 1397 2 2 .

81 1410 84 29 afgifna
185 1410 134 21 reservation
340 1410 52 21 äflas
412 1410 51 20 herr
483 1417 41 14 von
545 1409 120 22 Haartman
686 1409 49 21 med
751 1411 31 19 att
798 1412 33 18 ut-

81 1446 59 26 reda,
161 1445 65 21 bland
246 1446 75 26 annat,
341 1446 30 20 att
389 1444 105 22 Finlands
515 1444 126 22 nuvarande
661 1444 58 21 bank
739 1444 48 22 icke
807 1446 23 20 är
