1000 1714
190 135 41 26 368

162 204 64 30 pelan
247 204 71 22 skulle
336 200 39 33 jag
395 206 33 20 tro
444 204 152 21 erfarenheten
613 203 64 22 hafva
692 204 64 27 visat,
773 205 31 20 att
819 204 70 21 fisken
904 198 8 26 i

162 240 48 21 vårt
229 239 51 21 land
301 238 205 28 öfverhufvudtaget
525 238 112 21 minskats.
671 238 41 21 Om
734 238 70 29 någon
827 238 85 22 enskild

163 276 35 20 ort
213 274 95 28 åtnjuter
324 274 119 28 lyckligare
459 273 158 27 förhållanden,
633 273 69 21 skulle
715 273 40 29 jag
770 274 33 20 tro
814 273 37 21 det
861 280 52 15 vara

164 311 30 19 ett
210 308 118 28 undantag.
357 310 40 19 Att
412 308 81 21 fiskens
508 308 126 28 minskning
649 310 24 19 är
690 310 30 18 ett
735 308 84 21 faktum
836 308 77 21 åtmin-

164 347 62 18 stone
247 343 51 22 inne
316 343 7 21 i
343 343 84 27 landet,
444 342 61 22 torde
520 343 66 28 ingen
602 342 75 22 kunna
692 343 66 27 neka,
774 343 40 21 och
827 343 64 21 äfven
907 343 7 21 i

163 378 92 28 saltsjön
275 380 46 19 tror
339 378 49 28 jag,
409 380 32 19 att
456 377 76 22 sådant
547 377 206 28 öfverhufvudtaget
768 378 28 28 på
810 377 27 22 de
853 377 62 22 flesta

164 415 59 19 orter
238 412 104 22 inträffat.
365 413 64 21 Hvad
444 412 206 29 strömmingsfisket
666 411 109 29 beträffar,
790 412 24 22 så
828 412 40 22 har
878 412 37 22 det

163 448 57 22 varit
234 448 136 28 undantaget
385 448 48 21 från
449 448 26 20 de
491 447 23 22 af
527 447 107 29 styrelsen
650 447 68 21 under
734 447 90 21 sednare
839 448 52 21 åren
907 448 7 20 i

163 483 104 21 afseende
288 482 13 21 &
320 482 75 22 fiskets
414 482 162 29 upphjelpande
597 482 102 28 vidtagne
718 482 107 28 åtgärder,
840 482 76 22 hvilka

165 525 29 14 nu
210 518 23 21 af
245 518 94 20 friherre
359 517 107 29 Carpelan
484 518 23 21 så
523 518 84 27 strängt
625 517 129 21 kritiserats.
784 516 44 22 Det
843 519 25 20 är
882 518 32 21 in-

165 553 95 28 galunda
275 553 44 21 min
336 553 89 28 mening
440 555 31 19 att
487 553 38 21 här
541 552 106 29 uppträda
663 553 71 20 såsom
750 552 122 21 försvarare
882 553 34 21 för

164 587 218 29 fiskeriinspektören
403 587 53 22 eller
476 587 51 28 ingå
543 587 6 21 i
565 587 159 22 bedömmande
738 587 24 21 af
775 587 54 21 hans
844 588 72 27 åtgär-

164 622 45 21 der.
239 621 34 22 En
294 621 162 29 omständighet
475 629 64 14 anser
552 621 40 29 jag
608 621 45 28 mig
667 621 56 22 dock
738 622 52 21 böra
806 621 110 22 anmärka.

164 656 103 22 Friherre
290 656 109 29 Carpelan
421 657 40 20 har
483 659 76 25 yttrat,
583 658 32 19 att
636 663 35 14 om
694 656 141 29 inspektören
858 656 59 21 velat

164 691 60 29 gifva
238 691 46 27 räd,
300 691 56 22 huru
371 691 70 21 fisken
457 691 54 21 skall
527 691 128 27 behandlas,
672 691 24 21 sä
711 691 55 22 hade
782 691 42 22 han
839 691 78 22 verkat

164 726 51 21 vida
234 727 111 28 nyttigare
364 727 27 20 än
407 733 29 14 nu
452 726 64 21 skett.
547 725 86 23 Sädana
648 725 39 22 räd
702 726 41 22 och
759 726 159 29 upplysningar

165 761 40 22 har
225 761 43 22 han
289 761 124 22 emellertid
433 761 113 29 verkligen
562 761 109 22 meddelat
686 761 30 21 uti
733 761 41 28 sin,
790 761 56 22 efter
860 761 58 22 hvad

162 797 40 28 jag
224 796 37 21 vill
284 797 95 27 minnas,
401 796 34 21 för
455 797 37 21 tvä
512 797 23 20 är
555 797 66 21 sedan
637 796 84 29 afgifna
736 797 127 26 berättelse,
879 796 39 21 der

165 831 43 21 han
224 831 138 28 fullständigt
376 833 107 27 upptager
498 831 66 22 bland
580 833 65 19 annat
661 833 66 19 sättet
743 831 33 22 för
790 831 94 29 rökning
896 831 24 22 af

165 866 43 21 lax.
230 865 11 21 I
256 865 123 22 hufvudsak
394 872 64 15 anser
467 867 45 27 jag,
524 868 31 19 att
566 865 102 29 ätgärder
679 866 6 21 i
696 866 103 21 afseende
810 867 12 20 &
832 866 84 21 fiskeri-

164 900 118 28 näringens
298 900 163 29 upphjelpande
477 902 37 19 äro
530 901 139 28 synnerligen
686 901 24 20 af
723 901 103 21 behofvet
841 900 75 29 päkal-

164 935 56 27 lade,
236 934 64 22 äfven
316 935 8 20 i
339 935 146 21 kustorterne.
507 936 40 20 Att
562 935 118 28 fjällfisken
696 935 38 20 der
749 935 48 21 icke
808 935 61 28 lyder
880 942 37 15 an-

166 970 38 21 dra
219 969 126 28 naturlagar
365 971 27 19 än
413 970 7 21 i
440 969 89 28 insjöar,
550 977 64 14 anser
631 971 39 27 jag
691 970 59 21 säväl
766 969 24 21 af
802 970 116 21 vetenska-

166 1011 42 21 pen
225 1010 46 15 som
286 1003 23 21 af
323 1003 153 23 erfarenheten
491 1011 52 15 vara
559 1004 104 22 bevisadt.

233 1038 104 22 Friherre
349 1038 141 30 Carpelan:
506 1033 71 28 Äfven
587 1040 40 28 jag
637 1039 39 21 har
686 1038 50 22 icke
746 1038 59 22 velat
815 1039 102 28 bestrida,

165 1076 33 19 att
212 1074 101 28 ätgärder
329 1073 66 22 borde
411 1074 100 29 vidtagas
526 1074 33 22 till
576 1074 166 28 ifrägavarande
760 1074 89 28 närings
863 1081 54 23 upp-

166 1108 126 29 hjelpande;
307 1115 50 14 men
371 1109 40 28 jag
426 1108 70 28 anser,
513 1111 30 19 att
559 1110 131 27 åtgärderna
706 1110 52 20 böra
773 1109 99 28 vidtagas
883 1110 43 26 sä,.

165 1145 32 19 att
217 1142 26 22 de
264 1143 34 21 stä
317 1143 145 22 tillsammans
482 1143 49 22 med
547 1150 27 14 en
590 1144 52 21 klok
657 1143 147 29 hushällning.
834 1144 44 21 Det
893 1145 23 20 är

165 1178 78 27 skada,
264 1179 32 20 att
316 1184 27 15 en
359 1178 51 20 värd
426 1178 94 22 medlem
535 1178 24 21 af
571 1178 60 21 detta
647 1178 69 28 ständ,
733 1184 46 15 som
794 1178 35 21 väl
844 1178 73 22 kunde

166 1214 100 19 närmare
281 1212 92 29 upplysa
388 1212 152 27 förhällandet,
557 1214 23 20 är
594 1212 150 28 fränvarande,
756 1213 110 27 nemligen
880 1213 37 21 fri-

165 1247 64 20 herre
249 1254 42 13 von
312 1246 67 21 Troil.
409 1247 51 20 Han
479 1247 93 21 innehar
593 1247 75 27 Nynäs
685 1246 99 27 boställe,
800 1247 38 19 der
853 1247 65 20 fisket

164 1280 104 21 renderar
289 1286 27 14 en
337 1280 98 28 betydlig
455 1287 83 14 summa
557 1280 84 28 årligen
663 1280 40 21 och
722 1280 38 21 der
775 1280 103 21 notfisket
894 1282 24 19 är

166 1320 27 15 en
216 1313 129 22 hufvudsak.
376 1314 43 28 Jag
442 1314 39 22 har
505 1316 52 26 sett,
578 1316 32 19 att
629 1314 216 28 fiskeriinspektören
865 1314 52 22 ifrat

164 1348 81 28 derför,
267 1350 32 20 att
321 1348 50 22 icke
393 1350 38 20 not
453 1348 70 22 skulle
546 1349 23 21 få
591 1349 110 28 begagnas
724 1349 68 22 under
813 1349 103 22 lektiden.

164 1383 51 23 Han
230 1386 70 26 säger,
315 1385 33 20 att
363 1383 36 21 det
415 1384 23 21 är
454 1384 55 22 blott
524 1384 122 28 liknöjähet
662 1384 40 22 och
717 1384 100 30 motvilja
832 1384 34 22 för
880 1384 38 22 det

164 1420 70 20 större
257 1419 85 21 arbetet
365 1420 32 20 att
418 1418 53 22 söka
493 1419 69 22 fisken
581 1419 29 29 pä
628 1418 86 30 djupet,
734 1420 38 21 der
794 1420 42 21 den
857 1419 61 22 alltid

165 1454 69 22 finnes
253 1455 32 21 att
305 1454 69 29 tillgå.
404 1453 44 22 Det
463 1454 24 21 är
503 1453 121 23 emellertid
639 1454 63 22 fallet
715 1454 50 23 med
781 1454 88 28 braxen,
885 1456 32 20 att
