1025 1706
818 120 26 22 48

122 186 69 23 derna
212 194 29 15 nu
264 187 190 29 grundlagsenligt
477 194 46 22 ega.
565 187 109 22 Måhända
696 187 88 22 komma
810 187 63 22 dessa

122 222 134 28 stadganden
269 224 32 19 att
316 222 111 22 innehälla
442 223 69 27 nägra
525 222 169 28 medgifvanden
708 223 34 21 för
756 222 116 22 ständerne

121 258 33 19 att
169 256 22 22 få
207 256 87 28 deltaga
309 256 32 22 uti
357 256 224 29 tull-lagstiftningen,
597 257 40 21 och
652 257 102 21 hvarföre
768 257 27 21 dä
805 263 30 15 nu
845 256 28 29 gå

121 290 29 22 H.
166 291 62 27 Maj:t
243 291 8 21 i
265 291 86 28 förväg,
372 291 57 21 helst
444 291 28 21 H.
488 291 61 28 Kejs.
565 291 63 28 Maj:t
642 291 125 21 förbehällit
783 291 33 28 sig
831 291 40 21 ini-

121 325 86 22 tiativet
222 326 7 20 i
243 326 43 21 alla
301 326 199 28 grundlagsfrägor.
530 326 35 21 Då
580 326 117 21 ständerna
712 327 7 19 i
735 326 66 28 ingen
819 325 53 21 hän-

121 360 60 22 delse
201 360 46 22 före
265 362 62 20 nästa
345 360 105 31 landtdag
463 360 75 22 kunna
552 360 87 22 komma
654 360 7 21 i
677 360 102 28 utöfning
794 360 23 21 af
829 360 42 21 den

121 394 48 22 dem
186 394 7 21 i
208 394 126 22 förberörde
349 394 102 22 afseende
467 394 146 28 tilläfventyrs
632 394 175 22 tillerkännande
821 396 50 25 rätt,

121 435 64 22 synes
207 429 45 28 mig
275 429 38 21 allt
335 429 176 28 petitionerande
533 429 7 21 i
563 429 42 21 den
626 431 69 26 vägen
716 435 50 15 vara
782 429 89 21 alldeles

121 463 114 28 olämpligt
250 463 40 22 och
305 463 34 21 till
354 463 56 21 intet
425 463 122 28 gagnande.

188 497 33 22 Pä
236 497 71 28 grund
322 498 24 21 af
358 498 57 21 hvad
427 498 41 27 jag
483 505 29 14 nu
527 497 47 22 haft
589 497 41 22 den
647 499 52 20 äran
715 497 82 27 anföra,
809 504 63 14 anser

118 533 39 27 jag
173 533 44 27 mig
232 532 53 22 böra
298 532 34 21 till
348 532 35 21 det
401 532 118 28 höglofliga
537 532 97 21 ständets
649 531 148 30 bepröfvande
813 532 59 21 hem-

120 567 74 27 ställa,
214 574 34 13 om
267 567 49 21 icke
336 567 42 21 den
394 567 24 21 af
431 567 51 21 herr
498 566 109 22 Järnefelt
621 566 77 22 väckte
712 566 77 28 frägan
804 565 67 23 borde

120 601 94 22 förfalla.

189 671 113 21 Anmältes
322 671 42 21 och
384 672 108 27 emottogs
512 678 27 14 en
560 671 128 28 deputation
706 670 48 21 frän
771 670 101 29 borgare-

120 705 93 27 ständet,
229 705 78 22 anförd
322 705 24 21 af
358 705 164 28 borgmästaren
537 706 27 21 A.
580 705 103 27 Juselius,
697 712 47 14 som
755 705 116 21 tillkänna-

120 740 44 28 gaf,
179 741 32 20 att
226 739 93 22 nämnde
335 740 64 21 ständ
414 740 7 20 i
437 740 43 27 dag
495 740 34 21 till
545 741 74 27 slutlig
634 740 133 28 behandling
778 739 94 22 förehaft

119 774 155 28 lagutskottets
289 774 138 22 betänkande
442 780 35 15 n:o
495 775 24 21 17
535 775 8 20 i
559 775 118 28 anledning
692 775 24 21 af
729 774 80 29 nädiga
822 781 49 21 pro-

120 809 124 29 positionen
267 816 35 14 n:o
325 810 12 20 8
361 816 34 14 om
418 809 111 28 uppsätlig
551 809 160 28 misshandling
733 809 24 21 af
775 809 96 26 kreatur,

120 846 56 19 samt
196 843 84 28 antagit
300 843 148 22 betänkandet
467 844 50 21 med
532 844 69 28 nägra
616 844 125 28 ändringar,
756 843 115 22 hvaröfver

120 877 200 30 protokollsutdrag
336 878 87 22 komme
439 880 32 19 att
486 878 116 22 framdeles
617 878 117 22 meddelas.

188 913 163 28 Deputationen
367 913 130 21 besvarades
513 913 40 21 och
569 913 104 22 afträdde.

188 982 58 22 Herr
267 982 147 22 Järnefelt:
434 982 45 21 Det
499 990 38 14 var
557 982 7 21 i
583 982 91 21 oktober
690 982 79 21 mänad
784 981 88 21 förlidet

119 1018 25 21 år
163 1017 167 29 ifrågavarande
350 1016 189 29 petitionsförslag
559 1017 24 21 af
601 1017 44 27 mig
664 1016 95 21 väcktes.
795 1015 76 26 Skulle

120 1052 119 22 detsamma
258 1052 27 21 då
301 1051 72 21 blifvit
388 1051 24 21 af
424 1052 153 28 ridderskapet
593 1052 39 20 och
647 1050 64 22 adeln
727 1052 88 26 antaget
831 1050 40 21 och

119 1087 29 22 H.
163 1086 63 28 Maj:t
239 1086 108 28 Kejsaren
358 1086 7 20 i
376 1086 67 20 nåder
457 1086 72 21 funnit
545 1085 52 29 godt
608 1085 40 21 den
660 1085 47 21 deri
718 1084 78 28 gjorda
806 1084 65 21 fram-

120 1121 133 28 ställningen
268 1120 86 28 bifalla,
370 1121 24 20 sä
409 1120 56 21 hade
481 1121 36 21 det
533 1120 56 21 varit
604 1119 86 29 möjligt
704 1121 31 19 att
745 1118 126 29 tullförfatt-

120 1156 108 28 ningarne
243 1157 59 19 ännu
317 1155 68 21 under
401 1155 72 21 denna
488 1154 103 28 landtdag
606 1154 84 21 kunnat
705 1154 33 20 till
754 1154 118 20 ständerna

119 1192 7 20 i
142 1190 102 22 afseende
260 1191 13 20 &
287 1190 95 21 revision
402 1190 151 21 öfverlemnas.
588 1188 96 22 Numera
700 1190 23 19 är
738 1188 133 28 landtdagen

120 1226 24 21 sä
158 1226 61 27 längt
233 1224 153 27 framskriden,
401 1226 33 19 att
448 1225 73 27 nägon
536 1224 115 28 möjlighet
661 1223 7 21 i
679 1223 79 21 sädant
768 1222 103 21 afseende

119 1260 48 21 icke
183 1260 74 21 vidare
273 1260 125 20 förefinnes.
421 1258 44 29 Jag
480 1258 83 28 nödgas
579 1258 85 21 derföre
680 1258 77 28 frångå
768 1257 49 21 mitt
828 1257 43 21 för-

119 1295 48 27 slag
190 1301 34 14 om
247 1294 103 21 tillåtelse
373 1294 34 20 för
430 1294 117 20 ständerne
570 1294 32 20 att
624 1292 70 22 under
713 1299 29 14 nu
757 1290 114 30 pågående

118 1329 104 26 landtdag
238 1328 86 26 deltaga
339 1328 7 20 i
361 1328 218 26 tull-lagstiftningen
595 1326 40 21 och
650 1327 88 20 förenar
754 1326 45 26 mig
814 1326 7 20 i
834 1325 37 21 be-

119 1362 179 21 svärsutskottets
318 1361 125 27 tillstyrkan
465 1368 34 13 om
519 1360 135 27 underdänig
672 1359 103 28 petition,
791 1360 32 20 att
839 1358 32 22 sä-

119 1397 53 21 dant
186 1396 67 21 måtte
270 1395 117 21 ständerna
403 1394 35 22 vid
454 1396 63 20 nästa
531 1394 105 28 landidag
650 1393 129 28 medgifvas.

187 1430 58 23 Herr
261 1437 42 16 von
317 1430 79 27 Born,
412 1428 28 24 K.
455 1429 35 24 F.:
507 1429 84 24 Genom
608 1428 40 24 den
664 1428 162 29 framställning
836 1434 35 15 om
