1009 1706
185 121 41 22 504

226 186 46 21 Och
288 192 46 14 som
348 185 166 29 propositionen
530 185 84 21 således
629 185 72 21 blifvit
716 186 50 20 med
780 186 35 28 nej
830 186 76 21 besva-

157 220 48 28 rad,
221 220 123 22 förklarade
364 220 50 22 herr
434 220 200 20 landtmarskalken
657 220 26 20 16
703 220 11 27 &
734 220 24 20 af
771 220 41 21 den
828 220 80 28 nådiga

157 255 165 29 propositionen
337 261 51 15 vara
404 254 23 21 af
440 254 88 21 ståndet
543 255 100 27 antagen.

226 289 72 21 Sedan
312 289 51 21 herr
373 288 201 22 landtmarskalken
585 288 178 29 tillkännagifvit,
774 291 32 19 att
817 290 90 27 gransk-

158 324 82 29 ningen
260 324 24 21 af
302 323 165 29 ifrågavarande
482 323 138 22 betänkande
638 323 86 21 komme
744 325 32 19 att
795 324 113 21 fortsättas

157 359 94 21 klockan
272 359 45 21 fem
340 358 183 28 eftermiddagen,
546 358 114 28 åtskiljdes
682 358 163 30 ridderskapets
867 358 41 22 och

158 393 74 22 adelns
248 393 141 22 medlemmar
404 392 29 22 kl.
450 392 42 21 två.

330 503 113 27 Samma
464 503 69 37 dag,
554 503 41 27 kl.
618 504 17 26 5
657 512 22 18 e.
701 513 36 17 m.

226 559 122 21 Fortsattes
364 558 163 29 granskningen
543 559 24 21 af
580 560 157 20 sammansatta
749 559 46 28 lag-
806 558 40 22 och
858 558 50 22 eko-

158 594 191 22 nomieutskottets
364 593 138 22 betänkande
518 594 7 20 i
540 592 119 30 anledning
677 593 24 21 af
714 593 28 21 H.
758 593 61 29 Kejs.
836 593 73 29 Maj:ts

158 628 80 29 nådiga
257 628 136 28 proposition
414 635 35 15 n:o
470 629 26 21 47
518 628 113 28 angående
647 628 143 22 försvarslösa
804 635 105 22 personer

160 664 39 21 och
215 663 63 22 deras
293 663 143 29 behandling;
452 663 92 21 hvarvid
559 663 7 21 i
582 662 92 29 ordning
690 663 68 27 följde

494 705 12 19 6
522 704 50 28 kap.

504 745 13 27 8
533 744 33 21 17.

226 773 86 21 Härvid
326 772 86 28 yttrade
429 773 33 28 sig

227 807 57 22 Herr
300 807 93 28 Späre,
408 807 28 21 K.
451 807 44 21 W.:
511 806 45 22 Det
570 806 62 22 heter
647 807 39 21 här
702 807 7 21 i
725 806 113 28 förslaget:
856 814 54 21 ,ego

158 842 167 28 kronobetjent*
346 848 18 14 o.
385 848 16 14 s.
421 849 19 14 v.
470 841 47 29 Mig
537 841 70 22 skulle
628 841 37 21 det
684 848 73 21 synas,
775 848 46 14 som
838 841 72 22 kunde

159 878 73 20 ortens
248 876 177 28 tillsyningsmän
440 876 120 28 berättigas
576 877 31 20 att
622 876 118 21 verkställa
752 883 26 14 en
789 876 67 21 sädan
867 876 43 21 till-

159 912 84 28 sägelse
258 910 49 22 med
328 910 41 21 den
387 911 94 29 påföljd,
496 918 48 14 som
559 910 39 22 här
615 912 23 20 är
653 910 124 28 föreslagen
793 910 33 22 för
842 911 68 21 tillsä-

160 946 60 29 gelse
240 946 24 21 af
280 945 78 21 krono-
380 945 53 21 eller
454 946 165 28 stadsbetjente.
648 944 82 22 Vidare
749 945 62 22 heter
827 946 37 21 det
879 947 32 20 att

160 980 112 28 ybefordra
287 980 81 21 honom
383 980 105 29 antingen
504 980 34 21 till
553 980 121 28 hemorten,
688 987 35 14 om
737 980 70 22 denne
823 982 24 20 är
862 983 48 19 när-

160 1016 106 28 belägen"
286 1016 40 20 etc.
356 1015 12 21 I
386 1015 114 21 hemorten
520 1016 70 20 måste
610 1015 43 21 han
672 1014 36 22 väl
728 1015 146 21 öfverlemnas
889 1016 22 21 ät

159 1050 72 27 nägon
246 1056 81 21 person
343 1050 40 20 och
396 1049 86 21 derföre
498 1057 65 21 synes
578 1050 46 27 mig
637 1049 77 28 nödigt
724 1050 32 20 att
766 1049 145 22 redaktionen

159 1084 40 21 här
214 1083 82 22 blefve:
312 1100 8 11 ,
326 1083 32 28 till
374 1083 165 22 vederbörande
554 1083 127 28 myndighet
696 1083 7 20 i
718 1083 132 22 hemorten”.

228 1118 58 21 Herr
306 1125 42 14 von
368 1118 199 28 Weissenberg:
588 1118 197 28 Tillsyningsman,
806 1125 46 15 som
872 1119 40 22 här

160 1153 102 26 omtalas,
277 1154 24 19 är
319 1153 79 20 tillsatt
418 1152 138 22 uteslutande
574 1152 34 21 för
627 1154 32 19 att
672 1153 59 21 hälla
746 1153 90 28 uppsigt
851 1153 60 22 öfver

160 1188 28 21 de
203 1187 142 21 försvarslöse
365 1187 59 21 inom
444 1187 42 22 den
506 1187 116 26 kommun,
638 1187 37 21 der
691 1187 220 28 tillsyningsmannen

160 1222 40 21 har
220 1222 38 20 sitt
272 1221 103 27 hemvist,
392 1221 40 22 och
447 1221 39 22 har
501 1221 85 22 säledes
601 1221 115 28 ingenting
731 1223 32 20 att
778 1222 69 21 skaffa
862 1223 50 21 med

160 1255 144 21 försvarslösa
324 1262 106 21 personer
452 1256 48 20 frän
524 1256 68 21 andra
609 1255 135 21 kommuner.
775 1256 64 21 Hvad
861 1257 51 20 herr

162 1289 68 29 Späre
251 1289 34 21 för
304 1289 67 28 öfrigt
390 1289 101 21 anmärkt
512 1291 45 19 mot
575 1290 18 27 &,
614 1296 64 14 anser
696 1291 39 27 jag
753 1289 52 22 icke
817 1289 95 30 förtjena

163 1323 136 22 bemötande.

230 1359 58 21 Herr
301 1358 104 22 Munck:
425 1358 57 22 Lika
501 1358 51 23 med
566 1359 51 21 herr
635 1365 42 16 von
696 1359 158 29 Weissenberg
873 1361 39 20 fin-

162 1401 40 14 ner
219 1394 40 28 jag
279 1393 36 22 det
335 1393 90 22 alldeles
446 1393 58 22 klart
524 1393 85 29 framg&
625 1401 25 14 ur
665 1394 115 28 förslaget,
796 1397 32 19 att
843 1395 69 28 tillsy-

161 1429 116 28 ningsmän
293 1427 76 23 endast
384 1428 65 22 hafva
464 1428 90 30 uppsigt
569 1428 61 23 öfver
644 1429 26 21 de
685 1429 143 23 försvarslösa
837 1437 75 21 perso-
