1003 1703
781 127 40 21 655

98 194 31 21 tid
149 200 46 14 som
215 193 43 22 kan
274 200 51 14 vara
341 193 125 28 lämpligast
479 193 7 20 i
502 193 58 21 detta
576 193 112 26 afseende,
704 193 90 22 emedan
809 195 39 27 jag

99 229 20 28 ej
136 229 38 20 har
195 229 71 27 någon
287 227 121 21 kännedom
425 229 82 26 härom,
524 227 61 21 stödd
601 229 28 26 på
645 235 54 20 egen
716 228 131 21 erfarenhet.

97 262 64 21 Dock
176 263 61 20 torde
255 262 40 21 den
311 263 68 20 första
392 262 41 27 juli
450 269 51 14 vara
516 269 27 14 en
559 263 132 26 fördelaktig
702 263 38 26 tid,
752 269 33 14 om
798 270 49 14 man

98 298 20 27 ej
134 303 34 14 ser
185 297 66 21 saken
263 296 76 21 endast
349 297 47 20 från
405 296 145 28 jordegarens
562 297 98 21 intresse.
684 297 50 21 Men
746 298 102 20 särskildt

98 334 45 18 tror
165 331 47 28 jag,
229 331 56 20 hvad
305 331 146 27 tjenstehjons
466 331 103 27 flyttning
588 332 6 20 i
615 331 47 21 stad
679 331 109 27 beträffar,
804 333 45 27 mig

97 366 75 20 kunna
187 365 116 21 framhålla
317 365 37 21 det
369 366 71 20 såsom
456 365 121 27 tidsenligt,
594 367 31 19 att
641 365 52 21 aftal
710 366 138 28 om.tjenste-

97 400 115 28 hjonslega
232 400 72 20 kunde
325 399 89 21 afslutes
433 400 28 28 på
480 400 87 20 kortare
587 400 32 20 tid
634 402 27 18 än
677 400 54 21 halft
746 401 30 21 år.
807 401 42 28 Jag

99 435 92 21 föreslår
206 435 93 26 derföre,
316 436 31 20 att
362 435 77 21 sådant
452 435 103 27 legoaftal
571 436 56 26 finge
644 434 38 22 ske
698 435 64 21 äfven
778 436 28 28 på
822 443 27 14 en

98 469 85 21 månad.

166 504 57 21 Herr
238 504 106 26 Linder,
361 504 34 20 E.:
419 504 44 20 Det
482 504 57 21 visar
555 505 33 27 sig
603 505 24 20 af
641 505 116 21 utskottets
773 506 73 20 betän-

98 539 81 26 kande,
200 541 31 18 att
251 539 111 27 åtskilliga
384 539 169 28 flyttningstider
574 539 37 21 der
630 539 71 22 blifvit
717 540 131 28 föreslagna.

98 573 47 22 Här
160 574 39 21 har
215 581 49 14 man
281 574 62 21 äfven
356 573 48 22 hört
416 573 56 22 olika
484 574 81 27 åsigter
576 574 6 21 i
594 574 68 21 saken
672 575 86 21 uttalas.
782 575 66 22 Detta

98 609 75 27 tyckes
189 609 48 20 bäst
252 609 81 26 bevisa,
349 611 32 18 att
397 608 35 21 det
448 611 23 18 är
487 609 100 27 omöjligt
597 610 32 19 att
639 609 59 21 finna
708 609 72 28 någon
791 610 57 27 flytt-

98 643 104 28 ningstid,
219 651 45 13 som
284 645 23 19 är
327 643 90 28 lämplig
438 643 32 21 för
486 643 48 21 alla.
564 643 49 21 Den
629 645 23 19 är
668 644 62 20 alltid
746 644 103 28 olämplig

98 678 33 20 för
148 679 78 26 någon.
252 678 42 27 Jag
309 684 64 14 anser
389 677 85 21 derföre
491 678 35 20 det
542 677 142 28 naturligaste
701 685 57 20 vara,
770 680 31 19 att
813 678 36 21 det

98 712 36 21 må
150 713 32 20 stå
199 719 25 13 en
241 713 52 20 hvar
309 712 47 21 fritt
371 714 31 18 att
418 712 79 21 afsluta
512 712 104 21 kontrakt
632 712 48 21 med
697 712 47 22 sina
759 713 89 27 tjenste-

97 746 53 28 hjon
167 747 47 21 från
231 747 39 21 och
285 746 33 21 till
333 746 86 22 hvilken
437 746 31 21 tid
484 754 45 14 som
545 746 62 21 helst.
633 746 75 28 Lagen
725 747 70 21 skulle
811 754 36 14 en-

98 782 48 20 dast
162 788 22 14 se
199 782 42 26 till,
261 783 32 19 att
308 781 55 21 intet
379 781 113 27 kontrakt,
508 781 103 21 afslutadt
627 781 93 21 emellan
736 782 113 21 husbonde

99 816 40 21 och
160 816 133 28 tjenstehjon
314 816 71 21 blefve
406 816 126 21 öfverträdt.
567 816 60 20 Skall
643 816 43 20 viss
702 816 146 28 flyttningstid

98 850 98 22 deremot
212 851 138 26 bestämmas,
367 851 23 20 så
403 850 86 21 förenar
502 851 38 27 jag
557 850 43 28 mig
616 850 6 21 i
639 850 42 21 alla
692 850 60 22 delar
763 858 34 14 om
806 851 41 21 den

98 885 41 27 tid,
155 892 46 14 som
216 886 50 20 herr
283 885 137 28 Gripenberg
435 885 119 27 föreslagit.

167 920 58 20 Herr
249 919 173 22 Silfversvan:
453 920 75 20 Såsom
552 919 144 27 jordbrukare
720 920 68 21 måste
808 921 40 27 jag

99 956 86 24 nämna,
201 956 32 19 att
245 954 40 28 jag
300 956 51 24 tror,
368 955 31 19 att
415 954 35 20 det
465 960 51 14 vore
531 954 64 27 högst
606 954 83 28 vådligt
705 962 33 13 om
754 954 21 21 vi
791 955 56 27 finge

99 988 175 29 flyttningstiden
290 988 67 22 under
373 994 130 15 sommaren.
535 988 43 27 Jag
594 989 37 21 ber
647 988 151 28 ridderskapet
809 989 39 21 och

99 1023 63 21 adeln
186 1023 91 21 besinna
299 1023 26 21 de
349 1022 146 28 mångfaldiga
518 1022 147 27 olägenheter,
688 1023 74 21 hvilka
778 1023 71 22 skulle

99 1058 88 27 uppstå,
208 1065 35 13 om
267 1065 49 14 man
339 1057 108 20 förlorade
468 1057 37 21 sitt
521 1057 45 21 folk
578 1057 47 28 just
641 1057 27 20 då
683 1058 164 29 höbergningen

99 1093 119 27 begynner,
240 1092 69 21 såsom
330 1091 62 21 fallet
406 1093 23 19 är
445 1092 6 20 i
467 1091 76 28 början
560 1092 24 20 af
593 1092 52 27 juli,
662 1093 54 20 eller
730 1093 64 22 också
808 1101 40 14 un-

99 1127 39 20 der
153 1127 88 21 hvilken
257 1133 71 14 annan
345 1126 31 21 tid
391 1126 23 21 af
424 1133 120 15 sommaren
556 1133 45 14 som
613 1127 61 20 helst.
698 1127 78 22 Denna
787 1129 61 27 fråga

99 1162 39 21 har
162 1161 44 21 ofta
228 1161 103 21 förevarit
353 1161 54 21 både
430 1161 7 20 i
459 1161 90 28 Sverige
572 1161 39 21 och
634 1161 46 27 här,
696 1162 39 21 och
749 1163 39 28 jag
803 1165 45 19 tror

100 1196 119 28 svårligen,
240 1197 31 19 att
287 1196 70 27 någon
382 1196 42 20 kan
444 1196 119 21 framställa
582 1203 25 14 en
624 1196 128 28 lämpligare
768 1197 31 21 tid
815 1198 33 20 för

99 1231 138 27 flyttningen,
253 1237 27 14 en
296 1230 37 26 tid,
350 1237 45 14 som
411 1230 24 21 så
450 1231 70 20 skulle
534 1230 158 22 tillfredsställa
706 1231 48 27 alla,
766 1234 26 18 än
806 1232 42 20 den

99 1265 22 22 vi
137 1272 29 14 nu
181 1265 70 21 hafva.
275 1265 43 28 Jag
334 1265 80 21 önskar
427 1264 93 28 derföre,
531 1266 31 20 att
573 1264 151 30 ridderskapet
734 1266 40 21 och
785 1266 62 21 adeln

101 1300 19 27 ej
138 1300 34 21 må
187 1300 98 21 förhasta
305 1300 34 27 sig
358 1301 31 20 att
410 1299 102 22 förändra
527 1300 41 20 den
585 1300 125 21 nuvarande
727 1300 122 28 flyttnings-

100 1334 66 26 tiden,
184 1336 50 18 utan
256 1334 72 20 lemna
351 1334 70 20 denna
444 1335 60 27 fråga
524 1334 22 20 åt
561 1334 123 26 framtiden,
700 1335 26 19 då
742 1342 50 13 man
807 1335 41 20 fått

100 1367 31 21 tid
147 1369 32 19 att
194 1367 91 21 besinna
301 1367 33 27 sig
349 1367 27 28 på
392 1367 73 21 saken.
496 1367 11 20 I
523 1367 75 27 början
615 1368 22 20 af
648 1369 88 26 januari
752 1368 96 21 hvarken

100 1403 69 20 håller
185 1402 52 21 eller
253 1402 73 28 bryter
341 1402 54 21 isen.
418 1401 33 22 En
468 1402 88 28 sjöresa,
573 1409 33 13 om
623 1403 49 27 sjön
688 1402 26 21 då
730 1404 24 19 är
770 1404 78 26 öppen,

100 1439 24 19 är
140 1437 47 22 svår
202 1437 35 21 för
252 1437 63 22 hvem
331 1437 41 21 den
388 1438 27 19 än
431 1444 50 14 vara
497 1437 41 28 må,
554 1437 40 20 och
609 1439 32 19 att
656 1437 100 22 använda
768 1437 80 28 julhel-
