995 1706
217 134 42 20 314

188 200 64 26 samt,
269 200 31 19 att
314 198 42 22 den
373 199 9 20 1
400 199 12 27 $
427 199 6 21 i
449 199 164 27 propositionen
628 198 67 21 måtte
710 200 100 26 antagas,
829 204 50 15 men
895 199 39 21 fin-

187 239 39 15 ner
244 233 67 21 likväl
332 233 115 27 ingenting
462 240 46 14 som
523 232 88 22 hindrar
627 234 31 19 att
673 232 114 28 ingressen
803 232 41 21 blir
859 232 74 27 sådan,

187 274 47 15 som
250 267 144 28 lagutskottet
409 267 113 28 föreslagit
538 267 47 21 den.

255 301 102 22 Friherre
378 301 139 29 Carpelan:
537 301 43 21 För
598 301 45 21 min
659 301 34 21 del
708 301 127 28 godkänner
848 302 39 28 jag
902 303 32 19 ut-

188 337 92 20 skottets
295 336 143 21 betänkande.
463 336 44 21 Det
523 338 23 19 är
562 336 57 20 stödt
633 336 28 27 pä
677 336 41 21 den
734 336 69 21 sunda
812 336 122 28 principen,

187 373 32 19 att
239 370 42 22 alla
301 372 37 20 äro
359 370 45 22 lika
422 371 57 21 inför
495 371 70 27 lagen.
595 370 76 21 Skulle
687 378 50 14 man
752 372 80 27 antaga
848 372 31 20 ett
894 370 40 21 lin-

187 406 85 27 drigare
293 405 149 28 straffsystem,
463 405 72 21 kunde
555 404 32 21 till
603 405 100 28 exempel
718 406 7 19 i
740 405 171 28 knifbataljerna
927 405 6 20 i

187 433 141 28 Österbotten
344 439 36 21 det
396 447 45 14 som
457 440 66 21 oftast
538 439 56 27 heta,
611 441 31 18 att
657 439 37 21 det
709 446 37 14 var
760 440 66 27 envig
836 440 40 21 och
887 439 47 21 der-

186 475 87 28 igenom
292 474 71 21 skulle
378 475 141 27 deltagarene
534 474 45 21 deri
595 474 71 27 slippa
681 473 49 22 med
746 474 83 28 ganska
843 474 91 28 lindrigt

187 516 83 14 ansvar.
300 509 76 21 Sävidt
388 509 38 28 jag
441 509 64 22 fattat
520 509 74 28 grefve
609 508 109 21 Aminoffs
733 508 108 28 yttrande,
857 509 24 20 sä
895 509 38 21 vill

186 544 43 20 han
244 543 65 22 hafva
325 544 9 19 1
352 544 11 27 &
379 543 126 28 sälydände:
521 543 72 21 Hafva
608 545 80 19 tvenne
704 543 55 21 efter
770 543 52 21 aftal
834 543 40 21 och
884 543 50 21 med

187 577 141 28 begagnande
344 578 24 20 af
382 585 76 20 vapen,
481 577 72 21 inlätit
573 577 33 28 sig
626 577 7 20 i
649 577 65 28 envig
734 577 50 21 med
802 577 131 26 hvarandra,

187 611 64 22 varde
267 611 205 28 gerningsmännen,
487 612 54 21 efter
553 611 78 22 sakens
645 611 155 28 beskaffenhet,
812 611 77 22 dömde
901 611 33 22 till

186 646 77 21 sädant
283 645 69 28 straff,
372 652 46 15 som
438 646 33 21 för
491 646 71 27 mord,
577 645 53 28 dräp
646 646 53 21 eller
714 653 71 14 annan
800 645 133 22 misshandel

187 680 99 29 stadgadt
302 681 30 20 är.
355 681 51 20 Men
422 687 34 14 om
471 681 41 20 den
523 687 41 14 ena
574 680 198 29 gerningsmannen
784 681 24 20 är
818 680 49 27 död,
877 680 55 22 huru

187 715 54 21 skall
261 714 83 22 straffet
364 715 6 21 ä
385 715 79 21 honom
486 715 123 28 tillämpas?
639 715 59 21 Herr
716 721 42 16 von
777 714 102 22 Schoultz
894 715 39 21 har

185 749 83 28 anfört,
288 751 32 19 att
340 750 91 21 böterna
451 750 71 21 skulle
543 749 57 28 gälla
619 749 54 22 blott
689 749 42 22 den
746 749 57 28 rike,
819 757 50 14 men
885 750 47 21 fän-

186 784 60 28 gelse
262 784 41 21 den
319 783 84 29 fattige.
426 784 50 21 Han
491 784 68 21 mäste
574 784 65 21 hafva
654 783 141 22 missförstätt
809 784 123 28 meningen.

185 819 44 20 Det
252 819 63 21 beror
337 819 28 28 pä
388 819 114 21 domarens
524 819 112 28 pröfning,
656 819 105 28 antingen
777 818 41 22 den
834 819 98 28 skyldige

185 853 56 21 skall
257 853 103 29 beläggas
375 853 50 22 med
440 853 36 22 det
492 860 41 15 ena
549 853 52 22 eller
616 853 67 21 andra
699 855 107 26 ansvaret,
817 853 48 22 icke
877 853 55 22 efter

185 887 126 22 rikedomen
335 889 50 20 utan
409 888 54 21 efter
488 888 91 21 brottets
601 888 158 21 beskaffenhet.
790 888 50 21 Man
863 889 68 20 måste

185 929 52 14 vara
251 922 49 20 litet
315 922 98 27 domare,
429 923 32 20 för
477 924 32 19 att
525 923 86 20 sentera
625 923 153 21 förhållandet.

253 956 59 21 Herr
334 956 90 28 Späre,
447 956 27 22 K.
497 958 26 20 R.
547 956 23 22 €.
592 957 47 21 W.:
662 957 11 20 I
695 957 69 21 likhet
784 957 49 21 med
848 958 40 20 och
903 958 28 28 på

185 998 83 14 samma
290 991 70 29 grund
382 998 45 14 som
450 992 51 21 herr
519 999 42 14 von
581 991 112 29 Knorring
711 992 42 21 kan
774 992 64 21 äfven
855 993 40 28 jag
910 993 20 27 ej

184 1026 115 28 föredraga
318 1026 155 28 lagutskottets
493 1026 136 22 betänkande
649 1033 35 15 om
703 1026 66 28 envig
783 1026 90 22 framför
889 1027 42 21 den

184 1061 80 27 nädiga
279 1060 170 29 propositionen.
473 1061 34 21 De
522 1062 7 20 i
545 1061 40 21 den
601 1061 80 28 nädiga
691 1062 164 28 propositionen
865 1062 65 21 fram-

185 1095 77 21 ställda
283 1095 121 21 motiverna
425 1096 32 20 för
478 1103 27 13 en
525 1095 91 21 mildare
631 1096 139 28 lagstiftning
786 1096 6 21 i
808 1096 59 21 detta
882 1097 49 26 fall,

185 1130 39 20 och
244 1129 74 21 hvilka
338 1129 38 21 här
396 1130 61 20 torde
477 1137 51 14 vara
546 1129 138 29 öfverflödigt
699 1132 31 19 att
744 1137 107 22 upprepa,
867 1131 65 27 gillar

184 1164 39 20 och
244 1170 64 14 anser
324 1164 40 27 jag
381 1171 51 13 vara
447 1164 132 28 fullkomligt
594 1164 97 21 rättvisa.
721 1164 43 29 Jag
779 1166 75 20 ämnar
869 1166 61 27 inga-

183 1197 66 21 lunda
264 1198 107 28 uppträda
385 1198 34 20 till
434 1198 83 22 försvar
528 1198 33 21 för
572 1198 89 28 dueller,
673 1206 49 14 men
731 1200 39 27 jag
782 1200 36 20 vill
830 1200 19 26 ej
861 1200 69 20 heller

184 1232 85 21 absolut
289 1232 97 21 förkasta
406 1232 48 20 dem
473 1232 34 21 för
522 1232 42 21 alla
578 1232 45 21 fall.
653 1233 142 27 Ingenstädes
810 1233 62 21 torde
888 1234 41 20 den

184 1267 81 25 satsen,
286 1267 32 19 att
336 1265 56 21 ifrån
412 1266 37 20 det
463 1266 121 27 högtidliga
599 1266 33 20 till
647 1266 36 21 det
698 1266 76 28 löjliga
788 1268 24 19 är
827 1267 56 21 blott
898 1268 32 20 ett

184 1301 57 26 steg,
262 1300 23 20 sä
304 1300 35 20 väl
359 1300 74 20 kunna
452 1300 110 28 tillämpas
581 1306 47 15 som
648 1300 7 21 i
675 1300 77 28 frågan
768 1308 34 13 om
818 1301 70 28 envig.
918 1302 12 20 I

183 1334 42 21 alla
241 1334 55 21 tider
312 1334 40 21 och
366 1334 8 21 i
389 1334 42 21 alla
446 1334 83 28 länder,
541 1335 24 28 ja
580 1334 39 22 hos
634 1335 106 27 nationer,
756 1342 46 14 som
808 1330 13 37 i
818 1336 110 22 civilisa-

183 1370 44 20 tion
244 1370 33 20 stä
291 1369 49 21 vida
355 1370 55 20 fram
426 1376 35 14 om
475 1377 43 20 oss,
534 1370 39 21 och
588 1370 74 21 ibland
677 1370 73 22 dessas
761 1372 55 20 mest
827 1371 101 28 upplysta

182 1404 147 26 medlemmar,
352 1404 38 21 har
413 1404 36 22 det
471 1404 85 28 gifvits,
576 1405 40 21 och
636 1406 39 27 jag
695 1407 25 19 är
734 1406 51 20 fullt
801 1406 127 28 öfvertygad

182 1438 80 28 derom,
282 1438 56 21 skall
357 1439 37 21 det
412 1440 64 21 äfven
496 1439 115 22 framdeles
627 1440 69 28 gifvas
712 1440 48 27 fall,
774 1440 27 21 dä
816 1447 111 22 personer,
