1006 1711
194 140 42 21 682

234 204 109 22 Skolande
360 204 91 21 berörde
466 203 209 29 protokollsutdrag,
688 202 75 21 hvilka
778 202 48 22 icke
841 203 72 21 föran-

166 239 62 21 ledde
251 239 32 20 till
306 239 71 28 någon
398 238 86 28 åtgärd,
504 238 96 21 förvaras
616 237 65 21 bland
696 237 161 28 ridderskapets
873 237 40 21 och

167 273 73 22 adelns
257 273 68 28 öfriga
342 272 135 28 handlingar.

234 342 123 28 Föredrogs
383 343 155 20 sammansatta
563 342 45 28 lag-
630 341 39 21 och
692 341 224 22 ekonomieutskottet

167 378 41 22 den
226 378 24 20 17
267 377 7 21 i
290 377 71 21 denna
382 377 78 21 månad
480 376 119 28 bordlagda
620 376 136 22 betänkande
773 376 8 21 i
797 376 118 29 anledning

166 412 24 22 af
211 412 27 22 H.
261 411 61 29 Kejs.
344 412 72 28 Maj:ts
440 412 80 28 nådiga
542 411 134 29 proposition
696 418 35 14 n:o
754 412 26 20 10
803 411 112 28 angående

165 447 127 28 jordegares
308 446 125 28 skyldighet
448 448 32 19 att
496 448 58 20 emot
570 446 121 28 ersättning
707 446 89 28 upplåta
809 445 61 22 mark
881 446 34 21 för

167 481 90 21 allmänt
273 481 71 21 behof.

235 515 153 21 Betänkandet
404 515 111 28 upplästes
532 515 39 21 och
588 514 133 28 granskades
732 514 110 28 punktvis,
853 515 62 21 hvar-

168 550 36 21 vid
218 550 71 28 aflopp
305 556 46 14 som
367 548 73 29 följer:

518 584 46 27 81.

236 618 44 21 Vid
294 618 163 28 granskningen
474 618 24 21 af
511 618 71 21 denna
598 619 12 25 $
626 618 85 27 yttrade

235 653 57 21 Herr
315 653 141 21 Järnefelt:
479 653 43 20 För
542 652 44 21 min
607 652 35 21 del
662 653 38 20 vill
717 653 39 27 jag
776 652 85 22 biträda
879 653 37 21 fri-

168 688 64 21 herre
253 688 25 21 de
299 688 21 21 la
341 687 114 28 Chapelles
476 687 134 22 reservation
632 689 57 19 emot
704 687 72 22 denna
791 688 18 27 &,
825 687 91 22 hufvud-

170 723 98 28 sakligen
284 722 28 29 pä
327 723 26 20 de
369 723 23 20 af
406 722 80 21 honom
501 721 106 29 uppgifna
622 721 53 22 skäl.
705 722 39 21 Att
760 721 48 28 den,
825 729 46 14 som
886 722 31 21 af-

169 757 72 21 träder
258 756 51 29 jord
330 757 39 20 och
389 756 70 29 grund
479 756 33 21 för
533 756 90 21 allmänt
644 755 74 27 behof,
738 756 86 21 derföre
841 756 39 22 bör
896 757 21 21 få

170 791 128 28 ersättning,
314 793 24 18 är
353 791 67 27 klart;
436 797 50 15 men
502 790 77 28 sjelfva
594 790 121 28 begreppet
725 791 122 28 ersättning
857 791 61 21 inne-

170 820 40 27 bär
226 825 71 26 äfven,
311 827 32 19 att
359 832 45 14 mer
420 826 26 19 än
463 825 53 21 fulla
531 824 75 21 värdet
620 824 24 21 af
657 824 45 27 det,
719 831 46 14 som
781 825 55 21 skall
852 826 66 20 ersät-

170 861 40 25 tas,
229 858 49 22 icke
298 859 38 21 bör
356 859 87 21 komma
458 860 8 20 i
481 858 68 28 fråga.
582 853 153 27 Öfverskrides
755 858 58 22 detta
832 859 86 29 belopp,

173 895 63 27 utgör
257 893 154 29 godtgörelsen
430 893 48 21 icke
499 900 60 14 mera
579 893 72 27 nägon
672 893 131 28 ersättning,
825 895 51 19 utan
897 895 23 19 är

172 935 88 15 snarare
282 929 33 20 att
332 927 100 22 betrakta
448 928 69 21 säsom
534 935 26 13 en
577 927 57 28 slags
650 927 147 29 gratifikation
813 928 53 21 eller
882 928 37 28 dy-

170 963 50 27 likt,
237 963 40 21 och
291 965 31 18 att
346 963 67 27 nägot
433 962 76 22 sädant
524 963 38 20 här
578 962 66 21 borde
660 962 68 26 afses,
744 962 61 21 torde
821 962 34 22 väl
870 962 49 22 icke

170 1004 52 14 vara
235 997 68 21 fallet.
333 997 50 21 Man
400 997 38 21 har
454 998 70 21 säsom
540 997 53 26 skäl,
610 996 87 22 hvarför
712 997 41 21 den
767 1003 45 15 som
824 997 95 21 afträder

167 1032 51 27 jord
239 1032 53 21 eller
313 1032 71 28 grund
403 1032 32 20 till
454 1032 90 20 allmänt
559 1031 68 21 behof
641 1031 65 21 borde
722 1031 88 22 komma
825 1032 6 20 i
847 1032 70 28 ätnju-

170 1066 65 21 tande
256 1066 23 21 af
293 1066 41 21 den
350 1066 39 21 här
404 1066 124 28 föreslagna
544 1066 122 26 förmonen,
683 1066 108 28 uppgifvit
807 1066 111 29 svärighe-

170 1103 37 18 ten
226 1102 31 19 att
275 1101 91 20 värdera
384 1101 40 20 och
440 1101 50 20 fullt
506 1101 118 28 uppskatta
637 1100 41 21 den
694 1101 79 20 förlust
785 1101 133 28 jordegaren

170 1135 126 27 derigenom
312 1135 6 20 i
335 1135 77 27 sjelfva
432 1135 76 21 verket
527 1135 63 26 lider;
610 1141 48 14 men
677 1135 45 27 mig
738 1141 64 21 synes
818 1135 35 20 det
869 1137 49 25 sätt,

170 1168 82 29 hvarpä
272 1168 144 29 värderingen
437 1169 68 28 enligt
525 1169 40 21 den
587 1168 78 28 nädiga
680 1169 164 28 propositionen
858 1168 60 22 kom-

170 1210 46 14 mer
236 1204 32 20 att
288 1202 48 28 ske,
356 1203 72 21 lemna
445 1203 133 28 jordegaren
599 1210 26 14 en
642 1203 127 27 fullständig
785 1203 86 28 garanti
885 1203 34 21 för

170 1237 182 21 utbekommande
374 1237 24 21 af
415 1237 39 21 full
475 1237 121 28 ersättning
610 1237 33 21 för
658 1237 57 22 hvad
730 1237 43 21 han
789 1237 33 21 till
838 1237 80 21 omför-

170 1270 71 21 mälde
260 1270 99 21 ändamål
378 1270 86 21 afträdt.
495 1271 42 27 Jag
553 1270 127 28 tillstyrker,
696 1270 85 22 således
796 1272 32 20 att
842 1270 27 22 de
885 1272 32 20 tre

170 1304 53 22 sista
239 1304 67 21 orden
321 1304 67 21 måtte
404 1312 25 13 ur
445 1304 41 22 den
502 1304 124 28 föreslagna
642 1305 11 27 8
670 1306 9 20 1
697 1305 58 28 utgå.

239 1339 57 21 Herr
312 1346 42 14 von
373 1339 197 28 Weissenberg:
594 1339 42 29 Jag
651 1340 39 21 har
706 1340 66 21 ocksä
784 1339 81 22 biträdt
880 1339 37 21 fri-

170 1374 64 21 herre
253 1373 26 22 de
297 1374 21 21 la
338 1373 114 29 Chapelles
472 1374 134 22 reservation
625 1374 40 21 och
687 1374 51 22 ville
761 1374 34 22 till
815 1374 26 21 de
864 1374 54 27 skäl,

170 1408 43 21 han
234 1408 40 21 och
294 1408 50 21 herr
364 1408 108 21 Järnefelt
492 1416 29 13 nu
542 1408 78 28 anfört,
636 1408 97 29 tillägga,
748 1410 31 19 att
798 1408 41 22 den
856 1408 6 22 i
878 1410 12 26 $
907 1410 9 19 1

170 1443 125 28 föreslagna
314 1443 153 28 förhöjningen
488 1443 48 22 icke
555 1443 70 22 heller
645 1445 23 20 är
688 1444 44 21 rätt
752 1443 165 22 öfverensstäm-
