<?xml version="1.0" encoding="UTF-8"?>
<alto xmlns="http://www.loc.gov/standards/alto/ns-v3#" xmlns:xlink="http://www.w3.org/1999/xlink" xmlns:xsi="http://www.w3.org/2001/XMLSchema-instance" xsi:schemaLocation="http://www.loc.gov/standards/alto/ns-v3# http://www.loc.gov/alto/v3/alto-3-0.xsd">
	<Description>
		<MeasurementUnit>pixel</MeasurementUnit>
		<sourceImageInformation>
			<fileName>/tmp/tess_1y6xm1zz_input.PNG</fileName>
		</sourceImageInformation>
		<OCRProcessing ID="OCR_0">
			<ocrProcessingStep>
				<processingSoftware>
					<softwareName>tesseract 5.3.4</softwareName>
				</processingSoftware>
			</ocrProcessingStep>
		</OCRProcessing>
	</Description>
	<Layout>
		<Page WIDTH="1003" HEIGHT="1709" PHYSICAL_IMG_NR="0" ID="page_0">
			<PrintSpace HPOS="0" VPOS="0" WIDTH="1003" HEIGHT="1709">
				<ComposedBlock ID="cblock_0" HPOS="758" VPOS="136" WIDTH="40" HEIGHT="21">
					<TextBlock ID="block_0" HPOS="758" VPOS="136" WIDTH="40" HEIGHT="21">
						<TextLine ID="line_0" HPOS="758" VPOS="136" WIDTH="40" HEIGHT="21">
							<String ID="string_0" HPOS="758" VPOS="136" WIDTH="40" HEIGHT="21" WC="0.96" CONTENT="545"/>
						</TextLine>
					</TextBlock>
				</ComposedBlock>
				<ComposedBlock ID="cblock_1" HPOS="80" VPOS="199" WIDTH="759" HEIGHT="1305">
					<TextBlock ID="block_1" HPOS="80" VPOS="199" WIDTH="748" HEIGHT="340">
						<TextLine ID="line_1" HPOS="149" VPOS="199" WIDTH="678" HEIGHT="31">
							<String ID="string_1" HPOS="149" VPOS="199" WIDTH="102" HEIGHT="22" WC="0.96" CONTENT="Friherre"/><SP WIDTH="21" VPOS="199" HPOS="251"/>
							<String ID="string_2" HPOS="272" VPOS="199" WIDTH="140" HEIGHT="29" WC="0.96" CONTENT="Carpelan:"/><SP WIDTH="22" VPOS="199" HPOS="412"/>
							<String ID="string_3" HPOS="434" VPOS="200" WIDTH="43" HEIGHT="22" WC="0.96" CONTENT="För"/><SP WIDTH="20" VPOS="200" HPOS="477"/>
							<String ID="string_4" HPOS="497" VPOS="200" WIDTH="43" HEIGHT="22" WC="0.96" CONTENT="min"/><SP WIDTH="22" VPOS="200" HPOS="540"/>
							<String ID="string_5" HPOS="562" VPOS="200" WIDTH="34" HEIGHT="22" WC="0.96" CONTENT="del"/><SP WIDTH="21" VPOS="200" HPOS="596"/>
							<String ID="string_6" HPOS="617" VPOS="208" WIDTH="63" HEIGHT="14" WC="0.96" CONTENT="anser"/><SP WIDTH="16" VPOS="208" HPOS="680"/>
							<String ID="string_7" HPOS="696" VPOS="202" WIDTH="40" HEIGHT="28" WC="0.91" CONTENT="jag"/><SP WIDTH="15" VPOS="202" HPOS="736"/>
							<String ID="string_8" HPOS="751" VPOS="202" WIDTH="76" HEIGHT="21" WC="0.91" CONTENT="redak-"/>
						</TextLine>
						<TextLine ID="line_2" HPOS="80" VPOS="234" WIDTH="748" HEIGHT="29">
							<String ID="string_9" HPOS="80" VPOS="234" WIDTH="73" HEIGHT="21" WC="0.91" CONTENT="tionen"/><SP WIDTH="18" VPOS="234" HPOS="153"/>
							<String ID="string_10" HPOS="171" VPOS="234" WIDTH="132" HEIGHT="28" WC="0.91" CONTENT="fallkomligt"/><SP WIDTH="15" VPOS="234" HPOS="303"/>
							<String ID="string_11" HPOS="318" VPOS="234" WIDTH="78" HEIGHT="28" WC="0.96" CONTENT="riktig,"/><SP WIDTH="16" VPOS="234" HPOS="396"/>
							<String ID="string_12" HPOS="412" VPOS="242" WIDTH="34" HEIGHT="14" WC="0.96" CONTENT="om"/><SP WIDTH="16" VPOS="242" HPOS="446"/>
							<String ID="string_13" HPOS="462" VPOS="242" WIDTH="50" HEIGHT="14" WC="0.96" CONTENT="man"/><SP WIDTH="16" VPOS="242" HPOS="512"/>
							<String ID="string_14" HPOS="528" VPOS="237" WIDTH="62" HEIGHT="26" WC="0.96" CONTENT="tager"/><SP WIDTH="14" VPOS="237" HPOS="590"/>
							<String ID="string_15" HPOS="604" VPOS="236" WIDTH="7" HEIGHT="20" WC="0.96" CONTENT="i"/><SP WIDTH="17" VPOS="236" HPOS="611"/>
							<String ID="string_16" HPOS="628" VPOS="236" WIDTH="152" HEIGHT="27" WC="0.96" CONTENT="betraktande,"/><SP WIDTH="16" VPOS="236" HPOS="780"/>
							<String ID="string_17" HPOS="796" VPOS="238" WIDTH="32" HEIGHT="18" WC="0.96" CONTENT="att"/>
						</TextLine>
						<TextLine ID="line_3" HPOS="80" VPOS="268" WIDTH="748" HEIGHT="29">
							<String ID="string_18" HPOS="80" VPOS="275" WIDTH="27" HEIGHT="14" WC="0.92" CONTENT="en"/><SP WIDTH="22" VPOS="275" HPOS="107"/>
							<String ID="string_19" HPOS="129" VPOS="268" WIDTH="80" HEIGHT="28" WC="0.91" CONTENT="qvinna"/><SP WIDTH="20" VPOS="268" HPOS="209"/>
							<String ID="string_20" HPOS="229" VPOS="269" WIDTH="24" HEIGHT="20" WC="0.96" CONTENT="af"/><SP WIDTH="18" VPOS="269" HPOS="253"/>
							<String ID="string_21" HPOS="271" VPOS="268" WIDTH="41" HEIGHT="21" WC="0.96" CONTENT="den"/><SP WIDTH="21" VPOS="268" HPOS="312"/>
							<String ID="string_22" HPOS="333" VPOS="268" WIDTH="59" HEIGHT="29" WC="0.96" CONTENT="lägre"/><SP WIDTH="21" VPOS="268" HPOS="392"/>
							<String ID="string_23" HPOS="413" VPOS="270" WIDTH="85" HEIGHT="21" WC="0.96" CONTENT="klassen"/><SP WIDTH="22" VPOS="270" HPOS="498"/>
							<String ID="string_24" HPOS="520" VPOS="270" WIDTH="20" HEIGHT="27" WC="0.93" CONTENT="ej"/><SP WIDTH="22" VPOS="270" HPOS="540"/>
							<String ID="string_25" HPOS="562" VPOS="269" WIDTH="103" HEIGHT="21" WC="0.91" CONTENT="behöfver"/><SP WIDTH="16" VPOS="269" HPOS="665"/>
							<String ID="string_26" HPOS="681" VPOS="270" WIDTH="24" HEIGHT="21" WC="0.96" CONTENT="så"/><SP WIDTH="15" VPOS="270" HPOS="705"/>
							<String ID="string_27" HPOS="720" VPOS="270" WIDTH="108" HEIGHT="27" WC="0.96" CONTENT="betydligt"/>
						</TextLine>
						<TextLine ID="line_4" HPOS="80" VPOS="302" WIDTH="747" HEIGHT="29">
							<String ID="string_28" HPOS="80" VPOS="302" WIDTH="127" HEIGHT="28" WC="0.96" CONTENT="understöd,"/><SP WIDTH="17" VPOS="302" HPOS="207"/>
							<String ID="string_29" HPOS="224" VPOS="309" WIDTH="46" HEIGHT="15" WC="0.96" CONTENT="som"/><SP WIDTH="21" VPOS="309" HPOS="270"/>
							<String ID="string_30" HPOS="291" VPOS="310" WIDTH="27" HEIGHT="14" WC="0.93" CONTENT="en"/><SP WIDTH="21" VPOS="310" HPOS="318"/>
							<String ID="string_31" HPOS="339" VPOS="303" WIDTH="79" HEIGHT="28" WC="0.91" CONTENT="gvinna"/><SP WIDTH="16" VPOS="303" HPOS="418"/>
							<String ID="string_32" HPOS="434" VPOS="303" WIDTH="24" HEIGHT="22" WC="0.96" CONTENT="af"/><SP WIDTH="12" VPOS="303" HPOS="458"/>
							<String ID="string_33" HPOS="470" VPOS="303" WIDTH="42" HEIGHT="22" WC="0.96" CONTENT="den"/><SP WIDTH="17" VPOS="303" HPOS="512"/>
							<String ID="string_34" HPOS="529" VPOS="303" WIDTH="70" HEIGHT="22" WC="0.96" CONTENT="bättre"/><SP WIDTH="15" VPOS="303" HPOS="599"/>
							<String ID="string_35" HPOS="614" VPOS="304" WIDTH="94" HEIGHT="21" WC="0.93" CONTENT="klassen."/><SP WIDTH="31" VPOS="304" HPOS="708"/>
							<String ID="string_36" HPOS="739" VPOS="304" WIDTH="88" HEIGHT="21" WC="0.78" CONTENT="Således"/>
						</TextLine>
						<TextLine ID="line_5" HPOS="80" VPOS="332" WIDTH="748" HEIGHT="34">
							<String ID="string_37" HPOS="80" VPOS="337" WIDTH="70" HEIGHT="21" WC="0.96" CONTENT="måste"/><SP WIDTH="16" VPOS="337" HPOS="150"/>
							<String ID="string_38" HPOS="166" VPOS="337" WIDTH="82" HEIGHT="22" WC="0.93" CONTENT="hennes"/><SP WIDTH="16" VPOS="337" HPOS="248"/>
							<String ID="string_39" HPOS="264" VPOS="337" WIDTH="70" HEIGHT="22" WC="0.96" CONTENT="vilkor"/><SP WIDTH="15" VPOS="337" HPOS="334"/>
							<String ID="string_40" HPOS="349" VPOS="338" WIDTH="65" HEIGHT="21" WC="0.96" CONTENT="också"/><SP WIDTH="16" VPOS="338" HPOS="414"/>
							<String ID="string_41" HPOS="430" VPOS="340" WIDTH="60" HEIGHT="26" WC="0.96" CONTENT="tagas"/><SP WIDTH="16" VPOS="340" HPOS="490"/>
							<String ID="string_42" HPOS="506" VPOS="339" WIDTH="7" HEIGHT="20" WC="0.93" CONTENT="i"/><SP WIDTH="17" VPOS="339" HPOS="513"/>
							<String ID="string_43" HPOS="530" VPOS="338" WIDTH="148" HEIGHT="22" WC="0.94" CONTENT="betraktande."/><SP WIDTH="29" VPOS="338" HPOS="678"/>
							<String ID="string_44" HPOS="707" VPOS="332" WIDTH="31" HEIGHT="28" WC="0.93" CONTENT="Är"/><SP WIDTH="16" VPOS="332" HPOS="738"/>
							<String ID="string_45" HPOS="754" VPOS="339" WIDTH="37" HEIGHT="21" WC="0.67" CONTENT="det"/><SP WIDTH="10" VPOS="339" HPOS="791"/>
							<String ID="string_46" HPOS="801" VPOS="346" WIDTH="27" HEIGHT="14" WC="0.67" CONTENT="en"/>
						</TextLine>
						<TextLine ID="line_6" HPOS="80" VPOS="372" WIDTH="748" HEIGHT="29">
							<String ID="string_47" HPOS="80" VPOS="372" WIDTH="35" HEIGHT="21" WC="0.92" CONTENT="rik"/><SP WIDTH="20" VPOS="372" HPOS="115"/>
							<String ID="string_48" HPOS="135" VPOS="372" WIDTH="122" HEIGHT="28" WC="0.91" CONTENT="lägersman"/><SP WIDTH="22" VPOS="372" HPOS="257"/>
							<String ID="string_49" HPOS="279" VPOS="372" WIDTH="40" HEIGHT="21" WC="0.96" CONTENT="och"/><SP WIDTH="21" VPOS="372" HPOS="319"/>
							<String ID="string_50" HPOS="340" VPOS="379" WIDTH="27" HEIGHT="14" WC="0.93" CONTENT="en"/><SP WIDTH="19" VPOS="379" HPOS="367"/>
							<String ID="string_51" HPOS="386" VPOS="373" WIDTH="80" HEIGHT="28" WC="0.92" CONTENT="qvinna"/><SP WIDTH="19" VPOS="373" HPOS="466"/>
							<String ID="string_52" HPOS="485" VPOS="373" WIDTH="24" HEIGHT="21" WC="0.96" CONTENT="af"/><SP WIDTH="18" VPOS="373" HPOS="509"/>
							<String ID="string_53" HPOS="527" VPOS="373" WIDTH="41" HEIGHT="21" WC="0.96" CONTENT="den"/><SP WIDTH="21" VPOS="373" HPOS="568"/>
							<String ID="string_54" HPOS="589" VPOS="373" WIDTH="60" HEIGHT="28" WC="0.96" CONTENT="lägre"/><SP WIDTH="20" VPOS="373" HPOS="649"/>
							<String ID="string_55" HPOS="669" VPOS="373" WIDTH="97" HEIGHT="27" WC="0.95" CONTENT="klassen,"/><SP WIDTH="16" VPOS="373" HPOS="766"/>
							<String ID="string_56" HPOS="782" VPOS="380" WIDTH="46" HEIGHT="15" WC="0.95" CONTENT="som"/>
						</TextLine>
						<TextLine ID="line_7" HPOS="81" VPOS="407" WIDTH="746" HEIGHT="28">
							<String ID="string_57" HPOS="81" VPOS="407" WIDTH="55" HEIGHT="21" WC="0.95" CONTENT="varit"/><SP WIDTH="20" VPOS="407" HPOS="136"/>
							<String ID="string_58" HPOS="156" VPOS="407" WIDTH="92" HEIGHT="22" WC="0.96" CONTENT="föremål"/><SP WIDTH="20" VPOS="407" HPOS="248"/>
							<String ID="string_59" HPOS="268" VPOS="408" WIDTH="34" HEIGHT="21" WC="0.96" CONTENT="för"/><SP WIDTH="20" VPOS="408" HPOS="302"/>
							<String ID="string_60" HPOS="322" VPOS="407" WIDTH="54" HEIGHT="21" WC="0.92" CONTENT="hans"/><SP WIDTH="20" VPOS="407" HPOS="376"/>
							<String ID="string_61" HPOS="396" VPOS="407" WIDTH="141" HEIGHT="28" WC="0.92" CONTENT="tillgörande,"/><SP WIDTH="17" VPOS="407" HPOS="537"/>
							<String ID="string_62" HPOS="554" VPOS="408" WIDTH="23" HEIGHT="21" WC="0.96" CONTENT="så"/><SP WIDTH="21" VPOS="408" HPOS="577"/>
							<String ID="string_63" HPOS="598" VPOS="407" WIDTH="38" HEIGHT="22" WC="0.96" CONTENT="bör"/><SP WIDTH="16" VPOS="407" HPOS="636"/>
							<String ID="string_64" HPOS="652" VPOS="407" WIDTH="36" HEIGHT="22" WC="0.96" CONTENT="det"/><SP WIDTH="16" VPOS="407" HPOS="688"/>
							<String ID="string_65" HPOS="704" VPOS="408" WIDTH="123" HEIGHT="27" WC="0.96" CONTENT="understöd,"/>
						</TextLine>
						<TextLine ID="line_8" HPOS="82" VPOS="441" WIDTH="745" HEIGHT="30">
							<String ID="string_66" HPOS="82" VPOS="441" WIDTH="104" HEIGHT="22" WC="0.92" CONTENT="hvarmed"/><SP WIDTH="20" VPOS="441" HPOS="186"/>
							<String ID="string_67" HPOS="206" VPOS="442" WIDTH="42" HEIGHT="21" WC="0.96" CONTENT="han"/><SP WIDTH="20" VPOS="442" HPOS="248"/>
							<String ID="string_68" HPOS="268" VPOS="443" WIDTH="24" HEIGHT="20" WC="0.96" CONTENT="är"/><SP WIDTH="20" VPOS="443" HPOS="292"/>
							<String ID="string_69" HPOS="312" VPOS="441" WIDTH="87" HEIGHT="29" WC="0.96" CONTENT="skyldig"/><SP WIDTH="14" VPOS="441" HPOS="399"/>
							<String ID="string_70" HPOS="413" VPOS="444" WIDTH="31" HEIGHT="19" WC="0.96" CONTENT="att"/><SP WIDTH="16" VPOS="444" HPOS="444"/>
							<String ID="string_71" HPOS="460" VPOS="442" WIDTH="89" HEIGHT="28" WC="0.96" CONTENT="bidraga"/><SP WIDTH="16" VPOS="442" HPOS="549"/>
							<String ID="string_72" HPOS="565" VPOS="442" WIDTH="33" HEIGHT="21" WC="0.96" CONTENT="till"/><SP WIDTH="14" VPOS="442" HPOS="598"/>
							<String ID="string_73" HPOS="612" VPOS="442" WIDTH="84" HEIGHT="22" WC="0.93" CONTENT="hennes"/><SP WIDTH="16" VPOS="442" HPOS="696"/>
							<String ID="string_74" HPOS="712" VPOS="443" WIDTH="115" HEIGHT="28" WC="0.91" CONTENT="bergning,"/>
						</TextLine>
						<TextLine ID="line_9" HPOS="81" VPOS="476" WIDTH="747" HEIGHT="29">
							<String ID="string_75" HPOS="81" VPOS="476" WIDTH="106" HEIGHT="21" WC="0.96" CONTENT="beräknas"/><SP WIDTH="16" VPOS="476" HPOS="187"/>
							<String ID="string_76" HPOS="203" VPOS="477" WIDTH="48" HEIGHT="21" WC="0.96" CONTENT="icke"/><SP WIDTH="16" VPOS="477" HPOS="251"/>
							<String ID="string_77" HPOS="267" VPOS="477" WIDTH="55" HEIGHT="21" WC="0.96" CONTENT="efter"/><SP WIDTH="15" VPOS="477" HPOS="322"/>
							<String ID="string_78" HPOS="337" VPOS="477" WIDTH="54" HEIGHT="20" WC="0.96" CONTENT="hans"/><SP WIDTH="16" VPOS="477" HPOS="391"/>
							<String ID="string_79" HPOS="407" VPOS="477" WIDTH="123" HEIGHT="28" WC="0.96" CONTENT="tillgångar,"/><SP WIDTH="11" VPOS="477" HPOS="530"/>
							<String ID="string_80" HPOS="541" VPOS="479" WIDTH="51" HEIGHT="19" WC="0.96" CONTENT="utan"/><SP WIDTH="17" VPOS="479" HPOS="592"/>
							<String ID="string_81" HPOS="609" VPOS="477" WIDTH="55" HEIGHT="21" WC="0.96" CONTENT="efter"/><SP WIDTH="11" VPOS="477" HPOS="664"/>
							<String ID="string_82" HPOS="675" VPOS="477" WIDTH="83" HEIGHT="22" WC="0.92" CONTENT="hennes"/><SP WIDTH="11" VPOS="477" HPOS="758"/>
							<String ID="string_83" HPOS="769" VPOS="478" WIDTH="59" HEIGHT="21" WC="0.91" CONTENT="ställ-"/>
						</TextLine>
						<TextLine ID="line_10" HPOS="81" VPOS="511" WIDTH="195" HEIGHT="28">
							<String ID="string_84" HPOS="81" VPOS="511" WIDTH="54" HEIGHT="28" WC="0.96" CONTENT="ning"/><SP WIDTH="14" VPOS="511" HPOS="135"/>
							<String ID="string_85" HPOS="149" VPOS="511" WIDTH="40" HEIGHT="21" WC="0.93" CONTENT="och"/><SP WIDTH="15" VPOS="511" HPOS="189"/>
							<String ID="string_86" HPOS="204" VPOS="511" WIDTH="72" HEIGHT="22" WC="0.87" CONTENT="behof."/>
						</TextLine>
					</TextBlock>
					<TextBlock ID="block_2" HPOS="81" VPOS="545" WIDTH="750" HEIGHT="133">
						<TextLine ID="line_11" HPOS="150" VPOS="545" WIDTH="680" HEIGHT="30">
							<String ID="string_87" HPOS="150" VPOS="545" WIDTH="57" HEIGHT="22" WC="0.93" CONTENT="Herr"/><SP WIDTH="16" VPOS="545" HPOS="207"/>
							<String ID="string_88" HPOS="223" VPOS="546" WIDTH="93" HEIGHT="28" WC="0.89" CONTENT="Spåre,"/><SP WIDTH="16" VPOS="546" HPOS="316"/>
							<String ID="string_89" HPOS="332" VPOS="545" WIDTH="25" HEIGHT="22" WC="0.90" CONTENT="K."/><SP WIDTH="18" VPOS="545" HPOS="357"/>
							<String ID="string_90" HPOS="375" VPOS="545" WIDTH="45" HEIGHT="22" WC="0.91" CONTENT="W.:"/><SP WIDTH="22" VPOS="545" HPOS="420"/>
							<String ID="string_91" HPOS="442" VPOS="547" WIDTH="43" HEIGHT="28" WC="0.96" CONTENT="Jag"/><SP WIDTH="15" VPOS="547" HPOS="485"/>
							<String ID="string_92" HPOS="500" VPOS="547" WIDTH="88" HEIGHT="21" WC="0.96" CONTENT="förenar"/><SP WIDTH="14" VPOS="547" HPOS="588"/>
							<String ID="string_93" HPOS="602" VPOS="547" WIDTH="45" HEIGHT="28" WC="0.96" CONTENT="mig"/><SP WIDTH="15" VPOS="547" HPOS="647"/>
							<String ID="string_94" HPOS="662" VPOS="547" WIDTH="7" HEIGHT="20" WC="0.96" CONTENT="i"/><SP WIDTH="16" VPOS="547" HPOS="669"/>
							<String ID="string_95" HPOS="685" VPOS="547" WIDTH="42" HEIGHT="21" WC="0.96" CONTENT="den"/><SP WIDTH="15" VPOS="547" HPOS="727"/>
							<String ID="string_96" HPOS="742" VPOS="547" WIDTH="25" HEIGHT="21" WC="0.96" CONTENT="af"/><SP WIDTH="12" VPOS="547" HPOS="767"/>
							<String ID="string_97" HPOS="779" VPOS="547" WIDTH="51" HEIGHT="22" WC="0.96" CONTENT="herr"/>
						</TextLine>
						<TextLine ID="line_12" HPOS="81" VPOS="580" WIDTH="748" HEIGHT="29">
							<String ID="string_98" HPOS="81" VPOS="580" WIDTH="114" HEIGHT="21" WC="0.96" CONTENT="Molander"/><SP WIDTH="20" VPOS="580" HPOS="195"/>
							<String ID="string_99" HPOS="215" VPOS="581" WIDTH="125" HEIGHT="28" WC="0.96" CONTENT="föreslagna"/><SP WIDTH="19" VPOS="581" HPOS="340"/>
							<String ID="string_100" HPOS="359" VPOS="581" WIDTH="125" HEIGHT="27" WC="0.96" CONTENT="redaktion,"/><SP WIDTH="17" VPOS="581" HPOS="484"/>
							<String ID="string_101" HPOS="501" VPOS="583" WIDTH="22" HEIGHT="26" WC="0.96" CONTENT="ty"/><SP WIDTH="21" VPOS="583" HPOS="523"/>
							<String ID="string_102" HPOS="544" VPOS="581" WIDTH="36" HEIGHT="21" WC="0.96" CONTENT="det"/><SP WIDTH="15" VPOS="581" HPOS="580"/>
							<String ID="string_103" HPOS="595" VPOS="583" WIDTH="24" HEIGHT="19" WC="0.96" CONTENT="är"/><SP WIDTH="14" VPOS="583" HPOS="619"/>
							<String ID="string_104" HPOS="633" VPOS="581" WIDTH="35" HEIGHT="21" WC="0.96" CONTENT="väl"/><SP WIDTH="15" VPOS="581" HPOS="668"/>
							<String ID="string_105" HPOS="683" VPOS="581" WIDTH="54" HEIGHT="22" WC="0.96" CONTENT="hans"/><SP WIDTH="16" VPOS="581" HPOS="737"/>
							<String ID="string_106" HPOS="753" VPOS="581" WIDTH="76" HEIGHT="26" WC="0.96" CONTENT="vilkor,"/>
						</TextLine>
						<TextLine ID="line_13" HPOS="82" VPOS="615" WIDTH="749" HEIGHT="29">
							<String ID="string_107" HPOS="82" VPOS="622" WIDTH="45" HEIGHT="15" WC="0.96" CONTENT="som"/><SP WIDTH="20" VPOS="622" HPOS="127"/>
							<String ID="string_108" HPOS="147" VPOS="616" WIDTH="68" HEIGHT="21" WC="0.96" CONTENT="måste"/><SP WIDTH="17" VPOS="616" HPOS="215"/>
							<String ID="string_109" HPOS="232" VPOS="622" WIDTH="51" HEIGHT="15" WC="0.96" CONTENT="vara"/><SP WIDTH="15" VPOS="622" HPOS="283"/>
							<String ID="string_110" HPOS="298" VPOS="615" WIDTH="37" HEIGHT="22" WC="0.97" CONTENT="det"/><SP WIDTH="15" VPOS="615" HPOS="335"/>
							<String ID="string_111" HPOS="350" VPOS="615" WIDTH="168" HEIGHT="22" WC="0.96" CONTENT="bestämmande."/><SP WIDTH="30" VPOS="615" HPOS="518"/>
							<String ID="string_112" HPOS="548" VPOS="616" WIDTH="47" HEIGHT="21" WC="0.90" CONTENT="Har"/><SP WIDTH="14" VPOS="616" HPOS="595"/>
							<String ID="string_113" HPOS="609" VPOS="616" WIDTH="42" HEIGHT="21" WC="0.96" CONTENT="han"/><SP WIDTH="16" VPOS="616" HPOS="651"/>
							<String ID="string_114" HPOS="667" VPOS="616" WIDTH="124" HEIGHT="28" WC="0.96" CONTENT="ingenting,"/><SP WIDTH="16" VPOS="616" HPOS="791"/>
							<String ID="string_115" HPOS="807" VPOS="616" WIDTH="24" HEIGHT="21" WC="0.96" CONTENT="så"/>
						</TextLine>
						<TextLine ID="line_14" HPOS="83" VPOS="650" WIDTH="360" HEIGHT="28">
							<String ID="string_116" HPOS="83" VPOS="650" WIDTH="42" HEIGHT="21" WC="0.96" CONTENT="kan"/><SP WIDTH="17" VPOS="650" HPOS="125"/>
							<String ID="string_117" HPOS="142" VPOS="650" WIDTH="42" HEIGHT="21" WC="0.96" CONTENT="han"/><SP WIDTH="16" VPOS="650" HPOS="184"/>
							<String ID="string_118" HPOS="200" VPOS="650" WIDTH="35" HEIGHT="21" WC="0.96" CONTENT="väl"/><SP WIDTH="15" VPOS="650" HPOS="235"/>
							<String ID="string_119" HPOS="250" VPOS="650" WIDTH="115" HEIGHT="28" WC="0.96" CONTENT="ingenting"/><SP WIDTH="14" VPOS="650" HPOS="365"/>
							<String ID="string_120" HPOS="379" VPOS="650" WIDTH="64" HEIGHT="28" WC="0.96" CONTENT="gifva."/>
						</TextLine>
					</TextBlock>
					<TextBlock ID="block_3" HPOS="82" VPOS="684" WIDTH="750" HEIGHT="132">
						<TextLine ID="line_15" HPOS="151" VPOS="684" WIDTH="678" HEIGHT="30">
							<String ID="string_121" HPOS="151" VPOS="684" WIDTH="101" HEIGHT="23" WC="0.79" CONTENT="Friherre"/><SP WIDTH="21" VPOS="684" HPOS="252"/>
							<String ID="string_122" HPOS="273" VPOS="685" WIDTH="139" HEIGHT="28" WC="0.96" CONTENT="Carpelan:"/><SP WIDTH="22" VPOS="685" HPOS="412"/>
							<String ID="string_123" HPOS="434" VPOS="685" WIDTH="42" HEIGHT="28" WC="0.96" CONTENT="Jag"/><SP WIDTH="20" VPOS="685" HPOS="476"/>
							<String ID="string_124" HPOS="496" VPOS="685" WIDTH="76" HEIGHT="28" WC="0.96" CONTENT="tycker"/><SP WIDTH="21" VPOS="685" HPOS="572"/>
							<String ID="string_125" HPOS="593" VPOS="687" WIDTH="30" HEIGHT="19" WC="0.91" CONTENT="att"/><SP WIDTH="19" VPOS="687" HPOS="623"/>
							<String ID="string_126" HPOS="642" VPOS="685" WIDTH="148" HEIGHT="29" WC="0.90" CONTENT="stiliseringen"/><SP WIDTH="16" VPOS="685" HPOS="790"/>
							<String ID="string_127" HPOS="806" VPOS="687" WIDTH="23" HEIGHT="20" WC="0.96" CONTENT="är"/>
						</TextLine>
						<TextLine ID="line_16" HPOS="82" VPOS="719" WIDTH="750" HEIGHT="28">
							<String ID="string_128" HPOS="82" VPOS="719" WIDTH="134" HEIGHT="28" WC="0.96" CONTENT="fullkomligt"/><SP WIDTH="16" VPOS="719" HPOS="216"/>
							<String ID="string_129" HPOS="232" VPOS="719" WIDTH="73" HEIGHT="28" WC="0.95" CONTENT="tydlig."/><SP WIDTH="32" VPOS="719" HPOS="305"/>
							<String ID="string_130" HPOS="337" VPOS="719" WIDTH="46" HEIGHT="21" WC="0.96" CONTENT="Har"/><SP WIDTH="15" VPOS="719" HPOS="383"/>
							<String ID="string_131" HPOS="398" VPOS="719" WIDTH="42" HEIGHT="21" WC="0.96" CONTENT="han"/><SP WIDTH="16" VPOS="719" HPOS="440"/>
							<String ID="string_132" HPOS="456" VPOS="720" WIDTH="126" HEIGHT="27" WC="0.96" CONTENT="ingenting,"/><SP WIDTH="17" VPOS="720" HPOS="582"/>
							<String ID="string_133" HPOS="599" VPOS="720" WIDTH="24" HEIGHT="20" WC="0.96" CONTENT="så"/><SP WIDTH="15" VPOS="720" HPOS="623"/>
							<String ID="string_134" HPOS="638" VPOS="720" WIDTH="43" HEIGHT="21" WC="0.96" CONTENT="kan"/><SP WIDTH="15" VPOS="720" HPOS="681"/>
							<String ID="string_135" HPOS="696" VPOS="720" WIDTH="44" HEIGHT="21" WC="0.93" CONTENT="han"/><SP WIDTH="15" VPOS="720" HPOS="740"/>
							<String ID="string_136" HPOS="755" VPOS="720" WIDTH="77" HEIGHT="27" WC="0.91" CONTENT="ingen-"/>
						</TextLine>
						<TextLine ID="line_17" HPOS="83" VPOS="753" WIDTH="748" HEIGHT="29">
							<String ID="string_137" HPOS="83" VPOS="753" WIDTH="48" HEIGHT="28" WC="0.96" CONTENT="ting"/><SP WIDTH="19" VPOS="753" HPOS="131"/>
							<String ID="string_138" HPOS="150" VPOS="753" WIDTH="67" HEIGHT="28" WC="0.96" CONTENT="gifva,"/><SP WIDTH="18" VPOS="753" HPOS="217"/>
							<String ID="string_139" HPOS="235" VPOS="760" WIDTH="49" HEIGHT="15" WC="0.96" CONTENT="men"/><SP WIDTH="19" VPOS="760" HPOS="284"/>
							<String ID="string_140" HPOS="303" VPOS="755" WIDTH="24" HEIGHT="20" WC="0.96" CONTENT="är"/><SP WIDTH="16" VPOS="755" HPOS="327"/>
							<String ID="string_141" HPOS="343" VPOS="753" WIDTH="42" HEIGHT="22" WC="0.96" CONTENT="han"/><SP WIDTH="15" VPOS="753" HPOS="385"/>
							<String ID="string_142" HPOS="400" VPOS="753" WIDTH="114" HEIGHT="29" WC="0.96" CONTENT="förmögen"/><SP WIDTH="16" VPOS="753" HPOS="514"/>
							<String ID="string_143" HPOS="530" VPOS="754" WIDTH="39" HEIGHT="21" WC="0.96" CONTENT="och"/><SP WIDTH="17" VPOS="754" HPOS="569"/>
							<String ID="string_144" HPOS="586" VPOS="754" WIDTH="42" HEIGHT="21" WC="0.93" CONTENT="hon"/><SP WIDTH="16" VPOS="754" HPOS="628"/>
							<String ID="string_145" HPOS="644" VPOS="754" WIDTH="147" HEIGHT="27" WC="0.91" CONTENT="behöfvande,"/><SP WIDTH="16" VPOS="754" HPOS="791"/>
							<String ID="string_146" HPOS="807" VPOS="755" WIDTH="24" HEIGHT="21" WC="0.96" CONTENT="så"/>
						</TextLine>
						<TextLine ID="line_18" HPOS="83" VPOS="787" WIDTH="312" HEIGHT="29">
							<String ID="string_147" HPOS="83" VPOS="789" WIDTH="24" HEIGHT="20" WC="0.96" CONTENT="är"/><SP WIDTH="15" VPOS="789" HPOS="107"/>
							<String ID="string_148" HPOS="122" VPOS="787" WIDTH="43" HEIGHT="22" WC="0.96" CONTENT="han"/><SP WIDTH="17" VPOS="787" HPOS="165"/>
							<String ID="string_149" HPOS="182" VPOS="788" WIDTH="87" HEIGHT="28" WC="0.96" CONTENT="skyldig"/><SP WIDTH="14" VPOS="788" HPOS="269"/>
							<String ID="string_150" HPOS="283" VPOS="790" WIDTH="33" HEIGHT="19" WC="0.96" CONTENT="att"/><SP WIDTH="15" VPOS="790" HPOS="316"/>
							<String ID="string_151" HPOS="331" VPOS="788" WIDTH="64" HEIGHT="28" WC="0.96" CONTENT="gifva."/>
						</TextLine>
					</TextBlock>
					<TextBlock ID="block_4" HPOS="83" VPOS="822" WIDTH="756" HEIGHT="648">
						<TextLine ID="line_19" HPOS="151" VPOS="822" WIDTH="682" HEIGHT="29">
							<String ID="string_152" HPOS="151" VPOS="822" WIDTH="57" HEIGHT="21" WC="0.96" CONTENT="Herr"/><SP WIDTH="20" VPOS="822" HPOS="208"/>
							<String ID="string_153" HPOS="228" VPOS="822" WIDTH="147" HEIGHT="21" WC="0.93" CONTENT="Molander:"/><SP WIDTH="21" VPOS="822" HPOS="375"/>
							<String ID="string_154" HPOS="396" VPOS="822" WIDTH="72" HEIGHT="21" WC="0.90" CONTENT="Jemte"/><SP WIDTH="21" VPOS="822" HPOS="468"/>
							<String ID="string_155" HPOS="489" VPOS="823" WIDTH="36" HEIGHT="21" WC="0.96" CONTENT="det"/><SP WIDTH="17" VPOS="823" HPOS="525"/>
							<String ID="string_156" HPOS="542" VPOS="824" WIDTH="40" HEIGHT="27" WC="0.96" CONTENT="jag"/><SP WIDTH="19" VPOS="824" HPOS="582"/>
							<String ID="string_157" HPOS="601" VPOS="823" WIDTH="105" HEIGHT="21" WC="0.96" CONTENT="vidhåller"/><SP WIDTH="19" VPOS="823" HPOS="706"/>
							<String ID="string_158" HPOS="725" VPOS="823" WIDTH="56" HEIGHT="21" WC="0.96" CONTENT="hvad"/><SP WIDTH="13" VPOS="823" HPOS="781"/>
							<String ID="string_159" HPOS="794" VPOS="824" WIDTH="39" HEIGHT="27" WC="0.96" CONTENT="jag"/>
						</TextLine>
						<TextLine ID="line_20" HPOS="83" VPOS="856" WIDTH="750" HEIGHT="30">
							<String ID="string_160" HPOS="83" VPOS="858" WIDTH="74" HEIGHT="27" WC="0.96" CONTENT="yttrat,"/><SP WIDTH="18" VPOS="858" HPOS="157"/>
							<String ID="string_161" HPOS="175" VPOS="856" WIDTH="37" HEIGHT="21" WC="0.96" CONTENT="ber"/><SP WIDTH="13" VPOS="856" HPOS="212"/>
							<String ID="string_162" HPOS="225" VPOS="857" WIDTH="40" HEIGHT="28" WC="0.96" CONTENT="jag"/><SP WIDTH="15" VPOS="857" HPOS="265"/>
							<String ID="string_163" HPOS="280" VPOS="859" WIDTH="32" HEIGHT="18" WC="0.96" CONTENT="att"/><SP WIDTH="16" VPOS="859" HPOS="312"/>
							<String ID="string_164" HPOS="328" VPOS="857" WIDTH="63" HEIGHT="21" WC="0.95" CONTENT="äfven"/><SP WIDTH="16" VPOS="857" HPOS="391"/>
							<String ID="string_165" HPOS="407" VPOS="857" WIDTH="21" HEIGHT="21" WC="0.96" CONTENT="få"/><SP WIDTH="16" VPOS="857" HPOS="428"/>
							<String ID="string_166" HPOS="444" VPOS="857" WIDTH="56" HEIGHT="22" WC="0.95" CONTENT="fästa"/><SP WIDTH="15" VPOS="857" HPOS="500"/>
							<String ID="string_167" HPOS="515" VPOS="857" WIDTH="221" HEIGHT="29" WC="0.95" CONTENT="uppmärksamheten"/><SP WIDTH="16" VPOS="857" HPOS="736"/>
							<String ID="string_168" HPOS="752" VPOS="857" WIDTH="36" HEIGHT="22" WC="0.95" CONTENT="vid"/><SP WIDTH="13" VPOS="857" HPOS="788"/>
							<String ID="string_169" HPOS="801" VPOS="859" WIDTH="32" HEIGHT="20" WC="0.96" CONTENT="ett"/>
						</TextLine>
						<TextLine ID="line_21" HPOS="85" VPOS="891" WIDTH="748" HEIGHT="30">
							<String ID="string_170" HPOS="85" VPOS="893" WIDTH="66" HEIGHT="19" WC="0.96" CONTENT="annat"/><SP WIDTH="16" VPOS="893" HPOS="151"/>
							<String ID="string_171" HPOS="167" VPOS="891" WIDTH="119" HEIGHT="28" WC="0.96" CONTENT="stadgande"/><SP WIDTH="16" VPOS="891" HPOS="286"/>
							<String ID="string_172" HPOS="302" VPOS="891" WIDTH="7" HEIGHT="21" WC="0.96" CONTENT="i"/><SP WIDTH="16" VPOS="891" HPOS="309"/>
							<String ID="string_173" HPOS="325" VPOS="891" WIDTH="70" HEIGHT="22" WC="0.93" CONTENT="denna"/><SP WIDTH="15" VPOS="891" HPOS="395"/>
							<String ID="string_174" HPOS="410" VPOS="892" WIDTH="18" HEIGHT="27" WC="0.92" CONTENT="$."/><SP WIDTH="30" VPOS="892" HPOS="428"/>
							<String ID="string_175" HPOS="458" VPOS="891" WIDTH="11" HEIGHT="21" WC="0.90" CONTENT="I"/><SP WIDTH="14" VPOS="891" HPOS="469"/>
							<String ID="string_176" HPOS="483" VPOS="891" WIDTH="67" HEIGHT="22" WC="0.96" CONTENT="andra"/><SP WIDTH="14" VPOS="891" HPOS="550"/>
							<String ID="string_177" HPOS="564" VPOS="893" WIDTH="120" HEIGHT="20" WC="0.96" CONTENT="momentet"/><SP WIDTH="16" VPOS="893" HPOS="684"/>
							<String ID="string_178" HPOS="700" VPOS="894" WIDTH="74" HEIGHT="27" WC="0.93" CONTENT="säges:"/><SP WIDTH="15" VPOS="894" HPOS="774"/>
							<String ID="string_179" HPOS="789" VPOS="892" WIDTH="44" HEIGHT="27" WC="0.88" CONTENT=",till"/>
						</TextLine>
						<TextLine ID="line_22" HPOS="85" VPOS="925" WIDTH="749" HEIGHT="29">
							<String ID="string_180" HPOS="85" VPOS="926" WIDTH="61" HEIGHT="21" WC="0.96" CONTENT="böter"/><SP WIDTH="21" VPOS="926" HPOS="146"/>
							<String ID="string_181" HPOS="167" VPOS="925" WIDTH="47" HEIGHT="22" WC="0.96" CONTENT="från"/><SP WIDTH="21" VPOS="925" HPOS="214"/>
							<String ID="string_182" HPOS="235" VPOS="926" WIDTH="41" HEIGHT="21" WC="0.96" CONTENT="och"/><SP WIDTH="18" VPOS="926" HPOS="276"/>
							<String ID="string_183" HPOS="294" VPOS="925" WIDTH="50" HEIGHT="22" WC="0.91" CONTENT="med"/><SP WIDTH="14" VPOS="925" HPOS="344"/>
							<String ID="string_184" HPOS="358" VPOS="926" WIDTH="80" HEIGHT="28" WC="0.91" CONTENT="fyratio"/><SP WIDTH="17" VPOS="926" HPOS="438"/>
							<String ID="string_185" HPOS="455" VPOS="926" WIDTH="33" HEIGHT="21" WC="0.96" CONTENT="till"/><SP WIDTH="15" VPOS="926" HPOS="488"/>
							<String ID="string_186" HPOS="503" VPOS="927" WIDTH="41" HEIGHT="20" WC="0.96" CONTENT="och"/><SP WIDTH="15" VPOS="927" HPOS="544"/>
							<String ID="string_187" HPOS="559" VPOS="927" WIDTH="48" HEIGHT="20" WC="0.92" CONTENT="med"/><SP WIDTH="16" VPOS="927" HPOS="607"/>
							<String ID="string_188" HPOS="623" VPOS="926" WIDTH="133" HEIGHT="28" WC="0.91" CONTENT="fyrahundra"/><SP WIDTH="15" VPOS="926" HPOS="756"/>
							<String ID="string_189" HPOS="771" VPOS="927" WIDTH="63" HEIGHT="20" WC="0.96" CONTENT="mark"/>
						</TextLine>
						<TextLine ID="line_23" HPOS="84" VPOS="960" WIDTH="750" HEIGHT="28">
							<String ID="string_190" HPOS="84" VPOS="967" WIDTH="51" HEIGHT="14" WC="0.96" CONTENT="vare"/><SP WIDTH="23" VPOS="967" HPOS="135"/>
							<String ID="string_191" HPOS="158" VPOS="960" WIDTH="41" HEIGHT="21" WC="0.96" CONTENT="ock"/><SP WIDTH="19" VPOS="960" HPOS="199"/>
							<String ID="string_192" HPOS="218" VPOS="960" WIDTH="114" HEIGHT="28" WC="0.93" CONTENT="föräldrar,"/><SP WIDTH="22" VPOS="960" HPOS="332"/>
							<String ID="string_193" HPOS="354" VPOS="960" WIDTH="123" HEIGHT="22" WC="0.92" CONTENT="husbönder"/><SP WIDTH="20" VPOS="960" HPOS="477"/>
							<String ID="string_194" HPOS="497" VPOS="961" WIDTH="53" HEIGHT="22" WC="0.92" CONTENT="eller"/><SP WIDTH="20" VPOS="961" HPOS="550"/>
							<String ID="string_195" HPOS="570" VPOS="961" WIDTH="133" HEIGHT="21" WC="0.92" CONTENT="matmödrar"/><SP WIDTH="22" VPOS="961" HPOS="703"/>
							<String ID="string_196" HPOS="725" VPOS="961" WIDTH="109" HEIGHT="27" WC="0.90" CONTENT="förfallne,"/>
						</TextLine>
						<TextLine ID="line_24" HPOS="86" VPOS="995" WIDTH="748" HEIGHT="28">
							<String ID="string_197" HPOS="86" VPOS="995" WIDTH="91" HEIGHT="21" WC="0.96" CONTENT="såframt"/><SP WIDTH="20" VPOS="995" HPOS="177"/>
							<String ID="string_198" HPOS="197" VPOS="995" WIDTH="36" HEIGHT="27" WC="0.96" CONTENT="de,"/><SP WIDTH="16" VPOS="995" HPOS="233"/>
							<String ID="string_199" HPOS="249" VPOS="995" WIDTH="50" HEIGHT="21" WC="0.96" CONTENT="med"/><SP WIDTH="20" VPOS="995" HPOS="299"/>
							<String ID="string_200" HPOS="319" VPOS="995" WIDTH="91" HEIGHT="28" WC="0.95" CONTENT="vetskap"/><SP WIDTH="22" VPOS="995" HPOS="410"/>
							<String ID="string_201" HPOS="432" VPOS="1002" WIDTH="34" HEIGHT="14" WC="0.93" CONTENT="om"/><SP WIDTH="15" VPOS="1002" HPOS="466"/>
							<String ID="string_202" HPOS="481" VPOS="995" WIDTH="106" HEIGHT="28" WC="0.92" CONTENT="gvinnans"/><SP WIDTH="16" VPOS="995" HPOS="587"/>
							<String ID="string_203" HPOS="603" VPOS="995" WIDTH="108" HEIGHT="22" WC="0.92" CONTENT="hafvande"/><SP WIDTH="15" VPOS="995" HPOS="711"/>
							<String ID="string_204" HPOS="726" VPOS="995" WIDTH="108" HEIGHT="27" WC="0.95" CONTENT="tillstånd,"/>
						</TextLine>
						<TextLine ID="line_25" HPOS="86" VPOS="1029" WIDTH="749" HEIGHT="29">
							<String ID="string_205" HPOS="86" VPOS="1030" WIDTH="105" HEIGHT="27" WC="0.96" CONTENT="antingen"/><SP WIDTH="19" VPOS="1030" HPOS="191"/>
							<String ID="string_206" HPOS="210" VPOS="1036" WIDTH="79" HEIGHT="22" WC="0.96" CONTENT="genom"/><SP WIDTH="16" VPOS="1036" HPOS="289"/>
							<String ID="string_207" HPOS="305" VPOS="1030" WIDTH="113" HEIGHT="27" WC="0.96" CONTENT="synnerlig"/><SP WIDTH="13" VPOS="1030" HPOS="418"/>
							<String ID="string_208" HPOS="431" VPOS="1030" WIDTH="91" HEIGHT="21" WC="0.96" CONTENT="hårdhet"/><SP WIDTH="13" VPOS="1030" HPOS="522"/>
							<String ID="string_209" HPOS="535" VPOS="1030" WIDTH="65" HEIGHT="27" WC="0.96" CONTENT="bragt"/><SP WIDTH="15" VPOS="1030" HPOS="600"/>
							<String ID="string_210" HPOS="615" VPOS="1030" WIDTH="71" HEIGHT="21" WC="0.96" CONTENT="henne"/><SP WIDTH="16" VPOS="1030" HPOS="686"/>
							<String ID="string_211" HPOS="702" VPOS="1030" WIDTH="33" HEIGHT="21" WC="0.93" CONTENT="till"/><SP WIDTH="15" VPOS="1030" HPOS="735"/>
							<String ID="string_212" HPOS="750" VPOS="1029" WIDTH="85" HEIGHT="22" WC="0.91" CONTENT="förtvif-"/>
						</TextLine>
						<TextLine ID="line_26" HPOS="86" VPOS="1064" WIDTH="750" HEIGHT="29">
							<String ID="string_213" HPOS="86" VPOS="1064" WIDTH="37" HEIGHT="21" WC="0.95" CONTENT="lan"/><SP WIDTH="16" VPOS="1064" HPOS="123"/>
							<String ID="string_214" HPOS="139" VPOS="1065" WIDTH="40" HEIGHT="20" WC="0.95" CONTENT="och"/><SP WIDTH="16" VPOS="1065" HPOS="179"/>
							<String ID="string_215" HPOS="195" VPOS="1064" WIDTH="91" HEIGHT="21" WC="0.91" CONTENT="sålunda"/><SP WIDTH="15" VPOS="1064" HPOS="286"/>
							<String ID="string_216" HPOS="301" VPOS="1064" WIDTH="63" HEIGHT="28" WC="0.91" CONTENT="gifvit"/><SP WIDTH="15" VPOS="1064" HPOS="364"/>
							<String ID="string_217" HPOS="379" VPOS="1064" WIDTH="85" HEIGHT="29" WC="0.91" CONTENT="upphof"/><SP WIDTH="13" VPOS="1064" HPOS="464"/>
							<String ID="string_218" HPOS="477" VPOS="1065" WIDTH="23" HEIGHT="20" WC="0.96" CONTENT="åt"/><SP WIDTH="14" VPOS="1065" HPOS="500"/>
							<String ID="string_219" HPOS="514" VPOS="1064" WIDTH="83" HEIGHT="22" WC="0.96" CONTENT="hennes"/><SP WIDTH="16" VPOS="1064" HPOS="597"/>
							<String ID="string_220" HPOS="613" VPOS="1065" WIDTH="71" HEIGHT="20" WC="0.96" CONTENT="beslut"/><SP WIDTH="10" VPOS="1065" HPOS="684"/>
							<String ID="string_221" HPOS="694" VPOS="1066" WIDTH="32" HEIGHT="19" WC="0.96" CONTENT="att"/><SP WIDTH="11" VPOS="1066" HPOS="726"/>
							<String ID="string_222" HPOS="737" VPOS="1066" WIDTH="51" HEIGHT="27" WC="0.96" CONTENT="taga"/><SP WIDTH="11" VPOS="1066" HPOS="788"/>
							<String ID="string_223" HPOS="799" VPOS="1065" WIDTH="37" HEIGHT="20" WC="0.96" CONTENT="sitt"/>
						</TextLine>
						<TextLine ID="line_27" HPOS="87" VPOS="1098" WIDTH="748" HEIGHT="29">
							<String ID="string_224" HPOS="87" VPOS="1099" WIDTH="67" HEIGHT="20" WC="0.95" CONTENT="foster"/><SP WIDTH="23" VPOS="1099" HPOS="154"/>
							<String ID="string_225" HPOS="177" VPOS="1098" WIDTH="24" HEIGHT="21" WC="0.96" CONTENT="af"/><SP WIDTH="20" VPOS="1098" HPOS="201"/>
							<String ID="string_226" HPOS="221" VPOS="1099" WIDTH="66" HEIGHT="28" WC="0.94" CONTENT="daga,"/><SP WIDTH="20" VPOS="1099" HPOS="287"/>
							<String ID="string_227" HPOS="307" VPOS="1099" WIDTH="53" HEIGHT="21" WC="0.93" CONTENT="eller"/><SP WIDTH="21" VPOS="1099" HPOS="360"/>
							<String ID="string_228" HPOS="381" VPOS="1099" WIDTH="41" HEIGHT="21" WC="0.93" CONTENT="ock"/><SP WIDTH="19" VPOS="1099" HPOS="422"/>
							<String ID="string_229" HPOS="441" VPOS="1099" WIDTH="113" HEIGHT="22" WC="0.92" CONTENT="uraktlätit"/><SP WIDTH="20" VPOS="1099" HPOS="554"/>
							<String ID="string_230" HPOS="574" VPOS="1101" WIDTH="31" HEIGHT="19" WC="0.96" CONTENT="att"/><SP WIDTH="21" VPOS="1101" HPOS="605"/>
							<String ID="string_231" HPOS="626" VPOS="1105" WIDTH="56" HEIGHT="21" WC="0.96" CONTENT="egna"/><SP WIDTH="20" VPOS="1105" HPOS="682"/>
							<String ID="string_232" HPOS="702" VPOS="1099" WIDTH="71" HEIGHT="21" WC="0.96" CONTENT="henne"/><SP WIDTH="21" VPOS="1099" HPOS="773"/>
							<String ID="string_233" HPOS="794" VPOS="1099" WIDTH="41" HEIGHT="22" WC="0.96" CONTENT="den"/>
						</TextLine>
						<TextLine ID="line_28" HPOS="87" VPOS="1133" WIDTH="749" HEIGHT="27">
							<String ID="string_234" HPOS="87" VPOS="1133" WIDTH="59" HEIGHT="27" WC="0.96" CONTENT="vård,"/><SP WIDTH="16" VPOS="1133" HPOS="146"/>
							<String ID="string_235" HPOS="162" VPOS="1133" WIDTH="78" HEIGHT="21" WC="0.96" CONTENT="hvaraf"/><SP WIDTH="13" VPOS="1133" HPOS="240"/>
							<String ID="string_236" HPOS="253" VPOS="1133" WIDTH="43" HEIGHT="21" WC="0.96" CONTENT="hon"/><SP WIDTH="16" VPOS="1133" HPOS="296"/>
							<String ID="string_237" HPOS="312" VPOS="1133" WIDTH="49" HEIGHT="21" WC="0.96" CONTENT="kort"/><SP WIDTH="16" VPOS="1133" HPOS="361"/>
							<String ID="string_238" HPOS="377" VPOS="1133" WIDTH="46" HEIGHT="21" WC="0.96" CONTENT="före"/><SP WIDTH="17" VPOS="1133" HPOS="423"/>
							<String ID="string_239" HPOS="440" VPOS="1133" WIDTH="39" HEIGHT="21" WC="0.96" CONTENT="och"/><SP WIDTH="16" VPOS="1133" HPOS="479"/>
							<String ID="string_240" HPOS="495" VPOS="1133" WIDTH="68" HEIGHT="21" WC="0.96" CONTENT="under"/><SP WIDTH="15" VPOS="1133" HPOS="563"/>
							<String ID="string_241" HPOS="578" VPOS="1133" WIDTH="86" HEIGHT="21" WC="0.96" CONTENT="födseln"/><SP WIDTH="16" VPOS="1133" HPOS="664"/>
							<String ID="string_242" HPOS="680" VPOS="1133" WIDTH="56" HEIGHT="21" WC="0.94" CONTENT="varit"/><SP WIDTH="10" VPOS="1133" HPOS="736"/>
							<String ID="string_243" HPOS="746" VPOS="1133" WIDTH="7" HEIGHT="21" WC="0.93" CONTENT="i"/><SP WIDTH="11" VPOS="1133" HPOS="753"/>
							<String ID="string_244" HPOS="764" VPOS="1133" WIDTH="72" HEIGHT="27" WC="0.92" CONTENT="behof,"/>
						</TextLine>
						<TextLine ID="line_29" HPOS="87" VPOS="1167" WIDTH="749" HEIGHT="28">
							<String ID="string_245" HPOS="87" VPOS="1167" WIDTH="41" HEIGHT="21" WC="0.93" CONTENT="och"/><SP WIDTH="19" VPOS="1167" HPOS="128"/>
							<String ID="string_246" HPOS="147" VPOS="1167" WIDTH="127" HEIGHT="28" WC="0.92" CONTENT="derigenom"/><SP WIDTH="20" VPOS="1167" HPOS="274"/>
							<String ID="string_247" HPOS="294" VPOS="1167" WIDTH="67" HEIGHT="22" WC="0.95" CONTENT="vållat"/><SP WIDTH="20" VPOS="1167" HPOS="361"/>
							<String ID="string_248" HPOS="381" VPOS="1167" WIDTH="87" HEIGHT="22" WC="0.96" CONTENT="fostrets"/><SP WIDTH="20" VPOS="1167" HPOS="468"/>
							<String ID="string_249" HPOS="488" VPOS="1167" WIDTH="62" HEIGHT="22" WC="0.81" CONTENT="död.&quot;"/><SP WIDTH="31" VPOS="1167" HPOS="550"/>
							<String ID="string_250" HPOS="581" VPOS="1167" WIDTH="80" HEIGHT="22" WC="0.91" CONTENT="Månne"/><SP WIDTH="20" VPOS="1167" HPOS="661"/>
							<String ID="string_251" HPOS="681" VPOS="1168" WIDTH="36" HEIGHT="21" WC="0.96" CONTENT="det"/><SP WIDTH="16" VPOS="1168" HPOS="717"/>
							<String ID="string_252" HPOS="733" VPOS="1167" WIDTH="49" HEIGHT="22" WC="0.96" CONTENT="icke"/><SP WIDTH="16" VPOS="1167" HPOS="782"/>
							<String ID="string_253" HPOS="798" VPOS="1169" WIDTH="38" HEIGHT="20" WC="0.96" CONTENT="här"/>
						</TextLine>
						<TextLine ID="line_30" HPOS="87" VPOS="1201" WIDTH="749" HEIGHT="29">
							<String ID="string_254" HPOS="87" VPOS="1208" WIDTH="52" HEIGHT="15" WC="0.96" CONTENT="vore"/><SP WIDTH="20" VPOS="1208" HPOS="139"/>
							<String ID="string_255" HPOS="159" VPOS="1202" WIDTH="28" HEIGHT="27" WC="0.96" CONTENT="på"/><SP WIDTH="20" VPOS="1202" HPOS="187"/>
							<String ID="string_256" HPOS="207" VPOS="1202" WIDTH="38" HEIGHT="21" WC="0.95" CONTENT="sitt"/><SP WIDTH="19" VPOS="1202" HPOS="245"/>
							<String ID="string_257" HPOS="264" VPOS="1201" WIDTH="73" HEIGHT="27" WC="0.96" CONTENT="ställe,"/><SP WIDTH="16" VPOS="1201" HPOS="337"/>
							<String ID="string_258" HPOS="353" VPOS="1203" WIDTH="32" HEIGHT="20" WC="0.96" CONTENT="att"/><SP WIDTH="20" VPOS="1203" HPOS="385"/>
							<String ID="string_259" HPOS="405" VPOS="1201" WIDTH="65" HEIGHT="22" WC="0.96" CONTENT="också"/><SP WIDTH="18" VPOS="1201" HPOS="470"/>
							<String ID="string_260" HPOS="488" VPOS="1201" WIDTH="76" HEIGHT="28" WC="0.96" CONTENT="stadga"/><SP WIDTH="18" VPOS="1201" HPOS="564"/>
							<String ID="string_261" HPOS="582" VPOS="1201" WIDTH="67" HEIGHT="29" WC="0.96" CONTENT="något"/><SP WIDTH="15" VPOS="1201" HPOS="649"/>
							<String ID="string_262" HPOS="664" VPOS="1209" WIDTH="35" HEIGHT="14" WC="0.92" CONTENT="om"/><SP WIDTH="16" VPOS="1209" HPOS="699"/>
							<String ID="string_263" HPOS="715" VPOS="1201" WIDTH="121" HEIGHT="22" WC="0.92" CONTENT="värdsfolks"/>
						</TextLine>
						<TextLine ID="line_31" HPOS="87" VPOS="1235" WIDTH="750" HEIGHT="29">
							<String ID="string_264" HPOS="87" VPOS="1235" WIDTH="125" HEIGHT="29" WC="0.96" CONTENT="skyldighet"/><SP WIDTH="15" VPOS="1235" HPOS="212"/>
							<String ID="string_265" HPOS="227" VPOS="1237" WIDTH="32" HEIGHT="20" WC="0.96" CONTENT="uti"/><SP WIDTH="16" VPOS="1237" HPOS="259"/>
							<String ID="string_266" HPOS="275" VPOS="1237" WIDTH="60" HEIGHT="20" WC="0.96" CONTENT="detta"/><SP WIDTH="15" VPOS="1237" HPOS="335"/>
							<String ID="string_267" HPOS="350" VPOS="1236" WIDTH="118" HEIGHT="21" WC="0.95" CONTENT="afseende?"/><SP WIDTH="23" VPOS="1236" HPOS="468"/>
							<String ID="string_268" HPOS="491" VPOS="1236" WIDTH="44" HEIGHT="22" WC="0.95" CONTENT="Det"/><SP WIDTH="10" VPOS="1236" HPOS="535"/>
							<String ID="string_269" HPOS="545" VPOS="1236" WIDTH="82" HEIGHT="21" WC="0.96" CONTENT="händer"/><SP WIDTH="11" VPOS="1236" HPOS="627"/>
							<String ID="string_270" HPOS="638" VPOS="1236" WIDTH="52" HEIGHT="25" WC="0.96" CONTENT="ofta,"/><SP WIDTH="11" VPOS="1236" HPOS="690"/>
							<String ID="string_271" HPOS="701" VPOS="1238" WIDTH="33" HEIGHT="19" WC="0.96" CONTENT="att"/><SP WIDTH="10" VPOS="1238" HPOS="734"/>
							<String ID="string_272" HPOS="744" VPOS="1243" WIDTH="27" HEIGHT="15" WC="0.96" CONTENT="en"/><SP WIDTH="12" VPOS="1243" HPOS="771"/>
							<String ID="string_273" HPOS="783" VPOS="1236" WIDTH="54" HEIGHT="28" WC="0.96" CONTENT="ogift"/>
						</TextLine>
						<TextLine ID="line_32" HPOS="89" VPOS="1270" WIDTH="747" HEIGHT="29">
							<String ID="string_274" HPOS="89" VPOS="1270" WIDTH="80" HEIGHT="29" WC="0.91" CONTENT="qvinna"/><SP WIDTH="21" VPOS="1270" HPOS="169"/>
							<String ID="string_275" HPOS="190" VPOS="1270" WIDTH="38" HEIGHT="21" WC="0.96" CONTENT="bor"/><SP WIDTH="20" VPOS="1270" HPOS="228"/>
							<String ID="string_276" HPOS="248" VPOS="1271" WIDTH="29" HEIGHT="28" WC="0.96" CONTENT="på"/><SP WIDTH="14" VPOS="1271" HPOS="277"/>
							<String ID="string_277" HPOS="291" VPOS="1271" WIDTH="54" HEIGHT="28" WC="0.96" CONTENT="hyra"/><SP WIDTH="16" VPOS="1271" HPOS="345"/>
							<String ID="string_278" HPOS="361" VPOS="1271" WIDTH="53" HEIGHT="21" WC="0.96" CONTENT="eller"/><SP WIDTH="16" VPOS="1271" HPOS="414"/>
							<String ID="string_279" HPOS="430" VPOS="1273" WIDTH="45" HEIGHT="19" WC="0.96" CONTENT="mot"/><SP WIDTH="15" VPOS="1273" HPOS="475"/>
							<String ID="string_280" HPOS="490" VPOS="1278" WIDTH="71" HEIGHT="14" WC="0.93" CONTENT="annan"/><SP WIDTH="16" VPOS="1278" HPOS="561"/>
							<String ID="string_281" HPOS="577" VPOS="1271" WIDTH="139" HEIGHT="28" WC="0.91" CONTENT="godtgörelse"/><SP WIDTH="16" VPOS="1271" HPOS="716"/>
							<String ID="string_282" HPOS="732" VPOS="1271" WIDTH="7" HEIGHT="20" WC="0.96" CONTENT="i"/><SP WIDTH="14" VPOS="1271" HPOS="739"/>
							<String ID="string_283" HPOS="753" VPOS="1271" WIDTH="83" HEIGHT="27" WC="0.96" CONTENT="någons"/>
						</TextLine>
						<TextLine ID="line_33" HPOS="88" VPOS="1305" WIDTH="749" HEIGHT="28">
							<String ID="string_284" HPOS="88" VPOS="1305" WIDTH="47" HEIGHT="21" WC="0.93" CONTENT="hus."/><SP WIDTH="30" VPOS="1305" HPOS="135"/>
							<String ID="string_285" HPOS="165" VPOS="1305" WIDTH="130" HEIGHT="22" WC="0.92" CONTENT="Husvärden"/><SP WIDTH="17" VPOS="1305" HPOS="295"/>
							<String ID="string_286" HPOS="312" VPOS="1306" WIDTH="44" HEIGHT="21" WC="0.96" CONTENT="står"/><SP WIDTH="15" VPOS="1306" HPOS="356"/>
							<String ID="string_287" HPOS="371" VPOS="1306" WIDTH="34" HEIGHT="20" WC="0.96" CONTENT="väl"/><SP WIDTH="16" VPOS="1306" HPOS="405"/>
							<String ID="string_288" HPOS="421" VPOS="1306" WIDTH="20" HEIGHT="27" WC="0.96" CONTENT="ej"/><SP WIDTH="17" VPOS="1306" HPOS="441"/>
							<String ID="string_289" HPOS="458" VPOS="1305" WIDTH="33" HEIGHT="22" WC="0.96" CONTENT="till"/><SP WIDTH="15" VPOS="1305" HPOS="491"/>
							<String ID="string_290" HPOS="506" VPOS="1306" WIDTH="70" HEIGHT="21" WC="0.96" CONTENT="henne"/><SP WIDTH="11" VPOS="1306" HPOS="576"/>
							<String ID="string_291" HPOS="587" VPOS="1305" WIDTH="8" HEIGHT="21" WC="0.96" CONTENT="i"/><SP WIDTH="10" VPOS="1305" HPOS="595"/>
							<String ID="string_292" HPOS="605" VPOS="1311" WIDTH="84" HEIGHT="15" WC="0.96" CONTENT="samma"/><SP WIDTH="13" VPOS="1311" HPOS="689"/>
							<String ID="string_293" HPOS="702" VPOS="1305" WIDTH="135" HEIGHT="22" WC="0.96" CONTENT="förhållande"/>
						</TextLine>
						<TextLine ID="line_34" HPOS="89" VPOS="1339" WIDTH="749" HEIGHT="28">
							<String ID="string_294" HPOS="89" VPOS="1346" WIDTH="46" HEIGHT="13" WC="0.96" CONTENT="som"/><SP WIDTH="16" VPOS="1346" HPOS="135"/>
							<String ID="string_295" HPOS="151" VPOS="1346" WIDTH="28" HEIGHT="13" WC="0.96" CONTENT="en"/><SP WIDTH="14" VPOS="1346" HPOS="179"/>
							<String ID="string_296" HPOS="193" VPOS="1340" WIDTH="120" HEIGHT="25" WC="0.95" CONTENT="husbonde,"/><SP WIDTH="12" VPOS="1340" HPOS="313"/>
							<String ID="string_297" HPOS="325" VPOS="1340" WIDTH="91" HEIGHT="20" WC="0.96" CONTENT="emedan"/><SP WIDTH="14" VPOS="1340" HPOS="416"/>
							<String ID="string_298" HPOS="430" VPOS="1340" WIDTH="43" HEIGHT="20" WC="0.96" CONTENT="hon"/><SP WIDTH="16" VPOS="1340" HPOS="473"/>
							<String ID="string_299" HPOS="489" VPOS="1341" WIDTH="20" HEIGHT="26" WC="0.96" CONTENT="ej"/><SP WIDTH="17" VPOS="1341" HPOS="509"/>
							<String ID="string_300" HPOS="526" VPOS="1342" WIDTH="23" HEIGHT="18" WC="0.96" CONTENT="är"/><SP WIDTH="16" VPOS="1342" HPOS="549"/>
							<String ID="string_301" HPOS="565" VPOS="1339" WIDTH="93" HEIGHT="20" WC="0.96" CONTENT="anställd"/><SP WIDTH="16" VPOS="1339" HPOS="658"/>
							<String ID="string_302" HPOS="674" VPOS="1339" WIDTH="6" HEIGHT="20" WC="0.96" CONTENT="i"/><SP WIDTH="16" VPOS="1339" HPOS="680"/>
							<String ID="string_303" HPOS="696" VPOS="1340" WIDTH="54" HEIGHT="19" WC="0.93" CONTENT="hans"/><SP WIDTH="14" VPOS="1340" HPOS="750"/>
							<String ID="string_304" HPOS="764" VPOS="1340" WIDTH="74" HEIGHT="26" WC="0.90" CONTENT="tjenst,"/>
						</TextLine>
						<TextLine ID="line_35" HPOS="89" VPOS="1372" WIDTH="750" HEIGHT="29">
							<String ID="string_305" HPOS="89" VPOS="1380" WIDTH="51" HEIGHT="13" WC="0.95" CONTENT="men"/><SP WIDTH="13" VPOS="1380" HPOS="140"/>
							<String ID="string_306" HPOS="153" VPOS="1373" WIDTH="39" HEIGHT="28" WC="0.96" CONTENT="jag"/><SP WIDTH="15" VPOS="1373" HPOS="192"/>
							<String ID="string_307" HPOS="207" VPOS="1373" WIDTH="83" HEIGHT="27" WC="0.96" CONTENT="tycker,"/><SP WIDTH="13" VPOS="1373" HPOS="290"/>
							<String ID="string_308" HPOS="303" VPOS="1374" WIDTH="31" HEIGHT="20" WC="0.96" CONTENT="att"/><SP WIDTH="14" VPOS="1374" HPOS="334"/>
							<String ID="string_309" HPOS="348" VPOS="1373" WIDTH="37" HEIGHT="21" WC="0.96" CONTENT="det"/><SP WIDTH="14" VPOS="1373" HPOS="385"/>
							<String ID="string_310" HPOS="399" VPOS="1373" WIDTH="68" HEIGHT="21" WC="0.96" CONTENT="likväl"/><SP WIDTH="15" VPOS="1373" HPOS="467"/>
							<String ID="string_311" HPOS="482" VPOS="1373" WIDTH="67" HEIGHT="21" WC="0.96" CONTENT="borde"/><SP WIDTH="16" VPOS="1373" HPOS="549"/>
							<String ID="string_312" HPOS="565" VPOS="1373" WIDTH="73" HEIGHT="27" WC="0.95" CONTENT="åligga"/><SP WIDTH="15" VPOS="1373" HPOS="638"/>
							<String ID="string_313" HPOS="653" VPOS="1372" WIDTH="64" HEIGHT="21" WC="0.93" CONTENT="äfven"/><SP WIDTH="11" VPOS="1372" HPOS="717"/>
							<String ID="string_314" HPOS="728" VPOS="1372" WIDTH="111" HEIGHT="21" WC="0.90" CONTENT="värdsfolk"/>
						</TextLine>
						<TextLine ID="line_36" HPOS="89" VPOS="1401" WIDTH="750" HEIGHT="33">
							<String ID="string_315" HPOS="89" VPOS="1408" WIDTH="32" HEIGHT="20" WC="0.96" CONTENT="att"/><SP WIDTH="19" VPOS="1408" HPOS="121"/>
							<String ID="string_316" HPOS="140" VPOS="1408" WIDTH="51" HEIGHT="26" WC="0.96" CONTENT="taga"/><SP WIDTH="20" VPOS="1408" HPOS="191"/>
							<String ID="string_317" HPOS="211" VPOS="1401" WIDTH="52" HEIGHT="27" WC="0.96" CONTENT="vård"/><SP WIDTH="17" VPOS="1401" HPOS="263"/>
							<String ID="string_318" HPOS="280" VPOS="1414" WIDTH="35" HEIGHT="14" WC="0.96" CONTENT="om"/><SP WIDTH="16" VPOS="1414" HPOS="315"/>
							<String ID="string_319" HPOS="331" VPOS="1407" WIDTH="70" HEIGHT="21" WC="0.95" CONTENT="henne"/><SP WIDTH="15" VPOS="1407" HPOS="401"/>
							<String ID="string_320" HPOS="416" VPOS="1407" WIDTH="7" HEIGHT="21" WC="0.95" CONTENT="i"/><SP WIDTH="17" VPOS="1407" HPOS="423"/>
							<String ID="string_321" HPOS="440" VPOS="1407" WIDTH="26" HEIGHT="21" WC="0.96" CONTENT="de"/><SP WIDTH="16" VPOS="1407" HPOS="466"/>
							<String ID="string_322" HPOS="482" VPOS="1407" WIDTH="44" HEIGHT="27" WC="0.96" CONTENT="fall,"/><SP WIDTH="16" VPOS="1407" HPOS="526"/>
							<String ID="string_323" HPOS="542" VPOS="1407" WIDTH="27" HEIGHT="21" WC="0.96" CONTENT="då"/><SP WIDTH="15" VPOS="1407" HPOS="569"/>
							<String ID="string_324" HPOS="584" VPOS="1407" WIDTH="69" HEIGHT="27" WC="0.96" CONTENT="enligt"/><SP WIDTH="15" VPOS="1407" HPOS="653"/>
							<String ID="string_325" HPOS="668" VPOS="1406" WIDTH="60" HEIGHT="22" WC="0.96" CONTENT="detta"/><SP WIDTH="15" VPOS="1406" HPOS="728"/>
							<String ID="string_326" HPOS="743" VPOS="1409" WIDTH="96" HEIGHT="19" WC="0.96" CONTENT="moment"/>
						</TextLine>
						<TextLine ID="line_37" HPOS="91" VPOS="1441" WIDTH="710" HEIGHT="29">
							<String ID="string_327" HPOS="91" VPOS="1448" WIDTH="25" HEIGHT="14" WC="0.96" CONTENT="en"/><SP WIDTH="17" VPOS="1448" HPOS="116"/>
							<String ID="string_328" HPOS="133" VPOS="1441" WIDTH="60" HEIGHT="29" WC="0.96" CONTENT="dylik"/><SP WIDTH="15" VPOS="1441" HPOS="193"/>
							<String ID="string_329" HPOS="208" VPOS="1441" WIDTH="125" HEIGHT="29" WC="0.96" CONTENT="skyldighet"/><SP WIDTH="16" VPOS="1441" HPOS="333"/>
							<String ID="string_330" HPOS="349" VPOS="1443" WIDTH="24" HEIGHT="20" WC="0.92" CONTENT="är"/><SP WIDTH="16" VPOS="1443" HPOS="373"/>
							<String ID="string_331" HPOS="389" VPOS="1441" WIDTH="65" HEIGHT="29" WC="0.92" CONTENT="ålagd"/><SP WIDTH="15" VPOS="1441" HPOS="454"/>
							<String ID="string_332" HPOS="469" VPOS="1441" WIDTH="123" HEIGHT="23" WC="0.91" CONTENT="husbönder"/><SP WIDTH="15" VPOS="1441" HPOS="592"/>
							<String ID="string_333" HPOS="607" VPOS="1442" WIDTH="41" HEIGHT="20" WC="0.93" CONTENT="och"/><SP WIDTH="15" VPOS="1442" HPOS="648"/>
							<String ID="string_334" HPOS="663" VPOS="1442" WIDTH="138" HEIGHT="21" WC="0.91" CONTENT="matmödrar."/>
						</TextLine>
					</TextBlock>
					<TextBlock ID="block_5" HPOS="137" VPOS="1481" WIDTH="637" HEIGHT="23">
						<TextLine ID="line_38" HPOS="137" VPOS="1481" WIDTH="637" HEIGHT="23">
							<String ID="string_335" HPOS="137" VPOS="1482" WIDTH="52" HEIGHT="22" WC="0.92" CONTENT="Högl."/><SP WIDTH="12" VPOS="1482" HPOS="189"/>
							<String ID="string_336" HPOS="201" VPOS="1481" WIDTH="53" HEIGHT="19" WC="0.91" CONTENT="Ridd."/><SP WIDTH="13" VPOS="1481" HPOS="254"/>
							<String ID="string_337" HPOS="267" VPOS="1483" WIDTH="30" HEIGHT="17" WC="0.93" CONTENT="och"/><SP WIDTH="12" VPOS="1483" HPOS="297"/>
							<String ID="string_338" HPOS="309" VPOS="1482" WIDTH="64" HEIGHT="18" WC="0.91" CONTENT="Adelns"/><SP WIDTH="11" VPOS="1482" HPOS="373"/>
							<String ID="string_339" HPOS="384" VPOS="1482" WIDTH="67" HEIGHT="18" WC="0.92" CONTENT="Protok."/><SP WIDTH="300" VPOS="1482" HPOS="451"/>
							<String ID="string_340" HPOS="751" VPOS="1483" WIDTH="23" HEIGHT="17" WC="0.96" CONTENT="35"/>
						</TextLine>
					</TextBlock>
				</ComposedBlock>
				<GraphicalElement ID="cblock_2" HPOS="993" VPOS="0" WIDTH="10" HEIGHT="658"></GraphicalElement >
			</PrintSpace>
		</Page>
	</Layout>
</alto>
