1006 1706
189 148 41 21 406

161 212 53 20 böra
229 213 5 20 i
251 213 55 21 form
328 213 24 21 af
369 220 27 13 en
416 212 92 28 petition
528 220 34 14 om
579 212 66 28 nädig
660 212 135 28 proposition
811 212 6 20 i
834 212 76 28 antydt

161 246 58 28 syfte
235 247 50 29 afgä
300 248 47 20 från
363 247 151 28 ridderskapet
530 247 40 21 och
585 247 62 20 adeln
665 248 90 19 ensamt.

229 281 103 22 Friherre
348 282 101 20 Munck:
466 282 42 28 Jag
524 282 70 20 skulle
610 283 52 19 utan
674 281 109 27 svårighet
793 281 74 21 kunna
878 282 31 20 in-

162 318 92 20 stämma
269 317 32 21 uti
317 316 25 22 de
358 316 141 28 ungdomliga
517 317 87 27 åsigter,
621 316 73 20 hvilka
709 316 51 20 herr
775 323 42 13 von
833 315 77 21 Wille-

164 351 67 21 brand
246 352 23 20 så
284 352 71 20 varmt
369 350 119 22 framhållit
504 351 39 21 och
558 350 74 21 hvilka
645 350 39 28 jag
699 350 70 21 likaså
782 352 71 19 varmt
864 357 47 14 som

162 386 44 20 han
226 392 51 15 vore
297 385 82 21 frestad
399 387 32 19 att
451 386 103 26 erkänna,
570 385 100 21 hvarföre
684 386 40 27 jag
740 385 65 21 också
821 386 20 26 ej
857 385 54 21 kän-

163 427 38 14 ner
222 420 45 28 mig
289 420 122 21 föranlåten
432 422 30 19 att
483 420 131 27 vederlägga
634 419 58 21 dem:
712 432 26 3 —
757 426 49 14 men
827 420 26 20 då
871 420 40 27 jag

162 461 91 14 numera
268 454 64 21 äfven
348 454 69 21 måste
433 455 96 20 erkänna
544 454 44 27 mig
604 461 51 14 vara
670 454 33 21 för
718 454 99 27 gammal,
832 453 33 21 för
880 455 31 20 att

163 490 53 27 göra
231 489 45 28 mig
291 488 136 29 ungdomlig,
444 489 22 21 så
482 489 43 21 kan
538 489 39 28 jag
593 488 33 21 till
646 489 84 20 försvar
745 488 33 21 för
794 488 117 21 utskottets

163 523 137 21 betänkande
320 523 20 28 ej
361 525 66 19 annat
447 525 27 19 än
494 523 95 28 åberopa
608 523 49 21 mitt
676 523 119 21 detsamma
810 522 101 29 bifogade

163 558 106 28 yttrande.

231 592 58 22 Herr
309 599 42 14 von
371 593 198 28 Weissenberg:
593 593 79 21 Grefve
691 593 99 21 Aminoff
807 593 40 21 och
861 593 51 21 herr

163 635 42 14 von
226 627 101 22 Schoultz
348 627 64 22 hafva
432 628 105 21 hvardera
556 628 78 21 uttalat
649 627 140 30 tvifvelsmål,
805 627 107 22 huruvida

164 662 37 21 det
221 669 29 14 nu
269 662 132 21 församlade
423 663 85 20 ståndet
523 669 50 14 vore
589 663 133 28 berättigadt
738 664 31 19 att
784 663 13 20 å
812 663 26 20 de
853 663 58 20 från-

163 697 95 21 varande
278 697 256 21 ståndsmedlemmarnes
556 699 82 26 vägnar
653 699 58 26 yttra
726 697 33 28 sig
773 697 40 22 och
829 697 84 22 besluta

163 731 7 21 i
187 731 60 21 detta
262 733 70 20 ämne.
355 731 110 22 Herrarne
482 739 41 14 von
539 732 137 21 Willebrand
692 732 39 21 och
742 731 96 29 Pipping
848 732 65 21 hafva

164 765 128 28 visserligen
315 767 66 20 redan
405 766 48 21 sökt
476 766 89 28 skingra
584 766 63 21 dessa
662 766 141 27 tvifvelsmål,
819 767 40 20 och
873 767 40 28 jag

165 800 70 21 skulle
250 800 34 21 för
299 801 45 20 min
360 801 34 20 del
410 802 56 19 ännu
483 800 52 28 vilja
550 801 7 20 i
573 801 58 20 detta
647 801 103 20 afseende
766 801 101 28 tillägga,
881 803 32 18 att

163 834 152 29 ridderskapet
331 835 40 21 och
386 835 63 20 adeln
465 835 36 21 vid
516 836 70 21 denna
602 835 102 28 landtdag
720 835 66 22 redan
797 835 72 28 afsagt
880 836 33 27 sig

165 869 110 28 åtskilliga
295 870 134 27 privilegier,
449 870 109 28 nemligen
575 870 94 21 friheten
685 870 47 21 från
748 871 115 27 personela
879 872 33 19 ut-

164 903 87 29 skylder
274 905 40 20 och
336 905 133 27 rättigheten
493 907 31 18 att
547 905 137 21 uteslutande
704 905 79 21 besitta
797 905 116 28 frälsejord

165 938 50 21 med
234 938 157 28 säteriefrihet;
413 938 39 21 och
472 938 27 22 då
517 940 85 20 ståndet
618 939 46 21 icke
680 940 68 27 ansåg
764 940 33 27 sig
812 940 101 20 hindradt

165 974 32 19 att
219 972 85 22 besluta
327 973 33 21 till
383 973 62 20 desse
468 974 118 28 afsägelser
610 974 63 20 äfven
694 974 13 20 &
727 974 26 20 de
769 974 143 20 frånvarande

165 1006 256 22 ståndsmedlemmarnes
447 1010 88 26 vägnar,
561 1008 57 20 inser
641 1008 39 28 jag
706 1008 137 28 sannerligen
864 1008 48 21 icke

164 1041 57 21 hvad
241 1048 46 14 som
307 1048 30 14 nu
356 1042 72 20 kunde
448 1043 82 20 afhålla
544 1042 85 21 ståndet
644 1044 32 19 att
691 1043 85 20 besluta
792 1043 7 20 i
814 1050 28 13 nu
858 1043 56 21 före-

164 1076 103 27 liggande
288 1077 73 25 ämne,
381 1076 65 27 helst,
468 1077 71 20 såsom
560 1076 50 21 herr
631 1083 41 14 von
693 1077 137 21 Willebrand
845 1077 68 22 redan

165 1109 106 27 anmärkt,
287 1109 38 21 det
340 1110 38 20 här
394 1110 48 20 icke
455 1118 38 13 ens
509 1112 23 19 är
548 1110 61 28 fråga
622 1117 36 14 om
673 1113 31 18 att
719 1111 74 28 afsäga
803 1112 34 27 sig
847 1112 66 27 privi-

164 1144 105 27 legierna,
285 1145 52 19 utan
353 1144 56 20 blott
425 1144 59 28 fråga
500 1151 34 14 om
549 1146 31 19 att
591 1145 131 27 petitionera
732 1153 34 13 om
777 1146 135 28 proposition

164 1178 7 20 i
187 1178 78 21 sådant
279 1177 64 28 syfte.

233 1212 58 20 Herr
307 1212 161 28 Grotenfelt,
484 1214 37 20 A.:
536 1213 38 21 Uti
590 1213 36 21 det
642 1214 88 28 förslag,
746 1221 45 14 som
805 1215 24 21 af
837 1216 75 27 grefve

166 1246 78 20 Creutz
266 1246 71 20 blifvit
352 1246 131 27 framstäldt,
500 1248 69 20 skulle
582 1248 40 27 jag
637 1249 23 19 så
676 1248 87 27 mycket
777 1248 68 22 hellre
862 1250 52 28 vilja

164 1280 127 26 instämma,
311 1286 46 14 som
375 1280 38 27 jag
435 1280 33 20 för
489 1281 35 20 två
540 1281 102 21 månader
659 1282 90 20 tillbaka
763 1284 37 26 tog
815 1284 46 27 mig
877 1284 36 20 fri-

164 1314 66 20 heten
249 1315 32 19 att
295 1314 7 20 i
318 1314 62 28 fråga
399 1321 34 14 om
448 1314 162 29 ridderskapets
626 1316 40 21 och
682 1316 74 22 adelns
774 1318 139 22 uteslutande

164 1348 106 28 rättighet
292 1350 33 19 att
347 1349 80 21 besitta
449 1350 115 28 frälsejord
586 1351 50 21 med
658 1352 131 21 säterifrihet
811 1354 54 27 göra
885 1361 27 14 en

164 1383 161 28 framställning
340 1384 7 20 i
363 1384 113 21 enahanda
491 1385 63 27 syfte.
579 1385 44 21 Det
637 1386 69 20 skulle
723 1394 64 20 synas
803 1388 52 28 mig,
866 1396 46 14 som

165 1425 35 14 om
215 1417 37 21 det
267 1418 49 21 med
331 1418 121 29 petitionen
468 1420 99 27 åsyftade
581 1420 123 22 ändamålet
714 1422 73 21 kunde
798 1423 76 22 vinnas
885 1425 28 27 på

165 1452 60 21 detta
240 1453 53 26 sätt,
309 1453 53 22 eller
379 1455 32 19 att
427 1453 87 22 dermed
529 1455 65 21 äfven
610 1455 70 22 skulle
696 1463 52 14 vara
763 1458 102 27 uttaladt,
881 1461 32 19 att
