1020 1706
195 133 27 21 30

166 200 82 20 straten
272 197 39 23 och
334 196 39 23 der
391 197 119 23 verkställa
528 197 37 23 sitt
585 198 81 22 arbete.
696 196 159 24 Erfarenheten
874 196 39 23 har

166 233 56 21 visat
237 240 42 20 oss,
294 235 32 19 att
342 233 56 21 slika
412 233 68 28 intyg,
491 235 14 19 t.
518 240 33 14 ex.
562 234 26 20 de
604 240 34 14 om
655 232 177 22 landthandlares
843 232 70 22 skick-

166 268 68 28 lighet
254 268 39 20 och
313 268 132 28 kunskaper,
461 269 19 27 ej
502 268 98 22 medföra
619 270 70 26 nytta;
711 268 84 21 hälften
815 268 24 21 af
851 268 62 21 dessa

165 303 63 28 intyg
242 303 60 28 tjena
317 302 49 22 icke
381 303 33 21 till
430 303 73 28 något,
519 304 131 20 åtminstone
666 303 59 28 gifva
738 303 27 21 de
779 303 50 21 icke
842 303 72 27 någon

167 338 82 27 borgen
264 337 34 21 för
313 339 32 19 att
360 344 28 14 en
403 344 80 22 person
499 344 52 21 eger
567 338 129 27 erforderlig
710 338 136 28 skicklighet.
874 337 40 21 Ut-

167 372 81 21 skottet
267 372 75 28 tyckes
363 372 65 22 hafva
443 372 82 22 fruktat
542 374 31 19 att
589 373 137 27 kapitalister
741 372 70 21 skulle
827 372 87 21 komma

168 408 32 20 att
220 407 112 27 öfvertaga
352 406 49 21 hela
421 407 202 28 handtverksyrket.
654 407 43 28 Jag
716 409 51 25 tror,
786 407 36 20 det
837 408 20 27 ej
873 406 42 21 blir

166 441 68 27 fallet,
250 443 52 19 utan
317 442 94 21 tvertom
427 441 61 21 skola
504 442 33 27 de,
553 449 45 14 som
613 441 59 28 gifva
688 442 62 27 intyg
760 441 67 22 blifva
838 441 76 21 handt-

166 475 120 22 verkarene
297 476 83 28 sjelfva,
390 476 39 21 och
440 476 26 21 de
477 476 62 21 skola
549 476 138 28 naturligtvis
698 476 62 21 alltid
771 476 49 21 med
833 476 82 28 svårig-

167 510 37 22 het
223 511 59 28 gifva
297 512 31 19 ett
343 510 77 22 sådant
435 511 62 28 intyg
512 511 57 22 ifrån
585 511 39 28 sig.
656 511 89 22 Således
761 513 45 19 tror
818 511 49 28 jag,
884 512 31 19 att

166 545 50 22 med
236 545 86 29 intyget
340 545 115 29 ingenting
475 546 86 27 vinnes,
577 553 49 14 men
646 546 34 21 väl
696 547 31 20 att
743 546 52 21 flere
811 552 104 21 personer

168 580 62 22 deraf
248 580 88 22 hindras
356 582 32 19 att
408 580 93 29 försörja
521 582 33 27 sig
569 581 39 21 och
624 581 74 21 derför
713 581 38 21 vill
764 582 39 27 jag
818 581 54 28 yrka
888 581 28 27 på

168 615 70 28 afslag
253 615 24 22 af
290 617 126 20 momentet.

234 650 59 21 Herr
312 657 43 14 von
375 650 79 27 Born,
475 650 20 21 J.
515 651 37 21 A.:
573 650 113 22 Utskottet
706 651 39 21 har
764 651 24 21 så
805 651 111 28 vidlyftigt

167 685 116 22 motiverat
297 684 147 22 betänkandet
459 685 92 22 rörande
566 685 165 29 ifrågavarande
747 686 76 28 punkt,
837 687 32 19 att
876 686 40 27 jag

168 727 64 14 anser
247 720 67 27 något
328 719 74 22 vidare
418 720 78 28 tillägg
512 720 48 22 icke
576 720 24 21 af
613 720 103 22 behofvet
729 719 119 30 påkalladt,
863 722 52 19 utan

167 755 132 27 hemställer,
320 761 34 14 om
374 754 49 22 icke
441 754 148 22 betänkandet
604 754 73 22 kunde
693 755 66 22 vinna
774 755 97 22 ståndets
886 755 30 22 bi-

168 790 44 21 fall.
235 789 51 22 Men
302 789 6 21 i
324 789 118 29 anledning
457 790 24 21 af
494 790 51 21 herr
560 789 125 30 Törngrens
701 790 151 28 anmärkning,
863 793 31 19 att
909 791 7 21 i

168 825 38 21 fall
226 825 62 28 intyg
308 831 34 14 om
364 824 130 28 skicklighet
514 825 56 21 skail
590 825 108 22 erfordras
718 826 33 21 för
770 825 109 22 vinnande
895 825 24 22 af

168 861 44 20 rätt
232 861 31 20 att
283 859 69 21 drifva
372 861 31 19 ett
422 859 64 28 yrke,
506 859 53 22 flere
578 866 104 21 personer
706 860 69 21 skulle
796 860 67 21 blifva
882 866 34 15 ur-

168 894 121 21 ståndsatta
308 895 32 20 att
360 894 103 21 förskaffa
484 894 33 28 sig
536 895 118 28 bergning,
670 895 38 21 ber
723 896 39 27 jag
777 896 32 20 att
824 895 22 21 få
861 895 56 21 fästa

168 928 220 29 uppmärksamheten
412 928 73 28 derpå,
499 931 32 19 att
550 929 36 21 det
608 929 49 21 icke
680 930 69 28 enligt
769 929 150 21 betänkandet

168 965 24 19 är
214 964 72 27 någon
308 963 124 21 förmenadt
455 965 32 19 att
509 963 53 21 söka
584 963 33 21 sin
640 964 97 20 utkomst
757 964 50 21 med
827 964 36 20 det
884 970 33 14 ar-

168 996 52 22 bete
239 997 43 21 han
301 996 53 28 sjelf
366 996 43 22 kan
424 997 160 28 åstadkomma,
599 999 52 19 utan
671 998 54 20 blott
742 998 8 20 i
768 997 37 22 det
823 997 48 28 fall,
886 1000 32 19 att

168 1032 43 21 han
227 1031 37 22 vill
280 1032 93 27 anlägga
388 1032 108 28 ordentlig
511 1032 103 21 verkstad
630 1032 40 21 och
685 1032 33 21 till
734 1032 37 21 sitt
785 1032 84 22 biträde
880 1038 37 16 an-

169 1068 51 26 taga
240 1066 110 27 arbetare,
366 1066 70 22 skulle
455 1068 32 20 ett
505 1067 77 21 sädant
599 1066 63 29 intyg
676 1067 91 21 fordras.
795 1066 33 22 En
845 1073 72 16 annan

169 1100 144 28 anmärkning
334 1100 83 28 derom,
438 1102 32 20 att
489 1102 36 21 det
540 1102 42 20 blir
597 1101 157 29 tvifvelaktigt,
770 1102 55 21 huru
841 1102 76 21 sädant

168 1136 62 27 intyg
245 1135 70 21 skulle
330 1137 110 27 presteras
456 1136 39 21 och
511 1136 24 22 af
548 1136 62 22 hvem
625 1136 36 21 det
676 1136 67 22 borde
759 1136 104 28 utfärdas,
878 1136 39 22 ber

166 1170 38 28 jag
224 1172 32 19 att
275 1169 21 22 få
315 1170 86 21 bemöta
420 1170 98 28 dermed,
534 1173 31 19 att
580 1172 28 27 pä
624 1173 42 19 sätt
681 1171 65 21 äfven
761 1171 59 21 förut
835 1171 24 21 af
872 1171 46 28 mig

168 1204 100 28 erinrats,
284 1204 41 21 den
341 1204 79 29 nädiga
436 1206 163 28 propositionen
614 1206 119 21 innefattar
748 1206 82 28 förslag
840 1206 77 21 endast

168 1239 34 20 till
218 1239 109 20 allmänna
342 1240 101 26 grunder,
459 1240 82 28 hvarpä
555 1247 27 14 en
598 1240 126 28 näringslag
739 1241 54 20 skall
809 1240 108 27 utfärdas;

168 1273 39 21 och
220 1273 40 27 jag
275 1272 71 21 tviflar
361 1273 48 21 icke
424 1274 37 27 pä,
477 1276 32 18 att
524 1274 6 20 i
545 1274 42 20 den
601 1274 140 28 författning,
757 1281 45 14 som
818 1274 99 21 kommer

168 1308 32 20 att
215 1307 111 21 utarbetas
339 1306 8 22 i
362 1307 49 21 stöd
426 1308 23 22 af
463 1308 63 22 dessa
541 1308 101 29 grunder,
653 1308 7 21 i
671 1308 103 22 händelse
791 1308 26 22 de
829 1308 86 22 komma

169 1344 32 19 att
221 1342 136 29 godkännas,
376 1342 66 22 också
461 1343 62 22 skola
542 1343 76 29 inflyta
632 1345 100 20 närmare
753 1344 162 28 detaljbestäm-

168 1378 78 27 melse,
262 1378 24 21 af
301 1377 64 23 hvem
381 1378 41 22 och
435 1380 29 28 pä
479 1379 56 22 hvad
551 1380 42 20 sätt
608 1378 80 23 sådana
703 1380 63 28 intyg
782 1380 51 21 böra
847 1380 68 22 utfär-

169 1413 45 22 das.
245 1413 43 29 Jag
301 1415 23 21 är
340 1414 127 29 öfvertygad
483 1414 85 28 derom,
584 1416 32 20 att
631 1415 63 21 dessa
709 1415 206 29 detaljbestämmel-

168 1445 34 26 ser
218 1448 62 23 skola
293 1451 65 28 göras
372 1450 24 22 sä
411 1449 47 23 litet
473 1449 129 23 invecklade
618 1456 46 16 som
679 1450 93 29 möjligt.
