992 1711
188 140 41 23 286

159 208 67 21 undfå
241 208 12 21 6
269 208 101 27 procents
386 208 64 21 ränta
465 207 13 22 å
493 205 47 24 dess
555 207 86 29 belopp,
651 206 89 30 sålänge
751 207 84 23 inlösen
847 207 63 23 deraf

158 242 129 29 fördröjdes,
298 243 56 20 samt
362 244 32 19 att
402 243 26 20 de
437 242 129 29 utelöpande
575 242 110 22 sedlarnes
692 243 66 21 värde
767 243 40 21 och
815 243 94 22 nämnde

158 279 63 19 ränta
241 277 67 21 borde
328 277 48 21 med
396 277 140 21 förmonsrätt
551 277 53 28 utgå
619 277 48 21 från
683 277 37 21 det
733 278 34 20 för
783 278 125 28 sedelutgif-

158 312 82 28 ningen
260 312 100 21 nedsatta
380 312 103 28 hypotek,
503 312 74 21 hvilka
597 312 163 28 bestämningar
773 312 68 28 jemte
855 312 54 22 sista

159 348 119 20 momentet
293 346 24 21 af
329 346 142 21 nästberörda
486 347 11 27 $
513 346 23 21 af
549 346 108 21 utskottet
672 348 83 19 ansetts
770 346 53 22 böra
840 347 69 21 under

160 388 26 14 en
201 380 93 22 särskild
310 382 11 26 8
336 381 92 28 intagas,
444 381 125 27 godkändes
584 381 33 21 till
633 381 42 21 alla
691 381 66 21 delar.

228 417 24 27 88
274 416 25 20 18
320 416 40 21 och
381 417 25 19 19
422 416 7 21 i
445 416 41 21 den
505 416 81 28 nådiga
600 416 165 28 propositionen
780 418 92 26 antogos
887 416 24 21 af

160 450 85 22 ståndet
260 450 143 22 oförändrade
418 453 53 19 utan
486 451 133 27 föregången
636 450 129 22 diskussion.

227 485 103 22 Rörande
345 486 11 27 $
372 486 28 20 20
413 485 85 28 yttrade

228 520 58 22 Herr
300 520 160 26 Ehrnrooth,
481 520 27 21 K.
529 520 36 21 A.:
589 520 43 28 Jag
647 520 70 21 skulle
733 520 124 28 hemställa,
873 528 35 14 om

159 556 48 21 icke
222 555 51 21 hela
288 556 11 26 &
315 554 72 21 kunde
403 555 22 20 fä
440 556 58 26 utgä,
514 554 91 22 emedan
621 554 40 21 den
677 555 48 20 icke
736 555 121 21 innehäller
871 555 38 21 nä-

160 593 37 26 got
213 589 119 29 stadgande
348 589 7 21 i
370 589 46 21 sak.
439 589 43 21 Det
497 591 23 20 är
535 589 57 21 klart
607 591 32 19 att
655 589 94 21 enskilta
763 589 84 22 banker
860 589 49 22 icke

160 626 74 21 kunna
248 624 70 29 pocka
333 624 33 28 sig
382 624 34 20 till
430 625 69 27 nägra
514 623 136 28 rättigheter.

228 659 58 22 Herr
302 666 41 14 von
359 659 99 21 Essen:
474 658 32 22 Pä
522 659 25 21 de
564 658 46 21 skäl
625 659 50 20 herr
691 658 125 22 Ehrnrooth
830 659 79 28 anfört,

160 697 70 19 röstar
250 694 64 21 äfven
332 695 40 27 jag
387 693 40 27 för,
443 695 32 20 att
493 693 42 22 den
550 693 167 28 ifrågavarande
733 694 18 27 &,
767 694 70 21 såsom
853 694 56 21 både

160 729 129 28 öfverflödig
304 729 40 20 och
360 729 113 28 olämplig,
489 729 66 20 måtte
571 729 58 27 utgå.

228 763 58 22 Herr
302 771 41 14 von
359 763 83 27 Born,
461 763 20 21 J.
496 763 35 21 A.:
555 763 43 28 Jag
618 769 64 15 anser
698 763 36 21 det
749 765 92 20 tvertom
857 771 52 15 vara

161 799 23 22 af
197 799 53 28 vigt,
266 800 31 19 att
312 798 136 28 stadgandet,
464 798 37 21 det
514 797 131 29 regeringen
661 797 48 22 icke
721 798 67 21 måtte
798 799 68 21 blifva
876 800 33 21 in-

160 833 94 23 blandad
276 833 7 21 i
306 833 98 21 bankens
427 833 98 21 enskilda
545 833 94 27 företag,
661 834 104 26 qvarstår,
779 834 29 27 på
827 833 36 22 det
878 836 32 19 att

161 869 93 21 emellan
277 867 141 22 statsbanken
441 868 40 20 och
503 866 184 29 privatbankerne
710 868 48 21 icke
781 868 34 22 må
836 868 74 22 kunna

160 904 88 22 komma
259 903 71 28 ifråga
340 902 71 29 någon
423 902 65 22 sådan
499 902 132 28 äfventyrlig
645 902 206 30 affärsgemenskap,
863 910 46 14 som

161 940 21 21 vi
197 939 65 22 hafva
278 940 42 20 sett
341 938 107 21 etableras
467 937 79 22 mellan
563 938 41 20 den
620 937 150 22 förstnämnde
786 938 39 21 och
842 938 67 29 hypo-

160 973 187 28 teksföreningen.

229 1009 31 21 På
276 1008 50 22 herr
341 1007 211 22 landtmarskalkens
568 1008 73 20 derom
657 1008 78 28 gjorda
749 1008 162 28 framställning

162 1047 76 25 antogs
255 1044 11 28 $
282 1044 50 20 med
347 1043 40 21 den
404 1043 24 21 af
441 1043 106 21 utskottet
562 1042 45 22 deri
624 1042 123 28 föreslagna
763 1042 100 29 ändring,
879 1045 32 19 att

162 1079 66 22 orden
246 1078 66 27 eller
328 1077 128 29 utredning"
472 1077 69 22 skulle
557 1076 94 22 derifrän
668 1077 59 28 utgå.

230 1114 24 27 88
270 1113 24 20 21
313 1113 39 20 och
368 1113 26 20 22
410 1112 91 28 gillades
517 1111 150 22 oförändrade.

230 1148 47 20 Och
297 1147 70 21 skulle
385 1146 97 21 ständets
496 1146 7 21 i
519 1146 58 21 detta
593 1146 80 21 ärende
689 1145 82 22 fattade
787 1146 71 21 beslut
873 1153 37 21 ge-

161 1189 51 15 nom
230 1181 201 29 protokollsutdrag
451 1180 106 29 delgifvas
573 1180 142 22 medständen
731 1181 33 21 till
780 1181 130 27 kännedom,

161 1218 40 21 och
218 1216 244 28 expeditionsutskottet
477 1216 7 20 i
500 1216 101 20 afseende
617 1215 13 21 &
645 1215 130 28 vidtagande
791 1215 24 21 af
827 1215 42 21 den
883 1216 28 27 pä

161 1252 107 20 utskottet
282 1250 158 20 ankommande
457 1250 82 26 ätgärd.

230 1283 175 22 Sammanträdet
421 1282 110 29 upphörde
547 1282 30 21 kl.
592 1282 47 21 half
654 1283 26 20 12
695 1282 28 28 pä
739 1284 82 19 natten.

655 1335 20 16 In
689 1334 60 18 fidem:

564 1368 78 20 Victor
655 1368 25 20 de
694 1369 22 19 la
729 1368 114 25 Chapelle.
