1003 1703
206 136 40 21 654

178 203 68 20 håller
259 203 40 27 jag
315 203 31 20 att
361 203 21 20 få
398 203 67 20 uttala
481 203 43 20 min
541 203 144 28 öfvertygelse
705 203 83 27 derom,
804 206 31 19 att
850 203 75 28 hvarje

178 237 31 20 tid
231 237 28 28 på
281 237 92 26 vintern,
397 243 45 14 som
463 237 73 20 dertill
551 237 35 20 må
602 237 78 28 väljas,
696 239 24 19 är
736 238 33 21 för
785 239 58 20 detta
860 238 65 21 ända-

177 271 43 21 mål
243 271 90 20 alldeles
355 271 110 28 olämplig.
500 271 103 28 Troligen
619 271 64 21 hafva
699 271 52 22 flere
767 272 23 21 af
803 272 122 21 ridderska-

177 307 47 26 pets
240 306 40 21 och
296 305 75 21 adelns
386 305 142 21 medlemmar
544 305 44 21 ofta
603 312 43 21 nog
662 307 66 20 mötts
743 306 24 21 af
781 306 40 21 den
840 307 85 20 bedröf-

177 341 44 27 liga
244 347 46 21 syn,
306 341 31 19 att
359 340 7 20 i
389 340 77 27 början
486 341 28 26 på
532 340 117 20 november
665 340 78 20 månad
759 341 49 20 hela
824 341 101 27 familjer,

177 374 50 22 med
249 375 46 20 små
316 374 60 27 barn,
399 375 81 20 utsatta
500 374 34 21 för
554 373 51 21 köld
627 374 39 20 och
685 381 61 21 regn,
762 374 72 22 färdas
851 375 73 21 utmed

177 409 164 27 landsvägarne,
353 408 75 21 stadda
438 408 28 28 på
476 408 108 28 flyttning.
607 408 11 20 I
629 408 185 28 mensklighetens
832 410 93 20 intresse

177 450 63 15 anser
254 444 45 28 jag,
315 445 32 19 att
362 450 49 14 man
428 443 20 27 ej
464 443 39 21 bör
518 442 108 22 bibehålla
642 450 26 14 en
684 444 43 28 lag,
743 444 141 28 hvarigenom
900 444 27 21 lif

177 478 39 22 och
232 478 61 21 helsa
308 478 124 28 äfventyras
447 478 33 21 för
496 485 26 14 en
539 478 34 20 del
588 478 24 20 af
626 478 41 20 den
681 485 68 21 yngre
761 479 162 27 generationen.

175 513 35 21 Då
224 513 131 29 flyttningen
371 513 7 20 i
394 513 117 21 november
526 512 66 21 redan
609 512 83 22 medför
708 513 23 21 så
747 513 79 29 många
837 514 87 28 olägen-

177 548 68 27 heter,
262 548 146 28 synnerligast
428 547 6 21 i
454 546 139 29 skärgården,
609 547 24 20 så
648 547 39 21 bör
701 554 50 14 man
767 549 58 19 ännu
840 548 84 21 mindre

177 582 72 28 skjuta
264 582 174 28 flyttningstiden
452 582 54 20 fram
524 581 32 21 till
573 588 27 13 en
616 582 73 26 årstid,
706 582 27 21 då
748 582 78 21 kölden
838 582 39 21 hos
889 589 34 14 oss

176 618 23 20 är
222 618 119 26 strängast,
363 616 71 21 såsom
457 616 61 21 fallet
540 622 52 14 vore
607 616 8 20 i
631 616 75 27 början
722 616 24 21 af
757 616 93 28 januari.
880 616 43 28 Jag

175 658 64 14 anser
260 651 36 21 det
312 650 85 21 derföre
413 657 51 14 vara
480 657 26 14 en
523 650 55 28 pligt
594 650 32 20 för
642 650 137 28 lagstiftaren
795 652 31 19 att
841 651 7 20 i
864 651 59 21 detta

175 685 103 21 afseende
301 685 57 28 välja
377 691 26 14 en
424 684 128 28 lämpligare
572 683 37 21 tid.
639 685 39 20 Att
693 691 27 14 en
736 685 40 20 och
792 692 71 13 annan
880 685 43 21 olä-

176 720 80 27 genhet
271 719 34 21 för
317 719 161 28 jordbrukaren
497 719 125 28 derigenom
639 718 42 21 kan
696 719 85 28 uppstå,
797 719 37 21 vill
847 720 40 27 jag
902 721 20 26 ej

175 754 105 27 bestrida;
303 761 50 14 men
374 754 52 20 våra
448 753 120 28 pekuniära
584 753 94 21 fördelar
693 754 69 21 måste
778 753 102 28 förbises,
896 754 27 21 då

175 788 36 21 det
233 789 68 26 gäller
322 788 68 27 högre
412 787 115 22 intressen.
557 787 11 20 I
584 787 41 21 den
641 787 154 28 öfvertygelse,
811 790 31 19 att
857 789 66 21 bland

175 823 26 20 de
216 822 178 29 flyttningstider,
410 829 45 14 som
471 822 74 21 kunna
561 822 86 21 komma
663 822 79 28 ifråga,
759 822 41 21 den
817 824 9 19 1
841 823 43 28 juli
899 825 24 20 är

174 857 33 20 för
220 857 161 27 jordbrukaren
399 857 91 20 förenad
506 857 49 20 med
570 856 26 21 de
613 857 78 20 minsta
707 857 147 28 olägenheter,
870 859 52 20 enär

173 892 143 20 vårarbetena
331 891 28 21 då
373 892 37 20 äro
426 891 151 28 undangjorda
592 891 39 20 och
647 891 165 28 höbergningen
827 892 26 21 då
864 894 58 19 ännu

173 925 48 21 icke
237 928 23 18 är
276 925 86 28 börjad,
378 925 87 21 förenar
478 926 39 27 jag
532 925 45 28 mig
592 925 7 20 i
614 925 36 20 det
665 925 92 28 förslag,
774 933 44 14 som
835 927 23 20 af
872 927 49 20 herr

174 959 136 28 Gripenberg
325 959 72 21 blifvit
412 959 70 21 väckt.
512 959 116 21 Dessutom
648 961 63 26 utgör
727 959 40 21 den
786 961 9 19 1
810 960 42 27 juli
867 961 54 20 hälf-

173 995 37 19 ten
232 994 24 20 af
274 993 162 27 kalenderåret,
455 994 24 20 så
499 995 31 20 att
551 993 48 26 den,
615 1000 46 14 som
677 993 144 29 ovilkorligen
837 995 38 20 vill
891 995 30 21 af-

173 1028 56 21 sluta
247 1028 47 21 sina
315 1028 117 27 räkningar
453 1028 55 20 efter
528 1028 133 26 kalenderår,
683 1028 63 21 äfven
768 1028 27 21 då
810 1028 42 22 kan
868 1030 54 26 göra

173 1063 46 27 det,
242 1063 113 21 hvaremot
378 1062 75 28 hvarje
476 1069 71 14 annan
567 1062 40 26 tid,
624 1062 49 21 med
688 1062 111 28 undantag
814 1063 24 21 af
851 1063 41 22 den
910 1064 8 20 1

170 1098 94 28 januari,
279 1098 65 27 utgör
359 1098 32 19 ett
405 1096 84 21 mindre
506 1096 99 28 lämpligt
621 1096 52 21 bråk
689 1097 68 21 deraf.

240 1132 58 20 Herr
314 1131 158 27 Jägerhorn,
490 1131 22 21 C.
529 1131 30 21 J.:
582 1130 152 22 Förevarande
750 1132 61 27 fråga
827 1139 34 14 om
878 1132 42 22 för-

172 1166 93 28 ändring
285 1166 23 20 af
325 1165 174 27 flyttningstiden
518 1167 24 19 är
558 1172 29 14 nu
602 1166 47 20 icke
664 1166 69 20 första
748 1166 86 28 gången
849 1167 70 21 väckt.

173 1201 48 27 Jag,
236 1200 85 21 likasom
345 1200 93 26 troligen
454 1200 64 20 också
532 1200 52 20 flere
595 1199 67 21 andra
676 1200 24 20 af
708 1200 161 28 ridderskapets
880 1201 40 21 och

172 1235 74 20 adelns
262 1234 147 25 medlemmar,
425 1234 38 20 har
479 1233 121 21 kännedom
616 1234 81 25 derom,
708 1236 32 18 att
751 1241 26 13 en
789 1234 59 27 dylik
859 1235 61 27 fråga

171 1268 56 21 varit
248 1268 24 20 af
290 1267 105 27 styrelsen
412 1266 64 22 väckt
491 1267 33 21 för
540 1267 67 27 några
623 1268 24 20 år
661 1267 73 21 sedan.
765 1267 34 21 Då
813 1268 106 21 infordra-

171 1302 39 21 des
224 1302 116 28 yttranden
361 1301 74 21 härom
456 1301 48 21 från
524 1300 106 22 särskilda
650 1301 138 22 embetsverk
803 1302 39 21 och
858 1309 61 22 myn-

171 1336 106 29 digheter.
307 1336 124 21 Resultatet
451 1335 23 21 af
492 1335 49 21 dem
562 1342 43 20 var,
621 1337 32 20 att
668 1336 41 21 den
726 1343 41 14 ena
782 1336 95 29 föreslog
893 1344 26 14 en

170 1371 38 28 tid,
224 1371 42 21 den
282 1370 66 22 andra
363 1377 26 14 en
401 1377 78 14 annan.
503 1369 33 22 De
552 1370 62 21 flesta
629 1370 85 29 tycktes
730 1371 55 21 dock
800 1378 52 15 vara
867 1378 51 15 ense

171 1413 34 14 om
222 1406 40 21 den
279 1405 22 22 af
314 1405 51 22 herr
381 1405 138 28 Gripenberg
530 1405 123 29 föreslagna
663 1406 181 28 flyttningstiden.
866 1407 52 21 Lik-

169 1441 35 22 väl
220 1441 80 21 tillåter
317 1441 39 28 jag
374 1441 44 28 mig
438 1441 19 28 ej
477 1442 32 19 att
524 1441 81 28 afgifva
621 1441 66 28 något
703 1441 108 28 omdöme,
827 1442 90 21 hvilken
