1000 1700
760 131 40 21 619

80 196 134 28 uppfostras,
236 195 39 22 och
294 195 67 22 redan
382 203 25 14 ur
430 196 65 22 sådan
518 196 112 29 synpunkt
652 196 69 22 måste
743 204 41 21 aga
806 198 23 20 få

79 231 72 21 henne
172 231 103 26 tilldelas,
291 231 26 21 då
338 230 42 22 hon
401 231 74 28 förgår
491 232 43 27 sig,
550 231 91 21 likasom
661 230 54 22 barn
736 238 52 22 agas
807 232 24 20 af

80 265 48 21 sina
148 265 113 21 föräldrar.
291 264 90 29 Knappt
402 266 23 20 är
446 272 26 14 en
492 272 79 21 person
592 266 24 20 af
634 266 94 21 mankön
748 266 34 21 vid
803 267 25 21 18

80 299 36 21 års
136 298 61 22 ålder
217 301 58 19 ännu
295 300 106 27 egentligt
424 300 140 27 tjenstehjon.
593 300 40 20 Att
654 300 134 28 tjenstehjon
808 300 24 21 af

81 333 125 28 qvinnokön
228 334 7 20 i
257 333 120 21 allmänhet
400 334 19 28 ej
444 334 52 21 böra
515 334 22 21 få
557 340 61 22 agas,
640 340 63 15 anser
720 334 40 28 jag
779 342 51 14 vara

81 368 88 28 mycket
185 369 49 25 rätt,
250 369 23 27 ty
289 367 26 21 de
330 368 66 21 hafva
412 369 31 21 ett
458 368 106 28 böjligare
580 368 62 21 sinne
658 370 27 20 än
697 368 133 29 tjenstehjon

81 402 25 21 af
114 402 127 27 mankönet;
253 409 50 14 men
313 402 63 21 desse
388 402 98 27 behöfva,
495 402 70 21 såsom
577 402 66 21 redan
654 402 64 28 sagdt
728 404 30 25 är,
766 403 27 20 då
804 403 26 21 de

81 436 63 28 förgä
160 436 40 27 sig,
215 437 119 27 kraftigare
357 437 39 20 och
418 436 137 28 allvarligare
571 436 185 28 tillrättavisning.
788 437 43 28 Jag

81 470 99 22 förordar
200 471 86 21 derföre
306 471 133 28 antagandet
454 471 24 21 af
490 471 41 21 den
547 471 80 28 nådiga
642 471 164 28 propositionen
823 472 7 21 i

81 505 59 21 detta
155 505 110 21 afseende.

148 540 58 21 Herr
221 539 129 22 Blåfield:
367 540 72 21 Jemte
456 540 36 21 det
504 540 40 29 jag
560 540 87 21 förenar
663 540 46 28 mig
723 540 8 21 i
746 539 26 22 de
788 542 42 27 ytt-

80 575 94 26 randen,
196 582 45 14 som
261 575 52 21 herr
332 574 96 29 Pipping
448 575 40 21 och
507 582 43 14 von
570 575 70 21 Essen
658 574 60 22 förut
738 574 92 28 afgifvit,

80 609 39 21 vill
131 610 40 27 jag
185 609 70 21 tillika
271 610 71 20 såsom
358 608 48 22 stöd
422 609 34 21 för
470 609 134 27 antagandet
619 608 23 21 af
656 609 13 21 4
685 609 97 27 punkten
794 616 36 14 an-

82 643 57 27 föra,
155 645 32 19 att
208 643 66 21 orden
289 643 71 28 ,skall
375 643 113 21 husbonde
504 643 64 30 gälda
584 642 95 22 skadan"
695 643 65 21 hafva
776 643 55 21 afse-

82 677 55 21 ende
156 678 77 28 derpå,
249 679 32 19 att
300 684 56 20 man,
373 677 27 21 då
416 677 133 28 tjenstehjon
570 677 75 28 skiljes
664 676 48 22 från
728 678 102 27 tjensten,

81 711 45 21 kan
146 712 66 21 tänka
233 712 33 28 sig
286 712 65 21 äfven
364 719 72 13 annan
452 712 67 21 skada
534 711 89 21 dermed
638 711 98 27 förenad,
752 713 28 19 än
796 718 36 14 en-

82 746 48 21 dast
144 746 106 22 förlusten
266 746 24 21 af
302 746 37 22 lön
355 746 40 21 och
410 746 112 39 herberge.
545 745 35 22 En
595 746 96 28 tjenare,
707 752 45 14 som
769 746 62 22 oskä-

81 780 60 28 ligen
157 781 71 21 blifvit
244 781 69 27 vräkt,
329 774 42 28 kan
387 781 78 21 tänkas
480 781 8 21 i
503 780 42 22 den
561 779 138 29 belägenhet,
711 782 31 18 att
758 780 42 21 han
811 781 19 27 ej

82 817 24 20 är
121 816 6 20 i
145 815 86 22 tillfälle
252 817 33 19 att
303 817 51 26 taga
369 815 53 21 vård
438 822 34 14 om
488 816 33 20 sin
537 814 106 28 egendom
660 814 40 21 och
715 816 32 19 att
762 814 71 21 denna

83 849 91 22 sålunda
189 850 43 21 kan
248 850 105 21 förstöras
369 850 53 21 eller
437 850 27 28 på
480 850 67 28 något
562 851 43 19 sätt
620 848 100 22 förfaras.
747 849 85 22 Beträf-

83 884 65 22 fande
169 885 47 20 åter
236 885 41 21 den
297 885 23 21 af
333 885 51 21 herr
400 884 122 22 Schauman
538 884 78 28 gjorda
631 883 155 28 anmärkning,
802 885 32 19 att

84 919 36 21 vid
141 918 71 22 denna
226 918 105 29 lardtdag
346 919 42 21 alla
404 918 146 29 kroppsstraff
563 918 71 21 blifvit
650 917 130 28 afskaffade,
796 918 38 21 vill

81 954 40 28 jag
136 953 79 27 erinra,
231 955 32 20 att
278 953 107 21 föräldrar
401 953 48 21 icke
466 953 70 21 blifvit
552 952 94 28 betagna
659 952 133 27 rättigheten
803 954 32 19 att

85 995 42 21 aga
149 988 48 20 sina
219 988 61 26 barn,
296 988 41 21 och
352 988 36 21 det
408 989 23 19 är
452 995 26 13 en
499 988 66 21 sådan
584 993 41 21 aga
640 987 40 27 jag
700 986 64 21 äfven
783 986 52 21 ville

85 1023 71 21 tillåta
176 1022 112 22 husbonde
309 1024 32 19 att
360 1022 85 21 tilldela
464 1022 85 28 tjenare
570 1020 69 22 under
659 1027 27 15 en
705 1020 43 21 viss
768 1021 66 21 ålder.

86 1057 43 28 Jag
150 1056 98 22 förordar
268 1056 85 22 således
373 1056 133 28 antagandet
522 1056 24 37 af
558 1055 119 21 utskottets
699 1054 136 22 betänkande

85 1092 33 21 till
135 1091 43 23 alla
193 1091 66 22 delar.

154 1126 58 22 Herr
232 1133 41 15 von
293 1125 136 23 Kraemer:
450 1126 42 28 Jag
512 1125 39 21 har
571 1124 77 29 begärt
668 1123 62 22 ordet
749 1123 34 21 för
804 1125 32 20 att

87 1161 46 22 helt
148 1161 40 22 och
204 1161 67 21 hållet
286 1162 76 20 förena
377 1161 45 28 mig
437 1160 49 21 med
501 1160 51 21 herr
567 1165 43 16 von
625 1157 167 28 Weissenbergs
802 1165 34 14 re-

87 1196 117 26 servation,
215 1195 112 22 föranledd
343 1195 73 21 dertill
431 1195 23 20 af
467 1195 50 20 herr
532 1201 42 14 von
585 1193 77 26 Borns,
673 1192 28 21 K.
711 1192 33 26 F.,
758 1192 77 21 andra-

87 1231 83 33 gande,
185 1230 84 21 hvilket
285 1231 40 27 jag
344 1229 32 21 till
397 1229 33 21 sin
450 1229 102 28 giltighet
570 1223 134 37 fullkomligt
722 1203 114 56 bestrider.

88 1259 72 27 Äfven
179 1265 39 27 jag
240 1265 39 20 har
301 1265 72 27 någon
396 1263 133 26 erfarenhet,
553 1263 69 20 ehuru
641 1261 84 20 kanske
744 1260 49 21 icke
814 1261 24 20 så

88 1299 52 28 lång
158 1299 40 21 och
214 1300 44 19 stor
273 1305 46 14 som
335 1298 53 26 han,
403 1297 25 21 af
440 1298 119 27 umgänget
574 1294 50 23 med
640 1294 127 28 tjenstefolk
782 1294 55 21 både

88 1333 59 20 inom
168 1333 39 20 och
227 1334 60 18 utom
307 1333 47 19 hus.
385 1332 43 26 Jag
447 1332 39 19 har
506 1330 71 27 aldrig
596 1329 81 26 funnit,
693 1330 32 18 att
740 1329 98 26 husagan

90 1367 69 21 skulle
175 1366 86 22 behöfts
278 1366 33 20 för
327 1365 125 27 någondera
466 1364 96 25 klassen,
579 1363 39 21 och
634 1362 38 20 der
685 1362 38 27 jag
739 1362 41 20 sett
796 1361 41 21 den

91 1401 116 27 användas,
219 1401 38 20 har
270 1400 39 28 jag
325 1398 62 23 alltid
402 1398 78 27 funnit,
492 1399 31 19 att
538 1397 36 21 det
589 1396 57 22 varit
661 1396 79 26 bättre,
750 1402 36 14 om
797 1394 40 22 den

91 1436 49 22 icke
160 1436 72 22 blifvit
250 1434 92 22 använd.
372 1434 43 28 Jag
433 1433 39 21 har
487 1433 66 28 ingen
568 1430 126 23 erfarenhet
709 1437 34 14 om
759 1429 79 22 förhål-
