1017 1709
777 138 39 21 451

165 200 58 23 Herr
238 208 42 15 von
295 201 209 29 Weissenberg:
520 201 43 30 Jag
578 202 70 22 skulle
658 203 24 21 så
692 205 87 27 mycket
789 206 54 20 min-

96 236 38 20 dre
155 236 73 21 kunna
249 236 126 28 godkänna,
391 238 31 18 att
437 238 70 26 någon
526 237 93 27 ändring
634 239 63 26 göres
712 238 7 20 i
737 240 8 20 1
764 240 18 28 8,
798 247 46 15 som

97 270 131 21 åtminstone
251 270 71 21 denna
343 272 11 25 8
375 270 95 29 grundar
490 271 33 28 sig
543 272 27 27 på
590 278 27 14 en
634 272 84 21 absolut
733 274 112 27 pluralitet

96 305 91 21 stånden
210 305 100 20 emellan.
340 305 32 20 Af
387 305 89 27 respekt
496 305 33 21 för
549 305 71 22 denna
643 307 111 27 pluralitet
773 308 39 21 bör
832 310 12 27 8

96 339 84 21 således
196 341 90 26 antagas
302 339 136 21 oförändrad.

164 373 59 22 Enär
239 374 66 27 ingen
321 374 69 21 talare
405 373 73 22 vidare
494 374 72 21 anhöll
583 382 33 14 om
634 375 61 22 ordet
710 376 135 23 framställde

96 408 50 21 herr
162 407 200 22 landtmarskalken
378 415 29 14 nu
423 409 174 28 propositionen:

166 442 146 27 »Godkänner
327 442 151 29 ridderskapet
489 443 40 21 och
539 443 64 21 adeln
616 445 8 19 1
638 445 12 26 &
660 445 24 20 af
692 446 154 27 lagutskottets

96 477 166 28 ifrågavarande
279 477 138 21 betänkande
433 477 143 22 oförändrad?

165 511 49 22 Den
230 519 46 14 som
292 511 126 29 godkänner
434 511 11 28 $
461 511 130 22 oförändrad
612 519 74 15 svarar
698 515 34 26 ja;
751 515 41 22 den
809 515 37 22 det

97 547 48 21 icke
161 548 39 26 gör
216 553 73 14 svarar
303 546 44 28 nej.

164 581 85 22 Vinner
264 581 44 28 nej,
324 581 82 21 införes
417 581 6 21 i
435 581 52 20 sista
501 583 119 19 momentet
630 581 56 22 efter
696 583 62 22 ordet
768 584 78 27 ,dock*

97 615 97 28 följande
210 615 86 28 tillägg:
314 615 78 27 ,sedan
408 615 43 21 hon
467 616 145 27 nyssnämnde
628 616 60 21 ålder
705 619 113 26 uppnått”.

166 649 46 22 Och
228 657 46 14 som
290 649 71 22 denna
376 650 135 28 proposition
524 649 24 22 af
556 650 86 21 ståndet
658 650 128 24 besvarades
797 653 50 22 med

98 684 160 28 öfvervägande
278 685 34 26 ja,
335 683 124 22 förklarade
482 684 49 21 herr
553 684 200 23 landtmarskalken
771 688 9 20 1
798 689 11 26 8
824 688 25 21 af

98 719 117 21 utskottets
243 718 137 21 betänkande
403 725 52 15 vara
477 719 49 21 utaf
546 719 86 21 ståndet
654 720 130 22 oförändrad
810 730 38 13 an-

98 756 72 25 tagen.

167 787 121 28 Angående
310 789 13 20 2
346 788 11 27 8
379 788 94 28 uppstod
496 788 65 28 ingen
582 788 130 29 diskussion,
732 792 52 19 utan
803 791 47 22 blef

98 823 126 21 densamma
240 824 76 26 genast
332 822 48 21 utaf
393 822 86 21 ståndet
494 823 107 27 godkänd.

168 856 41 23 Om
224 856 163 29 ridderskapets
403 856 40 22 och
459 856 73 23 adelns
544 857 142 22 förenämnde
697 858 71 23 beslut
778 860 70 23 skulle

99 894 20 27 ej
137 892 84 21 mindre
236 891 150 28 medstånden,
402 893 27 20 än
446 891 244 29 expeditionsutskottet
704 901 79 20 genom
799 903 49 20 pro-

99 927 159 28 tokollsutdrag
275 926 143 22 underrättas.

168 997 124 28 Föredrogs
311 996 163 29 ridderskapets
490 997 39 20 och
546 996 75 21 adelns
637 997 99 21 enskilda
751 998 99 22 besvärs-

101 1032 93 21 utskotts
210 1031 42 22 den
268 1032 12 20 3
296 1031 7 20 i
318 1031 69 21 denne
404 1031 78 21 månad
498 1030 118 29 bordlagda
632 1031 144 28 betänkande,
792 1033 7 20 i
812 1040 37 14 an-

100 1066 90 28 ledning
206 1065 22 21 af
242 1065 64 22 väckt
316 1065 83 28 förslag
409 1065 33 21 till
454 1065 134 28 underdånig
598 1065 92 28 petition
702 1073 34 14 om
748 1067 102 28 telegraf-

101 1101 76 22 verket
192 1101 6 20 i
214 1100 100 21 Finland.

170 1135 71 21 Sedan
257 1134 147 21 betänkandet
420 1134 71 21 blifvit
506 1135 97 27 uppläst,
618 1135 86 26 yttrade
719 1135 34 28 sig

170 1169 58 21 Herr
243 1176 42 14 von
301 1168 133 22 Schoultz:
451 1169 33 20 De
500 1169 24 20 af
537 1169 106 20 utskottet
653 1169 115 22 förordade
779 1172 70 20 sätten

102 1206 32 20 att
150 1203 148 22 åstadkomma
318 1209 56 22 egna
393 1202 236 29 telegrafförbindelser
645 1203 58 21 inom
718 1203 74 22 landet
807 1205 43 20 kan

100 1240 40 27 jag
158 1238 48 21 icke
225 1238 33 21 till
274 1237 52 21 fullo
341 1237 127 28 godkänna,
484 1237 90 21 emedan
588 1237 75 27 hvarje
678 1238 24 20 af
716 1237 48 22 dem
780 1239 70 20 skulle

102 1273 98 22 medföra
216 1272 74 21 alltför
303 1272 112 27 betydliga
431 1271 153 22 omkostnader
600 1271 33 21 för
649 1273 77 26 staten,
742 1273 74 22 hvilka
829 1273 22 21 vi

103 1314 79 22 genom
205 1307 66 28 något
294 1306 95 22 tålamod
412 1306 104 28 möjligen
539 1305 73 22 kunde
633 1306 101 22 undvika.
764 1307 44 22 Det
828 1309 24 19 är

103 1341 68 21 kändt
192 1342 31 19 att
242 1341 37 19 det
293 1340 125 27 preussiska
432 1340 65 20 huset
512 1340 99 21 Siemens
626 1340 18 20 &
659 1340 83 20 Halske
758 1341 94 20 erhåller

104 1375 24 21 af
141 1375 65 27 ryska
226 1374 83 21 kronan
329 1374 77 26 24,000
422 1373 61 21 rubel
498 1373 73 21 silfver
586 1373 91 28 årligen,
692 1373 160 22 kontraherade

104 1410 29 28 på
154 1408 42 21 tolf
213 1409 35 20 års
268 1407 30 21 tid
320 1407 47 21 från
388 1407 39 21 och
448 1407 50 21 med
519 1407 60 22 1854.
609 1406 29 22 Vi
656 1406 94 24 behöfva
768 1408 85 22 således

106 1444 76 21 endast
202 1444 65 20 vänta
287 1444 80 20 tvenne
385 1442 24 21 år
429 1442 39 21 och
487 1442 55 21 blott
556 1448 29 14 nu
601 1441 87 23 anhålla
702 1448 35 16 om
753 1444 33 21 att
800 1443 54 22 kon-
