1017 1700
782 123 40 20 765

100 185 36 21 det
156 192 52 14 anse
229 186 94 21 nämnde
343 186 62 28 fråga
425 188 70 20 såsom
516 194 26 14 en
562 188 183 27 privilegiifråga,
760 188 89 21 hvilken

100 219 48 21 icke
168 219 72 21 kunde
261 221 137 20 annorlunda
418 222 27 19 än
464 228 78 21 genom
559 222 101 27 samtliga
675 222 103 21 ståndens
794 229 56 13 sam-

99 254 188 21 manstämmande
301 254 72 21 beslut
389 255 93 27 afgöras.
512 255 44 21 För
572 256 45 20 min
633 255 34 20 del
682 257 45 19 tror
740 257 40 26 jag
796 255 54 21 dock

99 287 72 20 denna
186 287 213 28 lagstiftningsfräga
416 288 47 21 icke
479 289 52 21 böra
547 289 69 20 under
631 289 156 28 privilegierna
797 289 53 20 hän-

99 320 65 21 föras.
194 321 50 21 Den
265 321 122 27 åberopade
408 322 11 27 $
438 322 7 20 i
464 322 155 28 privilegierna
635 324 23 19 är
673 323 68 21 redan
757 323 93 28 uppläst.

101 355 53 20 1:sta
174 355 12 26 $
208 355 12 20 9
240 355 51 28 kap.
311 355 135 28 kyrkolagen
475 357 69 28 lyder:
568 356 131 28 ,Uppenbar
723 357 65 20 skrift
810 357 39 20 och

98 389 128 28 kyrkoplikt
246 391 25 20 är
291 389 41 21 den
353 389 210 28 syndabekännelse,
583 397 46 14 som
646 397 27 14 en
689 391 100 28 syndare,
804 391 46 27 lag-

98 429 87 15 vunnen
207 423 39 21 och
267 423 110 22 sakfälder
397 425 40 26 gör
451 425 58 20 inför
524 424 165 29 församlingen,
705 425 27 21 dä
747 425 43 20 han
806 425 43 20 till-

98 457 45 21 stär
159 457 33 29 sig
208 465 51 14 vara
276 458 31 21 uti
323 458 40 21 den
380 458 39 21 sak
435 459 107 28 brottslig,
559 459 34 20 för
608 459 87 21 hvilken
713 459 42 20 har
766 465 83 22 uppen-

99 491 49 22 bart
168 492 99 27 skriftas,
283 492 39 21 och
343 492 91 29 betygar
454 493 33 21 sin
508 494 68 27 ånger
596 493 61 21 öfver
672 493 100 21 bemälde
789 493 61 28 synd,

99 526 68 21 beder
188 527 49 21 Gud
257 527 40 20 och
317 527 157 28 församlingen
495 535 34 14 om
550 527 112 22 förlätelse
683 529 55 20 samt
755 528 94 21 utlofvar

99 561 38 21 bot
151 561 40 21 och
205 562 120 28 bättring."

168 596 32 21 Ur
216 597 63 21 dessa
294 597 84 27 lagrum
398 597 95 28 framgår
509 598 63 26 klart,
589 599 32 19 att
635 597 157 29 kyrkoplikten
810 597 40 22 der

99 630 122 21 betraktats
241 631 49 21 från
311 632 139 27 synpunkten
470 632 23 20 af
511 639 27 14 en
557 631 182 28 kyrkoceremoni
758 632 40 20 och
816 634 33 19 att

99 665 76 27 lagens
190 665 90 28 mening
295 665 57 21 varit
367 667 32 19 att
411 665 120 22 bestämma
542 665 71 22 denna
623 665 121 22 ceremonis
754 666 95 21 väsende

100 699 40 22 och
162 699 104 28 religiösa
289 699 99 22 ändamål
411 699 112 22 äfvensom
547 699 48 22 dess
615 701 58 27 yttre
696 699 62 22 form.
788 700 61 27 Men,

99 734 50 21 med
168 734 113 28 undantag
300 734 24 21 af
341 734 57 21 hvad
418 734 6 21 i
445 735 14 20 4
478 735 11 27 $
509 734 23 21 af
549 734 122 28 åberopade
692 733 49 28 kap.
758 735 39 20 och
813 734 37 28 lag

100 768 87 28 stadgas
203 775 34 14 om
254 768 59 28 dem,
329 776 46 13 som
390 769 58 20 förse
465 769 32 27 sig
512 769 50 21 med
577 769 79 21 delicta
673 768 70 21 carnis
759 769 41 20 och
815 768 34 21 för

98 803 75 21 hvilka
187 802 122 28 förordnas,
324 804 32 19 att
371 803 26 20 de
413 803 61 20 skola
490 803 33 20 stå
537 803 28 28 på
575 802 144 29 pliktapallen
730 803 40 20 och
782 802 67 21 sedan

98 837 8 20 i
127 837 169 28 församlingens
315 839 92 19 närvaro
428 837 85 28 aflösas,
532 837 39 21 har
591 837 36 20 det
650 836 70 28 aldrig
742 836 50 21 hört
815 836 34 21 till

99 871 250 28 kyrkolagstiftningens
370 871 133 28 befogenhet
525 873 31 20 att
577 871 128 26 bestämma,
721 871 34 20 för
775 871 75 21 hvilka

98 906 60 21 brott
178 906 40 21 och
238 906 117 21 förseelser
375 906 127 28 kyrkoplikt
523 906 55 21 skall
597 905 116 28 undergås,
735 907 53 19 utan
810 905 39 21 har

100 940 77 21 sådant
193 940 71 21 städse
279 940 128 21 tillkommit
422 940 41 21 den
478 941 111 20 allmänna
603 939 173 28 lagstiftningen,
787 940 63 21 hvar-

100 982 35 13 om
156 975 104 28 kongliga
279 975 150 28 förklaringen
449 974 40 21 den
510 975 27 21 23
557 981 58 14 mars
638 975 54 20 1807
712 974 39 21 bär
771 975 32 20 ett
818 975 31 20 ta-

99 1009 65 21 lande
186 1009 143 22 vittnesbörd.
359 1009 48 21 Den
430 1009 68 28 fråga,
520 1009 89 21 hvilken
633 1008 162 28 prestaståndet
820 1015 30 14 nu

99 1043 59 21 velat
174 1043 66 28 draga
255 1043 70 21 under
335 1043 236 27 kyrkolagstiftningen
583 1043 40 20 och
634 1043 139 27 följaktligen
784 1043 65 20 äfven

99 1077 69 21 under
183 1078 163 27 privilegierne,
361 1077 69 28 gäller
443 1078 46 27 just
504 1078 42 20 den
559 1076 167 28 omständighet,
742 1076 107 21 huruvida

100 1111 40 21 och
160 1111 34 21 för
214 1112 74 20 hvilka
303 1111 58 21 brott
376 1111 127 28 kyrkoplikt
518 1110 55 22 skall
589 1117 41 21 ega
645 1118 55 19 rum,
716 1117 50 14 men
782 1110 66 28 sagde

100 1143 61 30 fråga
181 1146 46 27 hör,
243 1146 70 28 enligt
332 1145 57 21 hvad
406 1146 40 27 jag
462 1146 113 21 ofvanföre
590 1145 63 27 visat,
668 1145 69 20 under
753 1145 42 20 den
811 1145 38 20 all-

100 1181 79 20 männa
199 1180 176 28 lagstiftningen;
397 1180 40 21 och
457 1180 73 21 kunna
551 1180 20 27 ej
595 1179 68 20 heller
683 1179 79 20 delicta
778 1179 72 20 carnis

100 1221 90 14 numera
205 1221 63 14 anses
283 1214 136 21 annorlunda
433 1215 28 20 än
477 1214 66 21 andra
559 1213 64 26 brott,
638 1213 66 20 sedan
721 1213 40 20 den
777 1213 8 20 i
799 1213 51 27 kyr-

99 1248 95 28 kolagen
210 1249 33 20 för
259 1248 49 21 dem
324 1248 103 28 stadgade
443 1248 138 28 ,uppenbara
596 1247 64 21 skrift
675 1247 40 20 och
727 1247 121 28 aflösning*

100 1282 72 21 blifvit
187 1289 78 21 genom
281 1282 105 28 kongliga
401 1282 155 27 förordningen
573 1281 41 22 den
627 1282 26 20 18
663 1281 119 20 november
794 1281 52 20 1741

99 1315 114 28 afskaffad,
228 1318 53 19 utan
297 1318 32 19 att
344 1316 57 21 hvad
417 1316 65 27 sagde
497 1315 128 27 förordning
640 1315 8 20 i
663 1315 66 27 öfrigt
750 1315 98 20 innehål-

99 1349 32 22 ler
147 1350 116 21 förklarats
279 1357 40 20 ega
335 1349 110 28 egenskap
461 1349 24 20 af
498 1348 219 29 ståndsprivilegium.

168 1383 35 21 Då
222 1383 152 29 ridderskapet
393 1383 40 21 och
452 1383 64 20 adeln
531 1382 84 21 således
630 1382 48 20 icke
693 1381 40 21 har
753 1381 46 21 skäl
818 1384 32 18 att

101 1419 27 28 på
144 1418 41 21 den
201 1418 24 21 af
237 1419 162 28 prestaståndet
418 1417 121 28 åberopade
555 1417 70 28 grund
644 1416 77 29 frångå
737 1416 36 22 sitt
792 1416 58 21 förra
