1025 1706
807 135 26 23 47

111 201 55 30 ning
187 201 24 23 af
231 201 51 23 herr
305 200 145 25 Silfversvans
472 200 124 30 memorial,
619 202 94 30 uppstod
733 210 27 14 en
775 202 88 29 mycket

111 237 55 28 liflig
187 237 123 21 diskussion
330 238 113 28 angäende
464 238 103 28 rättighet
587 237 36 21 för
643 237 117 21 ständerne
779 239 31 19 att
826 237 37 21 be-

111 273 92 19 stämma
224 272 139 20 tullsatserne
387 272 53 21 eller
460 272 55 21 icke.
551 272 43 21 För
614 274 32 19 att
666 272 105 26 undvika,
787 273 31 19 att
834 278 27 14 en

112 305 60 28 dylik
188 306 53 20 strid
257 306 74 21 vidare
347 306 69 21 skulle
432 307 121 26 fortsättas,
569 306 39 20 har
619 306 107 21 utskottet
737 305 65 21 också
812 305 51 21 sökt

111 341 102 27 uppsätta
229 340 37 21 sitt
281 340 137 21 betänkande
434 341 30 27 så,
480 342 32 20 att
527 340 36 21 det
577 340 48 21 icke
641 340 74 21 vidare
732 340 48 20 bort
795 339 68 22 blifva

111 374 62 28 fråga
184 381 35 14 om
229 374 41 21 den
283 381 41 14 ena
335 374 54 22 eller
399 374 68 22 andra
478 374 154 22 statsmaktens
641 374 119 29 rättighet
755 369 13 39 i
769 373 94 22 nämnde

111 408 109 21 afseende.
245 408 42 21 Vid
303 409 77 21 sådant
388 409 143 24 förhållande
545 409 76 28 tyckes
636 409 55 28 mig,
703 410 31 19 att
744 408 119 21 utskottets

110 442 139 22 betänkande
269 449 91 15 numera
375 445 52 19 utan
443 443 140 29 upprepande
599 443 24 21 af
635 443 26 21 de
677 443 59 21 olika
752 443 111 28 åsigterna

110 477 7 20 i
133 478 74 21 ämnet
221 477 40 22 bör
275 477 47 22 helt
337 478 74 21 enkelt
426 480 91 26 antagas
533 478 54 21 eller
603 478 114 21 förkastas.

179 512 58 21 Herr
252 519 42 14 von
309 512 81 28 Born,
407 513 21 21 J.
443 513 37 21 A.:
503 513 78 22 Redan
596 512 69 22 under
680 513 42 21 den
738 511 123 23 diskussion

109 546 33 22 uti
156 547 167 28 ifrågavarande
338 549 71 26 ämne,
425 554 47 14 som
486 548 7 21 i
507 547 77 29 början
599 547 23 22 af
635 547 133 28 landtdagen
784 547 77 29 försig-

108 581 52 29 gick
176 582 7 21 i
198 582 119 29 anledning
331 582 24 21 af
368 589 27 14 en
410 589 73 14 annan
498 582 52 21 ärad
566 582 104 21 medlems
681 582 8 21 i
700 582 96 27 ståndet,
809 581 53 23 herr

110 615 145 22 Silfversvans
276 617 93 28 petition
390 624 35 14 om
440 617 85 22 landets
541 617 98 21 ständers
654 616 183 22 återförsättande
852 617 8 21 i

109 651 102 28 utöfning
226 651 23 21 af
263 651 48 28 den,
328 651 56 22 efter
398 651 55 22 hans
469 651 150 29 uppfattning,
635 651 48 22 dem
695 651 165 22 tillkommande

108 685 107 29 rättighet
234 687 32 20 att
286 686 86 29 reglera
390 686 116 28 tulltaxan,
522 687 40 21 har
575 687 39 28 jag
629 686 46 22 haft
691 688 53 19 äran
758 686 102 21 utveckla

108 721 51 27 och,
180 721 71 21 såsom
269 721 40 28 jag
327 723 52 25 tror,
394 721 28 29 på
438 723 32 20 ett
485 721 156 29 öfvertygande
657 723 43 19 sätt
715 721 144 28 ådagalägga,

109 757 32 20 att
160 755 133 29 rättigheten
314 756 34 20 till
368 756 151 21 tullsatsernas
538 755 164 22 bestämmande
724 756 68 27 enligt
807 757 53 20 våra

107 790 132 29 nugällande
255 790 132 29 grundlagar
403 791 133 22 tillkommer
551 791 48 21 icke
615 791 126 26 ständerna,
757 792 52 19 utan
824 797 34 14 re-

108 827 81 27 genten
210 832 81 15 ensam.
326 825 167 29 Befogenheten
512 825 25 22 af
553 827 31 20 ett
600 825 69 28 dylikt
684 825 118 28 påstående
818 825 40 22 har

107 861 7 21 i
130 860 43 28 dag
188 861 24 20 af
225 867 81 15 samme
322 861 65 21 ärade
403 861 93 22 medlem
512 861 23 21 af
549 860 86 22 ståndet
647 861 128 28 ytterligare
788 859 71 22 blifvit

106 895 121 28 ifrågasatt.
257 894 76 22 Ehuru
353 895 42 22 den
413 896 104 27 petition,
537 895 88 22 hvilken
641 895 6 21 i
664 895 42 28 dag
721 896 64 27 utgör
800 895 57 21 före-

107 930 43 20 mål
165 929 35 21 för
215 930 96 20 ståndets
327 929 142 29 behandling,
484 930 49 21 icke
549 936 38 14 ens
603 929 7 21 i
624 929 47 21 sina
686 929 118 28 premisser
818 929 40 28 går

107 964 24 21 så
145 964 62 28 långt
221 970 46 15 som
283 964 42 21 den
341 964 131 28 föregående
488 964 167 28 petitionärens,
671 964 40 21 och
726 963 37 21 vid
780 963 78 21 sådant

106 998 136 22 förhållande
263 998 30 21 all
313 998 123 22 diskussion
456 1006 35 14 om
511 998 130 22 ständernas
655 998 134 28 befogerhet
803 998 55 22 att
846 994 15 37 i

106 1033 63 29 fråga
191 1040 35 14 om
249 1033 218 29 tull-lagstiftningen
490 1034 65 21 hafva
577 1033 128 21 beslutande
728 1034 44 20 rätt
792 1039 65 22 synes

106 1074 91 15 numera
217 1067 74 21 kunna
311 1067 96 27 förfalla,
422 1068 99 21 anhåller
533 1068 40 28 jag
587 1068 76 26 likväl,
679 1068 8 20 i
702 1066 118 29 anledning
836 1067 24 22 af

105 1102 58 22 hvad
183 1102 50 21 herr
255 1102 134 22 Silfversvan
409 1102 8 21 i
437 1102 59 22 detta
516 1105 63 19 ämne
595 1103 7 20 i
618 1102 42 28 dag
675 1102 128 28 ytterligare
819 1108 38 15 an-

106 1137 82 28 dragit,
211 1138 31 20 att
264 1137 7 21 i
295 1138 79 20 största
396 1136 88 22 korthet
503 1138 24 21 få
541 1139 50 19 utur
606 1138 50 20 mitt
671 1136 42 22 den
729 1136 13 21 5
758 1136 99 22 sistlidne

106 1172 92 22 oktober
221 1172 77 28 gjorda
320 1172 119 22 anförande
459 1173 7 20 i
482 1174 73 20 ämnet
569 1172 109 28 åberopa,
690 1173 32 19 att
737 1178 28 14 en
777 1171 80 28 jemfö-

105 1203 57 26 relse
183 1207 94 21 emellan
298 1207 117 27 ordalagen
434 1207 7 21 i
458 1208 53 20 1719
528 1207 40 21 och
585 1207 54 21 1720
655 1206 63 22 årens
734 1206 121 28 regentför-

106 1241 79 28 säkran
200 1240 40 22 och
255 1241 134 21 sistnämnde
404 1242 35 20 års
455 1241 171 29 regeringsform
641 1240 51 22 med
707 1241 27 21 45
750 1242 11 26 &
777 1240 8 21 i
801 1241 54 21 1772

105 1276 35 22 års
160 1275 172 29 regeringsform
351 1276 57 21 klart
422 1276 41 21 och
479 1276 161 28 ovedersägligt
655 1275 153 28 ådagalägger,
824 1276 33 20 att

104 1317 79 22 genom
207 1310 134 22 sistnämnde
361 1311 12 27 8
393 1310 329 28 tullbeskattningsrättigheten
743 1310 113 27 öfvergick

104 1344 49 27 från
176 1344 118 20 ständerna
316 1344 35 20 till
372 1344 128 21 monarken.
534 1344 116 20 Huruvida
669 1343 114 28 verkligen
800 1344 54 20 1772

104 1378 35 21 års
155 1378 88 21 ständer
257 1385 38 13 ens
311 1384 58 22 noga
383 1378 115 27 betänkte,
512 1378 58 21 hvad
585 1378 26 20 de
627 1384 79 22 genom
722 1378 133 27 antagandet

104 1414 24 20 af
141 1412 147 30 nyssnämnde
304 1414 11 27 $
331 1412 96 28 afstodo,
442 1413 37 21 vill
492 1413 41 28 jag
542 1413 73 21 lemna
625 1412 91 28 derhän;
733 1412 40 22 och
784 1414 23 20 är
814 1413 41 28 jag

104 1448 52 30 böjd
176 1449 32 20 att
228 1449 44 27 tro,
292 1449 32 20 att
339 1447 37 22 det
392 1455 38 14 var
446 1448 77 21 liksom
539 1453 79 23 genom
634 1453 27 17 en
677 1447 177 30 öfverraskning,
