1020 1709
181 133 40 20 776

153 198 31 20 sin
201 197 145 21 lefnadsafton
363 197 81 21 erhölle
461 197 71 27 någon
549 196 69 28 hjelp;
635 196 98 20 deremot
749 197 36 19 äro
799 195 33 27 de,
852 202 46 14 som

152 231 87 21 inträda
258 232 7 20 i
284 230 170 28 ordningsföljd,
472 232 78 19 nästan
568 230 43 20 alla
630 236 57 22 unga
702 230 40 20 och
758 230 64 20 hafva
840 230 59 20 tiden

153 266 34 20 för
202 266 40 27 sig.

221 300 58 21 Herr
297 307 42 14 von
354 299 80 27 Born,
451 300 27 21 K.
497 300 35 20 F.:
553 299 34 21 Då
599 299 301 28 jungfrustiftsinrättningen

153 335 24 20 år
194 335 53 20 1855
263 335 171 27 organiserades,
449 341 38 14 var
502 334 37 21 det
554 333 83 28 nödigt,
649 333 33 21 för
692 335 32 19 att
734 333 23 22 få
767 333 41 21 den
819 333 8 20 i
837 333 64 28 gång,

153 371 32 18 att
205 375 23 15 se
248 369 43 26 till,
312 369 37 21 det
368 369 7 20 i
394 369 48 20 dess
456 369 64 21 kassa
535 368 70 21 skulle
620 368 70 21 finnas
706 368 127 28 tillräckligt
848 375 53 20 pen-

153 404 79 27 ningar
247 403 34 21 för
292 403 144 28 jungfrurnas
450 403 163 28 pensionering.
633 403 50 20 Den
698 403 58 26 fond,
771 410 44 13 som
832 403 70 20 öfver-

153 438 73 21 fördes
246 438 48 21 från
315 438 200 26 riddarhuskassan,
533 444 39 15 var
590 438 20 27 ej
627 437 24 21 så
665 437 108 28 betydlig,
789 439 32 19 att
835 437 67 28 något

154 475 70 19 större
239 473 59 21 antal
313 473 55 21 hade
384 473 82 21 kunnat
487 473 96 20 derifrån
597 472 151 28 pensioneras;
765 471 36 21 det
816 479 37 14 var
869 473 33 20 så-

153 508 60 21 ledes
235 507 134 28 nödvändigt
391 510 32 18 att
444 507 109 21 förstärka
579 507 91 20 fondens
692 507 127 27 tillgångar;
842 507 60 20 detta

155 542 81 21 skedde
259 542 133 27 derigenom,
415 543 32 19 att
468 542 125 21 hvarochen
613 541 59 28 adlig
689 541 97 28 jungfru,
803 547 45 15 som
865 543 36 19 ön-

154 576 67 21 skade
237 576 67 21 blifva
320 576 119 21 inskrifven
455 576 6 21 i
477 576 148 27 inrättningen
643 575 39 21 och
695 575 49 21 icke
760 583 37 14 var
812 575 90 22 alldeles

155 611 114 24 medellös,
290 611 66 20 också
376 611 69 20 skulle
468 611 73 20 betala
557 617 27 14 en
599 609 168 28 inträdesafgift.
797 610 64 21 Hade
876 611 26 20 de

154 644 49 22 icke
223 645 27 21 då
269 645 154 20 tillförsäkrats
443 647 31 18 att
490 645 6 20 i
512 651 27 14 en
555 645 43 20 viss
619 644 158 28 ordningsföljd
793 644 87 21 komma
895 645 8 20 i

155 679 127 29 åtnjutande
298 679 24 21 af
334 679 162 28 pensionering,
511 679 42 21 den
568 678 57 21 enda
639 678 76 27 fördel,
726 685 46 14 som
788 679 114 21 inrättnin-

155 720 42 21 gen
213 714 39 21 har
268 715 32 20 att
314 713 97 28 erbjuda,
427 715 23 20 så
465 713 70 22 skulle
551 713 33 21 väl
601 713 20 28 ej
638 713 68 21 heller
722 713 71 28 någon
809 714 48 21 låtit
870 714 32 21 in-

155 748 82 21 skrifva
257 748 34 28 sig
310 748 46 21 deri
376 748 41 21 och
436 748 32 21 till
489 748 78 21 kassan
583 747 72 28 erlagt
669 747 70 28 afgift.
769 748 133 28 Derigenom

155 789 58 14 vann
233 782 123 21 emellertid
376 783 78 20 kassan
475 782 41 21 den
535 782 80 27 nödiga
629 782 188 28 förstärkningen,
833 783 23 20 så
871 785 33 18 att

155 817 149 27 inrättningen
320 817 72 20 kunde
408 817 136 28 organiseras
558 817 41 20 och
613 816 89 28 bringas
716 817 33 20 till
767 817 136 28 verkställig-

155 851 44 22 het.
229 851 75 22 Skulle
327 859 49 14 man
398 859 35 20 nu,
454 851 70 22 såsom
540 851 50 22 herr
605 859 42 14 von
663 851 102 22 Schoultz
781 852 123 29 föreslagit,

155 886 116 29 godkänna
294 887 113 28 principen
428 888 31 19 att
478 887 78 28 frångå
575 886 196 29 ordningsföljden,
791 887 23 20 sä
832 887 70 22 blefve

156 921 43 22 alla
219 921 36 27 de,
276 928 46 14 som
340 921 49 21 låtit
404 921 105 22 inskrifva
524 921 34 28 sig
572 921 7 21 i
592 921 311 29 jungfrustiftsinrättningen,

155 962 51 15 man
221 955 43 22 kan
280 957 52 26 säga
347 955 43 28 det,
406 956 134 28 fullkomligt
554 955 103 28 narrade;
673 955 26 21 de
715 956 72 21 kunde
799 957 19 27 ej
830 957 73 21 vidare

155 990 99 28 påräkna
274 992 32 19 att
326 990 55 21 efter
397 990 26 21 de
439 991 101 27 grunder,
556 997 46 14 som
617 997 52 14 voro
685 990 132 27 fastställda,
833 991 28 21 då
876 991 27 21 de

156 1024 43 21 läto
215 1025 107 20 inskrifva
337 1025 43 27 sig,
396 1025 82 21 erhålla
497 1025 119 21 understöd
634 1024 102 21 derifrän.
766 1025 34 21 De
815 1025 88 28 fattiga,

155 1066 47 14 som
224 1059 82 21 erhölle
330 1059 207 28 gratialunderstöd,
560 1061 37 18 äro
618 1059 66 21 också
704 1059 89 28 sådana,
815 1067 47 14 som
882 1061 20 27 ej

156 1093 69 21 betalt
244 1094 68 27 några
333 1093 193 28 inträdesafgifter,
546 1095 23 26 ty
585 1093 26 22 de
626 1093 65 22 hafva
706 1093 71 22 blifvit
795 1094 108 21 inskrifna

155 1129 29 26 på
207 1128 70 28 grund
299 1127 24 22 af
342 1128 194 28 fattigdomsbevis.
566 1129 39 20 Att
628 1128 77 28 frångå
725 1128 71 21 denna
817 1129 86 28 princip

155 1169 65 14 anser
239 1163 40 27 jag
300 1162 86 21 derföre
409 1169 51 14 vara
478 1170 27 14 en
521 1163 104 20 orättvisa
641 1165 44 18 mot
700 1163 58 26 dem,
775 1170 45 13 som
836 1163 68 22 betalt

157 1203 27 14 en
204 1196 67 21 sådan
291 1197 73 27 afgift,
385 1197 39 21 och
444 1199 32 19 att
496 1197 84 21 kränka
599 1197 62 21 deras
677 1197 48 26 dem
741 1197 162 22 tillförsäkrade

156 1230 111 28 rättighet.
296 1230 129 22 Emellertid
444 1231 128 21 instämmer
589 1231 40 28 jag
643 1231 50 21 med
708 1232 51 26 nöje
774 1231 6 20 i
796 1232 51 21 herr
862 1239 41 14 von

156 1263 127 21 Bonsdorffs
306 1264 66 27 åsigt,
395 1266 32 18 att
446 1271 50 14 man
516 1265 36 20 vid
572 1264 59 21 detta
649 1264 87 21 tillfälle
753 1265 72 20 kunde
840 1265 25 20 af
877 1265 27 21 de

156 1297 43 21 fem
222 1304 43 21 nya
287 1298 154 27 pensionerna,
453 1295 58 24 som
530 1299 37 20 äro
582 1298 134 28 föreslagna,
732 1298 83 21 tilldela
831 1299 36 20 två
881 1299 23 20 åt

156 1331 119 22 medellösa
288 1333 103 27 jungfrur
406 1333 39 21 och
461 1333 77 21 endast
552 1335 33 19 tre
600 1333 7 20 i
624 1333 165 28 ordningsföljd.
812 1333 43 29 Jag
866 1334 38 21 vill

156 1366 68 21 likväl
243 1367 49 21 icke
310 1367 78 21 härvid
407 1367 117 28 godkänna
538 1368 43 21 alla
597 1367 26 22 de
639 1367 91 22 motiver
745 1367 96 28 derföre,
857 1375 46 14 som

156 1401 50 21 herr
221 1408 43 14 von
279 1401 119 22 Bonsdorff
411 1401 81 28 anfört,
507 1402 33 21 till
556 1403 99 28 exempel
670 1403 32 20 att
717 1402 33 28 de,
765 1409 45 14 som
821 1403 84 21 erhålla

155 1436 117 28 pensioner
287 1437 7 21 i
309 1436 166 30 ordningsföljd,
490 1437 70 21 skulle
576 1444 52 15 vara
642 1437 33 21 till
685 1438 137 22 lefnadsåren
839 1445 65 21 unga,
