1003 1709
772 134 40 20 547

95 196 46 22 folk
156 196 7 21 i
179 196 76 22 sådant
276 196 143 29 förhållande,
436 200 32 19 att
484 198 119 22 detsamma
621 199 19 27 ej
657 199 47 21 haft
718 199 122 22 kännedom

95 238 34 14 om
151 231 82 21 hennes
253 232 108 27 tillstånd,
378 233 23 20 så
419 232 66 22 borde
501 233 132 21 värdsfolket
650 234 20 27 ej
686 234 64 27 göras
766 241 75 15 ansva-

95 266 44 28 rigt
159 266 33 20 för
212 266 82 21 hennes
315 266 154 28 tillgöranden,
486 267 44 21 lika
550 267 48 22 litet
613 274 46 14 som
675 268 111 21 husbonde
802 268 40 21 och

95 301 120 20 matmoder
239 301 74 20 kunna
336 301 68 28 enligt
424 302 59 21 detta
503 309 63 14 mom.
587 302 67 21 blifva
674 303 114 27 ansvarige
809 303 33 20 för

96 335 138 26 barnamord,
251 342 34 15 om
307 335 25 21 de
354 336 19 27 ej
395 338 36 25 egt
451 336 90 28 vetskap
562 343 34 14 om
611 336 169 28 tjenstehjonets
796 337 46 21 haf-

95 369 70 22 vande
186 370 105 21 tillstånd.
321 363 133 35 Åliggandet
472 372 32 19 att
519 371 6 20 i
541 371 57 20 vissa
617 370 38 21 fall
673 373 51 26 taga
738 371 53 21 vård
806 378 34 14 om

96 404 54 28 ogift
166 404 167 21 barnaföderska
351 404 57 21 finna
424 405 20 20 vi
460 405 64 21 äfven
540 405 108 21 utsträckt
663 405 33 21 till
712 405 68 22 andra
794 412 48 21 per-

96 445 63 14 soner
180 440 27 19 än
227 438 106 21 föräldrar
351 438 40 21 och
410 439 124 21 husbönder
549 439 32 21 uti
597 439 57 22 förut
669 439 114 22 utfärdade
798 440 43 21 för-

95 473 128 28 fattningar;
243 473 113 21 deribland
376 473 32 21 uti
428 473 66 28 nådig
513 473 131 28 kungörelse
666 474 24 21 af
708 474 41 21 den
771 475 11 20 6
799 475 43 28 maj

97 509 51 20 1861
171 508 113 28 angående
305 508 101 27 åtgärder
425 508 32 21 till
476 508 178 22 förekommande
669 509 24 21 af
706 509 137 27 barnamord,

96 543 38 21 der
150 542 37 22 det
201 543 6 20 i
224 543 11 28 $
251 543 12 20 2
280 542 97 28 stadgas:
398 543 133 27 ,Föräldrar,
551 543 124 21 husbönder
696 543 39 22 och
753 545 90 20 matmö-

97 577 50 22 drar
166 577 52 21 eller
234 577 77 27 andra,
328 577 7 20 i
351 577 85 22 hvilkas
453 578 67 27 tjenst
536 578 54 21 eller
605 581 107 19 närmaste
728 578 116 29 omgifning

97 613 54 27 ogift
172 611 179 28 barnaföderska,
368 619 44 14 som
435 612 63 28 bragt
518 612 38 21 sitt
575 612 68 21 foster
664 619 33 14 om
714 612 62 22 lifvet
791 613 53 21 eller

96 647 46 27 lagt
162 646 37 21 det
214 647 13 20 &
242 646 61 27 lönn,
320 647 68 20 under
408 647 90 20 sednare
519 647 103 27 perioden
643 647 24 20 af
684 647 37 20 sitt
736 647 107 21 hafvande

97 681 98 21 tillstånd
217 681 86 27 vistats,
327 681 62 20 skola
408 681 34 21 för
462 681 163 21 uraktlåtenhet
644 683 32 18 att
697 688 56 21 egna
773 682 71 21 henne

97 716 66 27 nödig
178 715 52 21 vård
246 715 97 21 dömmas
358 715 33 21 till
405 718 90 18 ansvar"
512 722 18 14 o.
548 723 16 13 s.
580 723 20 12 v.

165 749 102 22 Friherre
283 749 139 28 Carpelan:
439 750 43 28 Jag
497 757 63 14 anser
576 750 71 21 denna
663 750 144 27 anmärkning
823 750 20 28 ej

96 792 53 14 vara
165 784 49 21 fullt
229 783 94 29 befogad
339 785 39 20 och
394 784 90 27 fruktar,
500 786 32 20 att
547 784 145 21 förhållandet
707 791 79 22 genom
801 785 44 20 för-

97 821 81 27 slagets
197 819 122 28 antagande
340 819 70 21 skulle
428 819 68 22 blifva
511 821 70 20 sämre
596 821 27 18 än
639 819 37 21 det
691 819 77 21 hittills
784 819 61 27 varit,

98 857 22 26 ty
144 854 51 29 föga
216 853 71 22 skulle
310 853 27 22 då
359 854 71 28 någon
453 854 52 28 vilja
525 854 7 21 i
553 853 37 22 sitt
609 853 41 22 hus
670 856 50 27 taga
741 856 58 19 emot
819 861 27 14 en

99 889 90 28 gvinna,
209 896 46 13 som
276 888 71 21 kunde
363 889 131 21 misstänkas
509 896 52 14 vara
576 888 114 22 hafvande.
721 890 39 20 Att
774 888 73 22 värds-

98 924 46 21 folk
159 923 70 21 skulle
245 923 82 28 nödgas
343 923 66 21 värda
425 924 33 27 sig
473 930 34 14 om
524 923 33 21 sin
571 923 114 28 hyresgäst
703 923 69 21 finnes
788 923 58 21 dess-

99 961 59 18 utom
175 957 139 28 ingenstädes
329 957 91 29 häntydt
435 959 7 20 i
457 958 38 21 vär
511 957 145 30 lagstiftning.

167 992 169 28 Tfrägavarande
359 993 11 27 &
395 993 22 20 11
443 993 55 26 blef,
517 993 28 28 pä
565 993 50 21 herr
635 992 212 21 landtmarskalkens

100 1028 74 21 derom
190 1027 77 28 gjorda
282 1027 170 28 framställning,
468 1029 52 20 utan
533 1027 71 28 nägon
621 1027 93 28 ändring
729 1027 24 21 af
765 1027 83 21 ridder-

100 1063 78 28 skapet
193 1062 39 21 och
248 1062 63 21 adeln
327 1062 74 28 gillad.

168 1097 120 28 Angående
303 1097 12 28 8
332 1097 25 20 12
372 1097 55 21 utlät
442 1097 33 28 sig

169 1132 57 21 Herr
242 1131 91 29 Späre,
350 1131 27 22 K.
394 1130 46 22 W.:
461 1132 43 27 Jag
524 1138 64 15 anser
607 1132 12 27 $
639 1131 75 22 kunna
733 1131 53 28 utgä
804 1131 46 21 helt

102 1167 40 21 och
157 1167 74 27 hället,
247 1169 24 25 ty
286 1166 57 27 häfd,
359 1173 45 14 som
421 1166 59 21 skett
495 1167 58 20 utom
570 1165 128 28 äktenskap,
709 1167 24 19 är
748 1165 34 22 väl
796 1165 54 21 olof-

101 1202 37 27 lig.
161 1201 117 21 Dessutom
294 1201 62 20 heter
371 1200 45 21 det:
428 1207 34 14 om
474 1200 117 21 häfdandet
607 1200 57 21 skett
680 1199 56 22 efter
746 1199 103 28 fästning.

102 1236 97 24 Ovinnan
216 1235 42 21 kan
274 1242 52 14 vara
341 1235 43 20 fäst
399 1235 49 20 med
464 1241 28 14 en
507 1235 40 20 och
562 1234 75 28 lägrad
654 1234 23 20 af
690 1241 27 14 en
733 1241 78 14 annan.

170 1269 32 21 På
220 1270 50 20 herr
289 1269 211 21 landtmarskalkens
519 1268 77 29 gjorda
611 1268 61 27 fråga
688 1269 66 26 antog
769 1268 81 21 ridder-

103 1305 77 28 skapet
200 1304 40 21 och
259 1303 64 22 adeln
341 1303 66 28 sagde
428 1305 11 26 $
459 1304 36 26 12,
510 1303 93 21 likasom
619 1303 64 20 äfven
698 1302 125 28 påföljande
839 1303 12 26 $

103 1340 34 25 13,
153 1340 52 19 utan
221 1337 98 28 ändring.

171 1373 12 26 8
200 1372 26 20 14
242 1371 111 28 upplästes
369 1378 29 13 nu
414 1371 39 20 och
467 1371 85 27 yttrade
563 1370 40 27 sig,
613 1369 135 22 beträffande
760 1370 92 27 denna
838 1365 17 38 $

171 1405 59 22 Herr
246 1405 160 29 Jägerhorn,
421 1405 27 21 K.
465 1405 31 21 J.:
518 1404 42 29 Jag
580 1403 55 22 hade
655 1404 28 28 på
702 1403 150 29 förmiddagen

103 1443 52 21 äran
171 1442 87 25 nämna,
272 1440 103 21 hurusom
384 1440 46 28 jag,
441 1446 80 22 genom
534 1438 151 30 aktgifvandet
695 1439 28 28 på
734 1438 120 22 statistiska
