992 1709
774 116 42 21 215

90 190 39 14 nes
150 182 191 28 dagtraktamente
355 181 40 24 bör
410 182 63 28 utgå,
489 189 61 15 anser
563 182 40 28 jag
618 182 36 22 det
670 182 120 28 sjelffallet,
806 184 33 20 att

90 218 28 20 då
133 217 109 21 ordinarie
261 216 184 28 bankfullmäktig
466 216 24 21 af
506 217 50 27 laga
572 217 72 21 förfall
660 218 23 20 är
698 217 93 21 hindrad
806 219 32 19 att

90 252 75 20 utöfva
179 251 34 21 sin
228 251 75 27 tjenst,
320 250 39 22 bör
373 250 90 22 arvodet
479 251 70 21 såsom
562 251 37 21 det
614 252 24 20 är
653 251 119 28 föreslaget
786 252 53 27 utgå

90 286 24 21 af
134 285 201 29 hypoteksfondens
358 285 130 27 räntevinst,
509 292 50 14 men
579 285 7 20 i
606 285 26 21 de
652 285 47 27 fall,
720 285 27 21 då
765 286 72 27 någon

88 319 185 28 bankfullmäktig
288 319 48 22 icke
352 320 24 20 af
388 319 50 29 laga
453 319 73 21 förfall
540 321 25 19 är
580 319 98 27 hindrad,
695 321 50 19 utan
762 320 77 21 endast

88 355 24 21 af
130 354 85 22 enskild
236 354 119 28 anledning
375 354 70 22 skulle
465 354 53 28 vilja
536 354 98 28 aflägsna
649 354 33 28 sig
697 354 47 22 från
762 354 75 22 staden

88 390 54 21 eller
163 390 142 27 undandraga
325 390 33 27 sig
377 388 27 22 de
423 389 80 21 honom
518 388 116 29 åliggande
650 389 108 28 göromål,
774 397 63 14 anser

86 426 46 26 jag,
146 426 31 20 att
192 424 43 21 han
251 424 40 21 och
307 423 48 22 icke
370 423 87 21 banken
473 423 39 21 bör
527 424 73 20 betala
615 424 155 28 suppleantens
786 424 51 28 dag-

88 459 156 27 traktamente;
260 458 39 21 och
313 458 90 22 föreslår
416 458 40 28 jag
471 460 31 20 att
518 458 128 28 stadgandet
664 458 4 21 i
680 458 119 22 momentet
812 460 25 20 12

88 494 68 21 måtte
171 494 7 20 i
194 492 226 23 öfverensstämmelse
436 493 88 21 härmed
538 493 85 21 ändras.

156 528 102 22 Friherre
275 528 137 28 Carpelan:
429 527 64 22 Hvad
508 528 222 21 bankdirektörernes
741 528 96 28 aflöning

88 563 68 28 angår
175 562 87 22 förenar
280 562 39 28 jag
339 562 45 28 mig
398 562 8 21 i
421 562 57 21 hvad
497 562 51 22 herr
568 569 41 14 von
628 562 61 21 Born
709 564 68 26 yttrat
797 563 40 21 och

88 597 70 22 skulle
174 604 67 21 gerna
256 596 49 22 med
320 596 45 22 min
381 598 46 20 röst
442 597 52 28 vilja
509 596 71 22 befria
594 596 63 22 äfven
673 597 49 21 dem
736 597 48 21 från
794 598 44 20 alla

88 632 210 28 näringsomsorger,
313 638 51 15 men
384 632 42 21 den
445 631 77 29 frågan
538 632 117 28 föreligger
670 632 48 21 icke
734 639 30 14 nu
780 632 56 22 stån-

88 667 48 22 dets
159 666 138 28 behandling.
327 666 45 22 Det
394 668 25 20 är
441 674 28 14 en
489 666 111 29 beklaglig
618 667 171 28 omständighet,
806 668 31 20 att

88 703 176 28 tjenstemännen
280 702 7 20 i
303 702 74 20 landet
391 701 8 21 i
414 701 119 21 allmänhet
550 701 61 21 skola
624 708 52 14 vara
691 702 25 20 så
730 701 107 27 aflönade,

88 739 32 20 att
142 744 50 14 man
215 736 94 28 mången
330 737 58 27 gång
410 736 69 21 måste
501 736 81 22 blunda
602 736 34 21 för
656 737 63 21 deras
739 737 36 21 fel.
805 736 33 24 Få

88 772 176 29 tjenstemännen
288 778 27 14 en
338 770 67 23 sådan
425 770 104 29 aflöning,
546 772 32 20 att
600 771 26 21 de
649 770 89 22 dermed
763 771 74 22 kunna

87 808 65 26 lefva,
167 806 36 22 må
217 813 51 15 man
284 812 23 15 se
322 805 33 22 till
371 806 32 21 att
419 806 26 20 de
461 806 65 20 också
541 805 94 28 fullgöra
648 806 48 20 sina
706 805 131 29 åligganden

88 842 35 22 till
137 842 70 28 punkt
222 841 41 21 och
277 840 86 29 pricka;
379 847 30 15 nu
423 842 24 19 är
463 840 36 21 det
514 840 49 21 icke
578 841 31 26 så,
624 840 39 21 och
680 840 36 21 det
732 840 68 28 gäller
812 841 25 21 de

88 878 63 20 flesta
170 875 165 23 underordnade
355 876 176 27 tjenstemännen
552 875 7 21 i
577 875 81 21 landet.
689 875 42 28 Jag
746 875 42 21 kan
804 875 35 22 för

89 912 45 22 min
154 911 35 21 del
208 910 48 22 ieke
272 910 53 28 gilla
341 910 36 21 det
391 910 83 28 förslag
492 911 32 20 att
539 916 27 15 en
584 909 190 28 bankfullmäktig,
792 917 45 14 som

88 947 49 21 frän
158 953 71 15 annan
250 947 35 20 ort
303 945 104 28 inflyttar,
424 945 69 21 skulle
512 944 39 22 här
568 944 56 22 efter
639 946 33 19 tre
688 945 23 21 är
727 944 22 22 fä
764 945 74 28 ätnöja

89 982 35 28 sig
144 981 49 21 med
208 980 93 22 allenast
317 980 63 27 6,000
395 980 62 21 mark
473 987 33 14 om
522 980 56 26 äret,
594 981 22 27 ty
632 979 89 21 dermed
736 979 43 21 kan
795 980 42 21 han

89 1017 49 21 icke
158 1015 65 22 hafva
239 1016 32 21 sin
287 1015 104 21 utkomst.
422 1014 43 29 Jag
480 1016 86 20 voterar
581 1016 31 19 att
628 1014 42 22 han
686 1014 68 21 mätte
770 1015 69 20 under

88 1051 50 21 hela
157 1050 60 22 tiden
236 1050 43 21 han
293 1050 152 21 funktionerar
460 1050 22 20 fä
496 1050 85 27 ätnjuta
596 1049 132 21 ätminstone
744 1056 27 14 en
787 1049 51 21 aflö-

88 1087 54 27 ning
158 1086 23 21 af
196 1086 75 26 10,000
287 1084 68 28 mark,
371 1091 46 15 som
434 1084 68 28 enligt
518 1084 44 21 min
574 1084 56 28 äsigt
641 1085 23 20 är
675 1084 83 28 ganska
769 1084 68 28 ringa.

89 1121 43 29 Jag
148 1120 69 22 skulle
233 1127 68 21 gerna
315 1120 54 28 vilja
383 1121 75 19 votera
474 1119 125 28 aflöningen
615 1118 53 22 eller
684 1120 81 19 rättare
776 1125 61 15 arvo-

88 1156 37 21 det
144 1155 33 21 till
198 1155 75 26 14,000
294 1154 67 22 mark.
391 1154 38 21 Mä
443 1161 50 14 man
509 1153 148 28 ihägkomma,
674 1155 30 19 att
720 1153 117 21 fullmäkti-

89 1196 54 22 gens
158 1189 105 28 ställning
278 1190 24 20 är
317 1188 83 28 ganska
415 1188 99 28 vansklig
530 1188 40 20 och
585 1189 32 19 att
632 1188 50 26 han,
696 1187 27 21 dä
738 1188 42 20 han
796 1188 42 20 hit-

89 1225 80 28 flyttar,
189 1224 94 22 förlorar
302 1223 57 21 hvad
378 1222 43 22 han
440 1223 46 21 haft
506 1222 7 21 i
533 1222 113 21 hemorten
667 1222 39 21 och
728 1222 42 20 kan
787 1228 51 15 vara

88 1258 111 28 ruinerad,
209 1258 48 21 ifall
270 1258 43 22 han
329 1258 56 21 efter
399 1257 51 21 kort
465 1257 31 21 tid
512 1257 68 21 mäste
591 1256 85 22 afträda
686 1257 49 21 frän
746 1256 32 21 sin
789 1256 50 21 full-

89 1292 216 29 mäktigbefattning.
334 1292 117 22 Nedsättes
467 1292 88 21 arvodet
570 1291 56 21 efter
642 1293 32 19 tre
690 1291 30 27 år,
732 1291 69 21 måste
812 1297 27 14 en

89 1326 131 28 fullmäktig,
231 1327 104 20 hvarmed
350 1333 50 14 man
413 1333 79 14 annars
503 1326 72 20 kunde
586 1332 52 14 vara
648 1324 88 28 mycket
745 1324 94 27 beläten,

89 1361 35 21 för
139 1362 32 19 att
185 1360 48 21 icke
249 1360 83 28 nödgas
348 1360 50 21 med
414 1360 68 27 familj
498 1359 88 21 komma
600 1358 28 28 pä
644 1358 104 26 svältkur,
767 1358 72 20 lemna

90 1395 34 21 sin
142 1395 57 29 plats
219 1394 39 22 och
278 1394 75 28 återgå
369 1394 32 21 till
418 1394 34 21 sin
467 1394 59 21 förra
540 1393 68 28 plats,
624 1392 37 22 der
677 1392 162 30 omständighe-

90 1432 62 22 terna
167 1430 69 21 under
252 1430 59 21 tiden
327 1428 105 30 möjligen
448 1428 33 22 till
495 1428 54 22 hans
564 1427 93 23 nackdel
673 1426 112 23 förändrat
798 1426 39 22 sig.
