1014 1706
183 132 40 19 760

154 196 52 21 bero
228 197 33 19 att
282 196 120 20 bestämma
429 194 59 22 tiden
515 194 27 22 då
566 194 171 27 författningens
764 192 139 28 tillämpning

153 229 67 21 borde
236 229 98 27 vidtaga;

222 264 34 20 4:0
281 263 79 27 utdrag
379 262 25 22 af
421 262 191 28 borgareständets
632 261 108 28 protokoll
763 262 33 20 för
816 261 87 21 nästbe-

155 297 63 22 rörde
238 297 52 28 dag,
305 297 79 21 hvaraf
402 296 143 27 inhemtades,
561 298 32 20 att
608 296 55 21 efter
678 296 37 20 det
730 295 173 21 statsutskottets

155 332 138 21 betänkande
308 332 8 20 i
331 331 119 28 anledning
465 332 24 20 af
502 331 80 28 nädiga
595 330 166 28 propositionen
777 336 35 14 n:o
828 330 27 20 28
866 336 38 14 an-

155 366 84 28 gäende
259 366 94 20 revision
374 365 24 21 af
415 365 184 28 författningarne
618 372 35 13 om
668 364 116 28 personela
799 364 105 21 kronout-

155 400 117 28 skylderna
295 400 24 20 af
337 399 117 21 ständerna
473 399 65 27 tagits
557 398 69 22 under
641 398 103 28 pröfning
763 400 56 19 samt
838 405 65 20 expe-

155 434 187 21 ditionsutskottet
360 434 7 20 i
383 433 103 22 afseende
501 433 13 21 &
528 433 130 27 erforderlig
673 432 77 28 ätgärd
766 432 33 21 till
815 433 89 20 statsut-

155 468 83 21 skottet
256 468 144 21 öfverlemnat
418 468 100 27 samtlige
533 467 103 21 ständens
652 467 35 21 vid
703 467 94 21 nämnde
813 467 92 21 ärendes

156 503 132 27 behandling
303 502 63 21 förda
380 502 117 28 protokoll,
513 501 113 22 utvisande
642 503 31 20 att
688 501 99 27 stånden,
798 501 63 21 hvart
871 501 34 21 för

155 537 44 28 sig,
215 537 64 20 fattat
298 537 73 20 beslut
391 543 35 14 om
448 536 106 21 särskilda
574 535 117 28 ändringar
710 536 31 21 uti
762 536 35 21 det
815 536 24 21 af
856 536 49 21 sist-

156 571 94 21 nämnde
270 571 84 20 utskott
374 570 114 21 förordade
508 570 83 28 förslag
608 570 35 20 till
657 569 131 29 författning
802 569 7 21 i
825 572 80 25 ämnet,

156 607 55 20 samt
222 605 119 26 deribland
356 604 189 28 borgareständet,
561 606 32 19 att
608 605 151 20 underbefälet
772 604 36 21 vid
823 604 27 21 de
865 605 40 20 fin-

156 639 39 22 ska
209 642 118 26 trupperna
343 639 55 27 icke,
413 639 29 28 pä
456 641 44 19 sätt
514 639 8 21 i
537 640 12 27 &
565 640 12 20 6
592 639 131 28 föreslagits,
739 639 67 21 borde
820 639 86 28 åtnjuta

155 673 103 22 befrielse
274 673 48 22 från
338 673 223 28 mantalspenningar,
572 673 40 21 och
624 675 31 19 att
670 673 129 28 stadgandet
815 673 7 20 i
838 674 13 20 4
857 669 10 37 $
885 673 19 28 ej

156 709 70 20 heller
246 708 70 21 skulle
336 708 110 28 tillämpas
465 709 29 27 pä
512 708 56 21 slika
590 707 162 22 funktionärers
776 707 68 22 enkor
865 708 40 21 och

155 743 61 26 barn,
232 743 24 21 sä
270 742 56 21 hade
341 742 162 22 staisutskottet
518 743 31 20 uti
565 742 113 21 memorial
693 742 24 21 af
726 742 41 21 den
780 743 22 20 11
815 742 8 21 i
834 743 72 20 denna

157 776 78 22 mänad
250 776 92 22 berörde
358 777 152 21 förhällanden
526 777 90 26 anmält,
627 777 39 20 och
682 776 74 21 sävida
771 776 77 21 endast
863 776 43 21 rid-

157 811 116 28 derskapet
294 811 41 21 och
355 811 63 21 adeln
439 813 56 20 samt
514 811 179 28 borgareständet
713 811 87 21 förenat
819 811 33 28 sig
871 818 34 14 om

156 847 33 20 att
209 845 125 28 undantaga
353 845 152 22 underbefälet
525 845 37 22 vid
582 845 26 21 de
628 845 103 22 värfvade
754 845 69 22 finska
846 847 59 27 trup-

155 887 68 21 perna
238 879 48 22 frän
302 880 42 21 den
360 880 125 27 föreslagna
494 880 119 21 befrielsen
624 879 48 22 frän
683 880 223 29 mantalspenningar,

157 914 40 21 och
217 914 49 21 dei
282 914 67 28 öfrigt
368 914 25 21 af
410 916 32 19 ett
460 915 63 20 ständ
538 914 102 21 beslutna
655 914 153 28 förändringar
823 915 32 20 uti
870 915 37 21 be-

157 948 120 22 tänkandet
291 948 49 22 icke
355 949 24 21 af
391 948 25 21 de
433 949 70 28 öfriga
518 949 93 21 ständen
626 949 105 27 antagits,
746 948 55 22 hade
817 950 90 20 statsut-

157 982 82 22 skottet
253 983 118 27 hemställt,
386 983 108 21 huruvida
508 983 49 21 icke
573 983 76 28 hvarje
664 983 70 27 ständ,
750 983 33 21 till
798 983 108 21 häfvande

157 1017 24 21 af
194 1017 26 20 de
235 1017 7 21 i
258 1017 137 21 förestäende
410 1017 68 21 mätto
494 1018 85 28 yppade
595 1017 176 28 skiljaktigheter
781 1018 8 20 i
800 1018 106 27 besluten,

157 1050 67 22 funne
243 1050 80 29 skäligt
342 1053 31 19 att
392 1051 115 27 godkänna
522 1051 148 22 betänkandet
683 1052 83 28 jemväl
781 1052 8 21 i
804 1052 103 21 afseende

157 1085 14 21 å
186 1086 27 20 de
227 1085 25 21 af
264 1086 87 20 ståndet
365 1086 59 20 förut
439 1086 48 21 icke
503 1088 95 26 antagna
613 1086 174 28 bestämningar;
803 1086 52 22 derä
870 1087 37 21 det

157 1120 110 28 vällofliga
283 1120 92 26 ståndet,
391 1120 36 21 vid
442 1120 156 29 föredragning
613 1121 24 21 af
651 1121 96 26 ärendet,
758 1121 34 21 för
806 1121 49 21 dess
866 1121 41 27 del,

158 1153 105 29 enhälligt
285 1154 97 28 godkänt
404 1154 172 22 statsutskottets
600 1154 172 29 framställning,
796 1156 33 20 till
853 1155 54 29 följd

157 1187 78 22 hvaraf
252 1188 87 21 ståndet
356 1188 90 22 beslutit
462 1190 32 20 att
508 1189 78 28 frångå
601 1189 27 21 de
643 1190 24 20 af
680 1190 87 20 ståndet
781 1190 127 28 föreslagna

157 1221 118 22 afvikelser
290 1222 49 21 från
355 1222 154 28 betänkandet,
524 1224 84 21 hvilket
623 1223 84 22 således
717 1224 8 20 i
735 1224 43 21 allo
789 1224 118 27 godkänts;

158 1256 40 20 och
213 1256 89 20 hvarom
318 1256 151 28 ridderskapet
485 1257 40 21 och
540 1257 65 21 adeln
620 1257 57 27 förty
692 1257 159 27 underrättats;

225 1289 33 20 5:o
279 1290 119 20 transsumt
418 1290 23 20 af
459 1290 171 27 prestaståndets
646 1290 109 28 protokoll
771 1291 34 20 för
821 1291 43 21 den
881 1292 25 20 17

156 1322 148 22 innevarande
324 1330 67 20 mars,
407 1324 49 21 med
474 1324 220 28 tillkännagifvande,
711 1326 31 19 att
762 1324 37 22 det
814 1325 93 28 högvör-

157 1356 51 28 diga
222 1357 92 27 ständet,
329 1358 93 20 rörande
436 1360 154 20 sammansatta
600 1359 45 27 lag-
657 1359 39 21 och
707 1359 200 22 ekonomieutskot-

156 1392 43 21 tets
214 1391 138 22 betänkande
368 1392 6 21 i
390 1392 118 29 anledning
522 1393 25 21 af
560 1393 79 28 nädiga
654 1394 166 28 propositionen
832 1402 36 14 n:o
879 1395 28 21 48

157 1432 34 15 om
211 1426 129 28 legostadga
359 1426 35 22 för
413 1427 125 22 husbönder
556 1428 40 21 och
612 1428 142 29 tjenstehjon,
770 1429 85 28 antagit
870 1429 37 21 be-
