1009 1703
199 129 41 20 414

167 194 49 27 jag,
232 194 32 19 att
280 192 69 21 likhet
369 191 93 21 emellan
478 191 68 20 stads-
563 191 37 20 och
617 190 214 29 landtmannafartyg
846 191 72 21 kunde

170 227 40 21 och
232 227 67 20 borde
322 225 166 22 åstadkommas.
524 225 50 20 Men
598 225 91 20 emedan
709 225 26 20 de
756 225 162 28 författningar,

170 269 46 14 som
236 261 87 28 reglera
342 260 62 21 desse
423 259 157 27 förhållanden,
597 259 48 21 icke
660 259 52 21 bero
728 259 28 28 på
769 259 70 28 begge
855 261 63 20 stats-

170 297 124 21 makternes
316 294 128 29 afgörande,
465 296 52 19 utan
536 294 53 21 höra
608 293 34 21 till
660 293 42 22 den
717 293 142 22 ekonomiska
874 295 45 27 lag-

170 331 136 27 stiftningen,
330 329 87 21 hvilken
440 329 133 21 tillkommer
595 329 130 27 regeringen
752 336 82 19 ensam,
855 336 64 20 synes

170 366 37 21 det
222 366 54 27 mig,
292 365 31 20 att
342 363 150 28 ridderskapet
508 363 40 21 och
564 362 63 22 adeln
643 362 48 22 icke
707 362 62 22 torde
784 363 74 21 kunna
873 363 45 21 vid-

170 403 51 25 taga
240 400 71 27 någon
335 405 71 14 annan
427 397 76 28 åtgärd
523 398 7 20 i
551 397 117 28 anledning
688 397 24 21 af
729 397 191 28 borgareståndets

170 434 82 27 beslut,
268 435 28 19 än
312 434 31 19 att
364 432 5 20 i
391 432 37 20 sitt
449 439 48 14 svar
512 432 28 28 på
556 432 41 20 den
613 432 79 27 nådiga
707 432 163 28 propositionen
887 434 33 19 ut-

170 469 76 27 trycka
261 468 42 20 den
318 466 150 28 underdåniga
483 466 101 21 anhållan
600 466 40 21 och
656 466 37 21 det
707 466 171 28 önskningsmål,
890 468 31 19 att

169 504 29 20 H.
214 503 63 27 Maj:t
292 502 83 20 täcktes
391 501 103 21 förändra
509 501 25 21 de
551 500 77 21 hittills
642 500 100 28 gällande
754 500 166 22 föreskrifterna

170 539 7 20 i
198 537 103 22 afseende
322 536 12 21 å
354 536 138 27 klareringen
514 535 40 21 och
574 535 161 28 bemanningen
756 536 23 20 af
796 536 67 20 stads-
880 536 40 21 och

169 571 222 27 landtmannafartyg,
408 570 26 21 då
450 570 62 21 dessa
528 570 91 20 sednare
636 570 108 27 begagnas
755 570 33 20 till
800 570 65 21 sådan
877 571 43 27 sjö-

171 608 49 26 fart,
234 613 46 14 som
296 604 168 29 ursprungligen
479 604 56 21 varit
550 604 26 21 de
592 604 58 21 förra
666 604 142 28 förbehållen,
825 606 31 20 att
872 604 26 22 de
913 606 7 19 i

171 642 36 21 det
228 642 108 20 närmaste
357 639 71 21 blefve
443 638 117 27 likställda,
575 639 28 27 på
619 638 35 21 det
670 640 31 20 att
716 646 78 20 genom
811 646 26 14 en
854 639 66 21 sådan

171 675 112 22 föreskrift
299 675 36 20 det
350 673 70 21 vilkor
436 674 66 20 måtte
518 673 68 20 blifva
598 673 108 28 uppfyldt,
722 673 83 21 hvilket
819 673 101 28 borgare-

171 710 87 21 ståndet
272 709 67 21 fästat
354 708 36 21 vid
406 707 122 28 afsägelsen
544 707 24 21 af
582 707 32 21 sin
630 707 106 28 rättighet
751 708 33 21 till
802 708 119 21 vidsträck-

172 748 46 18 tare
238 744 107 28 seglation
367 743 39 20 och
427 743 71 20 denna
518 742 108 27 afsägelse
646 742 84 21 således
748 742 88 22 komma
850 743 71 20 landt-

171 779 181 27 mannafartygen
368 777 97 28 tillgodo.

239 813 58 21 Herr
319 812 117 26 Linder,
459 811 35 21 E.:
518 811 43 28 Jag
584 811 69 21 skulle
677 812 65 21 också
762 812 76 21 förena
854 812 67 28 mig
907 807 18 37 i

170 847 192 29 borgareståndets
376 846 80 27 beslut,
471 845 86 22 likvisst
572 845 69 21 under
655 846 41 21 den
712 846 162 28 förutsättning,
891 848 31 19 att

172 883 49 21 med
242 881 144 28 likställighet
408 887 74 14 menas
503 881 46 26 det,
564 882 32 19 att
617 880 26 21 de
664 881 150 27 formaliteter,
830 888 46 14 som
892 888 29 13 nu

172 917 73 28 åligga
260 915 220 28 stadsmannafartyg,
496 915 138 26 förminskas,
650 922 50 14 men
716 915 48 21 icke
780 917 32 19 att
827 915 33 27 de,
876 922 46 14 som

172 951 72 28 åligga
258 950 222 27 landtmannafartyg,
496 949 95 21 förökas.

239 984 58 21 Herr
318 991 41 14 von
379 984 79 26 Born,
480 983 20 21 J.
521 985 37 19 A.:
582 983 42 28 Jag
644 990 64 14 anser
724 983 44 28 mig
783 983 49 22 icke
848 984 74 21 kunna

172 1019 87 21 förorda
280 1025 24 13 en
326 1018 92 28 petition
441 1018 6 20 i
468 1018 49 20 fullt
538 1018 24 20 så
580 1017 119 21 vidsträckt
719 1018 65 28 syfte,
805 1025 46 14 som
872 1019 50 20 herr

172 1053 88 21 Linder.
290 1052 78 21 Ibland
388 1052 26 20 de
435 1052 143 26 föreskrifter,
600 1058 45 14 som
664 1052 34 21 för
713 1052 135 21 närvarande
864 1053 58 27 gälla

172 1088 81 21 befälet
269 1087 12 21 å
297 1086 141 28 stadsfartyg,
459 1088 37 19 äro
512 1086 120 27 åtskilliga,
649 1093 45 14 som
711 1087 69 27 enligt
795 1087 44 20 min
855 1087 67 20 tanke

171 1122 67 21 borde
258 1120 122 22 utsträckas
399 1120 65 21 också
483 1120 33 21 till
532 1120 224 28 landtmannafartyg;
772 1121 33 20 till
821 1122 100 27 exempel

172 1156 57 21 vissa
248 1154 135 28 stadganden
404 1161 35 14 om
460 1155 118 27 skeppares
599 1154 97 28 insigter.
726 1155 44 20 Det
790 1155 61 21 torde
870 1162 52 14 vara

172 1190 101 26 erkändt,
289 1191 32 19 att
336 1189 26 21 de
383 1188 101 28 åtgärder
502 1189 34 20 för
552 1188 124 22 erhållande
692 1189 24 20 af
732 1189 69 21 bättre
817 1189 105 21 befälhaf-

172 1231 50 13 vare
238 1224 28 28 på
281 1223 51 21 våra
347 1222 171 28 handelsfartyg,
538 1222 130 28 regeringen
685 1222 99 28 vidtagit,
799 1223 7 20 i
822 1223 33 21 sin
871 1230 50 14 mon

172 1257 127 21 medverkat
314 1258 32 19 att
360 1256 108 27 befrämja
484 1256 36 20 det
536 1256 136 27 förtroende,
688 1263 46 14 som
749 1256 105 21 Finlands
869 1257 53 21 han-

172 1291 108 21 delsflotta
301 1291 96 27 åtnjuter
417 1290 28 28 på
466 1290 124 21 utrikesort.
620 1290 60 21 Våra
695 1290 227 29 landtmannafartygs

171 1325 149 22 befälbafvare
343 1326 87 26 utgöras
451 1324 66 22 oftast
535 1325 23 21 af
572 1331 94 21 egarene
683 1325 83 28 sjelfve,
782 1325 74 22 hvilka
872 1326 49 20 med

172 1360 48 21 sina
234 1360 84 27 ganska
333 1360 63 27 ringa
410 1359 102 21 nautiska
528 1359 92 28 insigter
636 1360 128 27 visserligen
778 1360 72 29 någon
864 1360 58 28 gång

172 1395 56 28 våga
243 1395 33 28 sig
292 1395 56 20 ända
364 1394 60 21 öfver
439 1394 117 28 Nordsjön,
572 1401 50 14 men
638 1396 37 19 äro
692 1395 23 20 så
725 1395 49 21 litet
785 1395 137 21 bevandrade

172 1430 8 20 i
194 1429 54 22 hvad
268 1429 107 29 skeppare
393 1429 66 22 hafva
473 1431 32 20 att
520 1429 98 28 iakttaga
632 1429 28 28 på
676 1429 102 23 utländsk
792 1429 83 28 botten,
890 1431 33 20 att
