1003 1700
179 127 40 19 518

150 190 138 21 barnamord.
319 191 32 21 De
367 191 74 20 kunna
457 191 89 27 öfvergå
561 190 57 21 ända
632 190 49 22 från
698 191 33 21 för
742 191 94 28 gvinnan
848 197 54 21 upp-

153 224 101 22 kommen
275 225 153 27 vansinnighet
448 225 34 20 till
502 225 49 21 fullt
571 224 97 21 utbildad
689 224 49 22 elak
759 225 59 28 vilja.
847 224 56 21 Der-

152 259 47 20 före
214 258 55 22 hade
283 260 40 27 jag
334 260 83 26 önskat,
429 261 31 18 att
472 258 167 22 strafflatituden
650 259 56 21 hade
717 259 55 21 varit
783 259 119 21 vidsträck-

152 294 54 26 tare,
222 295 28 19 än
266 294 41 20 den
324 296 24 18 är
363 294 123 27 föreslagen
503 294 6 20 i
524 293 80 27 nådiga
624 293 164 28 propositionen
809 294 40 20 och
870 295 33 18 ut-

153 327 92 21 skottets
261 328 145 21 betänkande.
430 328 42 28 Jag
488 328 55 21 hade
558 327 84 27 önskat,
658 329 33 19 att
707 327 196 21 straffbestämnin-

153 368 68 21 garno
236 362 95 28 utgjorts
346 362 23 20 af
383 362 68 26 böter,
467 362 98 28 fängelse
580 362 38 20 och
630 362 98 27 tukthus,
739 362 105 28 börjande
855 360 50 22 med

153 396 62 20 böter
235 396 48 21 från
305 397 40 20 100
366 396 68 21 mark.
464 396 11 21 TI
490 396 38 21 fall
547 396 42 20 den
604 396 119 27 kejserliga
738 396 166 27 propositionen

154 429 70 21 skulle
240 431 97 26 antagas,
353 430 24 20 sä
391 430 70 20 finnes
476 432 60 19 utom
548 429 26 21 de
585 430 7 20 i
602 429 112 28 ingressen
728 429 72 22 dertill
810 429 94 28 uppräk-

154 463 55 21 nade
225 463 172 28 lagstadganden
413 465 63 20 äfven
494 466 37 25 ett,
548 471 44 14 som
610 464 94 27 troligen
715 464 67 21 borde
793 464 52 27 utgä
855 463 49 21 frän

155 498 37 20 vär
208 498 44 27 lag,
269 499 110 28 nemligen
399 499 11 20 7
426 499 11 27 $
454 499 26 20 53
496 499 50 27 kap.
561 497 30 22 M.
606 498 34 27 B.,
655 498 88 21 hvarest
759 498 98 28 stadgas,
873 499 33 19 att

156 532 49 27 den,
221 539 45 14 som
282 533 76 28 begått
379 533 115 27 lägersmäl
515 533 49 20 med
579 533 53 20 flere
648 533 40 20 och
703 532 34 21 för
753 533 78 20 sådant
845 532 60 21 brott

155 566 45 21 förr
221 567 20 28 ej
257 567 72 21 blifvit
344 567 98 27 straffad,
458 567 55 21 skall
529 567 63 22 fällas
608 567 33 21 till
657 574 77 14 ansvar
750 567 33 21 för
798 567 108 21 hvardera

156 601 146 29 lägersmälet.

224 636 59 21 Herr
293 643 43 14 von
351 636 155 28 Knorring:
522 636 43 28 Jag
580 636 43 21 kan
639 636 49 21 icke
704 636 65 28 dölja,
785 638 32 19 att
832 636 35 20 det
882 637 24 19 är

156 670 49 21 med
221 677 27 14 en
264 670 76 21 känsla
355 671 24 21 af
392 671 146 27 betryckthet,
554 678 46 14 som
613 670 39 28 jag
668 670 72 21 funnit
756 672 30 19 att
800 670 107 21 utskottet

156 704 20 27 ej
198 704 96 27 godkänt
315 704 40 22 den
375 705 79 27 nädiga
474 705 165 28 propositionen
659 704 56 21 hvad
736 705 67 27 angär
821 705 85 20 föreva-

155 738 68 21 rande
243 739 18 27 $.
291 738 52 22 Man
362 739 39 21 har
421 739 57 21 velat
498 740 96 20 likställa
614 739 95 28 gvinnan
732 739 50 21 med
800 746 106 20 mannen;

157 779 50 14 man
222 773 39 21 har
277 773 58 21 velat
349 774 84 20 skänka
448 774 71 20 henne
535 773 101 26 friheten,
648 780 46 13 som
710 772 108 22 mähända
831 773 76 21 länder

156 806 71 22 henne
244 814 59 14 mera
319 807 34 21 till
368 808 68 20 skada
450 810 28 18 än
494 815 67 21 gagn;
577 814 50 15 men
633 802 13 39 i
667 809 31 19 ett
712 807 44 27 fall,
773 808 37 20 der
825 808 43 20 hon
883 808 24 20 är

157 840 7 22 i
181 841 94 28 verkligt
290 842 67 20 behof
370 842 24 21 af
407 842 98 28 mildhet,
520 842 132 26 undseende,
668 842 98 26 rättvisa,
778 842 37 20 der
829 843 78 27 vägras

158 874 27 22 de
199 876 79 21 henne,
301 876 71 21 Hvem
393 878 23 19 är
437 883 45 14 som
499 877 43 20 kan
557 876 64 27 neka,
636 878 32 18 att
683 876 59 27 icke,
758 878 39 19 när
813 876 95 28 gvinnan

157 909 55 21 felar
233 910 40 20 och
293 910 70 27 faller,
379 910 131 22 åtminstone
531 911 68 21 första
619 910 39 20 och
678 910 67 21 andra
761 911 96 27 gången,
872 910 37 21 det

158 944 62 20 alltid
235 946 24 19 är
274 951 106 14 mannens
395 945 44 20 fel?
468 945 73 27 Högst
556 944 70 21 sällan
641 944 42 21 kan
700 944 54 21 hans
771 945 63 20 skuld
849 944 59 22 bevi-

158 985 45 20 sas;
223 978 80 21 sådana
322 979 146 21 förbindelser
482 980 63 27 ingås
560 979 103 27 vanligen
679 980 52 20 utan
747 980 94 26 vittnen;
858 986 49 14 men

159 1012 36 21 vid
215 1013 139 28 slutliqviden
375 1014 39 27 går
433 1020 94 14 mannen
542 1013 29 21 fri
587 1013 40 21 och
643 1013 95 27 gvinnan
754 1013 93 21 straffas.
877 1007 32 27 Är

159 1046 37 21 det
215 1047 101 21 rättvist?
346 1047 49 21 Den
414 1047 168 28 ifrågavarande
598 1047 64 27 lagen
679 1046 75 22 träffar
769 1049 77 19 nästan
863 1049 46 19 ute-

159 1081 100 21 slutande
279 1081 94 28 qvinnan
389 1082 8 20 i
412 1082 41 20 den
470 1082 59 27 lägre
545 1081 145 27 folkklassen,
706 1081 20 21 d.
743 1088 19 14 v.
778 1088 16 13 s.
810 1081 42 21 den
868 1081 41 21 fat-

159 1115 46 28 tiga
220 1116 103 27 qvinnan.
346 1115 41 22 Om
402 1116 72 27 någon
492 1116 103 21 behöfver
610 1115 60 28 hjelp
687 1116 40 21 och
742 1115 94 27 bistånd,
852 1116 23 21 så
885 1118 24 19 är

160 1150 38 21 det
217 1150 52 27 hon,
290 1150 67 21 sedan
377 1151 43 20 hon
440 1150 47 21 födt
502 1151 38 20 sitt
555 1151 63 25 barn,
636 1150 26 21 då
677 1150 44 21 hon
737 1151 24 20 är
776 1150 134 21 urståndsatt

160 1186 32 19 att
213 1184 49 21 med
282 1184 74 21 arbete
376 1184 79 21 lifnära
475 1185 43 28 sig;
539 1191 50 14 men
609 1184 9 21 i
638 1185 73 20 stället
730 1184 34 21 för
782 1186 32 19 att
830 1185 81 20 bereda

162 1219 71 21 henne
249 1219 52 20 slikt
315 1219 92 26 bistånd,
418 1219 114 21 förordnar
547 1219 65 27 lagen
624 1221 31 18 att
665 1226 50 13 man
727 1218 55 21 skall
793 1219 50 27 taga
854 1218 57 21 ifrån

163 1254 72 19 henne
251 1253 36 20 det
301 1253 46 20 lilla
362 1253 43 21 hon
421 1258 59 21 eger.
510 1247 32 26 Är
558 1253 65 21 också
638 1252 36 20 det
689 1252 103 21 rättvist?
814 1251 44 21 För
870 1251 42 22 den

163 1287 79 27 fattiga
259 1285 188 22 barnaföderskan
463 1287 63 25 utgör
542 1286 12 20 2
570 1286 46 20 rub.
633 1286 27 20 40
675 1286 50 27 kop,
741 1286 68 20 första
825 1286 87 27 gången

163 1320 40 22 och
224 1321 13 21 4
258 1320 46 24 rub.
321 1320 28 21 80
362 1320 51 28 kop.
430 1320 66 20 andra
512 1320 96 28 gängen,
623 1320 162 27 motsvarande,
801 1320 36 21 det
852 1320 60 21 förra

163 1364 27 13 en
206 1356 47 20 half
267 1355 38 21 och
322 1354 36 22 det
373 1354 91 22 sednare
480 1362 27 14 en
522 1356 70 20 tunna
606 1355 46 27 räg,
667 1354 51 22 föda
733 1355 34 21 för
783 1362 26 14 en
823 1354 42 29 god
877 1354 34 21 del

162 1391 25 21 af
200 1391 52 21 året.
282 1389 61 22 Eller
358 1389 66 22 också
438 1389 78 28 ryckes
531 1389 45 22 hon
591 1390 49 21 från
655 1390 37 20 sitt
707 1389 55 22 barn
778 1390 39 20 och
833 1389 79 21 sändes

162 1426 45 24 ofta
227 1426 28 28 pä
276 1426 26 21 10
323 1424 32 23 till
377 1425 25 21 15
422 1424 48 21 mils
492 1424 85 22 afständ
599 1424 33 22 till
650 1424 76 21 häktet
741 1424 34 22 för
790 1426 32 19 att
837 1424 52 21 sitta
905 1424 7 21 i
