1023 1703
812 126 41 23 789

128 198 64 14 raren
208 191 39 21 har
260 191 39 28 jag
313 191 59 28 gjort
387 190 45 28 mig
447 191 141 22 underrättad
604 198 41 20 om,
661 193 33 19 att
709 192 33 21 till
758 193 59 20 ätten
829 192 50 22 Silf-

128 232 103 15 versvans
253 225 134 22 hufvudman
409 226 66 28 något
497 226 77 20 sådant
597 226 94 21 cirkulär
711 226 70 28 aldrig
802 226 76 28 afgått.

126 259 44 28 Jag
185 260 98 20 anhåller
297 260 92 26 derföre,
402 261 31 19 att
446 260 43 21 han
499 259 55 21 först
564 260 56 21 skall
631 260 137 21 underrättas
779 268 34 13 om
824 260 55 22 hans

126 293 125 28 skyldighet
271 294 6 20 i
297 294 59 20 detta
377 293 111 27 afseende,
509 294 25 20 så
549 296 32 19 att
596 294 37 20 det
649 294 34 20 må
698 294 23 21 få
737 295 51 20 bero
803 294 24 21 af
840 295 38 20 ho-

126 334 57 20 nom,
196 328 107 21 huruvida
314 328 49 25 han,
377 328 50 20 med
437 328 54 20 oller
504 328 52 20 utan
567 328 77 27 bidrag
654 328 25 20 af
687 328 110 27 familjens
808 328 71 28 öfriga

125 362 148 27 medlemmar,
295 363 23 20 är
338 361 61 28 villig
419 363 32 20 att
471 361 164 28 vapenskölden
651 362 112 28 liqvidera.
793 355 32 28 Är
840 362 38 21 det

125 397 33 26 sä,
177 398 32 19 att
229 397 42 20 han
293 397 54 20 eller
362 396 27 21 de
405 396 72 28 öfriga
492 395 141 29 undandraga
649 397 34 28 sig
698 397 142 28 erläggandet
855 397 24 20 af

124 431 166 28 ifrågavarande
311 431 73 28 afgift,
405 431 24 21 så
444 431 109 21 förklarar
564 431 41 28 jag
620 431 45 27 mig
680 431 62 28 villig
757 432 32 20 att
803 431 74 22 betala

124 467 81 28 plåten,
221 473 46 14 som
290 466 27 21 då
339 465 35 21 må
397 466 51 21 sitta
470 466 39 21 här
529 466 33 21 för
583 466 45 21 min
643 466 100 28 räkning.
773 465 50 22 Men
840 466 37 21 det

123 501 70 21 finnes
209 501 40 21 här
264 501 7 21 i
287 500 167 28 förteckningen
473 500 63 22 äfven
551 502 32 19 ett
598 502 67 20 annat
680 508 73 19 namn,
768 507 45 15 som
831 501 45 22 står

123 535 45 28 mig
183 535 45 21 lika
243 537 60 25 nära,
319 535 92 21 emedan
427 535 41 21 den
483 535 56 22 enda
554 541 92 15 numera
660 535 8 21 i
683 535 75 22 landet
773 535 102 22 lefvande

122 570 92 27 varelse,
237 577 46 14 som
306 569 59 22 burit
387 569 60 22 detta
469 577 72 20 namn,
560 571 46 20 står
621 571 50 20 mitt
685 571 72 28 hjerta
772 572 103 19 närmast.

123 605 43 21 Det
182 606 24 19 är
220 605 178 21 Olivecreutzska
413 606 95 19 namnet.
538 604 78 22 Redan
633 605 54 21 1828
704 605 43 28 dog
762 605 42 21 den
822 605 53 21 sista

123 640 96 27 manliga
238 639 145 22 medlemmen
399 639 24 21 af
437 639 70 22 denna
523 639 70 28 familj
610 639 40 22 och
665 641 81 27 vapnet
759 639 115 22 krossades

123 675 35 21 vid
173 674 54 21 hans
242 674 54 28 graf.
320 673 43 29 Jag
378 676 35 19 vet
424 674 54 27 icke,
489 674 56 21 huru
556 673 253 22 riddarhusdirektionen
820 674 53 21 kun-

123 710 37 20 nat
175 709 127 21 underrätta
317 708 71 22 denna
403 708 82 29 familjs
495 708 142 28 hufvudman,
648 711 23 26 ty
682 708 37 22 det
729 708 70 22 skulle
809 708 66 22 hafva

123 744 57 21 skett
201 750 78 22 genom
296 750 26 14 en
338 744 175 27 korrespondens
529 743 50 21 med
593 743 154 22 andeverlden.
777 744 44 21 Det
836 750 38 15 var

122 778 66 22 också
203 778 50 22 med
269 785 27 14 en
310 778 43 21 viss
369 778 116 28 förvåning
497 778 41 28 jag
553 778 100 21 återfann
669 780 81 26 vapnet
759 778 50 28 här;
822 785 51 15 men

118 814 40 27 jag
178 814 75 20 tänkte
273 813 84 21 kanske
378 812 63 21 sitter
461 813 37 21 det
517 813 40 21 här
577 814 72 20 såsom
669 814 31 20 ett
715 813 74 21 minne
804 813 25 21 af
841 813 32 21 fa-

122 848 83 28 miljen,
216 848 24 28 ja
250 848 43 20 fast
306 848 32 20 till
352 847 40 21 och
407 848 50 20 med
472 848 72 21 såsom
559 854 27 14 en
601 847 106 28 prydnad,
718 850 24 26 ty
753 861 28 3 —
793 850 80 26 vapnet

121 883 35 20 må
167 883 7 20 i
185 883 33 27 sig
229 882 60 28 sjelft
303 889 52 14 vara
370 888 46 15 mer
431 882 53 21 eller
499 882 86 22 mindre
599 882 90 21 vackert
703 894 22 4 —
736 882 37 21 det
784 883 23 20 är
818 882 56 22 dock

121 917 140 21 Gezeliernas
284 924 77 21 vapen,
377 916 91 21 likasom
488 919 91 19 namnet
599 918 23 20 är
643 916 140 22 Gezeliernas
798 924 73 20 namn,

121 952 40 20 och
184 952 24 20 sä
226 952 65 27 länge
311 953 32 19 ett
364 950 94 22 Finland
479 951 113 27 existerar,
611 951 56 21 skall
683 951 60 21 detta
758 958 65 14 namn
839 952 34 20 stä

121 993 46 14 som
186 993 26 14 en
231 986 99 28 prydnad
345 986 8 20 i
369 985 49 21 dess
433 986 77 20 häfder
525 997 29 4 —
569 987 81 27 vapnet
665 985 43 22 kan
724 985 84 22 säledes
823 986 49 21 icke

120 1023 67 19 annat
207 1022 27 19 än
254 1020 69 29 pryda
343 1020 70 21 finska
431 1020 144 21 riddarhuset.
605 1014 32 27 Är
652 1020 37 21 det
707 1027 29 14 nu
749 1020 123 21 emellertid

120 1056 32 26 sä,
168 1057 33 19 att
216 1055 153 28 ridderskapet
389 1055 40 21 och
447 1055 64 20 adeln
527 1061 64 15 anser
606 1054 64 21 äfven
685 1054 34 21 för
735 1054 26 21 de
775 1054 96 22 utslock-

120 1090 55 21 nade
192 1091 85 20 ätterna
292 1089 189 28 vapensköldarna
496 1089 54 22 böra
564 1089 57 21 lösas
637 1088 24 21 af
674 1089 62 21 deras
754 1089 117 21 efterkom-

120 1124 88 27 mande,
228 1124 108 21 förklarar
353 1124 40 28 jag
408 1124 44 28 mig
467 1123 65 22 äfven
548 1123 63 28 villig
626 1124 32 20 att
673 1123 46 22 lösa
734 1123 41 22 den
790 1123 80 28 ifräga-

119 1159 102 22 varande.

187 1192 59 22 Herr
262 1199 42 15 von
319 1192 144 28 Knorring:
479 1192 40 21 Att
534 1193 90 20 namnet
639 1191 137 22 Olivecreutz
787 1192 44 21 stär
842 1192 29 28 pä

119 1228 42 20 den
177 1226 232 22 riddarhusutskottets
423 1226 139 22 betänkande
573 1225 119 28 åtföljande
703 1225 167 28 förteckningen

119 1262 71 27 ligger
210 1260 83 22 kanske
309 1260 33 21 till
357 1268 27 14 en
400 1260 35 22 del
450 1260 45 28 mig
510 1261 33 21 till
557 1261 48 20 last.
635 1259 35 22 Då
682 1260 39 28 jag
738 1260 55 20 1858
808 1260 65 27 utgaf

119 1294 163 30 ridderskapets
297 1295 40 21 och
353 1295 74 21 adelns
442 1294 112 28 kalender,
569 1294 64 21 fanns
649 1294 20 28 ej
685 1294 42 21 den
743 1294 53 21 sista
809 1301 60 14 man-

119 1331 44 26 liga
182 1330 146 20 medlemmen
349 1329 23 21 af
391 1330 70 19 denna
481 1330 70 26 familj
572 1329 122 20 antecknad
714 1329 71 20 såsom
805 1328 64 20 död
855 1324 17 37 i

119 1365 72 19 ättens
211 1363 113 21 stamtafla.
354 1363 45 20 Det
414 1369 38 15 var
471 1363 45 27 mig
532 1362 66 21 också
612 1362 49 21 icke
676 1362 89 27 bekant,
781 1363 32 20 att
827 1362 42 20 han

120 1398 27 21 då
160 1396 68 23 redan
243 1404 38 15 var
296 1396 86 28 afliden,
399 1397 40 21 och
452 1397 39 28 jag
506 1396 56 22 hade
576 1396 21 28 ej
613 1396 70 21 heller
693 1396 72 28 någon
776 1395 94 22 särskild

120 1432 117 29 anledning
253 1434 32 19 att
300 1431 119 29 efterfråga
433 1431 152 22 förhållandet.
611 1431 129 22 Sedermera
751 1430 129 29 upptäckte.
