1000 1703
778 120 39 21 581

98 194 34 14 om
149 186 132 22 vittnesbörd
299 187 55 22 eller
369 194 35 14 om
419 187 134 28 vittnesmål,
568 188 68 21 oftare
652 194 35 14 om
703 186 143 28 vittnesbörd,

96 221 72 21 skulle
184 222 41 28 jag
244 222 81 21 föreslå
344 224 32 19 att
394 222 110 28 uttrycket
516 222 135 21 vittnesbörd
667 222 70 21 skulle
752 222 92 21 insättas

96 256 8 20 i
123 256 73 20 stället
216 256 33 20 för
269 255 110 21 vittnesed
403 257 38 21 och
462 258 32 19 att
513 256 160 28 hänvisningen
694 256 34 21 till
747 256 25 20 18
791 256 11 27 $
820 256 24 21 17

98 290 49 28 kap.
163 290 27 21 R.
206 290 26 20 B.
248 290 65 28 finge,
329 290 71 21 såsom
415 291 89 21 alldeles
521 291 115 27 obehöflig,
650 291 59 27 utgå.

166 324 58 21 Herr
239 324 105 21 Munck:
366 324 43 28 Jag
428 325 75 28 tycker
524 325 36 21 det
574 327 24 19 är
613 324 90 29 onödigt
719 326 31 19 att
765 324 81 21 föreslå

98 358 72 21 denna
192 358 137 28 förändring,
350 359 57 21 helst
422 359 26 21 de
468 359 70 28 öfriga
553 359 92 21 stånden
660 359 49 22 icke
725 359 72 20 känna
811 358 35 21 till

97 393 42 21 den
160 393 113 21 anmärkta
295 393 126 29 obetydliga
441 394 111 21 olikheten
573 393 40 22 och
628 394 27 21 då
670 394 37 21 det
722 393 48 21 icke
786 393 60 21 leder

98 427 34 21 till
152 427 66 28 något
240 427 157 22 missförstånd.
431 428 29 21 Sä
476 429 120 27 oegentligt
610 428 112 28 uttrycket
737 427 109 22 vittnesed

95 462 41 21 ock
150 462 44 21 kan
209 469 58 20 vara,
283 463 24 20 så
322 462 70 21 skulle
404 463 40 29 jag
458 463 121 26 hemställa,
595 469 34 15 om
644 462 50 22 icke
709 463 51 20 herr
775 461 69 30 Spåre

94 497 51 21 ville
160 497 100 28 återtaga
275 497 33 20 sin
323 497 152 22 anmärkning.

162 531 58 21 Herr
236 531 90 29 Spåre,
342 531 27 22 K.
385 531 44 22 W.:
445 531 43 29 Jag
503 532 39 21 ber
557 532 28 21 då
600 533 32 20 att
646 531 63 22 ordet
723 531 36 22 må
774 531 22 22 få
810 531 34 22 stä

95 573 52 22 gvar
162 568 53 19 utan
231 566 101 21 afseende
348 567 12 20 &
375 567 45 21 min
435 567 152 28 anmärkning.

162 601 58 21 Herr
240 601 201 22 landtmarskalken
461 601 77 22 ställde
557 601 33 21 till
610 601 52 29 följe
678 601 71 26 häraf,
765 600 7 21 i
787 601 56 20 afse-

93 635 55 22 ende
164 636 13 21 å
193 635 140 27 besvarande,
348 636 174 28 propositionen:

161 669 146 27 »Godkänner
323 670 152 28 ridderskapet
494 671 40 21 och
553 670 65 22 adeln
633 671 12 21 5
661 671 12 28 &
689 670 24 21 af
725 669 117 22 utskottets

92 704 138 22 betänkande
245 704 145 22 oförändrad?

160 739 48 21 Den
228 746 47 14 som
295 739 77 21 sådant
387 738 133 29 godkänner,
535 746 74 14 svarar
625 740 34 27 ja;
678 738 41 22 den
737 739 37 21 det
792 738 48 22 icke

92 776 46 27 gör,
154 780 74 15 svarar
242 774 43 27 nej.

158 808 85 22 Vinner
263 809 46 27 nej,
325 809 88 28 utbytes
433 808 61 22 ordet
513 808 137 27 ,vittnesed*
670 809 45 20 mot
730 808 110 28 uttrycket

91 860 11 12 »
105 843 156 22 vittnesbörd".

159 878 51 22 Som
229 878 164 28 propositionen
413 878 49 21 med
478 878 159 28 öfvervägande
652 878 37 27 nej
703 876 137 28 besvarades,

90 912 124 22 förklarade
234 912 50 21 herr
304 912 200 21 landtmarskalken
520 912 92 21 berörde
628 913 12 20 5
651 912 11 27 8
673 912 8 20 i
692 911 148 21 betänkandet

90 954 52 14 vara
162 947 24 21 af
199 946 86 22 ståndet
300 948 94 27 antagen
411 947 49 21 med
476 947 42 21 den
532 947 103 27 ändring,
651 948 32 19 att
699 946 61 22 ordet
776 946 63 26 ,vitt-

90 982 78 20 nesed*
184 981 70 21 skulle
270 982 88 27 utbytas
373 982 45 20 mot
435 998 5 10 ,
447 980 156 22 vittnesbörd".

158 1016 24 27 88
194 1017 18 25 6,
226 1016 18 26 7,
255 1016 13 20 8
279 1016 40 21 och
330 1016 12 20 9
353 1016 8 20 i
371 1016 148 21 betänkandet
535 1015 91 28 gillades
642 1016 52 20 utan
708 1014 130 22 diskussion.

158 1050 175 21 Vidkommande
339 1045 13 37 $
376 1050 26 21 10
418 1050 96 21 tillsades
530 1051 28 27 pä
572 1049 97 28 begäran
685 1049 62 22 ordet

157 1084 59 21 Herr
231 1091 42 14 von
288 1085 79 26 Born,
383 1084 71 27 K.F.,
470 1091 46 14 som
532 1083 96 30 yttrade:
643 1083 50 22 Den
709 1083 68 28 fråga,
792 1089 47 15 som

89 1119 147 22 förekommer
255 1119 8 20 i
285 1120 26 21 10
326 1120 19 27 &,
364 1121 24 19 är
403 1119 23 21 af
445 1121 45 19 stor
510 1119 47 28 vigt
578 1119 39 20 och
636 1117 135 29 betydenhet
785 1117 7 21 i
808 1119 32 20 ett

91 1153 93 22 ordnadt
204 1153 40 22 och
259 1154 89 28 upplyst
364 1154 110 21 samhälle.
504 1153 87 28 Frägan
607 1155 24 19 är
646 1152 49 27 den,
709 1153 56 20 huru
778 1151 62 29 längt

90 1188 114 21 smädaren
220 1188 41 21 och
276 1188 163 21 ärekränkaren
454 1188 56 20 skall
525 1188 22 20 få
562 1187 34 28 gå.
625 1186 11 21 I
651 1186 80 28 nådiga
741 1186 97 28 proposi-

89 1223 75 21 tionen
182 1222 39 20 har
236 1222 132 28 regeringen
383 1222 7 21 i
406 1222 126 21 samhällets
547 1222 92 20 intresse
656 1221 49 21 sökt
720 1220 119 21 inskränka

88 1258 56 22 hans
164 1258 104 28 rättighet
289 1259 32 20 att
341 1257 74 22 bevisa
433 1264 27 14 en
476 1256 107 22 smädelse
598 1255 34 21 till
646 1256 27 20 de
689 1255 48 26 fall,
753 1254 27 22 dä
794 1255 44 21 han

89 1292 65 22 äfven
174 1292 65 28 eljest
259 1292 69 28 enligt
348 1292 80 21 allmän
448 1291 36 28 lag
502 1297 52 15 vore
571 1289 124 29 berättigad
711 1291 32 19 att
758 1295 27 15 en
802 1289 36 21 be-

88 1326 71 21 stämd
179 1326 101 28 brottslig
298 1326 105 27 handling
418 1325 88 27 angifva
522 1324 40 21 och
578 1324 62 20 åtala.
672 1323 112 21 Utskottet
798 1323 40 21 har

89 1360 98 21 deremot
205 1360 96 27 frängätt
321 1359 71 21 denna
406 1359 86 27 princip
508 1358 40 21 och
564 1357 74 20 dervid
654 1356 112 21 tillerkänt
782 1357 56 20 smä-

88 1394 68 22 daren
172 1395 69 20 större
256 1393 105 28 rättighet
375 1393 79 26 dertill,
471 1395 27 19 än
514 1391 126 22 samhällets
656 1390 69 28 öfrige
736 1391 102 21 medlem-

88 1436 54 16 mar.
166 1428 118 22 Smädåren
299 1428 41 25 och
356 1427 162 24 ärekränkaren
534 1428 37 22 äro
587 1425 35 22 väl
636 1424 67 24 bland
713 1425 126 24 samhällets
