<?xml version="1.0" encoding="UTF-8"?>
<alto xmlns="http://www.loc.gov/standards/alto/ns-v3#" xmlns:xlink="http://www.w3.org/1999/xlink" xmlns:xsi="http://www.w3.org/2001/XMLSchema-instance" xsi:schemaLocation="http://www.loc.gov/standards/alto/ns-v3# http://www.loc.gov/alto/v3/alto-3-0.xsd">
	<Description>
		<MeasurementUnit>pixel</MeasurementUnit>
		<sourceImageInformation>
			<fileName>/tmp/tess_xchdztaq_input.PNG</fileName>
		</sourceImageInformation>
		<OCRProcessing ID="OCR_0">
			<ocrProcessingStep>
				<processingSoftware>
					<softwareName>tesseract 5.3.4</softwareName>
				</processingSoftware>
			</ocrProcessingStep>
		</OCRProcessing>
	</Description>
	<Layout>
		<Page WIDTH="992" HEIGHT="1709" PHYSICAL_IMG_NR="0" ID="page_0">
			<PrintSpace HPOS="0" VPOS="0" WIDTH="992" HEIGHT="1709">
				<ComposedBlock ID="cblock_0" HPOS="189" VPOS="140" WIDTH="42" HEIGHT="20">
					<TextBlock ID="block_0" HPOS="189" VPOS="140" WIDTH="42" HEIGHT="20">
						<TextLine ID="line_0" HPOS="189" VPOS="140" WIDTH="42" HEIGHT="20">
							<String ID="string_0" HPOS="189" VPOS="140" WIDTH="42" HEIGHT="20" WC="0.96" CONTENT="264"/>
						</TextLine>
					</TextBlock>
				</ComposedBlock>
				<ComposedBlock ID="cblock_1" HPOS="160" VPOS="201" WIDTH="775" HEIGHT="1239">
					<TextBlock ID="block_1" HPOS="160" VPOS="201" WIDTH="750" HEIGHT="64">
						<TextLine ID="line_1" HPOS="161" VPOS="201" WIDTH="749" HEIGHT="30">
							<String ID="string_1" HPOS="161" VPOS="205" WIDTH="74" HEIGHT="21" WC="0.96" CONTENT="adelns"/><SP WIDTH="16" VPOS="205" HPOS="235"/>
							<String ID="string_2" HPOS="251" VPOS="205" WIDTH="56" HEIGHT="21" WC="0.89" CONTENT="samt."/><SP WIDTH="15" VPOS="205" HPOS="307"/>
							<String ID="string_3" HPOS="322" VPOS="203" WIDTH="169" HEIGHT="22" WC="0.89" CONTENT="bondeståndets"/><SP WIDTH="10" VPOS="203" HPOS="491"/>
							<String ID="string_4" HPOS="501" VPOS="202" WIDTH="134" HEIGHT="29" WC="0.96" CONTENT="deputerade"/><SP WIDTH="16" VPOS="202" HPOS="635"/>
							<String ID="string_5" HPOS="651" VPOS="202" WIDTH="8" HEIGHT="21" WC="0.96" CONTENT="i"/><SP WIDTH="15" VPOS="202" HPOS="659"/>
							<String ID="string_6" HPOS="674" VPOS="202" WIDTH="107" HEIGHT="22" WC="0.93" CONTENT="utskottet"/><SP WIDTH="10" VPOS="202" HPOS="781"/>
							<String ID="string_7" HPOS="791" VPOS="201" WIDTH="119" HEIGHT="28" WC="0.92" CONTENT="tillstyrkta"/>
						</TextLine>
						<TextLine ID="line_2" HPOS="160" VPOS="237" WIDTH="593" HEIGHT="28">
							<String ID="string_8" HPOS="160" VPOS="240" WIDTH="115" HEIGHT="21" WC="0.96" CONTENT="redaktion"/><SP WIDTH="16" VPOS="240" HPOS="275"/>
							<String ID="string_9" HPOS="291" VPOS="239" WIDTH="8" HEIGHT="21" WC="0.96" CONTENT="i"/><SP WIDTH="15" VPOS="239" HPOS="299"/>
							<String ID="string_10" HPOS="314" VPOS="239" WIDTH="71" HEIGHT="21" WC="0.96" CONTENT="denna"/><SP WIDTH="16" VPOS="239" HPOS="385"/>
							<String ID="string_11" HPOS="401" VPOS="238" WIDTH="35" HEIGHT="21" WC="0.96" CONTENT="del"/><SP WIDTH="15" VPOS="238" HPOS="436"/>
							<String ID="string_12" HPOS="451" VPOS="245" WIDTH="38" HEIGHT="14" WC="0.96" CONTENT="var"/><SP WIDTH="15" VPOS="245" HPOS="489"/>
							<String ID="string_13" HPOS="504" VPOS="238" WIDTH="24" HEIGHT="21" WC="0.96" CONTENT="af"/><SP WIDTH="14" VPOS="238" HPOS="528"/>
							<String ID="string_14" HPOS="542" VPOS="238" WIDTH="86" HEIGHT="20" WC="0.96" CONTENT="ståndet"/><SP WIDTH="15" VPOS="238" HPOS="628"/>
							<String ID="string_15" HPOS="643" VPOS="237" WIDTH="110" HEIGHT="28" WC="0.96" CONTENT="godkänd."/>
						</TextLine>
					</TextBlock>
					<TextBlock ID="block_2" HPOS="160" VPOS="271" WIDTH="751" HEIGHT="93">
						<TextLine ID="line_3" HPOS="227" VPOS="271" WIDTH="683" HEIGHT="29">
							<String ID="string_16" HPOS="227" VPOS="274" WIDTH="33" HEIGHT="21" WC="0.96" CONTENT="På"/><SP WIDTH="20" VPOS="274" HPOS="260"/>
							<String ID="string_17" HPOS="280" VPOS="274" WIDTH="51" HEIGHT="20" WC="0.93" CONTENT="herr"/><SP WIDTH="20" VPOS="274" HPOS="331"/>
							<String ID="string_18" HPOS="351" VPOS="273" WIDTH="212" HEIGHT="21" WC="0.91" CONTENT="landtmarskalkens"/><SP WIDTH="19" VPOS="273" HPOS="563"/>
							<String ID="string_19" HPOS="582" VPOS="272" WIDTH="82" HEIGHT="28" WC="0.96" CONTENT="förslag"/><SP WIDTH="20" VPOS="272" HPOS="664"/>
							<String ID="string_20" HPOS="684" VPOS="274" WIDTH="78" HEIGHT="26" WC="0.95" CONTENT="antogs"/><SP WIDTH="19" VPOS="274" HPOS="762"/>
							<String ID="string_21" HPOS="781" VPOS="271" WIDTH="66" HEIGHT="21" WC="0.91" CONTENT="andra"/><SP WIDTH="19" VPOS="271" HPOS="847"/>
							<String ID="string_22" HPOS="866" VPOS="278" WIDTH="44" HEIGHT="14" WC="0.89" CONTENT="me-"/>
						</TextLine>
						<TextLine ID="line_4" HPOS="160" VPOS="306" WIDTH="751" HEIGHT="31">
							<String ID="string_23" HPOS="160" VPOS="308" WIDTH="83" HEIGHT="29" WC="0.96" CONTENT="ningen"/><SP WIDTH="21" VPOS="308" HPOS="243"/>
							<String ID="string_24" HPOS="264" VPOS="308" WIDTH="31" HEIGHT="21" WC="0.92" CONTENT="uti"/><SP WIDTH="22" VPOS="308" HPOS="295"/>
							<String ID="string_25" HPOS="317" VPOS="307" WIDTH="142" HEIGHT="22" WC="0.91" CONTENT="nästberörde"/><SP WIDTH="20" VPOS="307" HPOS="459"/>
							<String ID="string_26" HPOS="479" VPOS="309" WIDTH="96" HEIGHT="20" WC="0.95" CONTENT="moment"/><SP WIDTH="23" VPOS="309" HPOS="575"/>
							<String ID="string_27" HPOS="598" VPOS="307" WIDTH="49" HEIGHT="21" WC="0.95" CONTENT="med"/><SP WIDTH="21" VPOS="307" HPOS="647"/>
							<String ID="string_28" HPOS="668" VPOS="307" WIDTH="41" HEIGHT="21" WC="0.96" CONTENT="den"/><SP WIDTH="20" VPOS="307" HPOS="709"/>
							<String ID="string_29" HPOS="729" VPOS="306" WIDTH="94" HEIGHT="29" WC="0.96" CONTENT="lydelse,"/><SP WIDTH="15" VPOS="306" HPOS="823"/>
							<String ID="string_30" HPOS="838" VPOS="312" WIDTH="46" HEIGHT="15" WC="0.96" CONTENT="som"/><SP WIDTH="19" VPOS="312" HPOS="884"/>
							<String ID="string_31" HPOS="903" VPOS="306" WIDTH="8" HEIGHT="21" WC="0.96" CONTENT="i"/>
						</TextLine>
						<TextLine ID="line_5" HPOS="162" VPOS="342" WIDTH="278" HEIGHT="22">
							<String ID="string_32" HPOS="162" VPOS="342" WIDTH="147" HEIGHT="22" WC="0.93" CONTENT="betänkandet"/><SP WIDTH="15" VPOS="342" HPOS="309"/>
							<String ID="string_33" HPOS="324" VPOS="342" WIDTH="116" HEIGHT="22" WC="0.92" CONTENT="förordats."/>
						</TextLine>
					</TextBlock>
					<TextBlock ID="block_3" HPOS="229" VPOS="376" WIDTH="310" HEIGHT="28">
						<TextLine ID="line_6" HPOS="229" VPOS="376" WIDTH="310" HEIGHT="28">
							<String ID="string_34" HPOS="229" VPOS="377" WIDTH="104" HEIGHT="21" WC="0.93" CONTENT="Rörande"/><SP WIDTH="16" VPOS="377" HPOS="333"/>
							<String ID="string_35" HPOS="349" VPOS="377" WIDTH="12" HEIGHT="27" WC="0.90" CONTENT="$"/><SP WIDTH="16" VPOS="377" HPOS="361"/>
							<String ID="string_36" HPOS="377" VPOS="377" WIDTH="12" HEIGHT="20" WC="0.96" CONTENT="3"/><SP WIDTH="16" VPOS="377" HPOS="389"/>
							<String ID="string_37" HPOS="405" VPOS="377" WIDTH="85" HEIGHT="27" WC="0.96" CONTENT="yttrade"/><SP WIDTH="16" VPOS="377" HPOS="490"/>
							<String ID="string_38" HPOS="506" VPOS="376" WIDTH="33" HEIGHT="28" WC="0.96" CONTENT="sig"/>
						</TextLine>
					</TextBlock>
					<TextBlock ID="block_4" HPOS="162" VPOS="410" WIDTH="752" HEIGHT="272">
						<TextLine ID="line_7" HPOS="229" VPOS="410" WIDTH="683" HEIGHT="30">
							<String ID="string_39" HPOS="229" VPOS="412" WIDTH="58" HEIGHT="21" WC="0.92" CONTENT="Herr"/><SP WIDTH="15" VPOS="412" HPOS="287"/>
							<String ID="string_40" HPOS="302" VPOS="411" WIDTH="201" HEIGHT="29" WC="0.92" CONTENT="Björkenheim,"/><SP WIDTH="16" VPOS="411" HPOS="503"/>
							<String ID="string_41" HPOS="519" VPOS="411" WIDTH="38" HEIGHT="21" WC="0.91" CONTENT="R.:"/><SP WIDTH="16" VPOS="411" HPOS="557"/>
							<String ID="string_42" HPOS="573" VPOS="410" WIDTH="98" HEIGHT="22" WC="0.96" CONTENT="Emedan"/><SP WIDTH="17" VPOS="410" HPOS="671"/>
							<String ID="string_43" HPOS="688" VPOS="410" WIDTH="42" HEIGHT="21" WC="0.93" CONTENT="den"/><SP WIDTH="12" VPOS="410" HPOS="730"/>
							<String ID="string_44" HPOS="742" VPOS="410" WIDTH="170" HEIGHT="22" WC="0.90" CONTENT="redaktionsför-"/>
						</TextLine>
						<TextLine ID="line_8" HPOS="162" VPOS="444" WIDTH="751" HEIGHT="30">
							<String ID="string_45" HPOS="162" VPOS="446" WIDTH="101" HEIGHT="28" WC="0.96" CONTENT="ändring,"/><SP WIDTH="22" VPOS="446" HPOS="263"/>
							<String ID="string_46" HPOS="285" VPOS="453" WIDTH="46" HEIGHT="14" WC="0.97" CONTENT="som"/><SP WIDTH="20" VPOS="453" HPOS="331"/>
							<String ID="string_47" HPOS="351" VPOS="446" WIDTH="108" HEIGHT="21" WC="0.96" CONTENT="utskottet"/><SP WIDTH="14" VPOS="446" HPOS="459"/>
							<String ID="string_48" HPOS="473" VPOS="446" WIDTH="39" HEIGHT="20" WC="0.96" CONTENT="här"/><SP WIDTH="15" VPOS="446" HPOS="512"/>
							<String ID="string_49" HPOS="527" VPOS="445" WIDTH="125" HEIGHT="28" WC="0.96" CONTENT="föreslagit,"/><SP WIDTH="16" VPOS="445" HPOS="652"/>
							<String ID="string_50" HPOS="668" VPOS="446" WIDTH="181" HEIGHT="27" WC="0.95" CONTENT="sammanhänger"/><SP WIDTH="14" VPOS="446" HPOS="849"/>
							<String ID="string_51" HPOS="863" VPOS="444" WIDTH="50" HEIGHT="22" WC="0.96" CONTENT="med"/>
						</TextLine>
						<TextLine ID="line_9" HPOS="162" VPOS="480" WIDTH="752" HEIGHT="28">
							<String ID="string_52" HPOS="162" VPOS="481" WIDTH="125" HEIGHT="21" WC="0.38" CONTENT="utskottets&quot;"/><SP WIDTH="8" VPOS="481" HPOS="287"/>
							<String ID="string_53" HPOS="295" VPOS="481" WIDTH="83" HEIGHT="27" WC="0.96" CONTENT="förslag"/><SP WIDTH="15" VPOS="481" HPOS="378"/>
							<String ID="string_54" HPOS="393" VPOS="481" WIDTH="7" HEIGHT="20" WC="0.96" CONTENT="i"/><SP WIDTH="15" VPOS="481" HPOS="400"/>
							<String ID="string_55" HPOS="415" VPOS="481" WIDTH="76" HEIGHT="27" WC="0.96" CONTENT="frågan"/><SP WIDTH="17" VPOS="481" HPOS="491"/>
							<String ID="string_56" HPOS="508" VPOS="488" WIDTH="34" HEIGHT="14" WC="0.96" CONTENT="om"/><SP WIDTH="16" VPOS="488" HPOS="542"/>
							<String ID="string_57" HPOS="558" VPOS="480" WIDTH="105" HEIGHT="21" WC="0.96" CONTENT="Finlands"/><SP WIDTH="14" VPOS="480" HPOS="663"/>
							<String ID="string_58" HPOS="677" VPOS="480" WIDTH="65" HEIGHT="27" WC="0.93" CONTENT="bank,"/><SP WIDTH="14" VPOS="480" HPOS="742"/>
							<String ID="string_59" HPOS="756" VPOS="480" WIDTH="110" HEIGHT="28" WC="0.92" CONTENT="nemligen"/><SP WIDTH="16" VPOS="480" HPOS="866"/>
							<String ID="string_60" HPOS="882" VPOS="481" WIDTH="32" HEIGHT="19" WC="0.96" CONTENT="att"/>
						</TextLine>
						<TextLine ID="line_10" HPOS="164" VPOS="514" WIDTH="749" HEIGHT="29">
							<String ID="string_61" HPOS="164" VPOS="516" WIDTH="85" HEIGHT="22" WC="0.96" CONTENT="banken"/><SP WIDTH="20" VPOS="516" HPOS="249"/>
							<String ID="string_62" HPOS="269" VPOS="515" WIDTH="71" HEIGHT="22" WC="0.96" CONTENT="skulle"/><SP WIDTH="20" VPOS="515" HPOS="340"/>
							<String ID="string_63" HPOS="360" VPOS="515" WIDTH="22" HEIGHT="21" WC="0.96" CONTENT="få"/><SP WIDTH="19" VPOS="515" HPOS="382"/>
							<String ID="string_64" HPOS="401" VPOS="517" WIDTH="78" HEIGHT="26" WC="0.96" CONTENT="stoppa"/><SP WIDTH="17" VPOS="517" HPOS="479"/>
							<String ID="string_65" HPOS="496" VPOS="516" WIDTH="34" HEIGHT="20" WC="0.93" CONTENT="sin"/><SP WIDTH="16" VPOS="516" HPOS="530"/>
							<String ID="string_66" HPOS="546" VPOS="515" WIDTH="200" HEIGHT="28" WC="0.89" CONTENT="silfverutvexling,"/><SP WIDTH="15" VPOS="515" HPOS="746"/>
							<String ID="string_67" HPOS="761" VPOS="522" WIDTH="51" HEIGHT="14" WC="0.96" CONTENT="men"/><SP WIDTH="16" VPOS="522" HPOS="812"/>
							<String ID="string_68" HPOS="828" VPOS="514" WIDTH="85" HEIGHT="22" WC="0.96" CONTENT="ståndet"/>
						</TextLine>
						<TextLine ID="line_11" HPOS="163" VPOS="549" WIDTH="750" HEIGHT="27">
							<String ID="string_69" HPOS="163" VPOS="551" WIDTH="47" HEIGHT="21" WC="0.96" CONTENT="häri"/><SP WIDTH="15" VPOS="551" HPOS="210"/>
							<String ID="string_70" HPOS="225" VPOS="550" WIDTH="65" HEIGHT="22" WC="0.96" CONTENT="fattat"/><SP WIDTH="16" VPOS="550" HPOS="290"/>
							<String ID="string_71" HPOS="306" VPOS="552" WIDTH="31" HEIGHT="19" WC="0.96" CONTENT="ett"/><SP WIDTH="14" VPOS="552" HPOS="337"/>
							<String ID="string_72" HPOS="351" VPOS="550" WIDTH="72" HEIGHT="21" WC="0.96" CONTENT="beslut"/><SP WIDTH="11" VPOS="550" HPOS="423"/>
							<String ID="string_73" HPOS="434" VPOS="552" WIDTH="88" HEIGHT="19" WC="0.96" CONTENT="motsatt"/><SP WIDTH="11" VPOS="552" HPOS="522"/>
							<String ID="string_74" HPOS="533" VPOS="550" WIDTH="118" HEIGHT="21" WC="0.96" CONTENT="utskottets"/><SP WIDTH="10" VPOS="550" HPOS="651"/>
							<String ID="string_75" HPOS="661" VPOS="550" WIDTH="145" HEIGHT="26" WC="0.96" CONTENT="betänkande,"/><SP WIDTH="12" VPOS="550" HPOS="806"/>
							<String ID="string_76" HPOS="818" VPOS="550" WIDTH="23" HEIGHT="20" WC="0.96" CONTENT="så"/><SP WIDTH="11" VPOS="550" HPOS="841"/>
							<String ID="string_77" HPOS="852" VPOS="549" WIDTH="61" HEIGHT="21" WC="0.95" CONTENT="torde"/>
						</TextLine>
						<TextLine ID="line_12" HPOS="165" VPOS="584" WIDTH="749" HEIGHT="28">
							<String ID="string_78" HPOS="165" VPOS="585" WIDTH="64" HEIGHT="21" WC="0.96" CONTENT="äfven"/><SP WIDTH="21" VPOS="585" HPOS="229"/>
							<String ID="string_79" HPOS="250" VPOS="585" WIDTH="42" HEIGHT="21" WC="0.96" CONTENT="den"/><SP WIDTH="19" VPOS="585" HPOS="292"/>
							<String ID="string_80" HPOS="311" VPOS="584" WIDTH="24" HEIGHT="21" WC="0.95" CONTENT="af"/><SP WIDTH="13" VPOS="584" HPOS="335"/>
							<String ID="string_81" HPOS="348" VPOS="584" WIDTH="106" HEIGHT="22" WC="0.96" CONTENT="utskottet"/><SP WIDTH="15" VPOS="584" HPOS="454"/>
							<String ID="string_82" HPOS="469" VPOS="584" WIDTH="124" HEIGHT="28" WC="0.96" CONTENT="föreslagna"/><SP WIDTH="16" VPOS="584" HPOS="593"/>
							<String ID="string_83" HPOS="609" VPOS="584" WIDTH="143" HEIGHT="21" WC="0.96" CONTENT="redaktionen"/><SP WIDTH="17" VPOS="584" HPOS="752"/>
							<String ID="string_84" HPOS="769" VPOS="584" WIDTH="24" HEIGHT="21" WC="0.96" CONTENT="af"/><SP WIDTH="14" VPOS="584" HPOS="793"/>
							<String ID="string_85" HPOS="807" VPOS="584" WIDTH="36" HEIGHT="21" WC="0.92" CONTENT="det"/><SP WIDTH="15" VPOS="584" HPOS="843"/>
							<String ID="string_86" HPOS="858" VPOS="584" WIDTH="56" HEIGHT="21" WC="0.91" CONTENT="före-"/>
						</TextLine>
						<TextLine ID="line_13" HPOS="165" VPOS="618" WIDTH="749" HEIGHT="29">
							<String ID="string_87" HPOS="165" VPOS="619" WIDTH="94" HEIGHT="22" WC="0.96" CONTENT="varande"/><SP WIDTH="16" VPOS="619" HPOS="259"/>
							<String ID="string_88" HPOS="275" VPOS="620" WIDTH="120" HEIGHT="20" WC="0.96" CONTENT="momentet"/><SP WIDTH="15" VPOS="620" HPOS="395"/>
							<String ID="string_89" HPOS="410" VPOS="619" WIDTH="53" HEIGHT="21" WC="0.96" CONTENT="böra"/><SP WIDTH="15" VPOS="619" HPOS="463"/>
							<String ID="string_90" HPOS="478" VPOS="619" WIDTH="88" HEIGHT="21" WC="0.96" CONTENT="förfalla"/><SP WIDTH="16" VPOS="619" HPOS="566"/>
							<String ID="string_91" HPOS="582" VPOS="619" WIDTH="40" HEIGHT="21" WC="0.96" CONTENT="och"/><SP WIDTH="16" VPOS="619" HPOS="622"/>
							<String ID="string_92" HPOS="638" VPOS="618" WIDTH="40" HEIGHT="22" WC="0.96" CONTENT="den"/><SP WIDTH="17" VPOS="618" HPOS="678"/>
							<String ID="string_93" HPOS="695" VPOS="618" WIDTH="79" HEIGHT="28" WC="0.93" CONTENT="nådiga"/><SP WIDTH="10" VPOS="618" HPOS="774"/>
							<String ID="string_94" HPOS="784" VPOS="619" WIDTH="130" HEIGHT="28" WC="0.92" CONTENT="propositio-"/>
						</TextLine>
						<TextLine ID="line_14" HPOS="165" VPOS="653" WIDTH="420" HEIGHT="29">
							<String ID="string_95" HPOS="165" VPOS="660" WIDTH="43" HEIGHT="15" WC="0.96" CONTENT="nen"/><SP WIDTH="15" VPOS="660" HPOS="208"/>
							<String ID="string_96" HPOS="223" VPOS="654" WIDTH="8" HEIGHT="20" WC="0.96" CONTENT="i"/><SP WIDTH="15" VPOS="654" HPOS="231"/>
							<String ID="string_97" HPOS="246" VPOS="653" WIDTH="71" HEIGHT="22" WC="0.95" CONTENT="denna"/><SP WIDTH="16" VPOS="653" HPOS="317"/>
							<String ID="string_98" HPOS="333" VPOS="653" WIDTH="34" HEIGHT="21" WC="0.96" CONTENT="del"/><SP WIDTH="16" VPOS="653" HPOS="367"/>
							<String ID="string_99" HPOS="383" VPOS="653" WIDTH="53" HEIGHT="21" WC="0.96" CONTENT="böra"/><SP WIDTH="15" VPOS="653" HPOS="436"/>
							<String ID="string_100" HPOS="451" VPOS="653" WIDTH="134" HEIGHT="29" WC="0.96" CONTENT="godkännas."/>
						</TextLine>
					</TextBlock>
					<TextBlock ID="block_5" HPOS="162" VPOS="684" WIDTH="756" HEIGHT="309">
						<TextLine ID="line_15" HPOS="231" VPOS="684" WIDTH="683" HEIGHT="32">
							<String ID="string_101" HPOS="231" VPOS="688" WIDTH="59" HEIGHT="21" WC="0.93" CONTENT="Herr"/><SP WIDTH="21" VPOS="688" HPOS="290"/>
							<String ID="string_102" HPOS="311" VPOS="688" WIDTH="147" HEIGHT="27" WC="0.91" CONTENT="Törngren:"/><SP WIDTH="21" VPOS="688" HPOS="458"/>
							<String ID="string_103" HPOS="479" VPOS="688" WIDTH="72" HEIGHT="21" WC="0.96" CONTENT="Sedan"/><SP WIDTH="20" VPOS="688" HPOS="551"/>
							<String ID="string_104" HPOS="571" VPOS="695" WIDTH="51" HEIGHT="13" WC="0.96" CONTENT="man"/><SP WIDTH="21" VPOS="695" HPOS="622"/>
							<String ID="string_105" HPOS="643" VPOS="684" WIDTH="87" HEIGHT="32" WC="0.93" CONTENT="engång"/><SP WIDTH="20" VPOS="684" HPOS="730"/>
							<String ID="string_106" HPOS="750" VPOS="688" WIDTH="64" HEIGHT="28" WC="0.91" CONTENT="gifvit"/><SP WIDTH="19" VPOS="688" HPOS="814"/>
							<String ID="string_107" HPOS="833" VPOS="688" WIDTH="81" HEIGHT="28" WC="0.92" CONTENT="privat-"/>
						</TextLine>
						<TextLine ID="line_16" HPOS="162" VPOS="722" WIDTH="754" HEIGHT="29">
							<String ID="string_108" HPOS="162" VPOS="722" WIDTH="84" HEIGHT="22" WC="0.87" CONTENT="banker"/><SP WIDTH="25" VPOS="722" HPOS="246"/>
							<String ID="string_109" HPOS="271" VPOS="722" WIDTH="228" HEIGHT="29" WC="0.87" CONTENT="sedelutgifningsrätt"/><SP WIDTH="22" VPOS="722" HPOS="499"/>
							<String ID="string_110" HPOS="521" VPOS="723" WIDTH="40" HEIGHT="21" WC="0.96" CONTENT="och"/><SP WIDTH="23" VPOS="723" HPOS="561"/>
							<String ID="string_111" HPOS="584" VPOS="722" WIDTH="70" HEIGHT="21" WC="0.91" CONTENT="tillika"/><SP WIDTH="22" VPOS="722" HPOS="654"/>
							<String ID="string_112" HPOS="676" VPOS="722" WIDTH="34" HEIGHT="21" WC="0.96" CONTENT="för"/><SP WIDTH="22" VPOS="722" HPOS="710"/>
							<String ID="string_113" HPOS="732" VPOS="722" WIDTH="106" HEIGHT="21" WC="0.94" CONTENT="Finlands"/><SP WIDTH="19" VPOS="722" HPOS="838"/>
							<String ID="string_114" HPOS="857" VPOS="722" WIDTH="59" HEIGHT="22" WC="0.94" CONTENT="bank"/>
						</TextLine>
						<TextLine ID="line_17" HPOS="163" VPOS="756" WIDTH="753" HEIGHT="29">
							<String ID="string_115" HPOS="163" VPOS="757" WIDTH="110" HEIGHT="22" WC="0.96" CONTENT="bestämdt"/><SP WIDTH="22" VPOS="757" HPOS="273"/>
							<String ID="string_116" HPOS="295" VPOS="757" WIDTH="67" HEIGHT="21" WC="0.96" CONTENT="sådan"/><SP WIDTH="20" VPOS="757" HPOS="362"/>
							<String ID="string_117" HPOS="382" VPOS="758" WIDTH="127" HEIGHT="27" WC="0.96" CONTENT="proportion"/><SP WIDTH="21" VPOS="758" HPOS="509"/>
							<String ID="string_118" HPOS="530" VPOS="757" WIDTH="79" HEIGHT="21" WC="0.96" CONTENT="mellan"/><SP WIDTH="21" VPOS="757" HPOS="609"/>
							<String ID="string_119" HPOS="630" VPOS="756" WIDTH="124" HEIGHT="22" WC="0.96" CONTENT="metalliska"/><SP WIDTH="18" VPOS="756" HPOS="754"/>
							<String ID="string_120" HPOS="772" VPOS="757" WIDTH="88" HEIGHT="21" WC="0.79" CONTENT="valutan"/><SP WIDTH="16" VPOS="757" HPOS="860"/>
							<String ID="string_121" HPOS="876" VPOS="757" WIDTH="40" HEIGHT="22" WC="0.96" CONTENT="och"/>
						</TextLine>
						<TextLine ID="line_18" HPOS="164" VPOS="791" WIDTH="753" HEIGHT="29">
							<String ID="string_122" HPOS="164" VPOS="792" WIDTH="109" HEIGHT="27" WC="0.90" CONTENT="sedlarne,"/><SP WIDTH="16" VPOS="792" HPOS="273"/>
							<String ID="string_123" HPOS="289" VPOS="798" WIDTH="47" HEIGHT="15" WC="0.96" CONTENT="som"/><SP WIDTH="19" VPOS="798" HPOS="336"/>
							<String ID="string_124" HPOS="355" VPOS="798" WIDTH="51" HEIGHT="15" WC="0.96" CONTENT="man"/><SP WIDTH="25" VPOS="798" HPOS="406"/>
							<String ID="string_125" HPOS="431" VPOS="792" WIDTH="68" HEIGHT="28" WC="0.92" CONTENT="gjort,"/><SP WIDTH="16" VPOS="792" HPOS="499"/>
							<String ID="string_126" HPOS="515" VPOS="794" WIDTH="45" HEIGHT="18" WC="0.96" CONTENT="tror"/><SP WIDTH="13" VPOS="794" HPOS="560"/>
							<String ID="string_127" HPOS="573" VPOS="792" WIDTH="40" HEIGHT="27" WC="0.96" CONTENT="jag"/><SP WIDTH="15" VPOS="792" HPOS="613"/>
							<String ID="string_128" HPOS="628" VPOS="792" WIDTH="37" HEIGHT="20" WC="0.96" CONTENT="det"/><SP WIDTH="15" VPOS="792" HPOS="665"/>
							<String ID="string_129" HPOS="680" VPOS="792" WIDTH="42" HEIGHT="20" WC="0.96" CONTENT="blir"/><SP WIDTH="16" VPOS="792" HPOS="722"/>
							<String ID="string_130" HPOS="738" VPOS="791" WIDTH="133" HEIGHT="29" WC="0.96" CONTENT="nödvändigt"/><SP WIDTH="15" VPOS="791" HPOS="871"/>
							<String ID="string_131" HPOS="886" VPOS="793" WIDTH="31" HEIGHT="20" WC="0.96" CONTENT="att"/>
						</TextLine>
						<TextLine ID="line_19" HPOS="164" VPOS="826" WIDTH="753" HEIGHT="28">
							<String ID="string_132" HPOS="164" VPOS="828" WIDTH="79" HEIGHT="26" WC="0.96" CONTENT="antaga"/><SP WIDTH="20" VPOS="828" HPOS="243"/>
							<String ID="string_133" HPOS="263" VPOS="826" WIDTH="117" HEIGHT="21" WC="0.74" CONTENT="utskottets."/><SP WIDTH="25" VPOS="826" HPOS="380"/>
							<String ID="string_134" HPOS="405" VPOS="826" WIDTH="90" HEIGHT="28" WC="0.96" CONTENT="förslag,"/><SP WIDTH="16" VPOS="826" HPOS="495"/>
							<String ID="string_135" HPOS="511" VPOS="828" WIDTH="24" HEIGHT="26" WC="0.96" CONTENT="ty"/><SP WIDTH="15" VPOS="828" HPOS="535"/>
							<String ID="string_136" HPOS="550" VPOS="826" WIDTH="36" HEIGHT="22" WC="0.96" CONTENT="det"/><SP WIDTH="18" VPOS="826" HPOS="586"/>
							<String ID="string_137" HPOS="604" VPOS="826" WIDTH="69" HEIGHT="21" WC="0.96" CONTENT="måste"/><SP WIDTH="16" VPOS="826" HPOS="673"/>
							<String ID="string_138" HPOS="689" VPOS="826" WIDTH="87" HEIGHT="21" WC="0.95" CONTENT="komma"/><SP WIDTH="16" VPOS="826" HPOS="776"/>
							<String ID="string_139" HPOS="792" VPOS="834" WIDTH="26" HEIGHT="14" WC="0.96" CONTENT="en"/><SP WIDTH="14" VPOS="834" HPOS="818"/>
							<String ID="string_140" HPOS="832" VPOS="826" WIDTH="42" HEIGHT="27" WC="0.96" CONTENT="tid,"/><SP WIDTH="17" VPOS="826" HPOS="874"/>
							<String ID="string_141" HPOS="891" VPOS="826" WIDTH="26" HEIGHT="22" WC="0.96" CONTENT="då"/>
						</TextLine>
						<TextLine ID="line_20" HPOS="164" VPOS="860" WIDTH="753" HEIGHT="29">
							<String ID="string_142" HPOS="164" VPOS="861" WIDTH="142" HEIGHT="21" WC="0.91" CONTENT="statsbanken"/><SP WIDTH="19" VPOS="861" HPOS="306"/>
							<String ID="string_143" HPOS="325" VPOS="861" WIDTH="50" HEIGHT="21" WC="0.94" CONTENT="med"/><SP WIDTH="20" VPOS="861" HPOS="375"/>
							<String ID="string_144" HPOS="395" VPOS="860" WIDTH="54" HEIGHT="22" WC="0.96" CONTENT="eller"/><SP WIDTH="20" VPOS="860" HPOS="449"/>
							<String ID="string_145" HPOS="469" VPOS="863" WIDTH="53" HEIGHT="19" WC="0.96" CONTENT="utan"/><SP WIDTH="16" VPOS="863" HPOS="522"/>
							<String ID="string_146" HPOS="538" VPOS="860" WIDTH="103" HEIGHT="22" WC="0.96" CONTENT="tillåtelse"/><SP WIDTH="15" VPOS="860" HPOS="641"/>
							<String ID="string_147" HPOS="656" VPOS="861" WIDTH="70" HEIGHT="21" WC="0.96" CONTENT="måste"/><SP WIDTH="16" VPOS="861" HPOS="726"/>
							<String ID="string_148" HPOS="742" VPOS="862" WIDTH="77" HEIGHT="27" WC="0.96" CONTENT="stoppa"/><SP WIDTH="16" VPOS="862" HPOS="819"/>
							<String ID="string_149" HPOS="835" VPOS="861" WIDTH="32" HEIGHT="21" WC="0.90" CONTENT="sin"/><SP WIDTH="16" VPOS="861" HPOS="867"/>
							<String ID="string_150" HPOS="883" VPOS="862" WIDTH="34" HEIGHT="20" WC="0.90" CONTENT="rö-"/>
						</TextLine>
						<TextLine ID="line_21" HPOS="163" VPOS="895" WIDTH="755" HEIGHT="29">
							<String ID="string_151" HPOS="163" VPOS="895" WIDTH="67" HEIGHT="28" WC="0.91" CONTENT="relse,"/><SP WIDTH="20" VPOS="895" HPOS="230"/>
							<String ID="string_152" HPOS="250" VPOS="895" WIDTH="40" HEIGHT="21" WC="0.93" CONTENT="och"/><SP WIDTH="22" VPOS="895" HPOS="290"/>
							<String ID="string_153" HPOS="312" VPOS="895" WIDTH="27" HEIGHT="21" WC="0.90" CONTENT=":då"/><SP WIDTH="19" VPOS="895" HPOS="339"/>
							<String ID="string_154" HPOS="358" VPOS="896" WIDTH="69" HEIGHT="21" WC="0.87" CONTENT="mäste"/><SP WIDTH="26" VPOS="896" HPOS="427"/>
							<String ID="string_155" HPOS="453" VPOS="896" WIDTH="63" HEIGHT="21" WC="0.92" CONTENT="äfven"/><SP WIDTH="23" VPOS="896" HPOS="516"/>
							<String ID="string_156" HPOS="539" VPOS="895" WIDTH="158" HEIGHT="29" WC="0.91" CONTENT="privatbanken"/><SP WIDTH="21" VPOS="895" HPOS="697"/>
							<String ID="string_157" HPOS="718" VPOS="896" WIDTH="74" HEIGHT="21" WC="0.93" CONTENT="kunna"/><SP WIDTH="18" VPOS="896" HPOS="792"/>
							<String ID="string_158" HPOS="810" VPOS="896" WIDTH="108" HEIGHT="21" WC="0.93" CONTENT="honorera"/>
						</TextLine>
						<TextLine ID="line_22" HPOS="165" VPOS="930" WIDTH="752" HEIGHT="28">
							<String ID="string_159" HPOS="165" VPOS="930" WIDTH="47" HEIGHT="21" WC="0.93" CONTENT="sina"/><SP WIDTH="19" VPOS="930" HPOS="212"/>
							<String ID="string_160" HPOS="231" VPOS="930" WIDTH="145" HEIGHT="22" WC="0.96" CONTENT="förbindelser"/><SP WIDTH="25" VPOS="930" HPOS="376"/>
							<String ID="string_161" HPOS="401" VPOS="930" WIDTH="49" HEIGHT="21" WC="0.70" CONTENT="med"/><SP WIDTH="15" VPOS="930" HPOS="450"/>
							<String ID="string_162" HPOS="465" VPOS="930" WIDTH="104" HEIGHT="22" WC="0.96" CONTENT="Finlands"/><SP WIDTH="15" VPOS="930" HPOS="569"/>
							<String ID="string_163" HPOS="584" VPOS="930" WIDTH="70" HEIGHT="21" WC="0.93" CONTENT="banks"/><SP WIDTH="16" VPOS="930" HPOS="654"/>
							<String ID="string_164" HPOS="670" VPOS="930" WIDTH="78" HEIGHT="28" WC="0.96" CONTENT="sedlar,"/><SP WIDTH="18" VPOS="930" HPOS="748"/>
							<String ID="string_165" HPOS="766" VPOS="932" WIDTH="52" HEIGHT="19" WC="0.92" CONTENT="utan"/><SP WIDTH="15" VPOS="932" HPOS="818"/>
							<String ID="string_166" HPOS="833" VPOS="932" WIDTH="33" HEIGHT="20" WC="0.93" CONTENT="att"/><SP WIDTH="15" VPOS="932" HPOS="866"/>
							<String ID="string_167" HPOS="881" VPOS="930" WIDTH="36" HEIGHT="22" WC="0.91" CONTENT="be-"/>
						</TextLine>
						<TextLine ID="line_23" HPOS="164" VPOS="964" WIDTH="259" HEIGHT="29">
							<String ID="string_168" HPOS="164" VPOS="964" WIDTH="66" HEIGHT="22" WC="0.90" CONTENT="höfva"/><SP WIDTH="15" VPOS="964" HPOS="230"/>
							<String ID="string_169" HPOS="245" VPOS="966" WIDTH="54" HEIGHT="27" WC="0.93" CONTENT="göra"/><SP WIDTH="14" VPOS="966" HPOS="299"/>
							<String ID="string_170" HPOS="313" VPOS="964" WIDTH="110" HEIGHT="22" WC="0.92" CONTENT="bankrutt."/>
						</TextLine>
					</TextBlock>
					<TextBlock ID="block_6" HPOS="168" VPOS="998" WIDTH="767" HEIGHT="442">
						<TextLine ID="line_24" HPOS="236" VPOS="998" WIDTH="683" HEIGHT="29">
							<String ID="string_171" HPOS="236" VPOS="998" WIDTH="59" HEIGHT="22" WC="0.95" CONTENT="Herr"/><SP WIDTH="23" VPOS="998" HPOS="295"/>
							<String ID="string_172" HPOS="318" VPOS="999" WIDTH="200" HEIGHT="28" WC="0.93" CONTENT="Björkenheim,"/><SP WIDTH="20" VPOS="999" HPOS="518"/>
							<String ID="string_173" HPOS="538" VPOS="999" WIDTH="37" HEIGHT="21" WC="0.93" CONTENT="R.:"/><SP WIDTH="24" VPOS="999" HPOS="575"/>
							<String ID="string_174" HPOS="599" VPOS="999" WIDTH="91" HEIGHT="21" WC="0.91" CONTENT="Ständet"/><SP WIDTH="22" VPOS="999" HPOS="690"/>
							<String ID="string_175" HPOS="712" VPOS="1000" WIDTH="40" HEIGHT="21" WC="0.93" CONTENT="har"/><SP WIDTH="22" VPOS="1000" HPOS="752"/>
							<String ID="string_176" HPOS="774" VPOS="1000" WIDTH="97" HEIGHT="26" WC="0.91" CONTENT="beslutit,"/><SP WIDTH="16" VPOS="1000" HPOS="871"/>
							<String ID="string_177" HPOS="887" VPOS="1002" WIDTH="32" HEIGHT="19" WC="0.97" CONTENT="att"/>
						</TextLine>
						<TextLine ID="line_25" HPOS="169" VPOS="1033" WIDTH="750" HEIGHT="29">
							<String ID="string_178" HPOS="169" VPOS="1033" WIDTH="47" HEIGHT="21" WC="0.93" CONTENT="frän"/><SP WIDTH="19" VPOS="1033" HPOS="216"/>
							<String ID="string_179" HPOS="235" VPOS="1033" WIDTH="40" HEIGHT="22" WC="0.96" CONTENT="och"/><SP WIDTH="16" VPOS="1033" HPOS="275"/>
							<String ID="string_180" HPOS="291" VPOS="1034" WIDTH="49" HEIGHT="21" WC="0.96" CONTENT="med"/><SP WIDTH="15" VPOS="1034" HPOS="340"/>
							<String ID="string_181" HPOS="355" VPOS="1034" WIDTH="42" HEIGHT="20" WC="0.93" CONTENT="den"/><SP WIDTH="16" VPOS="1034" HPOS="397"/>
							<String ID="string_182" HPOS="413" VPOS="1034" WIDTH="66" HEIGHT="20" WC="0.91" CONTENT="stund"/><SP WIDTH="14" VPOS="1034" HPOS="479"/>
							<String ID="string_183" HPOS="493" VPOS="1034" WIDTH="105" HEIGHT="21" WC="0.94" CONTENT="Finlands"/><SP WIDTH="14" VPOS="1034" HPOS="598"/>
							<String ID="string_184" HPOS="612" VPOS="1034" WIDTH="59" HEIGHT="20" WC="0.93" CONTENT="bank"/><SP WIDTH="16" VPOS="1034" HPOS="671"/>
							<String ID="string_185" HPOS="687" VPOS="1035" WIDTH="83" HEIGHT="27" WC="0.89" CONTENT="öppnas"/><SP WIDTH="16" VPOS="1035" HPOS="770"/>
							<String ID="string_186" HPOS="786" VPOS="1034" WIDTH="33" HEIGHT="21" WC="0.92" CONTENT="till"/><SP WIDTH="15" VPOS="1034" HPOS="819"/>
							<String ID="string_187" HPOS="834" VPOS="1034" WIDTH="85" HEIGHT="22" WC="0.91" CONTENT="silfver-"/>
						</TextLine>
						<TextLine ID="line_26" HPOS="168" VPOS="1068" WIDTH="752" HEIGHT="28">
							<String ID="string_188" HPOS="168" VPOS="1068" WIDTH="115" HEIGHT="28" WC="0.92" CONTENT="utvexling"/><SP WIDTH="18" VPOS="1068" HPOS="283"/>
							<String ID="string_189" HPOS="301" VPOS="1070" WIDTH="24" HEIGHT="19" WC="0.93" CONTENT="är"/><SP WIDTH="19" VPOS="1070" HPOS="325"/>
							<String ID="string_190" HPOS="344" VPOS="1068" WIDTH="159" HEIGHT="28" WC="0.92" CONTENT="silfvermyntet"/><SP WIDTH="15" VPOS="1068" HPOS="503"/>
							<String ID="string_191" HPOS="518" VPOS="1068" WIDTH="7" HEIGHT="21" WC="0.96" CONTENT="i"/><SP WIDTH="17" VPOS="1068" HPOS="525"/>
							<String ID="string_192" HPOS="542" VPOS="1068" WIDTH="61" HEIGHT="22" WC="0.96" CONTENT="mark"/><SP WIDTH="19" VPOS="1068" HPOS="603"/>
							<String ID="string_193" HPOS="622" VPOS="1069" WIDTH="39" HEIGHT="21" WC="0.96" CONTENT="och"/><SP WIDTH="16" VPOS="1069" HPOS="661"/>
							<String ID="string_194" HPOS="677" VPOS="1069" WIDTH="66" HEIGHT="27" WC="0.93" CONTENT="penni"/><SP WIDTH="20" VPOS="1069" HPOS="743"/>
							<String ID="string_195" HPOS="763" VPOS="1068" WIDTH="84" HEIGHT="22" WC="0.92" CONTENT="landets"/><SP WIDTH="17" VPOS="1068" HPOS="847"/>
							<String ID="string_196" HPOS="864" VPOS="1070" WIDTH="56" HEIGHT="20" WC="0.92" CONTENT="enda"/>
						</TextLine>
						<TextLine ID="line_27" HPOS="170" VPOS="1102" WIDTH="765" HEIGHT="29">
							<String ID="string_197" HPOS="170" VPOS="1102" WIDTH="82" HEIGHT="28" WC="0.96" CONTENT="lagliga"/><SP WIDTH="16" VPOS="1102" HPOS="252"/>
							<String ID="string_198" HPOS="268" VPOS="1102" WIDTH="203" HEIGHT="28" WC="0.96" CONTENT="betalningsmedel,"/><SP WIDTH="12" VPOS="1102" HPOS="471"/>
							<String ID="string_199" HPOS="483" VPOS="1104" WIDTH="39" HEIGHT="20" WC="0.96" CONTENT="och"/><SP WIDTH="16" VPOS="1104" HPOS="522"/>
							<String ID="string_200" HPOS="538" VPOS="1110" WIDTH="34" HEIGHT="14" WC="0.93" CONTENT="om"/><SP WIDTH="16" VPOS="1110" HPOS="572"/>
							<String ID="string_201" HPOS="588" VPOS="1102" WIDTH="63" HEIGHT="22" WC="0.96" CONTENT="äfven"/><SP WIDTH="12" VPOS="1102" HPOS="651"/>
							<String ID="string_202" HPOS="663" VPOS="1103" WIDTH="106" HEIGHT="21" WC="0.96" CONTENT="Finlands"/><SP WIDTH="14" VPOS="1103" HPOS="769"/>
							<String ID="string_203" HPOS="783" VPOS="1103" WIDTH="57" HEIGHT="21" WC="0.96" CONTENT="bank"/><SP WIDTH="14" VPOS="1103" HPOS="840"/>
							<String ID="string_204" HPOS="854" VPOS="1104" WIDTH="66" HEIGHT="21" WC="0.73" CONTENT="sedan"/>
						</TextLine>
						<TextLine ID="line_28" HPOS="169" VPOS="1136" WIDTH="751" HEIGHT="30">
							<String ID="string_205" HPOS="169" VPOS="1136" WIDTH="72" HEIGHT="28" WC="0.91" CONTENT="nägon"/><SP WIDTH="20" VPOS="1136" HPOS="241"/>
							<String ID="string_206" HPOS="261" VPOS="1137" WIDTH="58" HEIGHT="28" WC="0.92" CONTENT="gäng"/><SP WIDTH="20" VPOS="1137" HPOS="319"/>
							<String ID="string_207" HPOS="339" VPOS="1137" WIDTH="71" HEIGHT="21" WC="0.93" CONTENT="skulle"/><SP WIDTH="20" VPOS="1137" HPOS="410"/>
							<String ID="string_208" HPOS="430" VPOS="1137" WIDTH="82" HEIGHT="28" WC="0.92" CONTENT="nödgas"/><SP WIDTH="22" VPOS="1137" HPOS="512"/>
							<String ID="string_209" HPOS="534" VPOS="1138" WIDTH="77" HEIGHT="28" WC="0.93" CONTENT="stoppa"/><SP WIDTH="21" VPOS="1138" HPOS="611"/>
							<String ID="string_210" HPOS="632" VPOS="1138" WIDTH="32" HEIGHT="20" WC="0.93" CONTENT="sin"/><SP WIDTH="18" VPOS="1138" HPOS="664"/>
							<String ID="string_211" HPOS="682" VPOS="1137" WIDTH="197" HEIGHT="29" WC="0.92" CONTENT="silfverutvexling,"/><SP WIDTH="17" VPOS="1137" HPOS="879"/>
							<String ID="string_212" HPOS="896" VPOS="1139" WIDTH="24" HEIGHT="20" WC="0.95" CONTENT="sä"/>
						</TextLine>
						<TextLine ID="line_29" HPOS="169" VPOS="1171" WIDTH="751" HEIGHT="30">
							<String ID="string_213" HPOS="169" VPOS="1171" WIDTH="75" HEIGHT="21" WC="0.96" CONTENT="kunna"/><SP WIDTH="15" VPOS="1171" HPOS="244"/>
							<String ID="string_214" HPOS="259" VPOS="1171" WIDTH="70" HEIGHT="21" WC="0.93" CONTENT="finska"/><SP WIDTH="15" VPOS="1171" HPOS="329"/>
							<String ID="string_215" HPOS="344" VPOS="1172" WIDTH="99" HEIGHT="20" WC="0.91" CONTENT="bankens"/><SP WIDTH="14" VPOS="1172" HPOS="443"/>
							<String ID="string_216" HPOS="457" VPOS="1172" WIDTH="71" HEIGHT="22" WC="0.93" CONTENT="sedlar"/><SP WIDTH="10" VPOS="1172" HPOS="528"/>
							<String ID="string_217" HPOS="538" VPOS="1172" WIDTH="56" HEIGHT="21" WC="0.93" CONTENT="dock"/><SP WIDTH="10" VPOS="1172" HPOS="594"/>
							<String ID="string_218" HPOS="604" VPOS="1172" WIDTH="48" HEIGHT="21" WC="0.92" CONTENT="icke"/><SP WIDTH="11" VPOS="1172" HPOS="652"/>
							<String ID="string_219" HPOS="663" VPOS="1179" WIDTH="59" HEIGHT="15" WC="0.93" CONTENT="mera"/><SP WIDTH="12" VPOS="1179" HPOS="722"/>
							<String ID="string_220" HPOS="734" VPOS="1173" WIDTH="28" HEIGHT="27" WC="0.90" CONTENT="gä"/><SP WIDTH="10" VPOS="1173" HPOS="762"/>
							<String ID="string_221" HPOS="772" VPOS="1172" WIDTH="50" HEIGHT="22" WC="0.93" CONTENT="med"/><SP WIDTH="11" VPOS="1172" HPOS="822"/>
							<String ID="string_222" HPOS="833" VPOS="1174" WIDTH="87" HEIGHT="27" WC="0.92" CONTENT="tvängs-"/>
						</TextLine>
						<TextLine ID="line_30" HPOS="171" VPOS="1205" WIDTH="748" HEIGHT="30">
							<String ID="string_223" HPOS="171" VPOS="1205" WIDTH="52" HEIGHT="21" WC="0.96" CONTENT="kurs"/><SP WIDTH="21" VPOS="1205" HPOS="223"/>
							<String ID="string_224" HPOS="244" VPOS="1206" WIDTH="39" HEIGHT="20" WC="0.93" CONTENT="och"/><SP WIDTH="21" VPOS="1206" HPOS="283"/>
							<String ID="string_225" HPOS="304" VPOS="1206" WIDTH="67" HEIGHT="20" WC="0.92" CONTENT="blifva"/><SP WIDTH="20" VPOS="1206" HPOS="371"/>
							<String ID="string_226" HPOS="391" VPOS="1206" WIDTH="48" HEIGHT="20" WC="0.92" CONTENT="icke"/><SP WIDTH="20" VPOS="1206" HPOS="439"/>
							<String ID="string_227" HPOS="459" VPOS="1206" WIDTH="127" HEIGHT="28" WC="0.92" CONTENT="derigenom"/><SP WIDTH="23" VPOS="1206" HPOS="586"/>
							<String ID="string_228" HPOS="609" VPOS="1206" WIDTH="101" HEIGHT="28" WC="0.93" CONTENT="gällande"/><SP WIDTH="22" VPOS="1206" HPOS="710"/>
							<String ID="string_229" HPOS="732" VPOS="1209" WIDTH="62" HEIGHT="26" WC="0.92" CONTENT="mynt"/><SP WIDTH="20" VPOS="1209" HPOS="794"/>
							<String ID="string_230" HPOS="814" VPOS="1208" WIDTH="7" HEIGHT="20" WC="0.96" CONTENT="i"/><SP WIDTH="18" VPOS="1208" HPOS="821"/>
							<String ID="string_231" HPOS="839" VPOS="1208" WIDTH="80" HEIGHT="20" WC="0.96" CONTENT="landet."/>
						</TextLine>
						<TextLine ID="line_31" HPOS="171" VPOS="1239" WIDTH="749" HEIGHT="29">
							<String ID="string_232" HPOS="171" VPOS="1239" WIDTH="131" HEIGHT="21" WC="0.92" CONTENT="Emellertid"/><SP WIDTH="19" VPOS="1239" HPOS="302"/>
							<String ID="string_233" HPOS="321" VPOS="1240" WIDTH="39" HEIGHT="20" WC="0.96" CONTENT="har"/><SP WIDTH="15" VPOS="1240" HPOS="360"/>
							<String ID="string_234" HPOS="375" VPOS="1240" WIDTH="42" HEIGHT="20" WC="0.96" CONTENT="den"/><SP WIDTH="17" VPOS="1240" HPOS="417"/>
							<String ID="string_235" HPOS="434" VPOS="1240" WIDTH="98" HEIGHT="21" WC="0.92" CONTENT="enskilda"/><SP WIDTH="16" VPOS="1240" HPOS="532"/>
							<String ID="string_236" HPOS="548" VPOS="1240" WIDTH="86" HEIGHT="21" WC="0.92" CONTENT="banken"/><SP WIDTH="15" VPOS="1240" HPOS="634"/>
							<String ID="string_237" HPOS="649" VPOS="1241" WIDTH="89" HEIGHT="20" WC="0.93" CONTENT="afslutat"/><SP WIDTH="16" VPOS="1241" HPOS="738"/>
							<String ID="string_238" HPOS="754" VPOS="1241" WIDTH="85" HEIGHT="25" WC="0.93" CONTENT="affärer,"/><SP WIDTH="16" VPOS="1241" HPOS="839"/>
							<String ID="string_239" HPOS="855" VPOS="1249" WIDTH="65" HEIGHT="19" WC="0.92" CONTENT="grun-"/>
						</TextLine>
						<TextLine ID="line_32" HPOS="171" VPOS="1272" WIDTH="750" HEIGHT="28">
							<String ID="string_240" HPOS="171" VPOS="1272" WIDTH="55" HEIGHT="21" WC="0.92" CONTENT="dade"/><SP WIDTH="19" VPOS="1272" HPOS="226"/>
							<String ID="string_241" HPOS="245" VPOS="1273" WIDTH="29" HEIGHT="27" WC="0.93" CONTENT="pä"/><SP WIDTH="15" VPOS="1273" HPOS="274"/>
							<String ID="string_242" HPOS="289" VPOS="1272" WIDTH="94" HEIGHT="28" WC="0.92" CONTENT="verkligt"/><SP WIDTH="16" VPOS="1272" HPOS="383"/>
							<String ID="string_243" HPOS="399" VPOS="1273" WIDTH="80" HEIGHT="26" WC="0.93" CONTENT="silfver,"/><SP WIDTH="12" VPOS="1273" HPOS="479"/>
							<String ID="string_244" HPOS="491" VPOS="1274" WIDTH="38" HEIGHT="20" WC="0.96" CONTENT="och"/><SP WIDTH="17" VPOS="1274" HPOS="529"/>
							<String ID="string_245" HPOS="546" VPOS="1273" WIDTH="36" HEIGHT="21" WC="0.96" CONTENT="det"/><SP WIDTH="17" VPOS="1273" HPOS="582"/>
							<String ID="string_246" HPOS="599" VPOS="1273" WIDTH="70" HEIGHT="21" WC="0.93" CONTENT="skulle"/><SP WIDTH="15" VPOS="1273" HPOS="669"/>
							<String ID="string_247" HPOS="684" VPOS="1274" WIDTH="49" HEIGHT="20" WC="0.92" CONTENT="leda"/><SP WIDTH="15" VPOS="1274" HPOS="733"/>
							<String ID="string_248" HPOS="748" VPOS="1274" WIDTH="34" HEIGHT="20" WC="0.93" CONTENT="till"/><SP WIDTH="14" VPOS="1274" HPOS="782"/>
							<String ID="string_249" HPOS="796" VPOS="1274" WIDTH="103" HEIGHT="22" WC="0.92" CONTENT="förluster"/><SP WIDTH="15" VPOS="1274" HPOS="899"/>
							<String ID="string_250" HPOS="914" VPOS="1276" WIDTH="7" HEIGHT="20" WC="0.96" CONTENT="i"/>
						</TextLine>
						<TextLine ID="line_33" HPOS="171" VPOS="1306" WIDTH="749" HEIGHT="29">
							<String ID="string_251" HPOS="171" VPOS="1308" WIDTH="31" HEIGHT="19" WC="0.96" CONTENT="ett"/><SP WIDTH="19" VPOS="1308" HPOS="202"/>
							<String ID="string_252" HPOS="221" VPOS="1306" WIDTH="39" HEIGHT="21" WC="0.96" CONTENT="fall"/><SP WIDTH="19" VPOS="1306" HPOS="260"/>
							<String ID="string_253" HPOS="279" VPOS="1307" WIDTH="34" HEIGHT="20" WC="0.93" CONTENT="för"/><SP WIDTH="20" VPOS="1307" HPOS="313"/>
							<String ID="string_254" HPOS="333" VPOS="1306" WIDTH="97" HEIGHT="28" WC="0.92" CONTENT="banken,"/><SP WIDTH="15" VPOS="1306" HPOS="430"/>
							<String ID="string_255" HPOS="445" VPOS="1308" WIDTH="8" HEIGHT="20" WC="0.96" CONTENT="i"/><SP WIDTH="16" VPOS="1308" HPOS="453"/>
							<String ID="string_256" HPOS="469" VPOS="1308" WIDTH="31" HEIGHT="20" WC="0.96" CONTENT="ett"/><SP WIDTH="20" VPOS="1308" HPOS="500"/>
							<String ID="string_257" HPOS="520" VPOS="1308" WIDTH="66" HEIGHT="20" WC="0.96" CONTENT="annat"/><SP WIDTH="20" VPOS="1308" HPOS="586"/>
							<String ID="string_258" HPOS="606" VPOS="1308" WIDTH="34" HEIGHT="21" WC="0.96" CONTENT="för"/><SP WIDTH="15" VPOS="1308" HPOS="640"/>
							<String ID="string_259" HPOS="655" VPOS="1308" WIDTH="157" HEIGHT="27" WC="0.96" CONTENT="allmänheten,"/><SP WIDTH="16" VPOS="1308" HPOS="812"/>
							<String ID="string_260" HPOS="828" VPOS="1316" WIDTH="34" HEIGHT="14" WC="0.96" CONTENT="om"/><SP WIDTH="17" VPOS="1316" HPOS="862"/>
							<String ID="string_261" HPOS="879" VPOS="1309" WIDTH="41" HEIGHT="21" WC="0.96" CONTENT="den"/>
						</TextLine>
						<TextLine ID="line_34" HPOS="173" VPOS="1340" WIDTH="748" HEIGHT="30">
							<String ID="string_262" HPOS="173" VPOS="1340" WIDTH="70" HEIGHT="22" WC="0.93" CONTENT="skulle"/><SP WIDTH="16" VPOS="1340" HPOS="243"/>
							<String ID="string_263" HPOS="259" VPOS="1341" WIDTH="118" HEIGHT="28" WC="0.92" CONTENT="berättigas"/><SP WIDTH="16" VPOS="1341" HPOS="377"/>
							<String ID="string_264" HPOS="393" VPOS="1343" WIDTH="32" HEIGHT="19" WC="0.96" CONTENT="att"/><SP WIDTH="15" VPOS="1343" HPOS="425"/>
							<String ID="string_265" HPOS="440" VPOS="1342" WIDTH="84" HEIGHT="28" WC="0.96" CONTENT="reglera"/><SP WIDTH="16" VPOS="1342" HPOS="524"/>
							<String ID="string_266" HPOS="540" VPOS="1342" WIDTH="47" HEIGHT="21" WC="0.97" CONTENT="sina"/><SP WIDTH="15" VPOS="1342" HPOS="587"/>
							<String ID="string_267" HPOS="602" VPOS="1343" WIDTH="79" HEIGHT="21" WC="0.95" CONTENT="affärer"/><SP WIDTH="13" VPOS="1343" HPOS="681"/>
							<String ID="string_268" HPOS="694" VPOS="1343" WIDTH="50" HEIGHT="21" WC="0.96" CONTENT="med"/><SP WIDTH="17" VPOS="1343" HPOS="744"/>
							<String ID="string_269" HPOS="761" VPOS="1344" WIDTH="66" HEIGHT="20" WC="0.95" CONTENT="annat"/><SP WIDTH="11" VPOS="1344" HPOS="827"/>
							<String ID="string_270" HPOS="838" VPOS="1345" WIDTH="27" HEIGHT="19" WC="0.93" CONTENT="än"/><SP WIDTH="12" VPOS="1345" HPOS="865"/>
							<String ID="string_271" HPOS="877" VPOS="1344" WIDTH="44" HEIGHT="21" WC="0.91" CONTENT="silf-"/>
						</TextLine>
						<TextLine ID="line_35" HPOS="171" VPOS="1375" WIDTH="750" HEIGHT="31">
							<String ID="string_272" HPOS="171" VPOS="1382" WIDTH="45" HEIGHT="14" WC="0.95" CONTENT="ver."/><SP WIDTH="31" VPOS="1382" HPOS="216"/>
							<String ID="string_273" HPOS="247" VPOS="1375" WIDTH="43" HEIGHT="29" WC="0.90" CONTENT="Jag"/><SP WIDTH="19" VPOS="1375" HPOS="290"/>
							<String ID="string_274" HPOS="309" VPOS="1376" WIDTH="107" HEIGHT="21" WC="0.93" CONTENT="vidhåller"/><SP WIDTH="21" VPOS="1376" HPOS="416"/>
							<String ID="string_275" HPOS="437" VPOS="1376" WIDTH="85" HEIGHT="22" WC="0.91" CONTENT="derföre"/><SP WIDTH="20" VPOS="1376" HPOS="522"/>
							<String ID="string_276" HPOS="542" VPOS="1377" WIDTH="57" HEIGHT="21" WC="0.96" CONTENT="hvad"/><SP WIDTH="17" VPOS="1377" HPOS="599"/>
							<String ID="string_277" HPOS="616" VPOS="1378" WIDTH="38" HEIGHT="28" WC="0.96" CONTENT="jag"/><SP WIDTH="21" VPOS="1378" HPOS="654"/>
							<String ID="string_278" HPOS="675" VPOS="1378" WIDTH="67" HEIGHT="21" WC="0.93" CONTENT="redan"/><SP WIDTH="21" VPOS="1378" HPOS="742"/>
							<String ID="string_279" HPOS="763" VPOS="1380" WIDTH="57" HEIGHT="26" WC="0.96" CONTENT="sagt,"/><SP WIDTH="16" VPOS="1380" HPOS="820"/>
							<String ID="string_280" HPOS="836" VPOS="1380" WIDTH="31" HEIGHT="20" WC="0.83" CONTENT="att"/><SP WIDTH="21" VPOS="1380" HPOS="867"/>
							<String ID="string_281" HPOS="888" VPOS="1380" WIDTH="33" HEIGHT="20" WC="0.92" CONTENT="ut-"/>
						</TextLine>
						<TextLine ID="line_36" HPOS="171" VPOS="1410" WIDTH="614" HEIGHT="30">
							<String ID="string_282" HPOS="171" VPOS="1410" WIDTH="94" HEIGHT="21" WC="0.93" CONTENT="skottets"/><SP WIDTH="15" VPOS="1410" HPOS="265"/>
							<String ID="string_283" HPOS="280" VPOS="1410" WIDTH="115" HEIGHT="22" WC="0.92" CONTENT="redaktion"/><SP WIDTH="16" VPOS="1410" HPOS="395"/>
							<String ID="string_284" HPOS="411" VPOS="1411" WIDTH="7" HEIGHT="21" WC="0.96" CONTENT="i"/><SP WIDTH="15" VPOS="1411" HPOS="418"/>
							<String ID="string_285" HPOS="433" VPOS="1411" WIDTH="72" HEIGHT="21" WC="0.96" CONTENT="denna"/><SP WIDTH="15" VPOS="1411" HPOS="505"/>
							<String ID="string_286" HPOS="520" VPOS="1412" WIDTH="34" HEIGHT="20" WC="0.93" CONTENT="del"/><SP WIDTH="15" VPOS="1412" HPOS="554"/>
							<String ID="string_287" HPOS="569" VPOS="1412" WIDTH="49" HEIGHT="21" WC="0.92" CONTENT="icke"/><SP WIDTH="16" VPOS="1412" HPOS="618"/>
							<String ID="string_288" HPOS="634" VPOS="1412" WIDTH="39" HEIGHT="21" WC="0.93" CONTENT="bör"/><SP WIDTH="15" VPOS="1412" HPOS="673"/>
							<String ID="string_289" HPOS="688" VPOS="1414" WIDTH="97" HEIGHT="26" WC="0.92" CONTENT="antagas."/>
						</TextLine>
					</TextBlock>
				</ComposedBlock>
			</PrintSpace>
		</Page>
	</Layout>
</alto>
