1014 1706
786 126 38 20 753

100 188 64 22 huset
184 189 40 20 och
245 188 89 22 särskilt
354 189 87 22 anhålla
460 190 31 20 att
505 190 114 27 hyresfritt
634 190 21 21 få
671 190 83 20 lokaler
770 190 81 21 derstä-

100 223 37 21 des
154 230 64 14 anser
231 224 41 27 jag
287 224 48 20 åter
350 224 69 20 strida
433 226 46 18 mot
495 224 95 21 ståndets
605 224 121 28 värdighet.

167 257 59 21 Herr
241 264 43 14 von
303 257 154 21 Bonsdorff:
477 250 118 36 Åtskillige
610 259 67 20 talare
693 258 65 20 hafva
773 260 77 26 yttrat,

100 293 32 19 att
153 292 37 20 det
210 292 86 27 anslag,
312 299 47 13 som
374 292 29 21 H.
419 292 61 27 Kejs.
497 292 62 28 Maj:t
574 292 33 21 till
626 292 149 21 riddarhusets
790 292 61 21 kom-

99 326 120 28 plettering
238 326 100 28 beviljat,
360 326 68 21 borde
449 326 34 21 till
502 326 85 21 kronan
607 326 140 21 återbetalas.
776 326 76 22 Hvarå

99 360 73 21 denna
195 360 114 21 förmodan
330 360 95 28 grundar
446 361 42 28 sig,
504 360 42 21 kan
565 362 40 26 jag
625 362 19 26 ej
660 361 65 26 fatta,
741 362 53 20 enär
809 361 42 21 den

100 394 79 21 strider
200 396 58 20 emot
277 394 96 29 tydeliga
389 394 152 29 ordalydelsen
557 395 32 21 uti
605 395 36 21 det
656 395 113 29 angående
785 395 66 28 sagde

99 430 77 27 anslag
191 429 80 21 aflåtna
286 429 81 28 nådiga
381 430 126 28 reskriptet.
529 429 102 21 Vilkoret
646 430 34 20 för
691 430 66 28 sagde
768 430 83 28 anslag,

99 464 55 20 eller
169 465 32 19 att
216 471 48 14 rum
280 464 70 20 skulle
366 464 8 20 i
388 464 139 21 riddarhuset
541 464 92 21 inrättas
649 464 40 21 och
706 464 100 29 upplåtas
817 464 34 21 för

99 494 26 25 de
142 498 70 28 öfrige
228 498 102 22 ståndens
345 500 55 19 samt
410 499 111 21 allmänna
534 498 123 21 utskottens
668 498 184 26 sammanträden,

101 534 24 19 är
145 532 110 29 uppfyldt;
276 533 88 21 dermed
384 532 68 22 borde
468 533 70 21 denne
554 533 54 21 affär
627 540 52 14 vara
698 532 95 22 afslutad
811 532 41 22 och

99 567 78 27 frågan
191 574 34 14 om
236 568 98 20 medlens
349 567 162 29 återbetalning
526 567 116 29 opåkallad
653 580 26 3 —
689 568 49 20 icke
749 574 38 15 ens
798 567 53 21 läm-

99 602 54 28 plig,
164 602 28 20 då
202 602 41 20 den.
260 602 79 21 strider
355 603 58 19 emot
429 602 118 28 ordalagen
561 602 7 20 i
579 601 37 21 det
631 602 80 28 nådiga
726 601 124 29 reskriptet.

168 636 59 21 Herr
247 636 101 27 Munck,
367 636 27 21 K.
414 636 37 21 F.:
472 636 43 29 Jag
536 636 95 22 biträder
645 636 51 21 herr
716 636 86 21 Taubes
817 643 34 14 re-

100 671 117 26 servation,
238 678 46 14 som
304 671 7 20 i
332 670 36 21 det
387 672 110 20 närmaste
515 671 205 21 öfverensstämmer
736 670 50 21 med
800 670 52 21 herr

100 712 43 14 von
162 705 128 21 Bonsdorffs
310 704 112 29 yttrande,
443 705 56 21 dock
518 705 49 21 med
583 704 42 22 den
641 705 162 27 skiljaktighet,
819 706 33 19 att

100 739 28 21 då
142 739 52 21 herr
209 746 42 14 von
266 739 118 21 Bonsdorff
398 739 119 28 föreslagit,
533 741 32 19 att
580 738 80 22 ofrälse
675 739 91 21 stånden
781 738 71 21 skulle

100 774 34 20 till
154 774 74 20 husets
250 774 104 28 lämpliga
368 774 120 21 inredande
503 774 40 21 hos
557 774 63 21 Hans
635 773 64 28 Maj:t
714 774 88 20 anhålla
817 780 35 14 om

101 809 32 19 ett
149 808 141 28 statsanslag,
309 808 39 21 har
363 809 47 20 åter
425 808 50 21 herr
490 808 75 21 Taube
581 810 72 19 ansett
669 808 36 20 det
720 808 74 27 åligga
808 808 43 20 rid-

101 842 116 28 derskapet
236 842 40 21 och
295 842 63 21 adeln
374 843 32 20 att
421 842 24 20 af
458 842 206 21 riddarhuskassans
679 842 119 27 tillgångar
815 841 37 21 be-

101 876 64 21 kosta
185 876 145 28 inredningen
350 876 41 22 och
407 876 26 21 de
449 876 80 28 nödiga
545 876 155 28 ändringarna,
716 876 84 20 hvilket
812 876 40 27 jag

101 918 65 14 anser
188 918 52 14 vara
260 910 92 22 alldeles
374 910 120 29 sjelffallet,
515 911 83 27 såvida,
618 911 29 27 på
662 912 43 19 sätt
720 910 66 21 också
800 910 51 21 herr

101 952 43 14 von
164 945 120 21 Bonsdorff
301 946 109 26 anmärkt,
429 945 152 29 ridderskapet
596 945 40 21 och
651 944 63 22 adeln
730 944 25 21 af
767 944 85 21 kronan

103 980 88 21 erhållit
211 980 77 26 38,000
309 980 61 21 rubel
385 980 51 21 med
451 980 70 21 vilkor
536 982 32 19 att
581 980 23 20 åt
618 979 143 21 medstånden
776 978 77 22 inreda

102 1014 104 28 lämpliga
223 1014 90 22 lokaler.

170 1049 58 21 Herr
243 1056 43 13 von
306 1049 82 26 Born,
408 1049 21 20 J.
449 1050 36 19 A.:
506 1048 34 21 En
561 1048 52 21 ärad
633 1049 91 25 talares,
744 1048 51 20 herr
810 1054 42 14 von

102 1082 82 28 Borns,
204 1083 27 21 K.
251 1083 33 26 F.,
304 1083 145 28 anmärkning
469 1083 85 26 derom,
569 1084 32 19 att
616 1082 97 21 ståndets
731 1081 36 22 vid
782 1081 70 21 landt-

102 1117 71 27 dagen
189 1117 135 21 närvarande
344 1119 178 26 representanter
537 1117 48 20 icke
601 1116 62 21 torde
678 1123 52 14 vara
745 1115 108 28 befogade

101 1153 33 18 att
154 1151 48 21 föra
222 1151 98 22 ståndets
340 1151 68 27 talan,
429 1152 27 20 då
475 1152 36 21 det
531 1151 69 28 gäller
620 1151 77 27 frågan
716 1157 36 14 om
770 1150 83 21 riddar-

101 1185 75 22 husets
191 1186 135 28 disposition,
340 1193 64 14 anser
412 1186 40 27 jag
462 1186 45 27 mig
518 1185 77 21 endast
607 1185 91 20 behöfva
708 1185 88 20 bemöta
806 1183 48 22 der-

102 1220 59 27 med,
176 1222 32 19 att
223 1221 27 20 då
266 1220 97 21 ståndets
378 1220 136 21 närvarande
529 1220 177 27 representanter
719 1219 8 21 i
740 1219 24 20 så
775 1218 79 28 många

102 1254 86 21 landets
209 1255 35 21 väl
263 1255 93 21 rörande
376 1255 84 27 vigtiga
480 1255 73 28 frågor
571 1254 22 21 få
609 1253 48 22 föra
673 1253 97 22 ståndets
785 1252 69 26 talan,

102 1289 64 21 torde
186 1289 62 21 deras
269 1289 132 28 befogenhet
421 1289 7 20 i
449 1296 30 13 nu
498 1287 167 30 ifrågavarande
683 1287 104 22 afseende
805 1286 49 21 icke

102 1330 39 14 ens
161 1323 74 20 kunna
256 1325 67 19 sättas
338 1323 7 20 i
361 1323 68 27 fråga.
459 1323 58 20 Herr
533 1329 42 14 von
590 1321 119 21 Bonsdorff
722 1322 39 20 har
776 1321 78 27 yttrat,

102 1358 33 19 att
150 1357 36 20 det
201 1357 56 20 varit
280 1363 41 20 ,en
342 1356 75 26 affär",
439 1363 45 14 som
503 1355 132 30 uppgjordes
651 1355 50 20 med
715 1353 140 26 statsverket,

103 1391 28 20 då
146 1390 88 21 ståndet
252 1391 70 20 erhöll
341 1391 78 26 38,000
437 1390 62 21 rubel
514 1391 46 20 mot
575 1389 46 26 det,
637 1390 32 19 att
684 1388 86 21 ståndet
786 1387 69 21 skulle

150 1425 53 35 Högl.
216 1430 52 17 Ridd.
282 1431 30 16 och
325 1430 64 17 Adelns
402 1430 66 17 Protok.
766 1428 22 17 48
