1009 1706
192 135 42 20 490

163 200 43 21 han
226 200 56 21 efter
296 199 98 27 förmåga
410 198 64 22 söker
490 198 33 28 sig
538 198 84 28 ärligen
638 198 93 28 försörja
747 198 39 21 och
802 198 109 27 iakttager

164 234 147 28 ordentlighet
327 234 39 20 och
382 233 108 27 sedlighet
504 233 8 21 i
528 232 37 22 sitt
580 233 103 21 lefverne.
706 232 138 22 Försvarslös
859 239 52 14 vare

162 268 148 22 underkastad
325 268 36 20 det
377 268 100 27 äfventyr
492 268 71 20 nedan
579 268 162 20 omförmäles*?

229 304 50 20 Den
298 310 45 14 som
363 303 38 21 vill
421 305 79 25 antaga
516 302 65 22 sädan
598 302 225 28 kontraproposition,
839 309 73 14 svarar

161 340 34 27 ja;
211 338 41 22 den
268 338 37 21 det
320 338 48 20 icke
384 338 48 26 vill,
449 344 74 14 svarar
540 337 59 28 nej";

162 374 89 21 hvilken
271 372 135 30 proposition
426 372 130 22 besvarades
576 372 50 21 med
643 373 24 27 ja
687 372 40 21 och
747 372 35 28 nej
799 379 35 14 om
849 372 63 21 hvart

162 410 75 25 annat,
253 408 102 21 hvarföre
371 407 74 20 skreds
461 407 34 20 till
510 407 109 27 votering,
635 414 46 13 som
698 407 73 20 utföll:

324 442 7 20 i
348 441 57 28 3:dje
421 441 28 21 kl.
463 441 50 21 med
529 442 26 20 14
565 443 30 26 ja
611 441 39 21 och
667 442 25 19 13
708 443 41 26 nej,

324 476 7 21 i
349 476 58 21 2:dra
430 492 9 10 »
482 492 9 11 »
545 476 183 26 Im
623 472 20 34 »
662 472 35 34 11
711 472 20 34 ;

326 511 112 26 ilsta
437 507 21 35 ,
483 527 9 10 »
531 511 105 26 10,
622 507 21 35 »
681 511 46 26 4,

231 545 45 21 Och
298 552 46 14 som
365 545 71 21 denna
455 545 164 28 propositionen
639 545 90 21 sälunda
752 545 69 29 inom
833 546 79 19 tvenne

163 581 83 21 klasser
259 579 96 29 jakande
370 579 119 27 besvarats,
501 580 70 21 erhöll
587 579 41 21 den
644 579 23 21 af
681 579 50 21 herr
746 579 166 21 landtmarskal-

163 615 42 21 ken
221 615 77 28 gjorda
313 614 135 28 proposition
465 614 96 28 följande
577 614 92 27 lydelse:

233 666 8 9 y
245 648 133 21 Godkänner
405 648 151 29 ridderskapet
579 649 39 20 och
641 648 63 21 adeln
731 649 116 20 utskottets
869 648 43 21 för-

163 685 46 27 slag
230 683 33 21 till
283 682 114 22 redaktion
418 683 23 20 af
459 683 165 28 ifrägavarande
643 683 11 28 $
675 683 49 20 med
740 683 53 21 eller
808 684 52 20 utan
875 684 37 20 än-

164 719 76 27 dring?

230 753 49 20 Den
301 759 45 14 som
365 751 127 28 godkänner
511 752 116 21 utskottets
643 751 138 22 betänkande
797 752 7 20 i
820 751 92 22 berörde

163 787 44 27 del,
223 794 74 13 svarar
310 787 33 27 ja;
360 786 40 21 den
417 786 36 21 det
469 787 48 20 icke
533 788 46 27 gör,
595 793 73 14 svarar
683 787 44 27 nej.

231 821 85 21 Vinner
335 821 46 27 nej,
402 822 90 26 antages
513 821 42 20 den
575 821 23 20 af
617 821 91 20 friherre
730 820 105 29 Carpelan
856 820 56 21 före-

164 856 80 33 slagna
255 855 115 21 redaktion
385 855 25 20 af
423 855 32 27 $.*

230 890 71 21 Äfven
317 889 101 21 häröfver
434 890 117 21 anställdes
567 890 108 27 votering,
691 890 90 21 hvilken
797 890 71 21 utföll:

321 925 7 20 i
344 924 57 28 3:dje
416 924 30 20 kl.
463 925 48 20 med
529 926 25 19 14
565 925 29 28 ja
609 925 40 20 och
667 925 25 20 13
707 926 42 27 nej,

320 959 115 26 i2da
429 955 23 35 ss
480 976 9 10 »
528 960 58 25 MU”
627 975 9 10 »
678 960 9 19 I
719 975 9 10 &

319 993 78 21 ilsa
431 1010 4 10 »
481 1010 8 10 »
541 989 44 35 II»,
623 989 25 35 »»
677 994 12 20 5
721 1010 8 10 »

161 1028 7 21 i
189 1028 55 28 följd
265 1028 78 21 hvaraf
361 1028 50 20 herr
431 1028 201 21 landtmarskalken
651 1028 123 21 förklarade
795 1028 117 21 utskottets

162 1062 82 28 förslag
264 1062 33 20 till
317 1062 114 20 redaktion
452 1062 24 20 af
491 1064 8 19 1
518 1064 11 26 &
543 1069 52 14 vara
615 1062 50 21 med
683 1062 54 21 eller
752 1064 52 19 utan
819 1063 93 27 ändring

163 1097 111 27 godkänd;
291 1096 51 21 derä
357 1096 62 21 ordet
435 1096 105 28 begärdes
555 1097 24 21 af

230 1130 58 21 Herr
308 1130 175 28 Silfversvan,
504 1138 46 14 som
570 1130 95 28 yttrade:
687 1130 71 22 Sedan
774 1131 86 21 ständet
875 1138 37 21 ge-

142 1189 2 2 .
162 1172 50 14 nom
228 1165 131 27 föregående
375 1166 101 27 votering
491 1166 100 26 bestämt,
607 1167 32 19 att
655 1166 118 20 utskottets
786 1165 82 29 förslag
879 1166 33 20 till

162 1199 114 21 redaktion
292 1199 23 21 af
328 1199 166 28 ifrågavarande
510 1201 11 27 $
537 1200 67 20 borde
620 1200 49 20 med
685 1200 54 20 eller
754 1201 52 19 utan
820 1200 92 28 ändring

163 1235 100 25 antagas,
282 1234 70 20 skulle
368 1234 40 26 jag
423 1234 80 21 föreslä
519 1236 32 19 att
566 1234 77 20 orden:
661 1234 53 26 ,och
730 1234 73 21 dervid
819 1234 93 27 styrker,

163 1269 32 19 att
214 1267 43 21 han
278 1267 48 21 icke
346 1267 72 21 häftar
439 1267 33 21 för
491 1268 194 27 kronoutskylder*
703 1268 67 20 mätte
786 1268 48 20 frän
850 1274 61 21 para-

162 1301 76 28 grafen
255 1302 112 20 uteslutas.

230 1335 58 22 Herr
299 1342 42 14 von
352 1336 199 28 Weissenberg:
563 1336 44 28 Jag
617 1336 70 22 skulle
699 1336 138 29 naturligtvis
846 1337 66 22 också

162 1377 51 15 vara
229 1377 52 14 ense
297 1377 35 14 om
349 1370 58 22 detta
423 1371 88 28 förslag,
528 1378 49 14 men
593 1372 134 26 hemställer,
743 1378 34 14 om
794 1372 48 21 icke
858 1373 53 20 sista

162 1407 119 19 momentet
304 1405 52 27 ,och
375 1406 49 20 icke
447 1406 68 20 heller
536 1406 57 21 trädt
613 1406 8 21 i
640 1406 70 28 stadig
734 1407 80 27 tjenst*
838 1407 72 21 kunde

161 1440 62 27 utgä,
244 1441 23 26 ty
285 1440 57 21 hvad
362 1440 47 21 deri
428 1440 121 21 innehälles
570 1441 69 21 mäste
660 1441 34 21 väl
710 1441 118 22 innefattas
843 1442 67 21 redan
