1003 1706
193 129 40 21 234

163 202 39 21 pas
225 194 24 21 af
269 194 102 28 paniken,
395 194 23 20 så
440 194 74 21 kunna
536 194 26 20 de
584 194 19 28 ej
624 202 46 13 mer
690 194 71 22 såsom
781 194 7 21 i
803 194 36 22 det
855 195 60 21 förra

162 230 63 20 fallet
247 228 115 22 fördubbla
385 228 79 22 oredan
486 228 40 21 och
547 229 145 27 omöjliggöra
710 229 29 21 all
759 228 108 30 räddning
880 229 35 21 för

163 263 156 23 affärsverlden
339 270 80 21 genom
442 265 32 19 att
488 263 8 21 i
512 262 83 22 nödens
610 264 64 20 stund
690 264 141 28 undandraga
846 264 67 22 rörel-

163 307 38 14 sen
217 299 26 21 de
259 298 115 29 kapitaler,
390 298 26 21 de
432 299 58 21 förut
504 298 98 29 utsläppt
616 298 8 21 i
639 298 133 22 densamma.
796 298 45 22 Det
857 300 56 21 enda

163 335 26 21 de
213 334 26 21 då
261 334 74 22 kunna
358 334 53 28 göra
433 335 23 20 är
472 335 41 26 att,
530 333 33 21 till
579 334 67 20 skada
661 334 78 21 endast
754 334 34 21 för
803 334 33 28 sig
851 334 61 28 sjelf,

162 370 55 28 sälja
237 369 50 21 bort
302 368 47 22 sina
365 368 69 22 aktier
450 369 33 20 till
498 369 95 28 vanpris.
623 368 31 21 Af
667 370 39 20 allt
722 369 60 21 detta
796 376 64 14 anser
873 370 40 27 jag

162 404 37 22 det
216 411 53 14 vara
284 410 27 15 en
327 403 96 28 naturlig
438 403 64 28 följd,
518 405 31 19 att
562 404 26 28 ju
603 403 66 21 friare
685 404 227 28 banklagstiftningen

162 441 30 25 är,
208 439 61 21 desto
290 445 60 14 mera
369 438 102 22 säkerhet
489 438 74 22 kunna
579 438 111 21 bankerne
706 438 100 29 tillbjuda
821 439 91 21 allmän-

161 475 73 26 heten,
250 473 61 21 desto
327 473 99 28 billigare
443 473 73 20 kunna
532 473 33 27 de,
581 473 89 28 tillföljd
686 473 24 21 af
722 473 71 21 denna
803 473 109 27 säkerhet,

161 509 102 27 tillbjuda
282 508 147 21 allmänheten
445 508 33 20 sin
494 507 77 28 tjenst,
591 507 39 21 och
650 508 37 21 det
703 509 23 20 är
742 508 27 28 på
785 509 58 20 detta
858 509 53 26 sätt,

158 544 40 27 jag
213 543 70 21 skulle
298 549 52 14 anse
366 544 32 19 att
413 542 156 21 bankrörelsen
586 542 78 21 liksom
680 543 75 27 hvarje
766 549 72 15 annan
849 542 62 22 indu-

161 578 39 21 stri
220 577 40 22 bör
281 577 34 21 stå
334 577 7 20 i
361 577 36 21 det
417 577 121 21 allmännas
558 577 74 28 tjenst,
648 584 50 14 men
714 577 90 22 alldeles
819 577 48 22 icke
883 577 28 29 på

161 613 37 20 det
217 613 24 20 af
258 612 51 21 herr
329 619 41 14 von
390 611 118 22 Bonsdorff
521 611 125 22 försvarade
662 613 75 26 sättet,
753 612 110 29 nemligen
879 614 32 20 att

161 647 76 22 endast
260 647 142 21 statsbanken
426 647 69 21 skulle
516 653 40 21 ega
577 647 43 20 rätt
639 648 32 19 att
692 647 51 20 idka
764 647 81 21 rörelse
861 648 50 21 med

161 681 236 29 sedelutgifningsrätt,
418 681 90 21 hvilken
530 682 24 19 är
574 680 124 29 nödvändig
713 681 33 21 för
762 683 32 19 att
809 688 26 14 en
852 681 59 22 bank

160 717 56 21 skall
231 717 74 20 kunna
320 716 7 21 i
343 715 94 29 längden
453 715 135 22 konkurrera
604 715 50 22 med
670 722 26 14 en
711 722 79 21 annan,
801 723 45 14 som
858 723 53 22 eger

160 751 71 22 denna
245 750 113 28 rättighet.

226 785 46 22 Det
291 785 24 20 af
331 785 51 21 herr
401 791 41 14 von
463 784 118 22 Bonsdorff
599 785 125 28 föreslagna
740 786 65 20 sättet
819 786 31 20 att
866 786 44 21 låta

158 821 113 23 bankerna
290 820 76 21 arbeta
386 819 33 21 för
440 819 36 22 det
496 819 110 22 allmänna
626 827 64 14 anser
703 820 39 28 jag
757 827 51 14 vara
823 821 32 20 att
871 828 38 14 un-

159 856 39 21 der
221 855 53 22 sken
297 855 24 21 af
341 856 32 19 att
395 861 72 21 gagna
492 854 36 21 det
553 854 110 21 allmänna
683 855 85 21 kränka
787 855 122 22 individens

159 891 109 27 naturliga
287 891 44 20 rätt
350 891 31 19 att
400 889 75 22 arbeta
496 889 70 21 såsom
587 889 42 21 han
648 889 34 21 för
702 890 53 28 godt
775 889 78 28 finner,
869 891 40 21 och

158 925 123 22 motarbeta
301 924 59 21 såväl
380 924 54 21 hans
453 931 46 14 som
517 924 37 21 det
569 924 121 21 allmännas
706 925 76 21 fördel.
811 925 45 22 Det
871 933 38 14 an-

158 961 38 20 dra
212 960 104 27 deremot,
332 961 31 19 att
380 959 71 21 lemna
467 959 113 21 bankerna
594 959 66 21 frihet
676 961 31 19 att
721 961 49 19 röra
781 959 33 28 sig
825 967 45 14 som
882 960 27 21 de

157 995 60 28 vilja,
232 1001 64 14 anser
309 994 39 28 jag
363 1000 52 14 vara
434 995 32 19 att
487 1000 78 21 genom
585 995 33 19 att
636 993 82 28 skydda
733 994 123 21 individens
872 1003 37 13 na-

158 1029 81 28 turliga
253 1029 44 21 rätt
311 1027 103 22 befordra
430 1028 58 21 såväl
504 1027 53 22 hans
571 1035 46 14 som
629 1028 36 21 det
676 1029 122 20 allmännas
808 1029 99 22 intresse.

226 1063 81 21 Grefve
324 1063 104 21 Creutz:
446 1063 44 20 För
504 1062 116 21 utöfvande
637 1062 23 21 af
674 1063 26 21 de
716 1063 191 29 maktpåliggande

156 1098 58 27 värf,
229 1104 46 15 som
291 1097 122 21 tillkomma
429 1104 26 14 en
471 1097 69 27 bank,
556 1097 109 21 erfordras
680 1097 49 21 icke
745 1098 55 21 blott
815 1099 93 28 mycken

156 1132 99 28 förmåga
278 1132 40 21 och
340 1131 125 28 redbarhet,
489 1137 49 16 men
560 1131 190 29 hufvudsakligast
772 1132 136 29 förtroende,

157 1167 83 21 hvilket
260 1166 139 28 naturligtvis
419 1166 91 21 framför
530 1167 38 20 allt
588 1166 68 21 måste
676 1174 52 21 egas
743 1167 25 20 af
781 1167 56 28 dem,
853 1168 54 21 hvil-

156 1203 40 20 kas
216 1202 54 27 yrke
283 1202 48 27 just
345 1203 24 19 är
385 1203 31 20 att
431 1200 106 22 förmedla
552 1201 135 27 förtroende,
704 1203 63 26 säger
783 1209 26 14 en
825 1203 82 21 bekant

156 1236 121 21 författare.
299 1236 67 21 Detta
381 1236 43 20 kan
440 1235 69 21 sällan
525 1235 77 21 vinnas
617 1235 7 20 i
640 1236 128 27 tillräckligt
784 1237 53 20 mått
847 1237 24 20 af
879 1237 27 21 de

157 1269 104 28 enskilte,
281 1269 54 21 hvar
355 1270 33 20 för
410 1269 39 28 sig.
483 1268 35 22 En
538 1269 102 28 förening
655 1269 24 21 af
692 1269 52 21 flere
760 1271 23 20 är
797 1270 34 21 till
846 1270 61 22 detta

156 1304 55 21 måls
225 1303 109 22 vinnande
350 1305 77 20 nästan
443 1302 61 22 alltid
518 1302 131 29 nödvändig.
678 1303 44 22 Vid
734 1310 30 15 en
781 1304 60 29 lägre
853 1305 54 28 grad

155 1339 24 21 af
193 1339 126 22 samhällets
339 1337 127 28 utveckling
486 1339 56 20 samt
556 1337 37 22 vid
609 1345 27 14 en
652 1338 84 21 mindre
752 1346 55 15 vana
823 1339 39 21 hos
878 1339 27 22 de

155 1373 95 22 enskilta
269 1375 32 20 att
321 1373 33 21 för
373 1373 61 21 detta
452 1373 100 21 åndamål
572 1373 77 21 förena
669 1374 33 28 sig
718 1375 24 19 är
757 1374 37 21 det
809 1381 27 14 en
851 1375 53 21 nöd-

154 1409 125 28 vändighet,
302 1409 32 21 att
356 1409 70 21 staten
449 1407 33 22 till
505 1415 27 14 en
555 1407 76 28 början
652 1409 98 28 ingriper
772 1409 39 22 och
832 1409 24 22 så
873 1412 32 19 att

155 1445 52 28 säga
229 1443 34 22 för
285 1443 34 28 sig
340 1443 172 28 monopoliserar
531 1442 173 29 bankväsendet,
725 1451 50 15 men
791 1444 27 22 då
830 1444 76 23 denna
