995 1700
765 126 39 24 197

153 190 59 21 Herr
227 190 100 22 Taube:
346 191 50 22 Just
411 192 57 22 hvad
483 192 50 22 herr
547 194 75 28 Arppe
637 194 82 28 anfört,
734 194 32 21 att
781 193 52 23 ban-

85 224 42 21 ken
147 225 39 20 har
205 225 46 21 haft
270 226 29 28 på
318 232 27 14 en
365 226 58 21 hand
442 227 122 29 fordringar
578 228 26 20 af
616 228 52 21 flere
684 228 148 22 hundratusen

84 259 68 27 rubel,
168 259 78 21 hvaraf
258 259 112 29 betydliga
386 261 103 21 förluster
504 262 51 27 följt
568 262 36 21 vid
614 262 114 22 inträffade
739 262 92 22 fallisse-

83 295 91 24 menter,
195 300 120 20 uppmanar
335 294 87 21 ståndet
442 296 32 19 att
492 295 120 22 bestämma
628 303 98 14 summan
741 296 34 21 till
790 297 42 21 den

83 327 24 21 af
120 327 50 20 herr
187 334 41 14 von
243 327 60 21 Born
319 328 40 20 och
374 328 46 27 mig
433 329 130 29 föreslagna.

150 361 58 21 Herr
224 368 41 14 von
282 362 180 26 Willebrand,
478 362 27 22 K.
516 364 36 20 F.:
568 363 43 28 Jag
621 364 43 20 kan
674 364 48 21 icke
733 364 99 22 tillbaka-

83 395 59 21 hålla
162 396 44 20 min
227 395 114 29 förvåning
357 396 62 20 öfver
435 396 42 21 den
492 397 62 28 långt
568 398 88 27 gångna
671 398 161 28 detaljbestäm-

83 430 74 26 melse,
179 430 85 21 landets
282 432 177 26 representanter
478 431 58 22 finna
551 439 51 14 vara
617 432 104 29 förenligt
736 433 49 21 med
796 433 36 21 de-

82 471 35 14 ras
139 464 51 21 kall.
227 464 241 28 Detaljbestämmelser
488 466 24 21 af
532 466 59 21 detta
614 466 47 28 slag
682 467 75 28 tyckas
780 467 52 21 böra

81 499 47 20 helt
143 499 40 21 och
198 499 68 20 hållet
281 499 51 21 bero
347 499 28 28 på
390 499 174 28 bankstyrelsen,
579 501 28 28 på
622 501 42 21 den
676 501 98 28 styrelse,
784 508 47 15 som

83 533 117 21 ständerna
215 533 34 22 för
264 533 86 22 banken
366 534 87 28 engång
468 536 68 20 utsett
551 535 40 21 och
606 535 76 21 utvalt.

149 602 47 21 Här
216 602 83 21 afbröts
319 602 84 22 talaren
425 610 78 22 genom
523 603 129 22 ankomsten
666 604 23 20 af
703 610 27 14 en
745 604 85 21 behöri-

82 643 43 21 gen
144 636 88 22 anmäld
252 636 127 28 deputation
399 638 48 20 från
466 638 168 26 bondeståndet,
650 638 88 21 hvilken
754 638 77 21 anförd

82 671 24 21 af
119 671 209 28 landtdagsmannen
347 671 107 21 Puhakka
472 672 154 28 tillkännagaf,
645 674 31 20 att
692 672 87 22 ståndet
793 680 38 14 an-

82 705 55 27 tagit
158 705 161 28 ridderskapets
342 705 40 22 och
405 706 74 21 adelns
502 706 131 28 inbjudning
651 708 31 20 att
697 707 91 21 medelst
803 714 27 14 en

83 740 126 28 deputation
232 740 24 20 af
276 740 43 21 tolf
339 740 140 22 medlemmar
501 741 48 21 från
571 740 159 23 bondeståndet
752 741 42 21 den
817 742 13 20 2

81 774 195 22 nästinstundande
290 782 58 14 mars
363 775 110 28 uppvakta
484 776 227 28 generalguvernören
727 776 7 21 i
749 775 81 27 landet,

82 809 33 21 för
131 810 31 20 att
176 809 98 27 anhålla,
292 808 37 22 det
345 809 43 21 han
404 809 51 22 ville
472 810 32 21 till
519 810 29 21 H.
563 810 63 28 Maj:t
641 810 108 28 Kejsaren
764 810 65 22 fram-

82 844 48 20 föra
149 844 127 21 ständernas
296 844 150 28 underdåniga
461 844 134 28 lyckönskan
610 844 50 22 med
675 844 120 29 anledning
808 844 24 21 af

82 878 60 22 Hans
158 878 73 28 Maj:ts
247 878 177 28 tronbestigning
438 879 34 21 för
485 879 36 21 nio
537 879 24 21 år
576 878 74 22 sedan.

150 912 162 28 Deputationen
327 912 103 22 tackades
445 913 40 21 och
501 912 105 22 afträdde.

150 981 59 21 Herr
223 988 42 14 von
278 980 176 28 Willebrand,
469 981 28 22 K.
512 981 33 27 F.,
561 981 107 21 fortsatte.

151 1015 33 22 Då
192 1016 42 20 kan
243 1016 64 20 äfven
317 1015 128 22 ständernas
456 1016 68 21 banks
534 1015 134 21 lånerörelse
679 1014 81 22 drifvas
771 1022 60 14 mera

83 1050 157 28 affärsmessigt
260 1050 39 21 och
319 1050 50 21 icke
380 1050 132 22 åtminstone
527 1050 54 28 utgå
596 1057 25 14 ur
637 1049 80 22 sådana
732 1050 99 27 motiver,

83 1092 47 14 som
144 1086 32 20 att
189 1085 74 21 kunna
278 1084 74 29 hjelpa
367 1084 43 22 alla
425 1084 144 27 behöfvande;
586 1085 41 28 jag
641 1084 124 22 föreställer
780 1084 52 28 mig,

83 1121 31 20 att
129 1126 35 14 om
180 1119 85 22 banken
281 1118 56 22 skall
352 1119 80 22 drifvas
444 1118 163 29 affärsmessigt,
619 1119 23 21 så
652 1118 54 22 böra
715 1118 44 22 alla
769 1118 64 22 dessa

83 1153 91 22 motiver
195 1153 23 21 af
236 1154 80 21 allmän
336 1153 143 28 välgörenhet
499 1153 133 22 åtminstone
647 1153 49 21 icke
711 1153 7 20 i
733 1153 50 21 dess
798 1160 33 14 re-

83 1188 125 27 glementen
223 1188 57 27 ingå.
310 1187 72 22 Hafva
400 1188 84 21 landets
499 1187 89 22 ständer
603 1187 87 28 engång
704 1187 127 21 förtroende

83 1222 34 21 för
138 1221 40 22 den
195 1222 150 27 bankstyrelse
364 1222 27 21 de
407 1222 102 27 tillsätta,
525 1222 40 21 och
580 1221 75 21 derom
670 1221 43 21 kan
730 1222 35 20 väl
783 1221 48 21 icke

84 1256 76 21 tvifvel
180 1263 61 20 vara,
262 1256 24 21 så
305 1256 69 21 måste
395 1256 172 28 detaljfrågorna
586 1255 24 21 af
622 1255 73 21 denna
709 1255 123 21 beskaffen-

83 1291 66 20 heten
165 1290 145 21 öfverlemnas
326 1291 22 20 åt
358 1290 173 28 bankstyrelsen.
556 1290 81 27 Många
647 1290 185 28 omständigheter

84 1325 74 19 kunna
178 1324 110 25 förefalla,
309 1331 45 13 som
373 1324 74 20 kunna
467 1326 53 26 göra
535 1324 189 25 inskränkningen
739 1324 34 20 till
787 1324 45 20 viss

85 1365 91 19 summa,
190 1358 54 21 liten
260 1358 52 21 eller
329 1359 51 25 stor,
396 1358 89 20 alldeles
501 1357 90 27 ologisk.
614 1356 49 21 Den
679 1363 46 14 som
741 1357 42 20 kan
800 1363 33 14 er-

84 1392 66 28 bjuda
166 1392 42 21 den
223 1392 61 21 bästa
303 1392 132 21 säkerheten
449 1393 23 20 är
489 1391 66 23 också
568 1391 34 21 för
617 1390 86 24 landets
717 1390 59 23 bank
791 1390 42 24 den

85 1427 63 21 bästa
162 1427 119 29 låntagare,
