1003 1700
186 145 41 21 672

158 210 159 28 godkännande
333 210 23 21 af
369 210 59 22 detta
443 210 123 28 alternativ,
583 209 38 22 och
637 209 37 22 det
689 210 23 22 så
728 209 86 29 mycket
830 208 76 28 hellre,

159 252 44 13 som
215 244 37 21 det
263 244 45 22 ofta
323 244 42 22 kan
376 252 51 14 vara
437 245 33 21 för
480 245 134 28 tjenstehjon
626 245 49 21 med
686 245 109 28 svårighet
806 244 100 22 förenadt

158 280 32 20 att
205 279 87 21 inställa
315 279 34 28 sig
371 279 6 20 i
401 280 94 27 tjensten
519 281 77 26 genast
618 279 35 21 vid
672 280 170 27 legostämmans
857 279 49 21 bör-

156 314 45 27 jan.
225 313 43 21 Det
283 313 99 21 inträffar
393 314 78 28 många
481 314 89 28 gånger,
582 315 31 19 att
623 314 53 20 flere
691 314 67 28 dagar
769 314 68 20 måste
848 314 57 27 åtgå,

159 348 66 20 innan
245 348 77 28 hjonet
337 348 78 20 hunnit
431 348 22 21 åt
468 348 59 21 förra
549 348 127 21 husbonden
696 348 92 21 aflemna
809 348 98 26 effekter,

159 382 84 21 hvilkas
258 382 53 22 vård
327 382 56 21 varit
399 383 118 21 detsamma
531 382 127 21 ombetrodd
674 382 38 22 och
729 382 64 29 eljest
803 384 53 26 göra
866 382 39 21 full

159 416 50 21 redo
230 416 33 21 för
283 416 33 21 sin
337 416 128 30 befattning.
495 417 44 22 Det
559 417 42 21 kan
623 417 64 21 också
708 424 51 15 vara
778 417 67 21 andra
861 424 45 14 om-

158 451 156 27 ständigheter,
331 458 45 14 som
392 451 113 22 föranleda
520 452 79 26 dertill,
615 453 31 19 att
661 452 76 27 hjonet
754 452 19 27 ej
790 452 82 28 slipper
883 452 23 21 så

157 485 81 28 hastigt
253 485 49 22 bort
317 492 26 14 ur
357 486 41 21 den
413 486 118 21 innehafda
545 487 103 27 tjensten.
678 487 41 27 Jag
735 493 63 14 anser
813 487 93 26 derföre,

158 520 27 21 dä
205 520 37 21 det
262 520 134 28 föreslagits,
411 523 32 18 att
463 521 144 28 tjenstehjon,
623 521 90 21 säframt
732 521 34 21 vid
783 521 124 28 städjandet

157 554 48 22 icke
225 554 136 22 annorlunda
381 555 210 27 öfverenskommits,
608 562 51 21 eger
679 555 35 21 vid
737 555 169 29 legostämmans

158 589 76 28 början
250 590 85 27 ätnjuta
351 589 40 21 den
407 590 102 28 ledighet,
524 590 88 21 hvarom
629 590 39 21 här
683 592 24 19 är
722 590 71 28 fräga,
808 592 32 19 att
856 597 48 14 man

158 624 54 28 tagit
227 624 7 20 i
248 624 143 21 betraktande
406 624 42 22 alla
463 625 12 21 &
491 624 59 22 detta
566 624 134 22 förhällande
716 624 133 22 inverkande
858 632 46 14 om-

158 658 156 28 ständigheter.
345 658 42 29 Jag
409 659 64 28 gillar
495 659 65 21 också
583 659 41 21 den
645 659 260 29 redaktionsförändring,

158 700 46 14 som
220 693 107 21 utskottet
341 693 114 29 föreslagit
473 694 4 20 i
499 694 4 20 2
520 700 63 15 mom.
600 694 23 20 af
636 694 71 21 denna
723 694 18 28 $.

226 727 59 21 Herr
303 727 159 29 Jägerhorn,
478 728 27 22 K.
522 728 31 22 J.:
569 728 43 28 Jag
627 729 33 20 för
675 729 44 20 min
735 728 35 22 del
786 729 120 28 tillstyrker

157 762 63 22 äfven
241 762 132 28 antagandet
393 762 23 21 af
433 763 37 21 det
490 763 91 21 sednare
601 763 138 21 alternativet
759 763 6 21 i
788 764 118 21 utskottets

158 797 147 27 betänkande,
324 797 70 21 såsom
414 797 109 21 bestämdt
542 797 110 22 fixerande
669 797 40 21 den
727 797 39 27 tid,
782 798 124 22 hvarunder

157 831 64 28 lagen
237 831 94 21 skänker
346 832 157 27 tjenstehjonet
517 832 84 21 absolut
616 832 66 21 frihet
696 832 55 22 efter
766 832 96 29 ärslängt
872 840 34 14 ar-

157 866 50 21 bete
222 866 7 20 i
245 872 26 15 en
288 873 83 13 annans
387 866 72 28 tjenst.

225 900 58 21 Herr
299 900 103 27 Munck,
418 900 27 21 K.
461 901 35 21 F.:
517 900 10 22 I
548 902 90 20 motsats
658 902 33 20 till
711 901 27 21 de
753 903 80 20 tvenne
849 902 56 21 före-

158 934 83 29 gäende
264 935 107 27 talarene,
394 942 63 14 anser
477 936 40 28 jag
537 935 36 21 det
594 936 68 20 första
681 936 139 22 alternativet
841 936 65 22 hafva

157 976 60 15 mera
233 970 46 21 skäl
296 970 33 20 för
345 970 42 28 sig;
404 971 22 27 ty
442 970 34 20 för
492 970 36 21 det
543 970 69 21 första
625 970 139 28 genomföres
779 971 125 28 derigenom

158 1011 59 14 mera
233 1004 135 28 konsegvent
383 1004 112 28 principen
512 1011 34 14 om
562 1004 37 22 det
614 1004 41 22 fria
670 1005 83 27 aftalet,
764 1005 39 21 och
819 1006 34 20 för
869 1006 36 21 det

158 1039 66 21 andra
234 1039 92 21 likasom
337 1039 85 27 tvingas
434 1039 184 21 kontrahenterne
628 1046 78 21 genom
717 1047 83 14 samma
810 1040 94 22 alterna-

156 1074 32 21 tiv
208 1075 32 19 att
259 1073 113 28 verkligen
394 1073 55 21 sluta
469 1074 60 27 aftal,
545 1080 35 14 om
597 1074 132 28 tjenstehjon
747 1074 55 22 skall
820 1075 85 28 ätnjuta

156 1108 57 22 vissä
233 1108 79 28 dagars
331 1107 97 28 ledighet
447 1108 54 21 eller
515 1108 56 28 icke,
587 1110 55 19 samt
657 1109 7 20 i
680 1108 58 22 förra
756 1109 62 21 fallet
833 1110 71 29 lämpa

156 1143 60 22 tiden
237 1143 33 20 för
290 1142 125 28 ledigheten
435 1143 30 26 sä,
482 1145 31 19 att
528 1143 127 21 husbonden
671 1143 48 22 icke
734 1144 82 21 lemnas
832 1145 71 28 nägon

157 1177 31 22 tid
208 1177 23 21 af
249 1177 48 21 året
317 1177 89 21 alldeles
426 1179 53 19 utan
499 1178 145 27 tjenstehjon,
666 1178 27 21 dä
715 1178 98 22 deremot
835 1179 69 28 enligt

157 1211 91 22 sednare
265 1211 139 21 alternativet
419 1211 66 28 något
501 1211 52 22 aftal
568 1211 7 21 i
591 1212 120 27 vanligaste
727 1213 37 20 fall
781 1213 20 28 ej
816 1213 88 22 komme

157 1248 31 19 att
209 1247 63 26 göras
293 1245 40 21 och
349 1245 85 21 tillfälle
450 1246 85 21 således
551 1246 111 20 lemnades
678 1247 22 20 åt
719 1247 100 27 liderliga
838 1248 66 20 sällar

156 1282 32 19 att
203 1280 7 20 i
225 1279 133 21 hvarandras
377 1279 94 28 sällskap
490 1280 69 20 under
575 1280 67 28 några
658 1280 66 28 dagar
740 1280 92 22 förstöra
847 1282 57 20 hvad

156 1314 26 22 de
198 1320 78 22 genom
292 1315 65 27 tungt
371 1313 74 21 arbete
461 1314 69 21 under
545 1315 32 19 ett
592 1313 45 21 helt
650 1314 24 21 år
689 1314 112 29 förtjenat.

223 1348 58 22 Herr
300 1355 43 15 von
358 1348 91 21 Essen:
470 1348 43 28 Jag
534 1348 37 22 ber
590 1350 32 20 att
642 1349 22 21 få
683 1349 116 22 instämma
818 1350 8 21 i
846 1350 57 22 hvad

154 1384 51 22 herr
220 1384 80 21 Munck
316 1384 73 28 yttrat,
405 1383 91 22 emedan
513 1383 36 21 det
559 1383 7 21 i
577 1384 79 28 många
672 1384 117 22 afseenden
800 1386 24 20 är
834 1385 68 29 lämp-

154 1420 76 29 ligare,
246 1420 31 20 att
293 1418 41 21 den
350 1419 101 27 tjenande
467 1419 86 21 klassen
569 1419 49 21 icke
634 1420 27 28 på
677 1420 87 28 engång
779 1420 101 22 försättes
896 1420 6 22 i

154 1455 86 23 tillfälle
261 1455 31 22 att
312 1453 85 29 åtnjuta
417 1454 102 29 ledighet,
535 1456 23 27 ty
573 1461 78 22 genom
668 1462 26 14 en
710 1455 33 21 för
759 1455 43 21 alla
817 1456 85 28 tjenare
