1003 1706
772 125 40 21 401

95 191 31 19 ett
142 189 91 22 ordnadt
248 189 166 22 samhällsskick
428 189 244 27 öfverensstämmande,
688 191 32 20 att
735 196 28 15 en
773 190 70 21 adels-

94 231 49 13 man
160 224 53 28 sjelf
225 224 34 20 får
274 225 91 27 utpanta
381 224 47 21 sina
443 224 156 21 frälseräntor?
619 224 47 22 Och
680 224 44 21 kan
739 224 37 21 det
791 225 52 20 slut-

93 258 60 27 ligen
169 264 64 15 anses
248 258 119 27 tidsenligt,
383 260 32 19 att
428 264 28 15 en
472 258 110 21 adelsman
596 258 33 21 får
639 258 137 21 ansvarsfritt
788 258 55 27 ,till-

94 291 100 29 börligen
213 299 42 20 aga
275 292 40 20 och
335 294 80 26 näpsa*
432 292 48 21 sina
498 292 97 21 bönder?
618 292 43 28 Jag
675 292 66 28 hyser
756 293 36 21 väl
807 292 38 21 det

94 326 125 21 förtroende
235 326 34 20 till
284 326 105 21 Finlands
408 326 102 28 upplysta
527 326 128 29 ridderskap
676 327 41 21 och
737 327 55 27 adel,
812 328 33 20 att

94 361 65 27 ingen
180 361 24 21 af
220 361 49 21 dess
288 360 142 22 medlemmar
446 361 55 21 skall
516 361 54 28 vilja
584 361 101 28 begagna
700 362 34 27 sig
749 361 24 21 af
786 363 57 19 näst-

94 395 95 21 nämnda
209 396 124 27 onaturliga
353 396 40 21 och
414 396 104 21 orättvisa
537 396 149 28 privilegium;
706 402 50 15 men
777 396 66 21 redan

94 430 102 21 tillvaron
218 430 64 22 deraf
302 430 39 21 och
365 430 68 22 andra
455 430 74 29 dylika
550 430 251 29 företrädesrättigheter
815 432 29 27 på

94 465 26 20 de
139 465 70 28 öfrige
229 465 285 22 samhällsmedlemmarnes
535 465 121 21 bekostnad
676 465 74 22 kastar
768 473 26 13 en
811 466 32 20 så-

94 499 42 20 dan
152 499 85 28 skugga
252 500 28 27 på
293 499 51 21 hela
359 500 92 27 ståndet,
467 502 32 19 att
510 499 63 22 dessa
583 499 262 29 företrädesrättigheters

94 534 153 21 bibehållande
263 536 59 19 ännu
337 535 23 20 år
377 535 54 20 1864
446 535 69 20 måste
530 534 35 21 för
578 534 75 28 hvarje
664 535 125 21 oförvilladt
800 541 43 14 om-

95 568 63 21 döme
183 569 68 21 blifva
277 569 90 21 alldeles
392 569 147 28 oförklarligt,
562 569 132 21 åtminstone
715 569 58 22 intill
795 569 49 21 dess

95 603 71 20 bättre
186 603 48 20 skäl
253 603 34 21 för
307 610 27 14 en
351 603 66 21 sådan
433 603 76 28 åtgärd
524 603 75 21 kunna
614 603 145 28 framdragas,
775 605 26 20 än
817 603 27 21 de

94 637 7 21 i
117 637 66 21 sådan
204 638 66 27 afsigt
289 637 143 21 härförinnan
452 638 58 21 inför
530 638 60 21 detta
608 638 64 21 stånd
690 639 40 20 och
745 645 30 14 nu
790 638 7 21 i
810 639 33 19 ut-

95 672 93 21 skottets
203 671 140 22 betänkande
359 672 97 21 anförde.

164 706 43 27 Jag
226 706 44 21 kan
289 706 84 21 således
392 707 20 27 ej
428 708 66 19 annat
509 708 28 20 än
551 706 121 22 återhemta
687 706 120 22 innehållet
821 707 25 21 af

95 741 51 21 herr
165 748 42 14 von
228 741 148 21 Willebrands
397 741 40 21 och
457 741 45 21 min
520 741 93 29 petition
632 743 56 19 samt
702 742 82 21 tillåter
799 741 46 28 mig

96 775 109 22 vördsamt
217 775 54 28 yrka
281 775 35 29 på,
325 777 32 20 att
367 775 62 22 desse
440 775 193 28 petitionsförslag,
644 775 50 22 med
703 775 142 23 förkastande

95 810 24 21 af
132 809 117 22 utskottets
272 809 148 28 betänkande,
439 811 68 20 måtte
522 810 24 21 af
559 809 120 29 höglofliga
693 810 152 29 ridderskapet

96 845 39 22 och
146 845 64 22 adeln
220 845 133 28 godkännas.
372 844 131 28 Afsägelsen
514 845 24 21 af
546 843 162 30 ridderskapets
719 845 40 21 och
770 845 74 21 adelns

95 879 127 28 privilegier
241 881 24 19 är
282 880 26 27 ju
329 880 51 26 ock,
399 879 29 28 på
443 881 43 19 sätt
500 879 51 22 herr
565 879 59 21 Rein
638 879 8 21 i
662 879 33 21 sin
710 880 134 21 reservation

96 916 59 19 emot
174 913 118 22 utskottets
312 913 137 22 betänkande
468 914 24 21 så
506 915 65 20 sannt
585 915 77 26 yttrat,
676 913 115 29 ingenting
806 921 38 14 an-

95 951 39 18 nat
149 950 28 19 än
193 955 27 14 en
235 948 38 21 akt
288 948 23 21 af
325 948 100 27 rättvisa,
441 955 46 14 som
502 948 48 21 vårt
564 947 120 22 fosterland
699 948 40 21 har
755 950 43 19 rätt
812 950 33 19 att

96 985 66 19 vänta
177 983 40 21 och
232 982 74 21 fordra
320 983 24 21 af
356 982 163 28 ridderskapets
534 982 40 21 och
585 982 75 21 adelns
670 982 13 22 å
693 982 72 22 denna
774 983 71 21 landt-

97 1018 42 28 dag
153 1017 131 22 församlade
299 1019 184 26 representanter.

165 1053 59 20 Herr
246 1059 43 14 von
312 1051 124 22 Schoultz
459 1052 100 28 uppläste
580 1053 32 20 ett
631 1051 117 29 sålydande
769 1052 76 21 andra-

97 1087 80 28 gande:
198 1087 44 21 För
262 1087 44 21 min
326 1086 36 21 del
381 1086 120 22 förenande
516 1086 45 29 mig
576 1086 50 21 med
640 1087 52 21 herr
711 1085 134 23 Grotenfelts

97 1123 32 20 uti
149 1121 223 22 riddarhusutskottet
391 1121 59 22 såväl
470 1121 134 22 motiverade
624 1121 80 28 åsigter
722 1128 51 21 ,om
791 1129 54 20 upp-

98 1156 117 21 häfvandet
235 1157 24 20 af
277 1156 52 21 våra
348 1156 138 21 återstående
505 1155 147 29 privilegier",
670 1162 65 15 anser
747 1155 39 28 jag
801 1156 45 27 mig

98 1191 57 20 dock
176 1191 47 20 icke
244 1197 52 14 vara
317 1190 122 27 berättigad
461 1192 31 19 att
514 1189 60 22 mina
595 1191 96 19 ättemän
714 1189 82 21 ohörda
815 1190 32 21 af-

99 1225 72 20 hända
194 1225 48 20 dem
263 1225 73 26 deras,
360 1231 35 14 om
416 1223 40 21 ock
474 1223 70 28 aldrig
564 1223 25 21 så
607 1223 63 28 ringa
688 1223 158 28 prerogativer.

99 1259 56 20 Lika
175 1259 24 20 så
217 1259 50 20 litet
287 1258 67 27 vågar
371 1258 40 27 jag
430 1265 52 14 anse
500 1258 42 21 den
562 1264 30 14 nu
607 1257 39 21 här
661 1257 131 21 församlade
807 1257 40 20 mi-

99 1293 109 20 noriteten
224 1293 25 20 af
261 1292 106 21 Finlands
389 1291 128 28 ridderskap
533 1291 40 21 och
589 1291 49 21 adel
656 1298 52 14 vara
723 1291 73 20 dertill
811 1291 36 20 be-

99 1327 72 27 fogad.
200 1327 117 20 Dessutom
336 1326 73 20 kunde
427 1327 25 26 ju
472 1326 75 27 hvarje
562 1325 39 20 här
618 1325 48 20 icke
681 1325 166 27 representerad

99 1361 122 26 adelsman,
240 1361 67 20 också
321 1360 8 21 i
344 1360 49 20 stöd
411 1360 23 20 af
450 1360 106 27 kungliga
575 1359 155 26 förordningen
745 1359 24 20 år
786 1359 61 26 1802,

100 1395 188 28 grundlagsenligt
307 1394 56 21 neka
383 1393 38 22 sitt
440 1394 61 21 bifall
521 1393 33 21 till
575 1392 70 22 denna
662 1391 86 28 åtgärd;
764 1392 84 21 hvilket

101 1431 47 20 åter
167 1429 62 21 torde
249 1429 114 21 föranleda
382 1428 34 21 till
434 1428 105 28 söndring
553 1427 60 22 inom
630 1426 92 22 ståndet.
751 1426 40 22 Ett
805 1427 44 21 för-

146 1469 52 24 Högl.
211 1469 52 18 Ridd.
276 1470 30 17 och
318 1469 64 18 Adelns
394 1469 66 17 Protok.
760 1467 22 16 26
