1000 1703
201 128 41 22 130

171 194 96 29 medger,
283 195 32 20 att
330 194 8 21 i
353 194 68 27 några
441 192 67 24 andra
523 192 75 23 länder
618 193 39 21 har
672 193 8 21 i
696 192 59 23 detta
773 193 103 23 afseende
892 201 28 15 en

171 230 135 29 proportion,
317 228 98 22 bestämd
430 229 8 21 i
453 228 78 28 siffror,
542 229 56 21 varit
613 230 106 26 antagen;
733 235 50 15 men
797 229 38 28 jag
851 228 69 22 håller

171 265 46 27 mig
234 272 30 13 nu
284 263 34 21 till
338 263 37 21 det
395 263 60 27 land,
470 264 105 21 hvarmed
590 264 51 20 våra
655 263 152 21 förhållanden
823 265 97 20 närmast

170 299 201 25 öfverensstämma,
382 297 19 22 d.
413 299 18 20 ä.
443 298 90 28 Sverige
544 298 40 21 och
595 298 48 20 dess
654 298 132 21 erfarenhet.
809 298 44 22 Vid
865 298 55 21 1830

170 335 35 21 års
223 333 90 27 riksdag
327 332 82 21 beslöts
425 333 41 20 den
481 333 136 26 realisation,
632 332 65 21 hvars
712 333 168 27 verkställighet
895 333 24 20 år

171 369 54 21 1834
241 367 98 29 påbjöds,
356 367 39 20 och
411 367 75 21 dervid
499 366 129 27 bestämdes,
639 368 32 19 att
686 367 98 21 bankens
795 367 124 21 metalliska

169 403 65 22 kassa
250 401 69 22 skulle
335 403 77 26 utgöra
427 401 74 28 ödelar
516 401 23 21 af
553 401 157 22 sedelstocken.
737 402 54 21 1835
807 401 111 28 öppnades

169 437 87 22 banken
271 436 34 21 till
321 435 197 29 silfverutvexling;
535 436 95 21 derefter
644 435 93 22 befanns
753 435 36 22 det
804 437 66 25 snart,
886 437 32 19 att

169 471 146 30 nyssnämnde
336 470 60 21 siffra
415 477 38 14 var
473 470 156 27 öfverdrifven,
645 471 71 20 såsom
733 470 80 21 sådana
828 470 28 28 på
871 470 47 22 höft

169 509 67 26 tagna
257 505 71 22 siffror
346 505 101 28 vanligen
465 506 47 27 äro;
529 505 84 21 derföre
628 505 125 28 stadgades,
769 506 32 20 att
817 505 42 20 den
874 511 44 16 me-

169 542 89 21 talliska
275 541 80 21 kassan
375 540 70 21 skulle
460 540 93 22 förhålla
566 540 33 28 sig
614 539 33 21 till
662 539 193 21 sedelemissionen
871 546 47 15 som

169 578 14 20 2
198 577 33 21 till
247 576 23 26 5;
285 582 51 14 men
351 575 35 21 vid
403 575 54 21 1845
473 575 34 21 års
523 574 88 29 riksdag
626 574 55 21 hade
698 582 49 14 man
763 575 67 21 redan
840 575 78 21 vunnit

170 610 134 27 erfarenhet,
319 611 25 27 ty
361 609 154 21 realisationen
531 609 39 21 och
586 609 217 28 silfverutvexlingen
819 608 56 22 hade
891 609 27 21 då

170 646 105 22 existerat
289 644 8 22 i
314 645 26 21 10
356 644 29 26 år,
402 644 40 21 och
457 651 50 14 man
522 644 101 28 frångick
638 643 27 21 då
679 643 46 21 helt
739 644 40 20 och
795 644 66 21 hållet
875 644 42 21 den

169 680 60 27 idée,
249 680 32 20 att
300 678 109 21 bibehålla
425 680 30 19 ett
472 678 106 21 bestämdt
593 678 53 21 eller
664 678 158 28 oföränderligt
837 678 79 21 förhål-

169 714 64 21 lande
254 713 94 21 emellan
368 713 121 20 metalliska
509 713 79 21 kassan
609 713 40 20 och
670 712 160 28 sedelstocken;
845 713 7 20 i
868 713 48 20 dess

169 749 63 22 ställe
247 747 89 27 beslöts,
352 748 32 19 att
399 747 42 21 den
456 747 65 27 förra,
537 747 54 22 eller
606 747 124 21 metalliska
745 747 86 27 kassan,
847 747 70 28 aldrig

168 784 71 21 skulle
257 783 22 21 få
294 782 127 27 understiga
436 783 27 28 23
479 782 75 28 miljon
567 781 85 29 specie,
669 781 19 21 d.
704 789 19 14 v.
740 789 15 14 s.
774 782 25 21 10
814 782 103 28 miljoner

167 818 107 23 riksdaler
294 817 118 28 riksgälds,
428 817 40 21 och
488 819 32 19 att
540 817 70 22 sedlar
625 817 71 20 skulle
712 817 22 21 få
749 817 104 28 utgifvas,
868 817 48 21 icke

167 854 93 22 allenast
279 852 34 21 för
333 851 124 23 metalliska
476 851 99 22 valutans
594 851 86 29 belopp,
696 853 52 20 utan
764 851 64 22 äfven
845 851 71 22 derut-

168 889 61 21 öfver
248 888 34 21 för
302 887 27 21 30
350 887 101 27 miljoner
470 887 107 21 riksdaler
591 888 51 19 utan
662 887 151 21 motsvarande
833 887 83 27 valuta,

167 923 92 22 emedan
274 921 72 22 denna
362 928 83 15 summa
459 921 78 29 ansågs
552 923 78 26 utgöra
645 923 32 19 ett
691 921 59 22 inom
766 921 74 22 landet
856 929 60 14 oum-

166 957 81 28 bärligt
264 955 176 29 rörelsekapital,
455 963 45 14 som
516 956 70 28 aldrig
599 956 73 21 kunde
688 956 101 21 umbäras
805 957 40 20 och
861 957 53 20 såle-

167 992 39 21 des
221 992 20 27 ej
257 990 69 22 heller
342 990 90 22 besvära
446 990 97 21 bankens
560 990 145 22 silfverkassa.
734 991 79 21 Denna
828 991 86 28 princip

166 1026 39 21 har
225 1025 78 20 hittills
323 1024 56 21 varit
397 1024 109 21 vidbållen
525 1025 40 20 och
580 1025 39 20 bar
633 1025 59 20 burit
708 1025 33 27 sig
756 1025 97 28 oändligt
869 1026 44 20 bra.

166 1059 135 22 Fördelarna
315 1058 63 21 deraf
392 1060 37 19 äro
445 1059 7 20 i
468 1060 85 27 ögonen
569 1059 104 27 fallande;
689 1060 22 26 ty
723 1066 34 14 om
769 1059 145 22 förhållandet

166 1094 94 22 emellan
280 1093 98 22 bankens
394 1093 128 21 silfverfond
537 1093 40 22 och
593 1093 40 21 den
649 1094 132 27 utelöpande
797 1094 116 21 sedelstoc-

164 1129 44 21 ken
223 1127 121 22 bibehålles
358 1128 70 21 såsom
443 1135 30 14 nu
488 1128 7 21 i
509 1135 27 14 en
546 1128 99 21 bestämd
655 1128 134 28 proportion,
801 1135 45 14 som
851 1123 12 37 7
881 1129 33 21 till

166 1164 33 27 15,
215 1163 41 20 och
270 1162 70 22 under
356 1163 62 20 svåra
433 1162 159 29 konjunkturer
605 1163 29 28 på
649 1169 27 14 en
692 1163 49 21 kort
756 1163 32 21 tid
803 1170 26 14 en
844 1165 69 20 större

164 1197 113 28 utvexling
297 1197 24 21 af
338 1198 15 19 t.
374 1203 33 14 ex.
427 1203 27 14 en
475 1197 76 28 miljon
571 1197 105 27 inträffar,
691 1197 24 21 så
730 1198 69 21 måste
817 1198 96 27 banken,

163 1231 34 22 för
217 1233 32 20 att
268 1231 109 21 bibehålla
398 1231 66 26 sagde
479 1231 137 28 proportion,
630 1231 48 21 icke
694 1231 93 21 allenast
802 1233 111 26 qvarhålla

163 1264 27 22 de
210 1264 115 21 invexlade
346 1264 99 21 sedlarne
461 1265 12 20 ä
489 1272 26 13 en
531 1265 87 27 miljon,
633 1266 51 19 utan
701 1264 64 21 äfven
781 1265 132 28 derutöfver,

162 1306 80 22 genom
261 1298 138 29 uppsägning
414 1298 24 21 af
451 1299 127 21 utestående
593 1299 36 21 lån
645 1299 41 20 och
701 1299 118 29 stoppning
835 1299 24 21 af
871 1300 42 21 dis-

161 1334 85 27 konter,
262 1333 86 21 minska
363 1332 41 21 den
419 1333 132 28 utelöpande
563 1333 150 22 sedelstocken
725 1333 48 22 med
786 1334 126 30 1,666,6663

161 1368 73 28 rubel;
253 1374 50 14 men
323 1374 26 14 en
369 1367 66 21 sådan
449 1369 104 20 manöver
569 1368 70 21 skulle
655 1370 52 19 utan
723 1368 75 22 tvifvel
813 1369 99 22 medföra

161 1402 156 29 oberäkneliga
332 1402 102 22 förluster
450 1403 40 21 och
505 1403 106 28 mångens
625 1403 60 28 ruin;
701 1403 98 22 deremot
811 1404 47 21 ifall
869 1404 42 22 den

161 1437 129 29 sedelstock,
301 1444 47 16 som
358 1437 33 22 får
405 1438 119 29 öfverstiga
539 1433 119 38 metalliska
668 1438 95 28 valutan,
779 1440 23 20 är
813 1439 99 22 bestämd
