1000 1709
774 125 37 22 151

94 188 66 28 bjuda
180 188 42 22 den
242 187 98 23 enskilde
360 189 151 28 spekulanten,
527 191 23 21 så
565 190 64 29 länge
645 190 86 22 banken
746 192 95 21 omedel-

93 223 54 23 bart.
162 223 54 21 efter
236 231 28 13 en
280 223 89 23 sålunda
385 224 76 28 inköpt
477 226 72 20 vexels
565 225 173 22 öfversändande
754 227 32 20 till
802 227 39 21 sitt

92 258 84 20 utrikes.
194 258 80 22 ombud
294 265 52 20 eger
366 260 32 18 att
417 258 33 22 för
466 260 89 20 vexelns
570 260 79 27 belopp
664 260 98 27 päräkna
777 262 63 20 ränta

90 291 49 22 icke
152 292 95 21 allenast
262 292 24 21 af
298 292 95 21 nämnde
409 293 85 26 ombud,
510 296 51 19 utan
577 294 40 21 ock
633 294 23 21 af
670 294 48 27 den,
733 302 46 14 som
790 295 48 21 från

90 325 88 22 banken
198 326 32 21 får
251 326 33 21 till
304 327 47 20 läns
371 327 26 20 de
419 327 76 27 sedlar,
513 328 74 21 hvilka
603 329 94 27 utgifvas
712 329 14 20 &
740 329 99 21 bankens

90 359 88 22 fordran
194 360 33 21 för
242 368 83 13 samma
345 361 62 21 vexel
426 361 40 22 hos
482 362 108 21 ombudet.
621 362 42 29 Jag
679 365 45 19 tror
738 363 54 21 visst
807 365 32 19 att

90 395 32 20 till
142 401 28 14 en
189 395 77 28 början
286 395 42 21 den
344 395 99 22 enskilde
458 397 39 20 har
513 397 58 21 svårt
585 399 32 19 att
631 397 67 23 inlåta
714 397 33 29 sig
763 398 7 20 i
785 397 52 22 han-

89 429 35 22 del
140 430 49 21 med
204 430 83 21 utrikes
301 431 82 26 vexlar,
399 437 49 14 men
464 431 7 21 i
487 438 26 15 en
525 431 87 22 framtid
624 432 68 21 måste
703 439 50 14 man
764 432 74 21 kunna

88 464 82 28 hoppas
186 467 32 18 att
232 465 77 21 sådant
323 465 44 21 kan
383 466 44 20 ske.
449 466 58 21 Herr
523 466 114 28 Törngren
652 467 93 27 befarar,
759 469 31 19 att
802 474 34 14 om

88 499 86 22 banken
195 500 48 21 icke
264 500 33 21 får
317 500 84 28 utgifva
420 501 71 20 sedlar
506 501 28 28 på
549 502 47 20 sina
611 501 124 28 fordringar
749 502 39 21 hos
804 503 33 19 ut-

88 534 58 21 rikes
168 534 114 27 ombuden,
302 535 24 20 så
346 535 70 20 skulle
438 535 86 22 banken
543 536 110 21 sannolikt
668 536 91 28 indraga
774 536 63 21 dessa

87 568 124 29 fordringar
232 569 40 21 och
294 569 99 28 upphöra
415 569 49 22 med
487 570 82 21 utrikes
592 571 150 20 vexelhandel.
778 571 58 20 Före

88 604 40 21 den
150 605 25 20 13
196 604 55 28 april
268 604 53 21 1859
337 604 56 21 hade
409 604 86 21 banken
510 605 48 21 icke
574 605 105 28 rättighet
695 605 32 21 till
743 605 93 21 sedelut-

87 639 86 29 gifning
193 639 27 27 på
240 639 49 21 dess
310 639 83 21 utrikes
412 639 221 28 tillgodohafvanden,
649 640 41 21 och
705 640 67 21 likväl
787 647 49 21 pro-

86 674 90 21 fiterade
199 673 86 22 banken
307 674 28 28 på
357 673 80 21 handel
456 674 49 21 med
525 674 84 21 utrikes
627 675 75 20 vexlar
718 675 41 20 den
776 675 59 20 tiden

84 709 160 29 jemförelsevis
260 715 60 14 mera
330 710 27 19 än
369 708 101 27 derefter,
488 709 78 20 hvaraf
578 709 36 21 vill
626 716 71 21 synas,
708 717 45 13 som
765 709 70 21 skulle
854 723 6 6 «

86 745 50 20 herr
158 744 125 27 Törngrens
304 743 89 28 farhåga
409 743 7 20 i
431 743 42 21 den
489 744 63 21 delen
567 751 52 14 vara
635 744 118 28 ogrundad.
782 744 52 21 Man

86 780 38 21 har
145 779 74 26 också,
238 779 68 20 ehuru
322 779 20 26 ej
358 779 29 28 på
402 778 59 21 detta
476 786 57 19 rum,
549 779 50 21 hört
614 779 82 28 påstås,
714 781 31 19 att
759 779 7 21 i
782 779 52 21 hän-

85 815 59 21 delse
165 814 64 21 enkel
249 813 172 28 sedelutgifning
442 813 19 28 ej
477 814 33 21 får
525 814 94 28 grundas
635 815 28 26 på
679 814 97 21 bankens
791 814 43 21 till-

85 849 165 29 godohafvande
265 849 39 20 hos
320 848 49 21 dess
385 848 82 21 utrikes
481 848 88 27 ombud,
585 849 24 20 så
624 848 70 21 skulle
710 850 32 19 ett
757 848 78 21 sådant

84 884 124 21 förfarande
228 883 97 21 medföra
346 885 31 18 ett
396 883 106 21 såkalladt
517 885 150 26 strypsystem.
698 883 42 28 Jag
754 883 77 21 förmo-

84 919 44 27 dar,
145 920 31 19 att
192 925 48 14 man
257 917 90 22 dermed
361 924 82 20 menar,
459 919 31 20 att
505 918 98 21 bankens
618 917 129 28 gäldenärer
761 918 71 21 blefve

84 956 98 25 tvungna
204 955 30 19 att
257 955 53 18 utan
333 959 42 21 nya
397 953 168 20 låneunderstöd
587 953 98 20 inbetala
704 953 48 20 sina
772 952 60 21 äldre

84 988 88 21 skulder
191 985 59 24 mera
269 987 133 21 bråstörtadt
417 989 26 19 än
460 987 33 21 för
508 987 49 21 dem
573 987 81 28 görligt
669 989 30 19 är.
728 987 104 21 Bankens

83 1023 96 28 förmåga
202 1024 31 19 att
253 1022 53 28 fylla
324 1021 190 29 kapitalsökandes
533 1022 67 21 behof
613 1023 69 20 måste
697 1021 35 22 väl
747 1021 85 22 ändock

83 1065 63 14 anses
167 1065 61 20 vara,
247 1057 47 21 icke
314 1056 144 27 förminskad,
475 1059 50 19 utan
542 1057 66 26 ökad,
624 1064 35 13 om
674 1057 86 21 banken
776 1057 56 21 efter

82 1095 32 18 att
130 1092 64 21 hafva
209 1092 7 20 i
232 1092 74 21 silfver
321 1091 97 28 indragit
433 1091 38 21 sitt
485 1091 34 22 för
535 1091 159 22 vexelhandeln
710 1091 122 28 obehöfliga

82 1126 199 29 tillgodohafvande
302 1126 39 21 hos
362 1126 82 21 utrikes
465 1126 113 26 ombuden,
595 1126 12 20 å
622 1126 72 21 denna
709 1126 124 21 metalliska

82 1163 73 20 valuta
171 1163 69 26 utger,
255 1161 8 20 i
278 1161 73 20 stället
366 1161 34 20 för
415 1161 75 20 enkelt
504 1161 79 28 belopp
596 1161 77 26 sedlar,
685 1160 81 22 sådana
776 1161 56 20 efter

82 1196 36 21 det
134 1195 203 21 förutomförmälda
352 1195 145 21 förhållandet
513 1195 94 21 emellan
624 1196 11 19 7
652 1195 40 21 och
710 1195 31 21 15.

150 1230 57 21 Herr
223 1230 150 27 Törngren:
390 1229 43 28 Jag
448 1230 68 20 måste
532 1229 7 21 i
555 1229 119 28 anledning
689 1229 23 21 af
726 1229 55 21 hvad
792 1229 39 21 här

81 1266 59 26 sagts
156 1271 35 14 om
206 1264 111 28 primitiva
332 1263 93 22 fondens
440 1264 131 27 indragning
585 1264 40 20 och
641 1263 142 22 användande
798 1264 33 20 till

81 1299 164 28 silfveruppköp
265 1301 87 24 nämna,
373 1300 32 19 att
425 1298 33 21 för
474 1299 45 27 mig
533 1298 43 21 kan
592 1297 37 22 det
645 1305 51 14 vara
712 1297 120 22 detsamma

81 1333 87 20 hvartill
184 1333 41 20 den
241 1333 117 24 användes,
374 1340 49 12 men
441 1340 34 12 om
491 1333 74 19 silfver
581 1332 56 20 skall
651 1332 114 27 uppköpas
783 1333 47 20 der-

80 1367 57 26 med,
160 1367 25 20 så
207 1367 98 20 kommer
328 1366 36 21 det
385 1367 32 19 att
437 1365 64 21 räcka
517 1366 27 20 33
560 1366 23 20 år
599 1366 66 20 innan
682 1365 60 21 detta
756 1365 74 21 silfver

80 1401 32 21 fås
128 1401 30 27 in,
174 1401 39 21 och
229 1400 37 21 det
281 1400 74 28 tyckes
372 1400 44 28 mig
430 1407 51 14 vara
496 1407 27 14 en
538 1399 74 22 alltför
628 1399 50 28 lång
694 1399 38 21 tid.
758 1399 72 21 Efter-

80 1443 45 15 som
142 1436 38 22 här
195 1443 29 15 nu
240 1436 24 21 så
279 1435 78 31 många
373 1434 66 23 hafva
454 1434 53 25 talat
523 1442 33 15 om
570 1434 155 32 proportionen
737 1434 92 23 emellan
