<?xml version="1.0" encoding="UTF-8"?>
<alto xmlns="http://www.loc.gov/standards/alto/ns-v3#" xmlns:xlink="http://www.w3.org/1999/xlink" xmlns:xsi="http://www.w3.org/2001/XMLSchema-instance" xsi:schemaLocation="http://www.loc.gov/standards/alto/ns-v3# http://www.loc.gov/alto/v3/alto-3-0.xsd">
	<Description>
		<MeasurementUnit>pixel</MeasurementUnit>
		<sourceImageInformation>
			<fileName>/tmp/tess_w6p0vm25_input.PNG</fileName>
		</sourceImageInformation>
		<OCRProcessing ID="OCR_0">
			<ocrProcessingStep>
				<processingSoftware>
					<softwareName>tesseract 5.3.4</softwareName>
				</processingSoftware>
			</ocrProcessingStep>
		</OCRProcessing>
	</Description>
	<Layout>
		<Page WIDTH="1023" HEIGHT="1711" PHYSICAL_IMG_NR="0" ID="page_0">
			<PrintSpace HPOS="0" VPOS="0" WIDTH="1023" HEIGHT="1711">
				<ComposedBlock ID="cblock_0" HPOS="846" VPOS="126" WIDTH="14" HEIGHT="23">
					<TextBlock ID="block_0" HPOS="846" VPOS="126" WIDTH="14" HEIGHT="23">
						<TextLine ID="line_0" HPOS="846" VPOS="126" WIDTH="14" HEIGHT="23">
							<String ID="string_0" HPOS="846" VPOS="126" WIDTH="14" HEIGHT="23" WC="0.64" CONTENT="ö"/>
						</TextLine>
					</TextBlock>
				</ComposedBlock>
				<ComposedBlock ID="cblock_1" HPOS="135" VPOS="184" WIDTH="751" HEIGHT="162">
					<TextBlock ID="block_1" HPOS="135" VPOS="184" WIDTH="751" HEIGHT="100">
						<TextLine ID="line_1" HPOS="135" VPOS="184" WIDTH="751" HEIGHT="35">
							<String ID="string_1" HPOS="135" VPOS="184" WIDTH="29" HEIGHT="22" WC="0.93" CONTENT="H."/><SP WIDTH="21" VPOS="184" HPOS="164"/>
							<String ID="string_2" HPOS="185" VPOS="184" WIDTH="61" HEIGHT="29" WC="0.92" CONTENT="Kejs."/><SP WIDTH="21" VPOS="184" HPOS="246"/>
							<String ID="string_3" HPOS="267" VPOS="185" WIDTH="74" HEIGHT="29" WC="0.89" CONTENT="Maj:ts"/><SP WIDTH="23" VPOS="185" HPOS="341"/>
							<String ID="string_4" HPOS="364" VPOS="186" WIDTH="79" HEIGHT="30" WC="0.88" CONTENT="nädiga"/><SP WIDTH="20" VPOS="186" HPOS="443"/>
							<String ID="string_5" HPOS="463" VPOS="188" WIDTH="135" HEIGHT="29" WC="0.96" CONTENT="proposition"/><SP WIDTH="20" VPOS="188" HPOS="598"/>
							<String ID="string_6" HPOS="618" VPOS="195" WIDTH="35" HEIGHT="16" WC="0.96" CONTENT="om"/><SP WIDTH="20" VPOS="195" HPOS="653"/>
							<String ID="string_7" HPOS="673" VPOS="192" WIDTH="123" HEIGHT="27" WC="0.96" CONTENT="antagande"/><SP WIDTH="20" VPOS="192" HPOS="796"/>
							<String ID="string_8" HPOS="816" VPOS="193" WIDTH="24" HEIGHT="21" WC="0.96" CONTENT="af"/><SP WIDTH="18" VPOS="193" HPOS="840"/>
							<String ID="string_9" HPOS="858" VPOS="200" WIDTH="28" HEIGHT="16" WC="0.96" CONTENT="en"/>
						</TextLine>
						<TextLine ID="line_2" HPOS="136" VPOS="218" WIDTH="749" HEIGHT="34">
							<String ID="string_10" HPOS="136" VPOS="218" WIDTH="130" HEIGHT="30" WC="0.92" CONTENT="författning"/><SP WIDTH="15" VPOS="218" HPOS="266"/>
							<String ID="string_11" HPOS="281" VPOS="221" WIDTH="112" HEIGHT="28" WC="0.92" CONTENT="angäende"/><SP WIDTH="16" VPOS="221" HPOS="393"/>
							<String ID="string_12" HPOS="409" VPOS="222" WIDTH="53" HEIGHT="28" WC="0.90" CONTENT="dräp"/><SP WIDTH="16" VPOS="222" HPOS="462"/>
							<String ID="string_13" HPOS="478" VPOS="223" WIDTH="53" HEIGHT="21" WC="0.93" CONTENT="utan"/><SP WIDTH="14" VPOS="223" HPOS="531"/>
							<String ID="string_14" HPOS="545" VPOS="224" WIDTH="80" HEIGHT="28" WC="0.92" CONTENT="uppsät"/><SP WIDTH="15" VPOS="224" HPOS="625"/>
							<String ID="string_15" HPOS="640" VPOS="226" WIDTH="32" HEIGHT="19" WC="0.92" CONTENT="att"/><SP WIDTH="15" VPOS="226" HPOS="672"/>
							<String ID="string_16" HPOS="687" VPOS="225" WIDTH="56" HEIGHT="22" WC="0.92" CONTENT="döda"/><SP WIDTH="15" VPOS="225" HPOS="743"/>
							<String ID="string_17" HPOS="758" VPOS="227" WIDTH="40" HEIGHT="21" WC="0.96" CONTENT="och"/><SP WIDTH="15" VPOS="227" HPOS="798"/>
							<String ID="string_18" HPOS="813" VPOS="235" WIDTH="72" HEIGHT="15" WC="0.97" CONTENT="annan"/>
						</TextLine>
						<TextLine ID="line_3" HPOS="136" VPOS="254" WIDTH="261" HEIGHT="30">
							<String ID="string_19" HPOS="136" VPOS="254" WIDTH="133" HEIGHT="22" WC="0.93" CONTENT="misshandel"/><SP WIDTH="15" VPOS="254" HPOS="269"/>
							<String ID="string_20" HPOS="284" VPOS="255" WIDTH="13" HEIGHT="21" WC="0.92" CONTENT="&amp;"/><SP WIDTH="14" VPOS="255" HPOS="297"/>
							<String ID="string_21" HPOS="311" VPOS="262" WIDTH="86" HEIGHT="22" WC="0.96" CONTENT="person."/>
						</TextLine>
					</TextBlock>
					<TextBlock ID="block_2" HPOS="136" VPOS="288" WIDTH="750" HEIGHT="58">
						<TextLine ID="line_4" HPOS="203" VPOS="288" WIDTH="683" HEIGHT="38">
							<String ID="string_22" HPOS="203" VPOS="288" WIDTH="62" HEIGHT="23" WC="0.96" CONTENT="Båda"/><SP WIDTH="17" VPOS="288" HPOS="265"/>
							<String ID="string_23" HPOS="282" VPOS="289" WIDTH="64" HEIGHT="22" WC="0.93" CONTENT="dessa"/><SP WIDTH="21" VPOS="289" HPOS="346"/>
							<String ID="string_24" HPOS="367" VPOS="289" WIDTH="152" HEIGHT="24" WC="0.66" CONTENT="betänkanden"/><SP WIDTH="16" VPOS="289" HPOS="519"/>
							<String ID="string_25" HPOS="535" VPOS="291" WIDTH="115" HEIGHT="23" WC="0.92" CONTENT="bordlades"/><SP WIDTH="15" VPOS="291" HPOS="650"/>
							<String ID="string_26" HPOS="665" VPOS="293" WIDTH="34" HEIGHT="22" WC="0.95" CONTENT="till"/><SP WIDTH="15" VPOS="293" HPOS="699"/>
							<String ID="string_27" HPOS="714" VPOS="295" WIDTH="62" HEIGHT="21" WC="0.93" CONTENT="nästa"/><SP WIDTH="15" VPOS="295" HPOS="776"/>
							<String ID="string_28" HPOS="791" VPOS="297" WIDTH="95" HEIGHT="29" WC="0.96" CONTENT="måndag"/>
						</TextLine>
						<TextLine ID="line_5" HPOS="136" VPOS="322" WIDTH="294" HEIGHT="24">
							<String ID="string_29" HPOS="136" VPOS="322" WIDTH="41" HEIGHT="22" WC="0.96" CONTENT="den"/><SP WIDTH="17" VPOS="322" HPOS="177"/>
							<String ID="string_30" HPOS="194" VPOS="323" WIDTH="27" HEIGHT="22" WC="0.95" CONTENT="29"/><SP WIDTH="14" VPOS="323" HPOS="221"/>
							<String ID="string_31" HPOS="235" VPOS="323" WIDTH="8" HEIGHT="22" WC="0.95" CONTENT="i"/><SP WIDTH="16" VPOS="323" HPOS="243"/>
							<String ID="string_32" HPOS="259" VPOS="323" WIDTH="72" HEIGHT="23" WC="0.93" CONTENT="denna"/><SP WIDTH="14" VPOS="323" HPOS="331"/>
							<String ID="string_33" HPOS="345" VPOS="324" WIDTH="85" HEIGHT="22" WC="0.93" CONTENT="mänad."/>
						</TextLine>
					</TextBlock>
				</ComposedBlock>
				<ComposedBlock ID="cblock_2" HPOS="133" VPOS="393" WIDTH="752" HEIGHT="238">
					<TextBlock ID="block_3" HPOS="133" VPOS="393" WIDTH="752" HEIGHT="98">
						<TextLine ID="line_6" HPOS="203" VPOS="393" WIDTH="681" HEIGHT="35">
							<String ID="string_34" HPOS="203" VPOS="393" WIDTH="166" HEIGHT="29" WC="0.92" CONTENT="Lagutskottets"/><SP WIDTH="21" VPOS="393" HPOS="369"/>
							<String ID="string_35" HPOS="390" VPOS="395" WIDTH="136" HEIGHT="22" WC="0.91" CONTENT="betänkande"/><SP WIDTH="20" VPOS="395" HPOS="526"/>
							<String ID="string_36" HPOS="546" VPOS="403" WIDTH="35" HEIGHT="15" WC="0.93" CONTENT="n:o"/><SP WIDTH="22" VPOS="403" HPOS="581"/>
							<String ID="string_37" HPOS="603" VPOS="397" WIDTH="26" HEIGHT="21" WC="0.95" CONTENT="17"/><SP WIDTH="21" VPOS="397" HPOS="629"/>
							<String ID="string_38" HPOS="650" VPOS="397" WIDTH="7" HEIGHT="20" WC="0.93" CONTENT="i"/><SP WIDTH="20" VPOS="397" HPOS="657"/>
							<String ID="string_39" HPOS="677" VPOS="398" WIDTH="119" HEIGHT="30" WC="0.92" CONTENT="anledning"/><SP WIDTH="14" VPOS="398" HPOS="796"/>
							<String ID="string_40" HPOS="810" VPOS="401" WIDTH="24" HEIGHT="20" WC="0.93" CONTENT="af"/><SP WIDTH="13" VPOS="401" HPOS="834"/>
							<String ID="string_41" HPOS="847" VPOS="401" WIDTH="37" HEIGHT="22" WC="0.93" CONTENT="nä-"/>
						</TextLine>
						<TextLine ID="line_7" HPOS="134" VPOS="427" WIDTH="751" HEIGHT="42">
							<String ID="string_42" HPOS="134" VPOS="427" WIDTH="51" HEIGHT="28" WC="0.93" CONTENT="diga"/><SP WIDTH="20" VPOS="427" HPOS="185"/>
							<String ID="string_43" HPOS="205" VPOS="429" WIDTH="164" HEIGHT="28" WC="0.96" CONTENT="propositionen"/><SP WIDTH="20" VPOS="429" HPOS="369"/>
							<String ID="string_44" HPOS="389" VPOS="437" WIDTH="35" HEIGHT="14" WC="0.96" CONTENT="n:o"/><SP WIDTH="20" VPOS="437" HPOS="424"/>
							<String ID="string_45" HPOS="444" VPOS="430" WIDTH="13" HEIGHT="21" WC="0.93" CONTENT="8"/><SP WIDTH="15" VPOS="430" HPOS="457"/>
							<String ID="string_46" HPOS="472" VPOS="430" WIDTH="113" HEIGHT="29" WC="0.89" CONTENT="angäende"/><SP WIDTH="16" VPOS="430" HPOS="585"/>
							<String ID="string_47" HPOS="601" VPOS="431" WIDTH="111" HEIGHT="30" WC="0.92" CONTENT="uppsätlig"/><SP WIDTH="14" VPOS="431" HPOS="712"/>
							<String ID="string_48" HPOS="726" VPOS="429" WIDTH="159" HEIGHT="40" WC="0.92" CONTENT="misshandling"/>
						</TextLine>
						<TextLine ID="line_8" HPOS="133" VPOS="462" WIDTH="184" HEIGHT="29">
							<String ID="string_49" HPOS="133" VPOS="462" WIDTH="13" HEIGHT="21" WC="0.92" CONTENT="å"/><SP WIDTH="15" VPOS="462" HPOS="146"/>
							<String ID="string_50" HPOS="161" VPOS="462" WIDTH="99" HEIGHT="29" WC="0.96" CONTENT="kreatur;"/><SP WIDTH="16" VPOS="462" HPOS="260"/>
							<String ID="string_51" HPOS="276" VPOS="464" WIDTH="41" HEIGHT="21" WC="0.96" CONTENT="och"/>
						</TextLine>
					</TextBlock>
					<TextBlock ID="block_4" HPOS="134" VPOS="498" WIDTH="749" HEIGHT="69">
						<TextLine ID="line_9" HPOS="202" VPOS="498" WIDTH="681" HEIGHT="31">
							<String ID="string_52" HPOS="202" VPOS="505" WIDTH="35" HEIGHT="15" WC="0.96" CONTENT="n:o"/><SP WIDTH="17" VPOS="505" HPOS="237"/>
							<String ID="string_53" HPOS="254" VPOS="499" WIDTH="26" HEIGHT="22" WC="0.96" CONTENT="18"/><SP WIDTH="15" VPOS="499" HPOS="280"/>
							<String ID="string_54" HPOS="295" VPOS="499" WIDTH="7" HEIGHT="21" WC="0.96" CONTENT="i"/><SP WIDTH="16" VPOS="499" HPOS="302"/>
							<String ID="string_55" HPOS="318" VPOS="498" WIDTH="119" HEIGHT="29" WC="0.95" CONTENT="anledning"/><SP WIDTH="15" VPOS="498" HPOS="437"/>
							<String ID="string_56" HPOS="452" VPOS="500" WIDTH="24" HEIGHT="21" WC="0.96" CONTENT="af"/><SP WIDTH="12" VPOS="500" HPOS="476"/>
							<String ID="string_57" HPOS="488" VPOS="500" WIDTH="81" HEIGHT="28" WC="0.96" CONTENT="nådiga"/><SP WIDTH="14" VPOS="500" HPOS="569"/>
							<String ID="string_58" HPOS="583" VPOS="502" WIDTH="165" HEIGHT="27" WC="0.96" CONTENT="propositionen"/><SP WIDTH="16" VPOS="502" HPOS="748"/>
							<String ID="string_59" HPOS="764" VPOS="511" WIDTH="34" HEIGHT="14" WC="0.96" CONTENT="n:o"/><SP WIDTH="14" VPOS="511" HPOS="798"/>
							<String ID="string_60" HPOS="812" VPOS="505" WIDTH="25" HEIGHT="20" WC="0.96" CONTENT="17"/><SP WIDTH="11" VPOS="505" HPOS="837"/>
							<String ID="string_61" HPOS="848" VPOS="511" WIDTH="35" HEIGHT="16" WC="0.96" CONTENT="om"/>
						</TextLine>
						<TextLine ID="line_10" HPOS="134" VPOS="532" WIDTH="717" HEIGHT="35">
							<String ID="string_62" HPOS="134" VPOS="532" WIDTH="124" HEIGHT="29" WC="0.96" CONTENT="antagande"/><SP WIDTH="15" VPOS="532" HPOS="258"/>
							<String ID="string_63" HPOS="273" VPOS="533" WIDTH="25" HEIGHT="21" WC="0.96" CONTENT="af"/><SP WIDTH="13" VPOS="533" HPOS="298"/>
							<String ID="string_64" HPOS="311" VPOS="540" WIDTH="26" HEIGHT="14" WC="0.96" CONTENT="en"/><SP WIDTH="16" VPOS="540" HPOS="337"/>
							<String ID="string_65" HPOS="353" VPOS="533" WIDTH="131" HEIGHT="30" WC="0.96" CONTENT="författning"/><SP WIDTH="14" VPOS="533" HPOS="484"/>
							<String ID="string_66" HPOS="498" VPOS="535" WIDTH="113" HEIGHT="28" WC="0.93" CONTENT="angående"/><SP WIDTH="16" VPOS="535" HPOS="611"/>
							<String ID="string_67" HPOS="627" VPOS="537" WIDTH="74" HEIGHT="27" WC="0.92" CONTENT="envig,"/><SP WIDTH="16" VPOS="537" HPOS="701"/>
							<String ID="string_68" HPOS="717" VPOS="536" WIDTH="134" HEIGHT="31" WC="0.91" CONTENT="föredrogos."/>
						</TextLine>
					</TextBlock>
					<TextBlock ID="block_5" HPOS="134" VPOS="567" WIDTH="750" HEIGHT="64">
						<TextLine ID="line_11" HPOS="202" VPOS="567" WIDTH="682" HEIGHT="29">
							<String ID="string_69" HPOS="202" VPOS="567" WIDTH="47" HEIGHT="22" WC="0.96" CONTENT="Och"/><SP WIDTH="16" VPOS="567" HPOS="249"/>
							<String ID="string_70" HPOS="265" VPOS="567" WIDTH="70" HEIGHT="22" WC="0.96" CONTENT="skulle"/><SP WIDTH="15" VPOS="567" HPOS="335"/>
							<String ID="string_71" HPOS="350" VPOS="567" WIDTH="63" HEIGHT="22" WC="0.96" CONTENT="dessa"/><SP WIDTH="15" VPOS="567" HPOS="413"/>
							<String ID="string_72" HPOS="428" VPOS="569" WIDTH="36" HEIGHT="21" WC="0.96" CONTENT="två"/><SP WIDTH="15" VPOS="569" HPOS="464"/>
							<String ID="string_73" HPOS="479" VPOS="569" WIDTH="153" HEIGHT="22" WC="0.96" CONTENT="betänkanden"/><SP WIDTH="16" VPOS="569" HPOS="632"/>
							<String ID="string_74" HPOS="648" VPOS="570" WIDTH="69" HEIGHT="22" WC="0.93" CONTENT="hållas"/><SP WIDTH="15" VPOS="570" HPOS="717"/>
							<String ID="string_75" HPOS="732" VPOS="571" WIDTH="13" HEIGHT="21" WC="0.93" CONTENT="&amp;"/><SP WIDTH="15" VPOS="571" HPOS="745"/>
							<String ID="string_76" HPOS="760" VPOS="572" WIDTH="77" HEIGHT="22" WC="0.96" CONTENT="bordet"/><SP WIDTH="14" VPOS="572" HPOS="837"/>
							<String ID="string_77" HPOS="851" VPOS="574" WIDTH="33" HEIGHT="22" WC="0.96" CONTENT="till"/>
						</TextLine>
						<TextLine ID="line_12" HPOS="134" VPOS="602" WIDTH="438" HEIGHT="29">
							<String ID="string_78" HPOS="134" VPOS="602" WIDTH="111" HEIGHT="29" WC="0.95" CONTENT="onsdagen"/><SP WIDTH="16" VPOS="602" HPOS="245"/>
							<String ID="string_79" HPOS="261" VPOS="602" WIDTH="42" HEIGHT="22" WC="0.96" CONTENT="den"/><SP WIDTH="16" VPOS="602" HPOS="303"/>
							<String ID="string_80" HPOS="319" VPOS="603" WIDTH="13" HEIGHT="21" WC="0.93" CONTENT="2"/><SP WIDTH="15" VPOS="603" HPOS="332"/>
							<String ID="string_81" HPOS="347" VPOS="602" WIDTH="145" HEIGHT="23" WC="0.91" CONTENT="instundande"/><SP WIDTH="14" VPOS="602" HPOS="492"/>
							<String ID="string_82" HPOS="506" VPOS="611" WIDTH="66" HEIGHT="15" WC="0.96" CONTENT="mars."/>
						</TextLine>
					</TextBlock>
				</ComposedBlock>
				<GraphicalElement ID="cblock_3" HPOS="458" VPOS="652" WIDTH="101" HEIGHT="3"></GraphicalElement >
				<ComposedBlock ID="cblock_4" HPOS="132" VPOS="672" WIDTH="753" HEIGHT="793">
					<TextBlock ID="block_6" HPOS="132" VPOS="672" WIDTH="753" HEIGHT="240">
						<TextLine ID="line_13" HPOS="200" VPOS="672" WIDTH="683" HEIGHT="30">
							<String ID="string_83" HPOS="200" VPOS="672" WIDTH="107" HEIGHT="29" WC="0.91" CONTENT="Företogs"/><SP WIDTH="16" VPOS="672" HPOS="307"/>
							<String ID="string_84" HPOS="323" VPOS="672" WIDTH="257" HEIGHT="30" WC="0.92" CONTENT="expeditionsutskottets"/><SP WIDTH="15" VPOS="672" HPOS="580"/>
							<String ID="string_85" HPOS="595" VPOS="674" WIDTH="42" HEIGHT="22" WC="0.96" CONTENT="den"/><SP WIDTH="16" VPOS="674" HPOS="637"/>
							<String ID="string_86" HPOS="653" VPOS="676" WIDTH="27" HEIGHT="20" WC="0.96" CONTENT="22"/><SP WIDTH="15" VPOS="676" HPOS="680"/>
							<String ID="string_87" HPOS="695" VPOS="675" WIDTH="7" HEIGHT="21" WC="0.96" CONTENT="i"/><SP WIDTH="15" VPOS="675" HPOS="702"/>
							<String ID="string_88" HPOS="717" VPOS="676" WIDTH="72" HEIGHT="22" WC="0.96" CONTENT="denna"/><SP WIDTH="15" VPOS="676" HPOS="789"/>
							<String ID="string_89" HPOS="804" VPOS="678" WIDTH="79" HEIGHT="22" WC="0.96" CONTENT="månad"/>
						</TextLine>
						<TextLine ID="line_14" HPOS="134" VPOS="707" WIDTH="749" HEIGHT="31">
							<String ID="string_90" HPOS="134" VPOS="707" WIDTH="119" HEIGHT="29" WC="0.91" CONTENT="bordlagda"/><SP WIDTH="14" VPOS="707" HPOS="253"/>
							<String ID="string_91" HPOS="267" VPOS="708" WIDTH="113" HEIGHT="22" WC="0.96" CONTENT="memorial"/><SP WIDTH="11" VPOS="708" HPOS="380"/>
							<String ID="string_92" HPOS="391" VPOS="708" WIDTH="24" HEIGHT="21" WC="0.96" CONTENT="af"/><SP WIDTH="9" VPOS="708" HPOS="415"/>
							<String ID="string_93" HPOS="424" VPOS="708" WIDTH="40" HEIGHT="22" WC="0.96" CONTENT="den"/><SP WIDTH="14" VPOS="708" HPOS="464"/>
							<String ID="string_94" HPOS="478" VPOS="709" WIDTH="25" HEIGHT="21" WC="0.95" CONTENT="13"/><SP WIDTH="11" VPOS="709" HPOS="503"/>
							<String ID="string_95" HPOS="514" VPOS="708" WIDTH="7" HEIGHT="21" WC="0.95" CONTENT="i"/><SP WIDTH="11" VPOS="708" HPOS="521"/>
							<String ID="string_96" HPOS="532" VPOS="716" WIDTH="83" HEIGHT="14" WC="0.96" CONTENT="samma"/><SP WIDTH="10" VPOS="716" HPOS="615"/>
							<String ID="string_97" HPOS="625" VPOS="710" WIDTH="86" HEIGHT="27" WC="0.96" CONTENT="månad,"/><SP WIDTH="8" VPOS="710" HPOS="711"/>
							<String ID="string_98" HPOS="719" VPOS="711" WIDTH="69" HEIGHT="27" WC="0.96" CONTENT="jemte"/><SP WIDTH="10" VPOS="711" HPOS="788"/>
							<String ID="string_99" HPOS="798" VPOS="712" WIDTH="85" HEIGHT="22" WC="0.96" CONTENT="hvilket"/>
						</TextLine>
						<TextLine ID="line_15" HPOS="132" VPOS="742" WIDTH="750" HEIGHT="31">
							<String ID="string_100" HPOS="132" VPOS="742" WIDTH="8" HEIGHT="21" WC="0.95" CONTENT="i"/><SP WIDTH="15" VPOS="742" HPOS="140"/>
							<String ID="string_101" HPOS="155" VPOS="742" WIDTH="104" HEIGHT="22" WC="0.93" CONTENT="afseende"/><SP WIDTH="15" VPOS="742" HPOS="259"/>
							<String ID="string_102" HPOS="274" VPOS="743" WIDTH="13" HEIGHT="20" WC="0.93" CONTENT="å"/><SP WIDTH="15" VPOS="743" HPOS="287"/>
							<String ID="string_103" HPOS="302" VPOS="742" WIDTH="136" HEIGHT="29" WC="0.93" CONTENT="granskning"/><SP WIDTH="15" VPOS="742" HPOS="438"/>
							<String ID="string_104" HPOS="453" VPOS="743" WIDTH="154" HEIGHT="22" WC="0.91" CONTENT="öfverlemnats"/><SP WIDTH="15" VPOS="743" HPOS="607"/>
							<String ID="string_105" HPOS="622" VPOS="744" WIDTH="82" HEIGHT="29" WC="0.96" CONTENT="förslag"/><SP WIDTH="15" VPOS="744" HPOS="704"/>
							<String ID="string_106" HPOS="719" VPOS="745" WIDTH="34" HEIGHT="22" WC="0.96" CONTENT="till"/><SP WIDTH="15" VPOS="745" HPOS="753"/>
							<String ID="string_107" HPOS="768" VPOS="747" WIDTH="114" HEIGHT="22" WC="0.96" CONTENT="redaktion"/>
						</TextLine>
						<TextLine ID="line_16" HPOS="132" VPOS="777" WIDTH="750" HEIGHT="31">
							<String ID="string_108" HPOS="132" VPOS="777" WIDTH="24" HEIGHT="21" WC="0.96" CONTENT="af"/><SP WIDTH="17" VPOS="777" HPOS="156"/>
							<String ID="string_109" HPOS="173" VPOS="777" WIDTH="128" HEIGHT="22" WC="0.93" CONTENT="ständernas"/><SP WIDTH="15" VPOS="777" HPOS="301"/>
							<String ID="string_110" HPOS="316" VPOS="777" WIDTH="149" HEIGHT="29" WC="0.91" CONTENT="underdåniga"/><SP WIDTH="15" VPOS="777" HPOS="465"/>
							<String ID="string_111" HPOS="480" VPOS="785" WIDTH="49" HEIGHT="14" WC="0.93" CONTENT="svar"/><SP WIDTH="16" VPOS="785" HPOS="529"/>
							<String ID="string_112" HPOS="545" VPOS="779" WIDTH="12" HEIGHT="20" WC="0.90" CONTENT="å"/><SP WIDTH="16" VPOS="779" HPOS="557"/>
							<String ID="string_113" HPOS="573" VPOS="778" WIDTH="79" HEIGHT="29" WC="0.96" CONTENT="nådiga"/><SP WIDTH="15" VPOS="778" HPOS="652"/>
							<String ID="string_114" HPOS="667" VPOS="781" WIDTH="164" HEIGHT="27" WC="0.96" CONTENT="propositionen"/><SP WIDTH="16" VPOS="781" HPOS="831"/>
							<String ID="string_115" HPOS="847" VPOS="789" WIDTH="35" HEIGHT="15" WC="0.96" CONTENT="n:o"/>
						</TextLine>
						<TextLine ID="line_17" HPOS="134" VPOS="811" WIDTH="748" HEIGHT="32">
							<String ID="string_116" HPOS="134" VPOS="813" WIDTH="27" HEIGHT="21" WC="0.96" CONTENT="20"/><SP WIDTH="15" VPOS="813" HPOS="161"/>
							<String ID="string_117" HPOS="176" VPOS="818" WIDTH="34" HEIGHT="15" WC="0.93" CONTENT="om"/><SP WIDTH="16" VPOS="818" HPOS="210"/>
							<String ID="string_118" HPOS="226" VPOS="811" WIDTH="236" HEIGHT="22" WC="0.92" CONTENT="häradsnämndemäns"/><SP WIDTH="16" VPOS="811" HPOS="462"/>
							<String ID="string_119" HPOS="478" VPOS="813" WIDTH="122" HEIGHT="28" WC="0.96" CONTENT="antagande"/><SP WIDTH="16" VPOS="813" HPOS="600"/>
							<String ID="string_120" HPOS="616" VPOS="814" WIDTH="40" HEIGHT="21" WC="0.96" CONTENT="och"/><SP WIDTH="11" VPOS="814" HPOS="656"/>
							<String ID="string_121" HPOS="667" VPOS="814" WIDTH="106" HEIGHT="29" WC="0.90" CONTENT="aflöning;"/><SP WIDTH="16" VPOS="814" HPOS="773"/>
							<String ID="string_122" HPOS="789" VPOS="816" WIDTH="93" HEIGHT="23" WC="0.92" CONTENT="hvarhos"/>
						</TextLine>
						<TextLine ID="line_18" HPOS="132" VPOS="846" WIDTH="753" HEIGHT="33">
							<String ID="string_123" HPOS="132" VPOS="854" WIDTH="28" HEIGHT="14" WC="0.96" CONTENT="en"/><SP WIDTH="20" VPOS="854" HPOS="160"/>
							<String ID="string_124" HPOS="180" VPOS="847" WIDTH="49" HEIGHT="20" WC="0.93" CONTENT="utaf"/><SP WIDTH="18" VPOS="847" HPOS="229"/>
							<String ID="string_125" HPOS="247" VPOS="846" WIDTH="105" HEIGHT="22" WC="0.92" CONTENT="särskilde"/><SP WIDTH="20" VPOS="846" HPOS="352"/>
							<String ID="string_126" HPOS="372" VPOS="847" WIDTH="23" HEIGHT="20" WC="0.96" CONTENT="af"/><SP WIDTH="16" VPOS="847" HPOS="395"/>
							<String ID="string_127" HPOS="411" VPOS="847" WIDTH="119" HEIGHT="21" WC="0.96" CONTENT="utskottets"/><SP WIDTH="18" VPOS="847" HPOS="530"/>
							<String ID="string_128" HPOS="548" VPOS="847" WIDTH="141" HEIGHT="22" WC="0.96" CONTENT="medlemmar"/><SP WIDTH="15" VPOS="847" HPOS="689"/>
							<String ID="string_129" HPOS="704" VPOS="849" WIDTH="8" HEIGHT="21" WC="0.96" CONTENT="i"/><SP WIDTH="15" VPOS="849" HPOS="712"/>
							<String ID="string_130" HPOS="727" VPOS="850" WIDTH="119" HEIGHT="29" WC="0.96" CONTENT="anledning"/><SP WIDTH="14" VPOS="850" HPOS="846"/>
							<String ID="string_131" HPOS="860" VPOS="852" WIDTH="25" HEIGHT="20" WC="0.96" CONTENT="af"/>
						</TextLine>
						<TextLine ID="line_19" HPOS="133" VPOS="881" WIDTH="602" HEIGHT="31">
							<String ID="string_132" HPOS="133" VPOS="882" WIDTH="60" HEIGHT="21" WC="0.96" CONTENT="detta"/><SP WIDTH="15" VPOS="882" HPOS="193"/>
							<String ID="string_133" HPOS="208" VPOS="881" WIDTH="82" HEIGHT="29" WC="0.93" CONTENT="förslag"/><SP WIDTH="15" VPOS="881" HPOS="290"/>
							<String ID="string_134" HPOS="305" VPOS="881" WIDTH="84" HEIGHT="29" WC="0.93" CONTENT="afgifna"/><SP WIDTH="15" VPOS="881" HPOS="389"/>
							<String ID="string_135" HPOS="404" VPOS="882" WIDTH="134" HEIGHT="22" WC="0.93" CONTENT="reservation"/><SP WIDTH="13" VPOS="882" HPOS="538"/>
							<String ID="string_136" HPOS="551" VPOS="882" WIDTH="83" HEIGHT="28" WC="0.92" CONTENT="jemväl"/><SP WIDTH="16" VPOS="882" HPOS="634"/>
							<String ID="string_137" HPOS="650" VPOS="882" WIDTH="85" HEIGHT="30" WC="0.92" CONTENT="bilagts."/>
						</TextLine>
					</TextBlock>
					<TextBlock ID="block_7" HPOS="132" VPOS="916" WIDTH="752" HEIGHT="549">
						<TextLine ID="line_20" HPOS="201" VPOS="916" WIDTH="681" HEIGHT="30">
							<String ID="string_138" HPOS="201" VPOS="916" WIDTH="138" HEIGHT="22" WC="0.91" CONTENT="Memorialet"/><SP WIDTH="15" VPOS="916" HPOS="339"/>
							<String ID="string_139" HPOS="354" VPOS="916" WIDTH="118" HEIGHT="29" WC="0.92" CONTENT="upplästes,"/><SP WIDTH="11" VPOS="916" HPOS="472"/>
							<String ID="string_140" HPOS="483" VPOS="917" WIDTH="41" HEIGHT="21" WC="0.93" CONTENT="och"/><SP WIDTH="13" VPOS="917" HPOS="524"/>
							<String ID="string_141" HPOS="537" VPOS="916" WIDTH="136" HEIGHT="22" WC="0.92" CONTENT="inhemtades"/><SP WIDTH="17" VPOS="916" HPOS="673"/>
							<String ID="string_142" HPOS="690" VPOS="918" WIDTH="67" HEIGHT="28" WC="0.96" CONTENT="deraf,"/><SP WIDTH="11" VPOS="918" HPOS="757"/>
							<String ID="string_143" HPOS="768" VPOS="919" WIDTH="66" HEIGHT="21" WC="0.93" CONTENT="bland"/><SP WIDTH="10" VPOS="919" HPOS="834"/>
							<String ID="string_144" HPOS="844" VPOS="927" WIDTH="38" HEIGHT="14" WC="0.92" CONTENT="an-"/>
						</TextLine>
						<TextLine ID="line_21" HPOS="132" VPOS="950" WIDTH="750" HEIGHT="29">
							<String ID="string_145" HPOS="132" VPOS="952" WIDTH="44" HEIGHT="26" WC="0.96" CONTENT="nat,"/><SP WIDTH="16" VPOS="952" HPOS="176"/>
							<String ID="string_146" HPOS="192" VPOS="952" WIDTH="33" HEIGHT="20" WC="0.96" CONTENT="att"/><SP WIDTH="14" VPOS="952" HPOS="225"/>
							<String ID="string_147" HPOS="239" VPOS="950" WIDTH="123" HEIGHT="28" WC="0.95" CONTENT="ständerna,"/><SP WIDTH="15" VPOS="950" HPOS="362"/>
							<String ID="string_148" HPOS="377" VPOS="951" WIDTH="29" HEIGHT="28" WC="0.96" CONTENT="på"/><SP WIDTH="15" VPOS="951" HPOS="406"/>
							<String ID="string_149" HPOS="421" VPOS="951" WIDTH="91" HEIGHT="21" WC="0.96" CONTENT="anförda"/><SP WIDTH="15" VPOS="951" HPOS="512"/>
							<String ID="string_150" HPOS="527" VPOS="951" WIDTH="54" HEIGHT="27" WC="0.96" CONTENT="skäl,"/><SP WIDTH="15" VPOS="951" HPOS="581"/>
							<String ID="string_151" HPOS="596" VPOS="952" WIDTH="50" HEIGHT="21" WC="0.96" CONTENT="med"/><SP WIDTH="14" VPOS="952" HPOS="646"/>
							<String ID="string_152" HPOS="660" VPOS="952" WIDTH="139" HEIGHT="23" WC="0.96" CONTENT="förklarande"/><SP WIDTH="14" VPOS="952" HPOS="799"/>
							<String ID="string_153" HPOS="813" VPOS="956" WIDTH="31" HEIGHT="19" WC="0.96" CONTENT="att"/><SP WIDTH="11" VPOS="956" HPOS="844"/>
							<String ID="string_154" HPOS="855" VPOS="954" WIDTH="27" HEIGHT="22" WC="0.96" CONTENT="de"/>
						</TextLine>
						<TextLine ID="line_22" HPOS="133" VPOS="985" WIDTH="751" HEIGHT="29">
							<String ID="string_155" HPOS="133" VPOS="992" WIDTH="38" HEIGHT="15" WC="0.95" CONTENT="sex"/><SP WIDTH="19" VPOS="992" HPOS="171"/>
							<String ID="string_156" HPOS="190" VPOS="985" WIDTH="69" HEIGHT="22" WC="0.96" CONTENT="första"/><SP WIDTH="20" VPOS="985" HPOS="259"/>
							<String ID="string_157" HPOS="279" VPOS="986" WIDTH="25" HEIGHT="28" WC="0.91" CONTENT="$$"/><SP WIDTH="18" VPOS="986" HPOS="304"/>
							<String ID="string_158" HPOS="322" VPOS="985" WIDTH="25" HEIGHT="22" WC="0.96" CONTENT="af"/><SP WIDTH="18" VPOS="985" HPOS="347"/>
							<String ID="string_159" HPOS="365" VPOS="985" WIDTH="41" HEIGHT="22" WC="0.96" CONTENT="den"/><SP WIDTH="16" VPOS="985" HPOS="406"/>
							<String ID="string_160" HPOS="422" VPOS="986" WIDTH="80" HEIGHT="28" WC="0.96" CONTENT="nådiga"/><SP WIDTH="15" VPOS="986" HPOS="502"/>
							<String ID="string_161" HPOS="517" VPOS="986" WIDTH="164" HEIGHT="28" WC="0.96" CONTENT="propositionen"/><SP WIDTH="16" VPOS="986" HPOS="681"/>
							<String ID="string_162" HPOS="697" VPOS="987" WIDTH="48" HEIGHT="21" WC="0.96" CONTENT="icke"/><SP WIDTH="16" VPOS="987" HPOS="745"/>
							<String ID="string_163" HPOS="761" VPOS="987" WIDTH="84" HEIGHT="23" WC="0.96" CONTENT="kunnat"/><SP WIDTH="15" VPOS="987" HPOS="845"/>
							<String ID="string_164" HPOS="860" VPOS="989" WIDTH="24" HEIGHT="21" WC="0.96" CONTENT="af"/>
						</TextLine>
						<TextLine ID="line_23" HPOS="133" VPOS="1020" WIDTH="749" HEIGHT="28">
							<String ID="string_165" HPOS="133" VPOS="1020" WIDTH="49" HEIGHT="22" WC="0.96" CONTENT="dem"/><SP WIDTH="16" VPOS="1020" HPOS="182"/>
							<String ID="string_166" HPOS="198" VPOS="1020" WIDTH="144" HEIGHT="22" WC="0.93" CONTENT="oförändrade"/><SP WIDTH="15" VPOS="1020" HPOS="342"/>
							<String ID="string_167" HPOS="357" VPOS="1020" WIDTH="93" HEIGHT="27" WC="0.92" CONTENT="bifallas,"/><SP WIDTH="15" VPOS="1020" HPOS="450"/>
							<String ID="string_168" HPOS="465" VPOS="1020" WIDTH="34" HEIGHT="21" WC="0.96" CONTENT="för"/><SP WIDTH="15" VPOS="1020" HPOS="499"/>
							<String ID="string_169" HPOS="514" VPOS="1021" WIDTH="34" HEIGHT="21" WC="0.96" CONTENT="sin"/><SP WIDTH="15" VPOS="1021" HPOS="548"/>
							<String ID="string_170" HPOS="563" VPOS="1020" WIDTH="42" HEIGHT="28" WC="0.96" CONTENT="del,"/><SP WIDTH="17" VPOS="1020" HPOS="605"/>
							<String ID="string_171" HPOS="622" VPOS="1021" WIDTH="51" HEIGHT="21" WC="0.96" CONTENT="ville"/><SP WIDTH="16" VPOS="1021" HPOS="673"/>
							<String ID="string_172" HPOS="689" VPOS="1021" WIDTH="87" HEIGHT="21" WC="0.96" CONTENT="förorda"/><SP WIDTH="11" VPOS="1021" HPOS="776"/>
							<String ID="string_173" HPOS="787" VPOS="1022" WIDTH="26" HEIGHT="22" WC="0.91" CONTENT="de"/><SP WIDTH="11" VPOS="1022" HPOS="813"/>
							<String ID="string_174" HPOS="824" VPOS="1023" WIDTH="58" HEIGHT="21" WC="0.91" CONTENT="stad-"/>
						</TextLine>
						<TextLine ID="line_24" HPOS="132" VPOS="1054" WIDTH="750" HEIGHT="30">
							<String ID="string_175" HPOS="132" VPOS="1054" WIDTH="93" HEIGHT="30" WC="0.92" CONTENT="ganden,"/><SP WIDTH="16" VPOS="1054" HPOS="225"/>
							<String ID="string_176" HPOS="241" VPOS="1055" WIDTH="144" HEIGHT="28" WC="0.96" CONTENT="lagutskottet"/><SP WIDTH="15" VPOS="1055" HPOS="385"/>
							<String ID="string_177" HPOS="400" VPOS="1054" WIDTH="31" HEIGHT="21" WC="0.96" CONTENT="uti"/><SP WIDTH="21" VPOS="1054" HPOS="431"/>
							<String ID="string_178" HPOS="452" VPOS="1054" WIDTH="48" HEIGHT="22" WC="0.96" CONTENT="dess"/><SP WIDTH="20" VPOS="1054" HPOS="500"/>
							<String ID="string_179" HPOS="520" VPOS="1055" WIDTH="7" HEIGHT="21" WC="0.96" CONTENT="i"/><SP WIDTH="20" VPOS="1055" HPOS="527"/>
							<String ID="string_180" HPOS="547" VPOS="1056" WIDTH="74" HEIGHT="20" WC="0.93" CONTENT="ämnet"/><SP WIDTH="20" VPOS="1056" HPOS="621"/>
							<String ID="string_181" HPOS="641" VPOS="1055" WIDTH="82" HEIGHT="27" WC="0.92" CONTENT="afgifna"/><SP WIDTH="20" VPOS="1055" HPOS="723"/>
							<String ID="string_182" HPOS="743" VPOS="1056" WIDTH="139" HEIGHT="23" WC="0.96" CONTENT="betänkande"/>
						</TextLine>
						<TextLine ID="line_25" HPOS="133" VPOS="1089" WIDTH="749" HEIGHT="29">
							<String ID="string_183" HPOS="133" VPOS="1090" WIDTH="33" HEIGHT="21" WC="0.93" CONTENT="till"/><SP WIDTH="14" VPOS="1090" HPOS="166"/>
							<String ID="string_184" HPOS="180" VPOS="1089" WIDTH="65" HEIGHT="29" WC="0.92" CONTENT="sagde"/><SP WIDTH="16" VPOS="1089" HPOS="245"/>
							<String ID="string_185" HPOS="261" VPOS="1090" WIDTH="24" HEIGHT="27" WC="0.80" CONTENT="88"/><SP WIDTH="15" VPOS="1090" HPOS="285"/>
							<String ID="string_186" HPOS="300" VPOS="1089" WIDTH="123" HEIGHT="28" WC="0.93" CONTENT="föreslagit;"/><SP WIDTH="16" VPOS="1089" HPOS="423"/>
							<String ID="string_187" HPOS="439" VPOS="1089" WIDTH="93" HEIGHT="21" WC="0.93" CONTENT="hvarhos"/><SP WIDTH="13" VPOS="1089" HPOS="532"/>
							<String ID="string_188" HPOS="545" VPOS="1089" WIDTH="118" HEIGHT="21" WC="0.96" CONTENT="ständerna"/><SP WIDTH="11" VPOS="1089" HPOS="663"/>
							<String ID="string_189" HPOS="674" VPOS="1090" WIDTH="135" HEIGHT="22" WC="0.93" CONTENT="beträffande"/><SP WIDTH="15" VPOS="1090" HPOS="809"/>
							<String ID="string_190" HPOS="824" VPOS="1092" WIDTH="58" HEIGHT="22" WC="0.92" CONTENT="stad-"/>
						</TextLine>
						<TextLine ID="line_26" HPOS="132" VPOS="1123" WIDTH="750" HEIGHT="30">
							<String ID="string_191" HPOS="132" VPOS="1124" WIDTH="111" HEIGHT="29" WC="0.91" CONTENT="ganderne"/><SP WIDTH="16" VPOS="1124" HPOS="243"/>
							<String ID="string_192" HPOS="259" VPOS="1124" WIDTH="7" HEIGHT="20" WC="0.96" CONTENT="i"/><SP WIDTH="16" VPOS="1124" HPOS="266"/>
							<String ID="string_193" HPOS="282" VPOS="1124" WIDTH="11" HEIGHT="21" WC="0.96" CONTENT="7"/><SP WIDTH="16" VPOS="1124" HPOS="293"/>
							<String ID="string_194" HPOS="309" VPOS="1124" WIDTH="12" HEIGHT="27" WC="0.88" CONTENT="8"/><SP WIDTH="16" VPOS="1124" HPOS="321"/>
							<String ID="string_195" HPOS="337" VPOS="1123" WIDTH="24" HEIGHT="21" WC="0.92" CONTENT="af"/><SP WIDTH="12" VPOS="1123" HPOS="361"/>
							<String ID="string_196" HPOS="373" VPOS="1123" WIDTH="249" HEIGHT="29" WC="0.91" CONTENT="författningsförslaget"/><SP WIDTH="15" VPOS="1123" HPOS="622"/>
							<String ID="string_197" HPOS="637" VPOS="1124" WIDTH="35" HEIGHT="20" WC="0.96" CONTENT="väl"/><SP WIDTH="15" VPOS="1124" HPOS="672"/>
							<String ID="string_198" HPOS="687" VPOS="1124" WIDTH="71" HEIGHT="21" WC="0.96" CONTENT="skulle"/><SP WIDTH="17" VPOS="1124" HPOS="758"/>
							<String ID="string_199" HPOS="775" VPOS="1125" WIDTH="49" HEIGHT="21" WC="0.96" CONTENT="dela"/><SP WIDTH="16" VPOS="1125" HPOS="824"/>
							<String ID="string_200" HPOS="840" VPOS="1126" WIDTH="42" HEIGHT="21" WC="0.96" CONTENT="den"/>
						</TextLine>
						<TextLine ID="line_27" HPOS="132" VPOS="1157" WIDTH="750" HEIGHT="30">
							<String ID="string_201" HPOS="132" VPOS="1159" WIDTH="7" HEIGHT="21" WC="0.96" CONTENT="i"/><SP WIDTH="15" VPOS="1159" HPOS="139"/>
							<String ID="string_202" HPOS="154" VPOS="1158" WIDTH="165" HEIGHT="29" WC="0.96" CONTENT="propositionen"/><SP WIDTH="16" VPOS="1158" HPOS="319"/>
							<String ID="string_203" HPOS="335" VPOS="1157" WIDTH="76" HEIGHT="22" WC="0.96" CONTENT="derom"/><SP WIDTH="15" VPOS="1157" HPOS="411"/>
							<String ID="string_204" HPOS="426" VPOS="1159" WIDTH="95" HEIGHT="20" WC="0.93" CONTENT="uttalade"/><SP WIDTH="16" VPOS="1159" HPOS="521"/>
							<String ID="string_205" HPOS="537" VPOS="1157" WIDTH="64" HEIGHT="29" WC="0.92" CONTENT="åsigt,"/><SP WIDTH="15" VPOS="1157" HPOS="601"/>
							<String ID="string_206" HPOS="616" VPOS="1159" WIDTH="32" HEIGHT="20" WC="0.93" CONTENT="att"/><SP WIDTH="12" VPOS="1159" HPOS="648"/>
							<String ID="string_207" HPOS="660" VPOS="1158" WIDTH="222" HEIGHT="24" WC="0.90" CONTENT="öfverenskommelse"/>
						</TextLine>
						<TextLine ID="line_28" HPOS="133" VPOS="1192" WIDTH="749" HEIGHT="29">
							<String ID="string_208" HPOS="133" VPOS="1193" WIDTH="92" HEIGHT="22" WC="0.93" CONTENT="emellan"/><SP WIDTH="22" VPOS="1193" HPOS="225"/>
							<String ID="string_209" HPOS="247" VPOS="1192" WIDTH="225" HEIGHT="28" WC="0.91" CONTENT="häradshöfdingarne"/><SP WIDTH="23" VPOS="1192" HPOS="472"/>
							<String ID="string_210" HPOS="495" VPOS="1193" WIDTH="40" HEIGHT="20" WC="0.96" CONTENT="och"/><SP WIDTH="22" VPOS="1193" HPOS="535"/>
							<String ID="string_211" HPOS="557" VPOS="1192" WIDTH="191" HEIGHT="22" WC="0.92" CONTENT="nämndemännen"/><SP WIDTH="20" VPOS="1192" HPOS="748"/>
							<String ID="string_212" HPOS="768" VPOS="1194" WIDTH="114" HEIGHT="27" WC="0.96" CONTENT="angående"/>
						</TextLine>
						<TextLine ID="line_29" HPOS="133" VPOS="1226" WIDTH="750" HEIGHT="30">
							<String ID="string_213" HPOS="133" VPOS="1227" WIDTH="27" HEIGHT="21" WC="0.90" CONTENT="de"/><SP WIDTH="19" VPOS="1227" HPOS="160"/>
							<String ID="string_214" HPOS="179" VPOS="1227" WIDTH="103" HEIGHT="22" WC="0.90" CONTENT="sednares"/><SP WIDTH="21" VPOS="1227" HPOS="282"/>
							<String ID="string_215" HPOS="303" VPOS="1226" WIDTH="64" HEIGHT="22" WC="0.96" CONTENT="andel"/><SP WIDTH="15" VPOS="1226" HPOS="367"/>
							<String ID="string_216" HPOS="382" VPOS="1227" WIDTH="7" HEIGHT="21" WC="0.93" CONTENT="i"/><SP WIDTH="16" VPOS="1227" HPOS="389"/>
							<String ID="string_217" HPOS="405" VPOS="1227" WIDTH="190" HEIGHT="29" WC="0.91" CONTENT="tingsgästningen"/><SP WIDTH="20" VPOS="1227" HPOS="595"/>
							<String ID="string_218" HPOS="615" VPOS="1227" WIDTH="117" HEIGHT="21" WC="0.92" CONTENT="framdeles"/><SP WIDTH="20" VPOS="1227" HPOS="732"/>
							<String ID="string_219" HPOS="752" VPOS="1227" WIDTH="48" HEIGHT="22" WC="0.96" CONTENT="icke"/><SP WIDTH="15" VPOS="1227" HPOS="800"/>
							<String ID="string_220" HPOS="815" VPOS="1228" WIDTH="68" HEIGHT="22" WC="0.96" CONTENT="borde"/>
						</TextLine>
						<TextLine ID="line_30" HPOS="132" VPOS="1261" WIDTH="751" HEIGHT="29">
							<String ID="string_221" HPOS="132" VPOS="1262" WIDTH="23" HEIGHT="21" WC="0.92" CONTENT="få"/><SP WIDTH="20" VPOS="1262" HPOS="155"/>
							<String ID="string_222" HPOS="175" VPOS="1269" WIDTH="41" HEIGHT="21" WC="0.92" CONTENT="ega"/><SP WIDTH="19" VPOS="1269" HPOS="216"/>
							<String ID="string_223" HPOS="235" VPOS="1269" WIDTH="58" HEIGHT="20" WC="0.96" CONTENT="rum,"/><SP WIDTH="16" VPOS="1269" HPOS="293"/>
							<String ID="string_224" HPOS="309" VPOS="1268" WIDTH="50" HEIGHT="15" WC="0.96" CONTENT="men"/><SP WIDTH="15" VPOS="1268" HPOS="359"/>
							<String ID="string_225" HPOS="374" VPOS="1269" WIDTH="57" HEIGHT="20" WC="0.96" CONTENT="som,"/><SP WIDTH="16" VPOS="1269" HPOS="431"/>
							<String ID="string_226" HPOS="447" VPOS="1261" WIDTH="8" HEIGHT="22" WC="0.96" CONTENT="i"/><SP WIDTH="14" VPOS="1261" HPOS="455"/>
							<String ID="string_227" HPOS="469" VPOS="1261" WIDTH="103" HEIGHT="22" WC="0.93" CONTENT="afseende"/><SP WIDTH="15" VPOS="1261" HPOS="572"/>
							<String ID="string_228" HPOS="587" VPOS="1262" WIDTH="13" HEIGHT="21" WC="0.90" CONTENT="å"/><SP WIDTH="15" VPOS="1262" HPOS="600"/>
							<String ID="string_229" HPOS="615" VPOS="1261" WIDTH="77" HEIGHT="28" WC="0.96" CONTENT="frågan"/><SP WIDTH="15" VPOS="1261" HPOS="692"/>
							<String ID="string_230" HPOS="707" VPOS="1261" WIDTH="34" HEIGHT="21" WC="0.96" CONTENT="till"/><SP WIDTH="15" VPOS="1261" HPOS="741"/>
							<String ID="string_231" HPOS="756" VPOS="1262" WIDTH="55" HEIGHT="21" WC="0.96" CONTENT="huru"/><SP WIDTH="16" VPOS="1262" HPOS="811"/>
							<String ID="string_232" HPOS="827" VPOS="1264" WIDTH="56" HEIGHT="21" WC="0.96" CONTENT="stort"/>
						</TextLine>
						<TextLine ID="line_31" HPOS="133" VPOS="1295" WIDTH="749" HEIGHT="30">
							<String ID="string_233" HPOS="133" VPOS="1297" WIDTH="78" HEIGHT="28" WC="0.96" CONTENT="belopp"/><SP WIDTH="23" VPOS="1297" HPOS="211"/>
							<String ID="string_234" HPOS="234" VPOS="1296" WIDTH="120" HEIGHT="22" WC="0.93" CONTENT="nämndens"/><SP WIDTH="23" VPOS="1296" HPOS="354"/>
							<String ID="string_235" HPOS="377" VPOS="1296" WIDTH="96" HEIGHT="29" WC="0.92" CONTENT="aflöning"/><SP WIDTH="22" VPOS="1296" HPOS="473"/>
							<String ID="string_236" HPOS="495" VPOS="1296" WIDTH="56" HEIGHT="21" WC="0.95" CONTENT="skall"/><SP WIDTH="19" VPOS="1296" HPOS="551"/>
							<String ID="string_237" HPOS="570" VPOS="1296" WIDTH="80" HEIGHT="28" WC="0.96" CONTENT="uppgå,"/><SP WIDTH="19" VPOS="1296" HPOS="650"/>
							<String ID="string_238" HPOS="669" VPOS="1295" WIDTH="151" HEIGHT="29" WC="0.96" CONTENT="ridderskapet"/><SP WIDTH="22" VPOS="1295" HPOS="820"/>
							<String ID="string_239" HPOS="842" VPOS="1297" WIDTH="40" HEIGHT="22" WC="0.96" CONTENT="och"/>
						</TextLine>
						<TextLine ID="line_32" HPOS="133" VPOS="1330" WIDTH="749" HEIGHT="28">
							<String ID="string_240" HPOS="133" VPOS="1331" WIDTH="64" HEIGHT="20" WC="0.96" CONTENT="adeln"/><SP WIDTH="12" VPOS="1331" HPOS="197"/>
							<String ID="string_241" HPOS="209" VPOS="1331" WIDTH="71" HEIGHT="27" WC="0.93" CONTENT="jemte"/><SP WIDTH="15" VPOS="1331" HPOS="280"/>
							<String ID="string_242" HPOS="295" VPOS="1331" WIDTH="181" HEIGHT="27" WC="0.91" CONTENT="borgareståndet"/><SP WIDTH="14" VPOS="1331" HPOS="476"/>
							<String ID="string_243" HPOS="490" VPOS="1331" WIDTH="35" HEIGHT="20" WC="0.96" CONTENT="för"/><SP WIDTH="15" VPOS="1331" HPOS="525"/>
							<String ID="string_244" HPOS="540" VPOS="1331" WIDTH="32" HEIGHT="20" WC="0.96" CONTENT="sin"/><SP WIDTH="17" VPOS="1331" HPOS="572"/>
							<String ID="string_245" HPOS="589" VPOS="1330" WIDTH="35" HEIGHT="21" WC="0.96" CONTENT="del"/><SP WIDTH="16" VPOS="1330" HPOS="624"/>
							<String ID="string_246" HPOS="640" VPOS="1330" WIDTH="96" HEIGHT="27" WC="0.96" CONTENT="godkänt"/><SP WIDTH="15" VPOS="1330" HPOS="736"/>
							<String ID="string_247" HPOS="751" VPOS="1331" WIDTH="56" HEIGHT="20" WC="0.95" CONTENT="hvad"/><SP WIDTH="15" VPOS="1331" HPOS="807"/>
							<String ID="string_248" HPOS="822" VPOS="1331" WIDTH="7" HEIGHT="20" WC="0.95" CONTENT="i"/><SP WIDTH="11" VPOS="1331" HPOS="829"/>
							<String ID="string_249" HPOS="840" VPOS="1331" WIDTH="42" HEIGHT="22" WC="0.96" CONTENT="den"/>
						</TextLine>
						<TextLine ID="line_33" HPOS="132" VPOS="1363" WIDTH="750" HEIGHT="29">
							<String ID="string_250" HPOS="132" VPOS="1365" WIDTH="80" HEIGHT="27" WC="0.96" CONTENT="nådiga"/><SP WIDTH="14" VPOS="1365" HPOS="212"/>
							<String ID="string_251" HPOS="226" VPOS="1364" WIDTH="165" HEIGHT="28" WC="0.96" CONTENT="propositionen"/><SP WIDTH="16" VPOS="1364" HPOS="391"/>
							<String ID="string_252" HPOS="407" VPOS="1364" WIDTH="7" HEIGHT="19" WC="0.96" CONTENT="i"/><SP WIDTH="17" VPOS="1364" HPOS="414"/>
							<String ID="string_253" HPOS="431" VPOS="1364" WIDTH="70" HEIGHT="21" WC="0.96" CONTENT="denna"/><SP WIDTH="15" VPOS="1364" HPOS="501"/>
							<String ID="string_254" HPOS="516" VPOS="1364" WIDTH="36" HEIGHT="21" WC="0.96" CONTENT="del"/><SP WIDTH="12" VPOS="1364" HPOS="552"/>
							<String ID="string_255" HPOS="564" VPOS="1363" WIDTH="131" HEIGHT="27" WC="0.96" CONTENT="föreslagits,"/><SP WIDTH="11" VPOS="1363" HPOS="695"/>
							<String ID="string_256" HPOS="706" VPOS="1363" WIDTH="112" HEIGHT="22" WC="0.93" CONTENT="hvaremot"/><SP WIDTH="15" VPOS="1363" HPOS="818"/>
							<String ID="string_257" HPOS="833" VPOS="1371" WIDTH="49" HEIGHT="21" WC="0.92" CONTENT="pre-"/>
						</TextLine>
						<TextLine ID="line_34" HPOS="133" VPOS="1396" WIDTH="751" HEIGHT="29">
							<String ID="string_258" HPOS="133" VPOS="1400" WIDTH="42" HEIGHT="20" WC="0.91" CONTENT="sta-"/><SP WIDTH="20" VPOS="1400" HPOS="175"/>
							<String ID="string_259" HPOS="195" VPOS="1398" WIDTH="40" HEIGHT="21" WC="0.92" CONTENT="och"/><SP WIDTH="20" VPOS="1398" HPOS="235"/>
							<String ID="string_260" HPOS="255" VPOS="1397" WIDTH="165" HEIGHT="23" WC="0.91" CONTENT="bondestånden"/><SP WIDTH="18" VPOS="1397" HPOS="420"/>
							<String ID="string_261" HPOS="438" VPOS="1400" WIDTH="70" HEIGHT="19" WC="0.96" CONTENT="ansett"/><SP WIDTH="16" VPOS="1400" HPOS="508"/>
							<String ID="string_262" HPOS="524" VPOS="1397" WIDTH="108" HEIGHT="21" WC="0.96" CONTENT="nämnden"/><SP WIDTH="16" VPOS="1397" HPOS="632"/>
							<String ID="string_263" HPOS="648" VPOS="1398" WIDTH="53" HEIGHT="20" WC="0.93" CONTENT="böra"/><SP WIDTH="15" VPOS="1398" HPOS="701"/>
							<String ID="string_264" HPOS="716" VPOS="1396" WIDTH="119" HEIGHT="29" WC="0.92" CONTENT="berättigas"/><SP WIDTH="16" VPOS="1396" HPOS="835"/>
							<String ID="string_265" HPOS="851" VPOS="1400" WIDTH="33" HEIGHT="19" WC="0.96" CONTENT="att"/>
						</TextLine>
						<TextLine ID="line_35" HPOS="132" VPOS="1431" WIDTH="750" HEIGHT="34">
							<String ID="string_266" HPOS="132" VPOS="1433" WIDTH="99" HEIGHT="32" WC="0.96" CONTENT="uppbära"/><SP WIDTH="18" VPOS="1433" HPOS="231"/>
							<String ID="string_267" HPOS="249" VPOS="1432" WIDTH="84" HEIGHT="27" WC="0.95" CONTENT="hälften"/><SP WIDTH="20" VPOS="1432" HPOS="333"/>
							<String ID="string_268" HPOS="353" VPOS="1432" WIDTH="24" HEIGHT="26" WC="0.96" CONTENT="af"/><SP WIDTH="18" VPOS="1432" HPOS="377"/>
							<String ID="string_269" HPOS="395" VPOS="1431" WIDTH="43" HEIGHT="26" WC="0.96" CONTENT="den"/><SP WIDTH="21" VPOS="1431" HPOS="438"/>
							<String ID="string_270" HPOS="459" VPOS="1432" WIDTH="32" HEIGHT="25" WC="0.93" CONTENT="till"/><SP WIDTH="16" VPOS="1432" HPOS="491"/>
							<String ID="string_271" HPOS="507" VPOS="1431" WIDTH="171" HEIGHT="30" WC="0.88" CONTENT="häradsböfding"/><SP WIDTH="15" VPOS="1431" HPOS="678"/>
							<String ID="string_272" HPOS="693" VPOS="1431" WIDTH="40" HEIGHT="22" WC="0.96" CONTENT="och"/><SP WIDTH="16" VPOS="1431" HPOS="733"/>
							<String ID="string_273" HPOS="749" VPOS="1432" WIDTH="81" HEIGHT="23" WC="0.93" CONTENT="nämnd"/><SP WIDTH="15" VPOS="1432" HPOS="830"/>
							<String ID="string_274" HPOS="845" VPOS="1439" WIDTH="37" HEIGHT="24" WC="0.92" CONTENT="ge-"/>
						</TextLine>
					</TextBlock>
				</ComposedBlock>
			</PrintSpace>
		</Page>
	</Layout>
</alto>
