998 1703
775 120 41 23 345

95 185 63 23 Hans
176 185 132 23 instruktion
327 186 39 23 bör
379 192 52 16 vara
445 192 98 22 nogrann
559 186 40 22 och
614 187 42 21 han
673 187 39 21 bör
727 186 34 22 stå
775 186 69 23 under

97 227 27 15 en
140 220 105 29 tillbörlig
264 220 105 27 kontroll,
385 228 50 14 men
450 220 43 22 han
508 220 39 22 bör
562 220 66 22 också
644 228 51 14 vara
711 222 23 21 så
749 221 95 28 aflönad,

96 257 32 19 att
151 256 42 20 han
217 256 20 28 ej
261 256 23 20 är
307 257 95 26 tvungen
426 257 31 19 att
480 254 57 22 lefva
555 262 26 14 ur
601 256 80 21 folkets
697 256 74 21 fickor.
801 256 44 29 Jag

97 290 81 21 tillåter
198 290 45 28 mig
262 289 48 21 icke
321 290 41 20 att
379 289 7 21 i
406 290 60 20 detta
482 289 102 21 afseende
599 291 58 27 yttra
672 290 120 29 någonting
807 291 37 21 be-

97 324 90 26 stämdt,
210 331 49 13 men
280 324 40 27 jag
342 330 63 14 anser
428 324 36 19 det
484 323 124 28 föreslagna
623 324 156 29 lönebeloppet
793 332 52 14 vara

96 357 88 29 mycket
199 358 34 21 för
247 357 49 22 litet
312 357 40 22 och
367 359 32 20 att
413 359 82 20 statens
505 357 36 22 väl
551 357 84 22 fordrar
646 358 71 22 såsom
728 365 27 15 en
767 359 78 22 oefter-

97 393 62 28 giflig
173 392 169 29 nödvändighet,
358 393 31 20 att
404 392 77 28 anslag
496 393 68 21 måtte
579 393 92 21 beredas
684 393 33 21 till
728 393 118 28 tillräcklig

96 427 128 29 förhöjning
238 427 24 21 af
275 427 153 22 länsmännens
444 427 68 27 löner,
525 427 110 22 äfvensom
645 428 39 28 jag
695 435 64 14 anser
770 435 26 14 en
808 429 37 21 all-

96 464 49 19 män
173 462 112 29 reglering
307 462 24 21 af
351 461 188 29 tjenstemännens
567 462 61 21 löner
654 469 52 14 vara
728 462 117 29 högeligen

96 497 108 28 påkallad.

164 531 58 22 Herr
237 531 107 27 Munck,
360 531 26 22 K.
403 531 34 21 F.:
453 531 147 22 Erkännande
615 531 190 29 nödvändigheten
825 533 24 21 af

94 566 116 29 grundliga
228 566 127 28 kunskaper
374 566 64 21 äfven
453 566 39 21 hos
508 567 150 26 länsmännen,
674 568 45 19 tror
734 567 39 28 jag
784 567 61 28 dock,

96 603 32 20 att
143 608 50 15 man
208 601 7 21 i
230 600 94 22 Finland
340 602 57 20 ännu
413 601 71 28 någon
501 600 31 21 tid
548 601 72 21 bortåt
635 601 82 28 nödgas
729 601 73 29 åtnöja
813 602 34 28 sig

97 635 49 22 med
165 636 99 21 länsmän
285 636 76 20 nästan
381 637 52 18 utan
452 635 29 21 all
500 635 151 28 vetenskaplig
667 635 105 29 bildning.
802 636 45 21 Det

98 672 23 20 är
144 669 77 27 kändt,
244 671 32 19 att
298 670 28 28 på
346 669 91 21 sednare
459 669 56 21 tider
535 670 52 20 flere
603 669 106 28 vigtigare
725 671 99 27 tjenster,
840 671 7 20 i

97 704 56 21 brist
171 704 29 29 på
219 704 153 21 examinerade
388 704 106 26 sökande,
510 704 7 20 i
533 704 54 21 brist
602 703 33 21 till
651 704 40 21 och
706 705 49 21 med
771 705 28 27 på
814 706 32 20 så-

98 738 62 28 dana,
184 745 46 14 som
254 746 38 14 ens
315 738 87 22 erhållit
425 738 241 29 gymnasiikunskaper,
689 738 40 22 fått
751 739 96 22 besättas

98 774 50 21 med
168 773 84 21 mindre
273 773 107 29 skickliga
395 780 111 21 personer.
536 772 118 22 Hvarifrän
670 773 61 21 skola
747 774 26 21 då
788 781 60 15 mera

98 808 133 29 insigtsfulla
246 808 99 21 länsmän
360 808 108 21 erhållas?
484 808 29 21 Så
529 808 118 21 önskvärdt
662 808 37 20 det
715 808 65 21 också
790 816 58 19 vore,

98 844 32 20 att
149 843 144 21 länsmännen
312 849 52 15 vore
385 842 7 21 i
408 842 120 29 besittning
543 842 24 21 af
581 848 27 15 en
623 842 67 28 högre
707 842 98 29 bildning
820 846 27 18 än

98 878 41 20 den
160 877 26 21 de
207 884 29 14 nu
256 877 76 27 hafva,
354 879 45 19 tror
416 878 40 27 jag
476 878 32 20 att
527 884 50 14 man
597 876 65 28 länge
677 883 44 22 nog
735 876 34 22 får
783 879 66 20 vänta

98 912 67 21 innan
186 910 147 23 förhållandet
353 910 42 22 blir
412 912 76 26 bättre,
504 912 40 21 och
559 911 151 27 länsmännen,
727 911 79 22 sådane
823 912 26 20 de

98 954 30 14 nu
143 946 50 21 med
208 947 22 20 få
244 946 113 28 undantag
374 947 45 26 äro,
439 952 63 15 anser
515 946 46 28 jag,
576 946 49 20 med
641 945 102 22 afseende
758 946 13 21 &
786 946 63 21 deras

98 980 147 28 verksamhet,
260 980 166 28 bildningsgrad
442 980 39 22 och
496 980 161 26 lefnadsvanor,
673 980 7 20 i
696 980 39 21 och
749 980 33 21 för
792 982 57 27 tjen-

98 1018 48 19 sten
162 1015 65 21 hafva
242 1015 100 21 stundom
358 1015 33 20 till
406 1015 39 21 och
456 1016 49 20 med
516 1015 66 27 riklig
593 1014 102 27 utkomst,
706 1014 92 27 hvadan,
809 1015 40 21 och

98 1057 47 14 som
160 1050 150 26 länsmännen,
326 1049 48 21 ifall
389 1049 26 21 de
432 1049 82 21 erhölle
524 1049 112 28 betydliga
646 1048 138 28 kronolöner,
795 1050 54 27 möj-

98 1085 60 28 ligen
173 1084 87 21 komme
276 1086 31 19 att
322 1083 141 29 undandraga
479 1084 109 28 allmogen
604 1083 37 20 sitt
656 1083 84 22 biträde
756 1084 36 21 vid
805 1086 45 19 sär-

98 1119 72 22 skilda
189 1118 199 29 inkomstgifvande
406 1119 164 28 förrättningar,
589 1118 72 21 såsom
676 1118 173 28 boupptecknin-

100 1161 45 22 gar,
164 1154 122 27 auktioner,
307 1159 65 22 syner
393 1160 27 14 m.
439 1160 35 21 m.,
488 1154 39 27 jag
542 1153 34 21 för
592 1153 135 21 närvarande
742 1152 108 29 afstyrker

100 1188 133 28 antagandet
256 1188 24 20 af
299 1187 220 29 petitionsförslagets
540 1187 69 21 första
629 1186 40 22 och
687 1186 69 29 tredje
774 1188 76 28 punkt.

99 1224 29 28 Ej
148 1224 70 20 heller
238 1223 44 21 kan
298 1223 39 28 jag
356 1222 116 28 godkänna
488 1222 41 22 den
545 1222 67 22 andra
627 1222 98 27 punkten
740 1222 7 20 i
763 1222 88 28 petitio-

100 1264 50 20 nen,
166 1265 46 14 som
228 1258 82 27 åsyftar
325 1256 153 29 upphäfvande
492 1257 23 21 af
524 1256 37 22 det
571 1255 127 29 stadgande,
708 1256 143 29 hvarigenom

100 1294 109 28 guvernör
224 1292 120 28 berättigas
359 1292 31 20 att
405 1292 52 20 utan
473 1290 134 29 ransakning
622 1290 41 22 och
677 1290 49 21 dom
737 1290 48 22 från
795 1292 56 28 tjen-

100 1329 49 19 sten
164 1327 81 21 afsätta
259 1327 107 25 länsman,
380 1333 46 13 som
438 1326 111 20 förverkat
560 1327 149 26 guvernörens
719 1326 132 22 förtroende.

100 1361 34 27 Ty
157 1360 36 21 det
214 1360 70 27 ligger
305 1360 7 20 i
332 1360 78 21 sakens
431 1362 72 25 natur,
524 1362 31 19 att
577 1359 160 21 verkställande
753 1360 98 21 maktens

101 1395 93 28 yttersta
216 1400 93 23 organer
331 1394 82 27 måste,
434 1394 72 21 derest
529 1393 207 22 stats-maskineriet
757 1394 20 28 ej
797 1394 56 23 skall

100 1429 111 27 förlamas,
232 1429 25 28 ja
278 1427 98 30 upphöra
396 1428 7 22 i
423 1429 34 21 sin
477 1428 148 28 verksamhet,
642 1441 24 3 —
683 1435 52 15 vara
754 1428 7 22 i
782 1430 70 21 större
