1011 1703
777 129 41 20 429

99 192 91 21 främsta
205 194 93 19 rummet
312 192 33 21 får
361 193 109 28 tillstyrka
485 193 65 28 sagde
567 193 72 21 skolas
649 193 131 28 utvidgande
791 193 7 20 i
809 200 37 14 an-

99 226 48 27 tydt
169 226 63 28 syfte.
262 227 97 21 Dernäst
380 227 97 27 påkallas
501 227 161 28 otvifvelaktigt
680 227 112 22 enahanda
812 230 33 18 ut-

99 260 105 28 vidgning
219 261 24 20 af
256 261 68 28 högre
339 261 197 21 elementarskolan
547 262 7 20 i
564 261 144 29 Björneborg,
724 262 70 21 såsom
806 262 40 20 tal-

98 294 45 21 rikt
161 295 79 20 besökt
260 297 55 19 samt
333 295 92 28 belägen
441 295 6 20 i
465 302 26 15 en
506 295 81 22 folkrik
602 296 40 21 och
658 296 47 21 från
721 297 124 27 gymnasier

99 329 61 27 långt
175 329 96 27 aflägsen
288 329 103 21 landsort.

167 363 43 20 Det
230 365 23 19 är
273 364 34 20 till
327 370 27 14 en
369 364 136 28 underdänig
520 364 102 21 anhällan
638 371 34 14 om
687 364 158 21 förberedande

99 397 40 21 och
155 397 130 27 vidtagande
300 398 24 20 af
337 398 161 28 ofvanantydda
513 398 107 28 åtgärder,
636 406 45 13 som
692 399 106 21 utskottet
808 406 37 14 an-

99 433 42 19 sett
157 431 41 21 den
214 432 166 28 ifrågavarande
391 432 121 28 petitionen
524 432 52 22 böra
586 432 139 29 inskränkas;
743 434 39 20 och
792 433 53 28 hop-

98 473 39 21 pas
152 466 113 28 utskottet,
280 468 32 20 att
327 467 74 27 saken,
418 474 35 14 om
468 467 75 28 nådigt
558 467 62 21 bifall
635 467 42 21 kan
693 468 103 21 utverkas
812 468 33 20 till

98 501 57 21 hvad
169 501 90 21 sålunda
274 502 130 28 föreslagits,
420 502 79 21 blifver
514 502 24 21 så
553 501 138 29 fullständigt
707 502 39 21 och
756 503 35 21 väl
802 502 43 21 till-

98 536 116 27 godosedd,
231 543 45 14 som
292 536 135 22 närvarande
443 536 150 22 förhållanden
608 537 39 21 och
662 537 184 28 omständigheter

99 570 73 22 kunna
187 570 87 28 påkalla
290 571 39 21 och
345 571 131 29 medgifva.*

375 606 49 21 Den
440 607 27 20 22
478 606 94 29 januari.

166 640 124 29 Föredrogs
301 641 97 21 ståndets
409 641 99 21 enskilda
519 641 183 21 besvärsutskotts
713 641 133 28 bordlaggda

99 675 137 21 betänkande
256 676 7 20 i
284 675 118 27 anledning
424 675 24 21 af
468 677 89 26 prosten
577 675 124 28 Grönbergs
720 676 25 20 af
760 676 85 20 ståndet

99 709 70 21 såsom
190 709 48 21 dess
259 711 50 26 eget
332 711 95 27 antagna
446 710 187 28 petitionsförslag
655 710 111 28 angående
790 717 55 13 sam-

98 744 150 21 manslåendet
268 744 24 20 af
308 744 69 28 högre
393 744 181 22 elementarskola
589 744 40 21 och
644 744 136 28 gymnasium
796 744 6 20 i
819 744 26 20 de

99 778 78 26 städer,
193 778 38 21 der
251 778 70 28 begge
341 779 75 27 slagen
436 778 24 21 af
473 778 101 22 läroverk
588 778 133 28 förefunnos,
738 780 54 20 samt
808 786 37 13 an-

99 812 38 22 dra
152 813 67 27 högre
235 813 206 21 elementarskolors
457 814 130 27 utvidgning
602 814 55 20 efter
673 814 66 20 behof
752 814 33 20 till
796 813 48 21 full-

98 847 99 27 ständiga
212 848 68 27 högre
294 848 220 21 elementarläroverk
530 848 49 21 med
594 848 210 28 gymnasialklasser.

167 882 92 20 Prosten
275 882 115 28 Grönberg
405 882 68 28 ansåg
483 882 87 28 tjenligt
581 884 32 19 att
623 882 141 21 medstånden
775 882 69 21 skulle

99 916 32 20 till
147 916 129 28 deltagande
291 917 6 21 i
313 917 120 27 petitionen
450 917 105 28 inbjudas.

166 951 92 21 Prosten
278 951 107 21 Borenius
406 951 102 27 önskade,
531 953 31 19 att
586 951 38 21 der
644 951 136 28 gymnasium
804 952 39 20 och

98 985 67 27 högre
186 985 180 21 elementarskola
385 985 78 21 funnos
480 986 7 20 i
506 992 81 14 samma
607 985 56 27 stad,
679 985 128 28 föreningen
824 986 22 20 af

99 1019 62 21 dessa
181 1020 100 20 läroverk
301 1020 76 26 borde,
394 1020 33 20 för
447 1022 32 18 att
498 1020 19 27 ej
534 1019 98 21 medföra
647 1020 175 27 betänkligheter
837 1020 6 20 i

98 1053 135 28 disciplinärt
252 1054 133 27 hänseende,
406 1054 127 21 verkställas
553 1054 99 27 sälunda,
668 1056 32 19 att
721 1061 26 14 en
763 1055 58 21 klass
837 1055 7 20 i

99 1088 77 21 sender
192 1088 70 21 skulle
277 1088 87 21 tillökas
380 1088 35 21 vid
432 1088 75 21 skolan
522 1089 56 20 samt
592 1088 137 28 följaktligen
740 1089 50 28 inga
801 1089 42 20 ele-

98 1129 38 14 ver
156 1122 74 22 vidare
249 1123 32 20 till
298 1123 136 28 gymnasium
450 1123 116 28 uppflyttas
581 1122 66 21 sedan
663 1122 70 29 begge
749 1123 94 21 lärover-

98 1157 54 21 kens
172 1157 102 28 förening
292 1157 72 21 blifvit
384 1157 110 27 besluten,
510 1157 112 21 hvaremot
637 1157 26 20 de
679 1158 12 20 &
707 1158 135 27 gymnasium

98 1191 67 21 redan
180 1191 113 29 befintliga
308 1191 102 22 eleverne
425 1191 76 28 skulle,
517 1192 71 21 säsom
604 1191 64 27 förut,
685 1191 111 22 derstädes
812 1192 31 21 af-

98 1226 57 21 sluta
170 1226 33 21 sin
218 1226 59 21 kurs.

166 1260 144 29 Vieepastorn
333 1267 40 14 von
397 1259 69 22 Essen
489 1260 40 21 och
549 1260 53 21 flere
622 1259 67 22 andra
708 1260 107 21 instämde
836 1259 7 21 i

97 1298 88 24 prosten
204 1295 126 28 Grönbergs
344 1295 104 28 yrkande,
463 1296 31 20 att
504 1294 142 21 medständen
661 1293 66 22 borde
743 1294 100 27 inbjudas

98 1330 31 19 att
144 1329 7 20 i
166 1329 122 27 petitionen
303 1331 51 25 taga
369 1329 42 21 del.

165 1362 32 21 Pä
216 1362 24 21 af
256 1362 51 21 herr
327 1363 139 20 talemannen
486 1362 52 21 härä
562 1362 121 21 framställd
708 1362 135 27 proposition

97 1396 115 28 godkände
227 1396 87 21 ständet
328 1396 105 28 enhälligt
448 1395 117 22 utskottets
581 1395 144 28 betänkande,
737 1397 54 20 samt
806 1395 37 22 be-

97 1431 43 22 slöt
155 1433 32 20 att
202 1431 90 29 inbjuda
306 1431 125 30 respektive
446 1431 141 22 medständen
603 1431 33 21 till
650 1430 128 29 deltagande
788 1430 7 21 i
806 1437 37 22 pe-
