992 1714
753 127 40 27 289

74 196 112 30 angäende
206 195 287 32 kommunalförvaltningen
513 199 29 29 pä
561 197 81 29 landet,
657 200 88 20 stannat
759 199 8 21 i
781 199 41 21 föl-

70 232 68 28 jande
153 232 82 22 beslut:
250 234 32 20 att
296 234 12 26 $
320 233 11 21 9
342 233 66 21 borde
420 233 83 21 erhålla
513 233 78 21 sådant
601 234 82 27 tillägg,
695 240 45 14 som
751 233 71 22 landt-

73 266 149 28 dagsmannen
237 267 74 21 Klami
326 267 7 21 i
349 268 33 20 sin
397 267 148 21 betänkandet
559 268 115 27 vidfogade
686 268 136 21 reservation

73 300 123 28 föreslagit;
220 303 31 19 att
274 301 33 21 till
328 301 61 21 10:de
409 302 30 27 $:s
460 302 53 20 1:sta
534 304 96 18 moment
650 302 95 28 antagits
763 302 60 21 förra

74 334 148 28 alternativet,
245 336 33 21 till
300 335 48 22 dess
371 336 43 21 5:te
436 338 97 19 moment
559 336 91 21 sednare
673 336 149 28 alternativet,

74 370 40 21 och
134 370 34 21 till
190 370 25 21 13
232 371 12 27 &
262 370 106 22 likaledes
390 370 92 22 sednare
505 371 148 27 alternativet;
672 372 32 20 att
719 371 33 21 till
769 372 26 21 14
810 372 12 28 8

73 404 70 22 skulle
163 404 62 29 fogas
245 405 37 21 det
302 405 130 29 stadgande,
453 407 32 20 att
499 405 138 29 kyrkoherde
653 406 55 28 egde
723 406 48 21 frän
787 406 34 21 sin

72 440 37 20 lön
130 439 65 29 gälda
212 440 84 21 hälften
314 440 25 21 af
352 440 41 21 den
410 440 105 28 aflöning,
531 447 46 15 som
593 440 129 22 ordförande
738 441 7 20 i
761 441 61 21 kom-

74 475 166 21 munalstämma
260 474 72 22 kunde
348 475 151 27 tillerkännas,
515 475 47 21 ifall
577 474 133 23 kommunen
725 475 33 21 till
774 475 49 21 ord-

73 509 91 21 förande
184 510 77 28 utsäge
281 516 72 15 annan
373 516 87 22 person,
476 510 41 21 och
534 510 49 21 hela
602 510 131 28 aflöningen,
750 510 73 21 derest

73 544 148 28 kyrkoherde,
242 544 52 22 vald
312 544 34 22 till
366 544 140 28 ordförande,
526 544 94 29 vägrade
635 546 32 20 att
682 544 140 23 ordförande-

73 579 85 28 sysslan
176 581 110 27 emottaga
304 581 56 20 samt
375 579 72 22 denna
462 579 86 21 derföre
563 579 22 22 åt
600 586 72 15 annan
688 579 134 29 uppdroges;

74 616 31 19 att
122 615 25 20 15
163 615 11 27 $
190 614 95 28 antagits
300 613 50 22 med
365 613 37 22 det
417 614 84 29 tillägg,
516 615 32 20 att
563 621 35 14 om
616 613 207 22 kommunalnämnd

74 650 58 20 ännu
148 650 20 27 ej
184 649 72 22 blifvit
275 649 73 22 bildad
369 649 39 21 och
428 649 60 22 säväl
503 648 146 23 ordföranden
664 656 46 14 som
725 649 97 22 viceord-

73 684 107 21 föranden
200 683 70 29 afsagt
290 684 34 29 sig
339 683 131 30 uppdraget,
486 683 55 29 egde
557 685 106 20 stämman
678 683 34 22 för
727 683 96 22 tillfället

73 721 49 20 utse
138 719 138 27 ordförande;
291 720 32 21 att
338 719 31 21 uti
386 719 25 21 17
427 720 11 27 $
454 719 65 22 borde
534 719 90 27 införas,
639 719 8 21 i
662 719 53 21 1:sta
726 725 97 15 momen-

74 755 32 20 tet
122 754 55 21 efter
193 754 66 21 orden
276 754 37 27 ,af
325 753 207 22 viceordföranden*
549 753 97 29 följande
660 753 85 29 tillägg:
757 753 66 28 ,eller

74 789 6 20 i
96 788 104 22 händelse
220 788 130 22 ordförande
371 789 53 20 eller
443 788 180 22 viceordförande
642 788 48 21 icke
705 789 80 26 finnes,
801 788 24 21 af

75 823 165 28 kyrkoherden"
257 823 41 22 och
313 823 7 21 i
336 824 53 21 sista
404 825 119 20 momentet
538 823 56 22 efter
605 823 61 22 ordet
676 823 147 27 ,kallelsetid*

73 858 97 29 följande
194 857 98 29 mening:
317 865 59 20 ,som
398 858 67 21 likväl
487 858 48 21 icke
556 858 7 21 i
582 858 71 28 nägon
669 857 103 22 händelse
787 858 36 21 mä

74 893 127 28 understiga
214 893 46 21 åtta
274 893 87 28 dagar";
378 894 31 20 att
424 893 7 21 i
447 893 11 28 $
475 894 26 20 18
517 893 134 21 terminerna
666 892 33 21 för
715 892 108 22 ordinarie

75 928 261 21 kommunalstämmorna
350 928 124 21 bestämdes
489 929 7 20 i
512 927 98 28 enlighet
624 927 50 22 med
687 927 57 22 hvad
753 927 70 22 landt-

75 963 148 28 dagsmannen
246 962 102 29 Hagman
368 963 7 21 i
396 963 33 21 sin
449 962 134 22 reservation
604 962 121 29 föreslagit;
742 964 32 19 att
788 962 7 21 i
811 962 12 28 $

75 998 27 21 25
122 997 75 28 borde,
216 998 28 28 pä
262 999 43 20 sätt
320 997 78 22 doktor
414 997 100 22 Granfelt
528 997 7 22 i
551 997 34 21 sin
600 997 135 22 reservation
749 997 74 29 yrkat,

75 1032 97 29 stadgas,
189 1034 31 19 att
240 1032 129 22 ordförande
388 1039 52 15 vore
460 1032 85 29 skyldig
563 1032 38 21 vid
619 1032 45 21 vite
685 1039 91 14 ansvara
790 1032 34 22 för

75 1067 143 29 protokollets
238 1067 106 28 riktighet
364 1069 56 19 samt
438 1067 50 21 dess
504 1066 111 29 justering
630 1066 39 21 och
685 1066 138 22 utlemnande

75 1102 56 20 efter
150 1102 108 21 ästundan
276 1102 35 20 till
329 1103 111 26 parterne;
456 1103 32 19 att
503 1102 34 20 till
551 1102 12 26 $
579 1101 27 21 26
622 1101 95 28 antagits
733 1100 91 22 sednare

76 1136 150 27 alternativet,
246 1136 8 21 i
274 1136 55 28 följd
349 1136 77 21 hvaraf
444 1136 37 21 det
500 1136 34 21 till
554 1136 11 27 8
585 1135 26 21 27
627 1134 126 22 alternativt
767 1135 58 21 före-

76 1170 76 28 slagna
168 1170 100 28 tillägget
283 1170 87 21 komme
385 1172 33 19 att
432 1170 62 28 utgå,
510 1170 39 21 och
566 1169 35 21 till
616 1170 11 27 $
643 1170 27 20 28
685 1169 60 21 förra
760 1169 65 21 alter-

76 1205 92 27 nativet;
184 1206 32 19 att
230 1204 8 21 i
253 1205 11 27 $
280 1205 27 21 30
322 1204 70 21 skulle
412 1204 61 21 ordet
489 1203 111 27 ,hälften*
615 1203 87 28 utbytas
717 1204 59 20 emot
791 1210 33 14 or-

77 1239 36 21 det
134 1239 173 28 ,tredjedelen*;
328 1240 32 20 att
378 1240 12 26 $
406 1240 26 20 37
447 1238 126 29 godkändes
585 1238 70 28 jemte
671 1238 36 21 det
722 1238 102 28 förslags-

76 1274 34 21 vis
129 1273 87 22 införda
236 1274 101 28 tillägget
355 1280 35 15 om
409 1273 97 29 spräket;
522 1274 32 20 att
569 1273 48 21 frän
633 1273 11 27 $
660 1272 27 22 39
703 1272 70 22 skulle
789 1272 37 21 det

76 1308 8 21 i
104 1310 120 20 momentet
244 1308 19 21 d.
284 1308 111 22 derstädes
416 1308 125 22 alternativt
563 1306 178 23 förekommande
764 1306 62 22 ordet

78 1344 131 25 nguvernör*
231 1344 55 18 samt
308 1343 48 20 från
376 1343 12 26 &
408 1343 25 19 51
456 1342 91 20 sednare
570 1343 121 18 momentet
713 1341 112 27 angående

77 1376 117 28 resebetyg
203 1375 116 29 uteslutas;
334 1377 31 20 att
376 1376 26 20 de
412 1376 8 20 i
431 1376 55 28 53:je
498 1376 11 26 $
520 1375 124 27 föreslagna
654 1374 171 28 bötesbeloppen

78 1410 132 22 fastställdes
229 1410 34 21 till
283 1411 13 20 2
314 1410 40 22 och
369 1411 14 19 4
398 1410 72 28 mark;
485 1411 32 20 att
532 1409 34 21 till
581 1408 62 22 54:de
659 1409 12 27 $
686 1408 92 28 gillades
793 1410 34 19 ut-

79 1444 93 23 skottets
193 1444 91 23 sednare
303 1444 125 28 alternativ;
449 1446 32 20 att
502 1444 6 28 $
523 1444 27 21 58
566 1444 67 22 borde
649 1444 84 21 erhålla
747 1444 32 20 ett
794 1443 33 21 sä-

125 1486 51 23 Högl.
189 1486 53 19 Ridd.
255 1487 30 17 och
296 1486 64 18 Adelns
372 1485 68 18 Protok.
737 1485 22 18 19
