<?xml version="1.0" encoding="UTF-8"?>
<alto xmlns="http://www.loc.gov/standards/alto/ns-v3#" xmlns:xlink="http://www.w3.org/1999/xlink" xmlns:xsi="http://www.w3.org/2001/XMLSchema-instance" xsi:schemaLocation="http://www.loc.gov/standards/alto/ns-v3# http://www.loc.gov/alto/v3/alto-3-0.xsd">
	<Description>
		<MeasurementUnit>pixel</MeasurementUnit>
		<sourceImageInformation>
			<fileName>/tmp/tess_exnj2w7r_input.PNG</fileName>
		</sourceImageInformation>
		<OCRProcessing ID="OCR_0">
			<ocrProcessingStep>
				<processingSoftware>
					<softwareName>tesseract 5.3.4</softwareName>
				</processingSoftware>
			</ocrProcessingStep>
		</OCRProcessing>
	</Description>
	<Layout>
		<Page WIDTH="1000" HEIGHT="1700" PHYSICAL_IMG_NR="0" ID="page_0">
			<PrintSpace HPOS="0" VPOS="0" WIDTH="1000" HEIGHT="1700">
				<ComposedBlock ID="cblock_0" HPOS="777" VPOS="132" WIDTH="41" HEIGHT="22">
					<TextBlock ID="block_0" HPOS="777" VPOS="132" WIDTH="41" HEIGHT="22">
						<TextLine ID="line_0" HPOS="777" VPOS="132" WIDTH="41" HEIGHT="22">
							<String ID="string_0" HPOS="777" VPOS="132" WIDTH="41" HEIGHT="22" WC="0.96" CONTENT="603"/>
						</TextLine>
					</TextBlock>
				</ComposedBlock>
				<ComposedBlock ID="cblock_1" HPOS="93" VPOS="195" WIDTH="756" HEIGHT="1270">
					<TextBlock ID="block_1" HPOS="93" VPOS="195" WIDTH="756" HEIGHT="618">
						<TextLine ID="line_1" HPOS="96" VPOS="195" WIDTH="753" HEIGHT="27">
							<String ID="string_1" HPOS="96" VPOS="195" WIDTH="90" HEIGHT="22" WC="0.95" CONTENT="uteslöts"/><SP WIDTH="24" VPOS="195" HPOS="186"/>
							<String ID="string_2" HPOS="210" VPOS="202" WIDTH="24" HEIGHT="14" WC="0.92" CONTENT="ur"/><SP WIDTH="23" VPOS="202" HPOS="234"/>
							<String ID="string_3" HPOS="257" VPOS="199" WIDTH="74" HEIGHT="23" WC="0.88" CONTENT="möm.,"/><SP WIDTH="22" VPOS="199" HPOS="331"/>
							<String ID="string_4" HPOS="353" VPOS="202" WIDTH="49" HEIGHT="15" WC="0.96" CONTENT="men"/><SP WIDTH="24" VPOS="202" HPOS="402"/>
							<String ID="string_5" HPOS="426" VPOS="197" WIDTH="31" HEIGHT="20" WC="0.96" CONTENT="att"/><SP WIDTH="23" VPOS="197" HPOS="457"/>
							<String ID="string_6" HPOS="480" VPOS="196" WIDTH="41" HEIGHT="21" WC="0.93" CONTENT="den"/><SP WIDTH="21" VPOS="196" HPOS="521"/>
							<String ID="string_7" HPOS="542" VPOS="197" WIDTH="139" HEIGHT="21" WC="0.96" CONTENT="återstående"/><SP WIDTH="21" VPOS="197" HPOS="681"/>
							<String ID="string_8" HPOS="702" VPOS="198" WIDTH="63" HEIGHT="21" WC="0.93" CONTENT="delen"/><SP WIDTH="21" VPOS="198" HPOS="765"/>
							<String ID="string_9" HPOS="786" VPOS="198" WIDTH="63" HEIGHT="22" WC="0.96" CONTENT="deraf"/>
						</TextLine>
						<TextLine ID="line_2" HPOS="96" VPOS="230" WIDTH="751" HEIGHT="28">
							<String ID="string_10" HPOS="96" VPOS="230" WIDTH="66" HEIGHT="21" WC="0.93" CONTENT="borde"/><SP WIDTH="20" VPOS="230" HPOS="162"/>
							<String ID="string_11" HPOS="182" VPOS="230" WIDTH="145" HEIGHT="28" WC="0.89" CONTENT="omredigeras"/><SP WIDTH="19" VPOS="230" HPOS="327"/>
							<String ID="string_12" HPOS="346" VPOS="230" WIDTH="8" HEIGHT="20" WC="0.93" CONTENT="i"/><SP WIDTH="16" VPOS="230" HPOS="354"/>
							<String ID="string_13" HPOS="370" VPOS="231" WIDTH="226" HEIGHT="22" WC="0.91" CONTENT="öfverensstämmelse"/><SP WIDTH="20" VPOS="231" HPOS="596"/>
							<String ID="string_14" HPOS="616" VPOS="232" WIDTH="49" HEIGHT="21" WC="0.96" CONTENT="med"/><SP WIDTH="22" VPOS="232" HPOS="665"/>
							<String ID="string_15" HPOS="687" VPOS="232" WIDTH="26" HEIGHT="22" WC="0.96" CONTENT="de"/><SP WIDTH="16" VPOS="232" HPOS="713"/>
							<String ID="string_16" HPOS="729" VPOS="233" WIDTH="6" HEIGHT="20" WC="0.96" CONTENT="i"/><SP WIDTH="17" VPOS="233" HPOS="735"/>
							<String ID="string_17" HPOS="752" VPOS="240" WIDTH="63" HEIGHT="14" WC="0.93" CONTENT="mom."/><SP WIDTH="19" VPOS="240" HPOS="815"/>
							<String ID="string_18" HPOS="834" VPOS="233" WIDTH="13" HEIGHT="20" WC="0.92" CONTENT="d"/>
						</TextLine>
						<TextLine ID="line_3" HPOS="95" VPOS="264" WIDTH="751" HEIGHT="30">
							<String ID="string_19" HPOS="95" VPOS="264" WIDTH="78" HEIGHT="28" WC="0.93" CONTENT="gjorda"/><SP WIDTH="15" VPOS="264" HPOS="173"/>
							<String ID="string_20" HPOS="188" VPOS="264" WIDTH="129" HEIGHT="29" WC="0.96" CONTENT="ändringar;"/><SP WIDTH="16" VPOS="264" HPOS="317"/>
							<String ID="string_21" HPOS="333" VPOS="266" WIDTH="32" HEIGHT="19" WC="0.96" CONTENT="att"/><SP WIDTH="18" VPOS="266" HPOS="365"/>
							<String ID="string_22" HPOS="383" VPOS="271" WIDTH="64" HEIGHT="15" WC="0.93" CONTENT="mom."/><SP WIDTH="21" VPOS="271" HPOS="447"/>
							<String ID="string_23" HPOS="468" VPOS="266" WIDTH="113" HEIGHT="27" WC="0.92" CONTENT="angäende"/><SP WIDTH="19" VPOS="266" HPOS="581"/>
							<String ID="string_24" HPOS="600" VPOS="266" WIDTH="126" HEIGHT="28" WC="0.96" CONTENT="skyldighet"/><SP WIDTH="15" VPOS="266" HPOS="726"/>
							<String ID="string_25" HPOS="741" VPOS="267" WIDTH="33" HEIGHT="20" WC="0.96" CONTENT="för"/><SP WIDTH="16" VPOS="267" HPOS="774"/>
							<String ID="string_26" HPOS="790" VPOS="267" WIDTH="56" HEIGHT="27" WC="0.96" CONTENT="dem,"/>
						</TextLine>
						<TextLine ID="line_4" HPOS="95" VPOS="298" WIDTH="751" HEIGHT="30">
							<String ID="string_27" HPOS="95" VPOS="299" WIDTH="44" HEIGHT="20" WC="0.89" CONTENT="som"/><SP WIDTH="11" VPOS="299" HPOS="139"/>
							<String ID="string_28" HPOS="150" VPOS="298" WIDTH="70" HEIGHT="21" WC="0.80" CONTENT="&quot;inom"/><SP WIDTH="19" VPOS="298" HPOS="220"/>
							<String ID="string_29" HPOS="239" VPOS="305" WIDTH="27" HEIGHT="14" WC="0.96" CONTENT="en"/><SP WIDTH="19" VPOS="305" HPOS="266"/>
							<String ID="string_30" HPOS="285" VPOS="298" WIDTH="47" HEIGHT="21" WC="0.96" CONTENT="half"/><SP WIDTH="18" VPOS="298" HPOS="332"/>
							<String ID="string_31" HPOS="350" VPOS="298" WIDTH="37" HEIGHT="21" WC="0.92" CONTENT="mil"/><SP WIDTH="19" VPOS="298" HPOS="387"/>
							<String ID="string_32" HPOS="406" VPOS="298" WIDTH="48" HEIGHT="22" WC="0.96" CONTENT="från"/><SP WIDTH="19" VPOS="298" HPOS="454"/>
							<String ID="string_33" HPOS="473" VPOS="299" WIDTH="48" HEIGHT="21" WC="0.92" CONTENT="stad"/><SP WIDTH="22" VPOS="299" HPOS="521"/>
							<String ID="string_34" HPOS="543" VPOS="300" WIDTH="52" HEIGHT="20" WC="0.96" CONTENT="idka"/><SP WIDTH="21" VPOS="300" HPOS="595"/>
							<String ID="string_35" HPOS="616" VPOS="300" WIDTH="79" HEIGHT="21" WC="0.96" CONTENT="handel"/><SP WIDTH="19" VPOS="300" HPOS="695"/>
							<String ID="string_36" HPOS="714" VPOS="308" WIDTH="28" HEIGHT="13" WC="0.93" CONTENT="m."/><SP WIDTH="21" VPOS="308" HPOS="742"/>
							<String ID="string_37" HPOS="763" VPOS="308" WIDTH="35" HEIGHT="20" WC="0.71" CONTENT="m.,"/><SP WIDTH="17" VPOS="308" HPOS="798"/>
							<String ID="string_38" HPOS="815" VPOS="303" WIDTH="31" HEIGHT="19" WC="0.96" CONTENT="att"/>
						</TextLine>
						<TextLine ID="line_5" HPOS="96" VPOS="332" WIDTH="748" HEIGHT="30">
							<String ID="string_39" HPOS="96" VPOS="332" WIDTH="92" HEIGHT="22" WC="0.91" CONTENT="utverka"/><SP WIDTH="19" VPOS="332" HPOS="188"/>
							<String ID="string_40" HPOS="207" VPOS="333" WIDTH="32" HEIGHT="27" WC="0.93" CONTENT="sig"/><SP WIDTH="19" VPOS="333" HPOS="239"/>
							<String ID="string_41" HPOS="258" VPOS="332" WIDTH="94" HEIGHT="29" WC="0.92" CONTENT="burskap"/><SP WIDTH="26" VPOS="332" HPOS="352"/>
							<String ID="string_42" HPOS="378" VPOS="333" WIDTH="6" HEIGHT="20" WC="0.96" CONTENT="i"/><SP WIDTH="23" VPOS="333" HPOS="384"/>
							<String ID="string_43" HPOS="407" VPOS="340" WIDTH="81" HEIGHT="14" WC="0.96" CONTENT="samma"/><SP WIDTH="19" VPOS="340" HPOS="488"/>
							<String ID="string_44" HPOS="507" VPOS="334" WIDTH="47" HEIGHT="21" WC="0.92" CONTENT="stad"/><SP WIDTH="18" VPOS="334" HPOS="554"/>
							<String ID="string_45" HPOS="572" VPOS="334" WIDTH="48" HEIGHT="22" WC="0.92" CONTENT="icke"/><SP WIDTH="20" VPOS="334" HPOS="620"/>
							<String ID="string_46" HPOS="640" VPOS="334" WIDTH="136" HEIGHT="28" WC="0.91" CONTENT="godkändes,"/><SP WIDTH="17" VPOS="334" HPOS="776"/>
							<String ID="string_47" HPOS="793" VPOS="337" WIDTH="51" HEIGHT="20" WC="0.96" CONTENT="utan"/>
						</TextLine>
						<TextLine ID="line_6" HPOS="95" VPOS="366" WIDTH="750" HEIGHT="30">
							<String ID="string_48" HPOS="95" VPOS="366" WIDTH="67" HEIGHT="22" WC="0.96" CONTENT="borde"/><SP WIDTH="16" VPOS="366" HPOS="162"/>
							<String ID="string_49" HPOS="178" VPOS="367" WIDTH="59" HEIGHT="21" WC="0.95" CONTENT="detta"/><SP WIDTH="16" VPOS="367" HPOS="237"/>
							<String ID="string_50" HPOS="253" VPOS="369" WIDTH="96" HEIGHT="19" WC="0.93" CONTENT="moment"/><SP WIDTH="15" VPOS="369" HPOS="349"/>
							<String ID="string_51" HPOS="364" VPOS="368" WIDTH="84" HEIGHT="21" WC="0.92" CONTENT="erhälla"/><SP WIDTH="13" VPOS="368" HPOS="448"/>
							<String ID="string_52" HPOS="461" VPOS="368" WIDTH="95" HEIGHT="28" WC="0.93" CONTENT="följande"/><SP WIDTH="12" VPOS="368" HPOS="556"/>
							<String ID="string_53" HPOS="568" VPOS="368" WIDTH="92" HEIGHT="28" WC="0.93" CONTENT="lydelse:"/><SP WIDTH="12" VPOS="368" HPOS="660"/>
							<String ID="string_54" HPOS="672" VPOS="371" WIDTH="43" HEIGHT="25" WC="0.90" CONTENT=",att"/><SP WIDTH="11" VPOS="371" HPOS="715"/>
							<String ID="string_55" HPOS="726" VPOS="369" WIDTH="119" HEIGHT="22" WC="0.92" CONTENT="tillsvidare"/>
						</TextLine>
						<TextLine ID="line_7" HPOS="96" VPOS="402" WIDTH="750" HEIGHT="29">
							<String ID="string_56" HPOS="96" VPOS="402" WIDTH="89" HEIGHT="26" WC="0.92" CONTENT="enhvar,"/><SP WIDTH="15" VPOS="402" HPOS="185"/>
							<String ID="string_57" HPOS="200" VPOS="408" WIDTH="44" HEIGHT="15" WC="0.96" CONTENT="som"/><SP WIDTH="20" VPOS="408" HPOS="244"/>
							<String ID="string_58" HPOS="264" VPOS="402" WIDTH="6" HEIGHT="20" WC="0.96" CONTENT="i"/><SP WIDTH="17" VPOS="402" HPOS="270"/>
							<String ID="string_59" HPOS="287" VPOS="402" WIDTH="48" HEIGHT="21" WC="0.96" CONTENT="stad"/><SP WIDTH="15" VPOS="402" HPOS="335"/>
							<String ID="string_60" HPOS="350" VPOS="402" WIDTH="54" HEIGHT="20" WC="0.96" CONTENT="eller"/><SP WIDTH="18" VPOS="402" HPOS="404"/>
							<String ID="string_61" HPOS="422" VPOS="403" WIDTH="28" HEIGHT="28" WC="0.96" CONTENT="pä"/><SP WIDTH="15" VPOS="403" HPOS="450"/>
							<String ID="string_62" HPOS="465" VPOS="403" WIDTH="76" HEIGHT="21" WC="0.93" CONTENT="staden"/><SP WIDTH="16" VPOS="403" HPOS="541"/>
							<String ID="string_63" HPOS="557" VPOS="403" WIDTH="164" HEIGHT="28" WC="0.92" CONTENT="underlydande"/><SP WIDTH="16" VPOS="403" HPOS="721"/>
							<String ID="string_64" HPOS="737" VPOS="404" WIDTH="61" HEIGHT="21" WC="0.93" CONTENT="mark"/><SP WIDTH="16" VPOS="404" HPOS="798"/>
							<String ID="string_65" HPOS="814" VPOS="404" WIDTH="32" HEIGHT="21" WC="0.91" CONTENT="id-"/>
						</TextLine>
						<TextLine ID="line_8" HPOS="93" VPOS="436" WIDTH="755" HEIGHT="35">
							<String ID="string_66" HPOS="93" VPOS="436" WIDTH="39" HEIGHT="21" WC="0.96" CONTENT="kar"/><SP WIDTH="20" VPOS="436" HPOS="132"/>
							<String ID="string_67" HPOS="152" VPOS="436" WIDTH="79" HEIGHT="21" WC="0.95" CONTENT="handel"/><SP WIDTH="20" VPOS="436" HPOS="231"/>
							<String ID="string_68" HPOS="251" VPOS="437" WIDTH="54" HEIGHT="21" WC="0.93" CONTENT="eller"/><SP WIDTH="18" VPOS="437" HPOS="305"/>
							<String ID="string_69" HPOS="323" VPOS="436" WIDTH="121" HEIGHT="22" WC="0.92" CONTENT="handtverk"/><SP WIDTH="16" VPOS="436" HPOS="444"/>
							<String ID="string_70" HPOS="460" VPOS="439" WIDTH="40" HEIGHT="19" WC="0.93" CONTENT="ete."/><SP WIDTH="15" VPOS="439" HPOS="500"/>
							<String ID="string_71" HPOS="515" VPOS="449" WIDTH="27" HEIGHT="5" WC="0.92" CONTENT="—"/><SP WIDTH="16" VPOS="449" HPOS="542"/>
							<String ID="string_72" HPOS="558" VPOS="450" WIDTH="26" HEIGHT="3" WC="0.88" CONTENT="—"/><SP WIDTH="17" VPOS="450" HPOS="584"/>
							<String ID="string_73" HPOS="601" VPOS="451" WIDTH="27" HEIGHT="2" WC="0.88" CONTENT="—"/><SP WIDTH="16" VPOS="451" HPOS="628"/>
							<String ID="string_74" HPOS="644" VPOS="437" WIDTH="148" HEIGHT="30" WC="0.77" CONTENT="åligganden”;"/><SP WIDTH="16" VPOS="437" HPOS="792"/>
							<String ID="string_75" HPOS="808" VPOS="441" WIDTH="40" HEIGHT="30" WC="0.86" CONTENT="att,"/>
						</TextLine>
						<TextLine ID="line_9" HPOS="94" VPOS="470" WIDTH="743" HEIGHT="31">
							<String ID="string_76" HPOS="94" VPOS="471" WIDTH="135" HEIGHT="21" WC="0.93" CONTENT="beträffande"/><SP WIDTH="16" VPOS="471" HPOS="229"/>
							<String ID="string_77" HPOS="245" VPOS="470" WIDTH="346" HEIGHT="29" WC="0.88" CONTENT="sjelfförsörjningsinstitutionen"/><SP WIDTH="16" VPOS="470" HPOS="591"/>
							<String ID="string_78" HPOS="607" VPOS="477" WIDTH="78" HEIGHT="23" WC="0.92" CONTENT="antogs"/><SP WIDTH="11" VPOS="477" HPOS="685"/>
							<String ID="string_79" HPOS="696" VPOS="473" WIDTH="41" HEIGHT="20" WC="0.96" CONTENT="den"/><SP WIDTH="12" VPOS="473" HPOS="737"/>
							<String ID="string_80" HPOS="749" VPOS="473" WIDTH="88" HEIGHT="28" WC="0.96" CONTENT="mening"/>
						</TextLine>
						<TextLine ID="line_10" HPOS="95" VPOS="505" WIDTH="750" HEIGHT="30">
							<String ID="string_81" HPOS="95" VPOS="505" WIDTH="81" HEIGHT="21" WC="0.91" CONTENT="bonde-"/><SP WIDTH="23" VPOS="505" HPOS="176"/>
							<String ID="string_82" HPOS="199" VPOS="505" WIDTH="39" HEIGHT="21" WC="0.92" CONTENT="och"/><SP WIDTH="23" VPOS="505" HPOS="238"/>
							<String ID="string_83" HPOS="261" VPOS="505" WIDTH="172" HEIGHT="28" WC="0.92" CONTENT="prestaständets"/><SP WIDTH="23" VPOS="505" HPOS="433"/>
							<String ID="string_84" HPOS="456" VPOS="505" WIDTH="132" HEIGHT="30" WC="0.92" CONTENT="deputerade"/><SP WIDTH="20" VPOS="505" HPOS="588"/>
							<String ID="string_85" HPOS="608" VPOS="507" WIDTH="8" HEIGHT="20" WC="0.92" CONTENT="i"/><SP WIDTH="20" VPOS="507" HPOS="616"/>
							<String ID="string_86" HPOS="636" VPOS="507" WIDTH="108" HEIGHT="21" WC="0.91" CONTENT="utskottet"/><SP WIDTH="22" VPOS="507" HPOS="744"/>
							<String ID="string_87" HPOS="766" VPOS="509" WIDTH="79" HEIGHT="26" WC="0.90" CONTENT="yttrat;"/>
						</TextLine>
						<TextLine ID="line_11" HPOS="94" VPOS="539" WIDTH="752" HEIGHT="31">
							<String ID="string_88" HPOS="94" VPOS="541" WIDTH="33" HEIGHT="20" WC="0.96" CONTENT="att"/><SP WIDTH="15" VPOS="541" HPOS="127"/>
							<String ID="string_89" HPOS="142" VPOS="546" WIDTH="65" HEIGHT="15" WC="0.93" CONTENT="mom."/><SP WIDTH="15" VPOS="546" HPOS="207"/>
							<String ID="string_90" HPOS="222" VPOS="539" WIDTH="93" HEIGHT="22" WC="0.92" CONTENT="rörande"/><SP WIDTH="16" VPOS="539" HPOS="315"/>
							<String ID="string_91" HPOS="331" VPOS="539" WIDTH="124" HEIGHT="29" WC="0.96" CONTENT="skyldighet"/><SP WIDTH="15" VPOS="539" HPOS="455"/>
							<String ID="string_92" HPOS="470" VPOS="541" WIDTH="34" HEIGHT="20" WC="0.96" CONTENT="för"/><SP WIDTH="14" VPOS="541" HPOS="504"/>
							<String ID="string_93" HPOS="518" VPOS="540" WIDTH="56" HEIGHT="28" WC="0.96" CONTENT="dem,"/><SP WIDTH="16" VPOS="540" HPOS="574"/>
							<String ID="string_94" HPOS="590" VPOS="548" WIDTH="46" HEIGHT="14" WC="0.96" CONTENT="som"/><SP WIDTH="16" VPOS="548" HPOS="636"/>
							<String ID="string_95" HPOS="652" VPOS="541" WIDTH="54" HEIGHT="29" WC="0.93" CONTENT="vilja"/><SP WIDTH="15" VPOS="541" HPOS="706"/>
							<String ID="string_96" HPOS="721" VPOS="542" WIDTH="65" HEIGHT="21" WC="0.93" CONTENT="vinna"/><SP WIDTH="16" VPOS="542" HPOS="786"/>
							<String ID="string_97" HPOS="802" VPOS="543" WIDTH="44" HEIGHT="20" WC="0.96" CONTENT="rätt"/>
						</TextLine>
						<TextLine ID="line_12" HPOS="95" VPOS="573" WIDTH="750" HEIGHT="29">
							<String ID="string_98" HPOS="95" VPOS="574" WIDTH="33" HEIGHT="21" WC="0.93" CONTENT="till"/><SP WIDTH="16" VPOS="574" HPOS="128"/>
							<String ID="string_99" HPOS="144" VPOS="573" WIDTH="141" HEIGHT="22" WC="0.92" CONTENT="bedrifvande"/><SP WIDTH="15" VPOS="573" HPOS="285"/>
							<String ID="string_100" HPOS="300" VPOS="574" WIDTH="24" HEIGHT="22" WC="0.93" CONTENT="af"/><SP WIDTH="13" VPOS="574" HPOS="324"/>
							<String ID="string_101" HPOS="337" VPOS="574" WIDTH="187" HEIGHT="28" WC="0.91" CONTENT="handtverksyrke"/><SP WIDTH="16" VPOS="574" HPOS="524"/>
							<String ID="string_102" HPOS="540" VPOS="575" WIDTH="50" HEIGHT="21" WC="0.92" CONTENT="med"/><SP WIDTH="15" VPOS="575" HPOS="590"/>
							<String ID="string_103" HPOS="605" VPOS="575" WIDTH="102" HEIGHT="21" WC="0.92" CONTENT="verkstad"/><SP WIDTH="17" VPOS="575" HPOS="707"/>
							<String ID="string_104" HPOS="724" VPOS="576" WIDTH="39" HEIGHT="21" WC="0.93" CONTENT="och"/><SP WIDTH="17" VPOS="576" HPOS="763"/>
							<String ID="string_105" HPOS="780" VPOS="576" WIDTH="65" HEIGHT="22" WC="0.92" CONTENT="biträ-"/>
						</TextLine>
						<TextLine ID="line_13" HPOS="95" VPOS="608" WIDTH="751" HEIGHT="29">
							<String ID="string_106" HPOS="95" VPOS="608" WIDTH="71" HEIGHT="22" WC="0.96" CONTENT="dande"/><SP WIDTH="15" VPOS="608" HPOS="166"/>
							<String ID="string_107" HPOS="181" VPOS="608" WIDTH="107" HEIGHT="28" WC="0.96" CONTENT="arbetare,"/><SP WIDTH="17" VPOS="608" HPOS="288"/>
							<String ID="string_108" HPOS="305" VPOS="610" WIDTH="32" HEIGHT="20" WC="0.96" CONTENT="att"/><SP WIDTH="15" VPOS="610" HPOS="337"/>
							<String ID="string_109" HPOS="352" VPOS="608" WIDTH="77" HEIGHT="22" WC="0.96" CONTENT="utreda"/><SP WIDTH="15" VPOS="608" HPOS="429"/>
							<String ID="string_110" HPOS="444" VPOS="609" WIDTH="33" HEIGHT="21" WC="0.93" CONTENT="sin"/><SP WIDTH="15" VPOS="609" HPOS="477"/>
							<String ID="string_111" HPOS="492" VPOS="609" WIDTH="122" HEIGHT="28" WC="0.91" CONTENT="kunnighet"/><SP WIDTH="10" VPOS="609" HPOS="614"/>
							<String ID="string_112" HPOS="624" VPOS="609" WIDTH="6" HEIGHT="21" WC="0.91" CONTENT="i"/><SP WIDTH="11" VPOS="609" HPOS="630"/>
							<String ID="string_113" HPOS="641" VPOS="610" WIDTH="64" HEIGHT="27" WC="0.96" CONTENT="yrket"/><SP WIDTH="15" VPOS="610" HPOS="705"/>
							<String ID="string_114" HPOS="720" VPOS="610" WIDTH="66" HEIGHT="21" WC="0.96" CONTENT="borde"/><SP WIDTH="13" VPOS="610" HPOS="786"/>
							<String ID="string_115" HPOS="799" VPOS="610" WIDTH="47" HEIGHT="22" WC="0.96" CONTENT="helt"/>
						</TextLine>
						<TextLine ID="line_14" HPOS="94" VPOS="642" WIDTH="750" HEIGHT="30">
							<String ID="string_116" HPOS="94" VPOS="642" WIDTH="41" HEIGHT="22" WC="0.93" CONTENT="och"/><SP WIDTH="15" VPOS="642" HPOS="135"/>
							<String ID="string_117" HPOS="150" VPOS="642" WIDTH="68" HEIGHT="22" WC="0.96" CONTENT="hållet"/><SP WIDTH="15" VPOS="642" HPOS="218"/>
							<String ID="string_118" HPOS="233" VPOS="643" WIDTH="62" HEIGHT="27" WC="0.96" CONTENT="utgå;"/><SP WIDTH="15" VPOS="643" HPOS="295"/>
							<String ID="string_119" HPOS="310" VPOS="644" WIDTH="32" HEIGHT="20" WC="0.93" CONTENT="att"/><SP WIDTH="16" VPOS="644" HPOS="342"/>
							<String ID="string_120" HPOS="358" VPOS="643" WIDTH="118" HEIGHT="21" WC="0.96" CONTENT="utskottets"/><SP WIDTH="16" VPOS="643" HPOS="476"/>
							<String ID="string_121" HPOS="492" VPOS="643" WIDTH="161" HEIGHT="29" WC="0.92" CONTENT="framställning"/><SP WIDTH="10" VPOS="643" HPOS="653"/>
							<String ID="string_122" HPOS="663" VPOS="644" WIDTH="82" HEIGHT="27" WC="0.96" CONTENT="derom,"/><SP WIDTH="11" VPOS="644" HPOS="745"/>
							<String ID="string_123" HPOS="756" VPOS="646" WIDTH="32" HEIGHT="20" WC="0.93" CONTENT="att"/><SP WIDTH="13" VPOS="646" HPOS="788"/>
							<String ID="string_124" HPOS="801" VPOS="645" WIDTH="43" HEIGHT="21" WC="0.93" CONTENT="för-"/>
						</TextLine>
						<TextLine ID="line_15" HPOS="95" VPOS="677" WIDTH="750" HEIGHT="31">
							<String ID="string_125" HPOS="95" VPOS="677" WIDTH="47" HEIGHT="28" WC="0.96" CONTENT="slag"/><SP WIDTH="15" VPOS="677" HPOS="142"/>
							<String ID="string_126" HPOS="157" VPOS="677" WIDTH="34" HEIGHT="21" WC="0.95" CONTENT="till"/><SP WIDTH="16" VPOS="677" HPOS="191"/>
							<String ID="string_127" HPOS="207" VPOS="678" WIDTH="79" HEIGHT="20" WC="0.93" CONTENT="allmän"/><SP WIDTH="20" VPOS="678" HPOS="286"/>
							<String ID="string_128" HPOS="306" VPOS="678" WIDTH="127" HEIGHT="27" WC="0.92" CONTENT="näringslag"/><SP WIDTH="19" VPOS="678" HPOS="433"/>
							<String ID="string_129" HPOS="452" VPOS="678" WIDTH="67" HEIGHT="21" WC="0.91" CONTENT="mätte"/><SP WIDTH="15" VPOS="678" HPOS="519"/>
							<String ID="string_130" HPOS="534" VPOS="678" WIDTH="13" HEIGHT="21" WC="0.91" CONTENT="&amp;"/><SP WIDTH="15" VPOS="678" HPOS="547"/>
							<String ID="string_131" HPOS="562" VPOS="679" WIDTH="62" HEIGHT="19" WC="0.93" CONTENT="nästa"/><SP WIDTH="13" VPOS="679" HPOS="624"/>
							<String ID="string_132" HPOS="637" VPOS="677" WIDTH="104" HEIGHT="29" WC="0.92" CONTENT="landtdag"/><SP WIDTH="10" VPOS="677" HPOS="741"/>
							<String ID="string_133" HPOS="751" VPOS="679" WIDTH="94" HEIGHT="29" WC="0.92" CONTENT="föreläg-"/>
						</TextLine>
						<TextLine ID="line_16" HPOS="94" VPOS="711" WIDTH="751" HEIGHT="29">
							<String ID="string_134" HPOS="94" VPOS="718" WIDTH="39" HEIGHT="22" WC="0.93" CONTENT="gas"/><SP WIDTH="20" VPOS="718" HPOS="133"/>
							<String ID="string_135" HPOS="153" VPOS="711" WIDTH="125" HEIGHT="27" WC="0.92" CONTENT="ständerne,"/><SP WIDTH="20" VPOS="711" HPOS="278"/>
							<String ID="string_136" HPOS="298" VPOS="712" WIDTH="138" HEIGHT="21" WC="0.92" CONTENT="förkastades"/><SP WIDTH="16" VPOS="712" HPOS="436"/>
							<String ID="string_137" HPOS="452" VPOS="713" WIDTH="39" HEIGHT="21" WC="0.96" CONTENT="och"/><SP WIDTH="15" VPOS="713" HPOS="491"/>
							<String ID="string_138" HPOS="506" VPOS="713" WIDTH="8" HEIGHT="20" WC="0.93" CONTENT="i"/><SP WIDTH="16" VPOS="713" HPOS="514"/>
							<String ID="string_139" HPOS="530" VPOS="712" WIDTH="74" HEIGHT="21" WC="0.91" CONTENT="stället"/><SP WIDTH="15" VPOS="712" HPOS="604"/>
							<String ID="string_140" HPOS="619" VPOS="714" WIDTH="78" HEIGHT="26" WC="0.92" CONTENT="antogs"/><SP WIDTH="16" VPOS="714" HPOS="697"/>
							<String ID="string_141" HPOS="713" VPOS="712" WIDTH="49" HEIGHT="22" WC="0.92" CONTENT="herr"/><SP WIDTH="17" VPOS="712" HPOS="762"/>
							<String ID="string_142" HPOS="779" VPOS="713" WIDTH="66" HEIGHT="22" WC="0.91" CONTENT="Scha-"/>
						</TextLine>
						<TextLine ID="line_17" HPOS="94" VPOS="746" WIDTH="750" HEIGHT="29">
							<String ID="string_143" HPOS="94" VPOS="746" WIDTH="95" HEIGHT="22" WC="0.63" CONTENT="telovitz&#39;"/><SP WIDTH="20" VPOS="746" HPOS="189"/>
							<String ID="string_144" HPOS="209" VPOS="746" WIDTH="7" HEIGHT="22" WC="0.96" CONTENT="i"/><SP WIDTH="20" VPOS="746" HPOS="216"/>
							<String ID="string_145" HPOS="236" VPOS="746" WIDTH="49" HEIGHT="21" WC="0.93" CONTENT="dess"/><SP WIDTH="21" VPOS="746" HPOS="285"/>
							<String ID="string_146" HPOS="306" VPOS="746" WIDTH="148" HEIGHT="22" WC="0.93" CONTENT="betänkandet"/><SP WIDTH="22" VPOS="746" HPOS="454"/>
							<String ID="string_147" HPOS="476" VPOS="746" WIDTH="116" HEIGHT="29" WC="0.92" CONTENT="vidfogade"/><SP WIDTH="20" VPOS="746" HPOS="592"/>
							<String ID="string_148" HPOS="612" VPOS="747" WIDTH="135" HEIGHT="21" WC="0.93" CONTENT="reservation"/><SP WIDTH="20" VPOS="747" HPOS="747"/>
							<String ID="string_149" HPOS="767" VPOS="748" WIDTH="77" HEIGHT="27" WC="0.96" CONTENT="gjorda"/>
						</TextLine>
						<TextLine ID="line_18" HPOS="93" VPOS="780" WIDTH="700" HEIGHT="33">
							<String ID="string_150" HPOS="93" VPOS="780" WIDTH="160" HEIGHT="33" WC="0.63" CONTENT="förslag,ysamt"/><SP WIDTH="15" VPOS="780" HPOS="253"/>
							<String ID="string_151" HPOS="268" VPOS="783" WIDTH="32" HEIGHT="19" WC="0.93" CONTENT="att"/><SP WIDTH="14" VPOS="783" HPOS="300"/>
							<String ID="string_152" HPOS="314" VPOS="780" WIDTH="147" HEIGHT="22" WC="0.96" CONTENT="betänkandet"/><SP WIDTH="15" VPOS="780" HPOS="461"/>
							<String ID="string_153" HPOS="476" VPOS="781" WIDTH="7" HEIGHT="21" WC="0.93" CONTENT="i"/><SP WIDTH="15" VPOS="781" HPOS="483"/>
							<String ID="string_154" HPOS="498" VPOS="780" WIDTH="69" HEIGHT="28" WC="0.96" CONTENT="öfriga"/><SP WIDTH="16" VPOS="780" HPOS="567"/>
							<String ID="string_155" HPOS="583" VPOS="780" WIDTH="60" HEIGHT="22" WC="0.93" CONTENT="delar"/><SP WIDTH="15" VPOS="780" HPOS="643"/>
							<String ID="string_156" HPOS="658" VPOS="781" WIDTH="135" HEIGHT="28" WC="0.95" CONTENT="godkändes;"/>
						</TextLine>
					</TextBlock>
					<TextBlock ID="block_2" HPOS="93" VPOS="815" WIDTH="752" HEIGHT="615">
						<TextLine ID="line_19" HPOS="162" VPOS="815" WIDTH="682" HEIGHT="28">
							<String ID="string_157" HPOS="162" VPOS="816" WIDTH="21" HEIGHT="26" WC="0.66" CONTENT="e)"/><SP WIDTH="19" VPOS="816" HPOS="183"/>
							<String ID="string_158" HPOS="202" VPOS="815" WIDTH="33" HEIGHT="22" WC="0.93" CONTENT="för"/><SP WIDTH="16" VPOS="815" HPOS="235"/>
							<String ID="string_159" HPOS="251" VPOS="815" WIDTH="133" HEIGHT="21" WC="0.96" CONTENT="sistnämnde"/><SP WIDTH="14" VPOS="815" HPOS="384"/>
							<String ID="string_160" HPOS="398" VPOS="815" WIDTH="42" HEIGHT="28" WC="0.96" CONTENT="dag"/><SP WIDTH="16" VPOS="815" HPOS="440"/>
							<String ID="string_161" HPOS="456" VPOS="816" WIDTH="49" HEIGHT="20" WC="0.93" CONTENT="med"/><SP WIDTH="15" VPOS="816" HPOS="505"/>
							<String ID="string_162" HPOS="520" VPOS="815" WIDTH="109" HEIGHT="27" WC="0.96" CONTENT="anmälan,"/><SP WIDTH="11" VPOS="815" HPOS="629"/>
							<String ID="string_163" HPOS="640" VPOS="817" WIDTH="33" HEIGHT="19" WC="0.93" CONTENT="att"/><SP WIDTH="14" VPOS="817" HPOS="673"/>
							<String ID="string_164" HPOS="687" VPOS="815" WIDTH="157" HEIGHT="23" WC="0.95" CONTENT="bondeståndet"/>
						</TextLine>
						<TextLine ID="line_20" HPOS="94" VPOS="849" WIDTH="751" HEIGHT="29">
							<String ID="string_165" HPOS="94" VPOS="850" WIDTH="36" HEIGHT="22" WC="0.93" CONTENT="vid"/><SP WIDTH="20" VPOS="850" HPOS="130"/>
							<String ID="string_166" HPOS="150" VPOS="850" WIDTH="156" HEIGHT="28" WC="0.91" CONTENT="föredragning"/><SP WIDTH="18" VPOS="850" HPOS="306"/>
							<String ID="string_167" HPOS="324" VPOS="849" WIDTH="24" HEIGHT="22" WC="0.93" CONTENT="af"/><SP WIDTH="12" VPOS="849" HPOS="348"/>
							<String ID="string_168" HPOS="360" VPOS="850" WIDTH="175" HEIGHT="22" WC="0.92" CONTENT="bankutskottets"/><SP WIDTH="16" VPOS="850" HPOS="535"/>
							<String ID="string_169" HPOS="551" VPOS="849" WIDTH="138" HEIGHT="22" WC="0.92" CONTENT="betänkande"/><SP WIDTH="16" VPOS="849" HPOS="689"/>
							<String ID="string_170" HPOS="705" VPOS="858" WIDTH="34" HEIGHT="14" WC="0.96" CONTENT="n:o"/><SP WIDTH="17" VPOS="858" HPOS="739"/>
							<String ID="string_171" HPOS="756" VPOS="851" WIDTH="13" HEIGHT="21" WC="0.95" CONTENT="2"/><SP WIDTH="15" VPOS="851" HPOS="769"/>
							<String ID="string_172" HPOS="784" VPOS="851" WIDTH="7" HEIGHT="21" WC="0.93" CONTENT="i"/><SP WIDTH="15" VPOS="851" HPOS="791"/>
							<String ID="string_173" HPOS="806" VPOS="858" WIDTH="39" HEIGHT="14" WC="0.92" CONTENT="an-"/>
						</TextLine>
						<TextLine ID="line_21" HPOS="94" VPOS="884" WIDTH="750" HEIGHT="29">
							<String ID="string_174" HPOS="94" VPOS="885" WIDTH="90" HEIGHT="27" WC="0.96" CONTENT="ledning"/><SP WIDTH="20" VPOS="885" HPOS="184"/>
							<String ID="string_175" HPOS="204" VPOS="884" WIDTH="24" HEIGHT="22" WC="0.93" CONTENT="af"/><SP WIDTH="13" VPOS="884" HPOS="228"/>
							<String ID="string_176" HPOS="241" VPOS="885" WIDTH="79" HEIGHT="28" WC="0.96" CONTENT="nådiga"/><SP WIDTH="16" VPOS="885" HPOS="320"/>
							<String ID="string_177" HPOS="336" VPOS="884" WIDTH="164" HEIGHT="29" WC="0.96" CONTENT="propositionen"/><SP WIDTH="16" VPOS="884" HPOS="500"/>
							<String ID="string_178" HPOS="516" VPOS="891" WIDTH="34" HEIGHT="15" WC="0.95" CONTENT="n:o"/><SP WIDTH="16" VPOS="891" HPOS="550"/>
							<String ID="string_179" HPOS="566" VPOS="885" WIDTH="28" HEIGHT="20" WC="0.96" CONTENT="45"/><SP WIDTH="14" VPOS="885" HPOS="594"/>
							<String ID="string_180" HPOS="608" VPOS="890" WIDTH="34" HEIGHT="15" WC="0.93" CONTENT="om"/><SP WIDTH="16" VPOS="890" HPOS="642"/>
							<String ID="string_181" HPOS="658" VPOS="886" WIDTH="76" HEIGHT="27" WC="0.96" CONTENT="nyttan"/><SP WIDTH="18" VPOS="886" HPOS="734"/>
							<String ID="string_182" HPOS="752" VPOS="885" WIDTH="39" HEIGHT="22" WC="0.93" CONTENT="och"/><SP WIDTH="16" VPOS="885" HPOS="791"/>
							<String ID="string_183" HPOS="807" VPOS="886" WIDTH="37" HEIGHT="21" WC="0.92" CONTENT="be-"/>
						</TextLine>
						<TextLine ID="line_22" HPOS="94" VPOS="918" WIDTH="750" HEIGHT="28">
							<String ID="string_184" HPOS="94" VPOS="919" WIDTH="75" HEIGHT="22" WC="0.92" CONTENT="hofvet"/><SP WIDTH="15" VPOS="919" HPOS="169"/>
							<String ID="string_185" HPOS="184" VPOS="919" WIDTH="24" HEIGHT="21" WC="0.96" CONTENT="af"/><SP WIDTH="13" VPOS="919" HPOS="208"/>
							<String ID="string_186" HPOS="221" VPOS="918" WIDTH="99" HEIGHT="22" WC="0.96" CONTENT="enskilda"/><SP WIDTH="15" VPOS="918" HPOS="320"/>
							<String ID="string_187" HPOS="335" VPOS="919" WIDTH="83" HEIGHT="21" WC="0.96" CONTENT="banker"/><SP WIDTH="16" VPOS="919" HPOS="418"/>
							<String ID="string_188" HPOS="434" VPOS="919" WIDTH="49" HEIGHT="21" WC="0.93" CONTENT="med"/><SP WIDTH="13" VPOS="919" HPOS="483"/>
							<String ID="string_189" HPOS="496" VPOS="918" WIDTH="228" HEIGHT="28" WC="0.92" CONTENT="sedelutgifningsrätt"/><SP WIDTH="13" VPOS="918" HPOS="724"/>
							<String ID="string_190" HPOS="737" VPOS="921" WIDTH="56" HEIGHT="20" WC="0.93" CONTENT="samt"/><SP WIDTH="13" VPOS="921" HPOS="793"/>
							<String ID="string_191" HPOS="806" VPOS="927" WIDTH="38" HEIGHT="14" WC="0.92" CONTENT="an-"/>
						</TextLine>
						<TextLine ID="line_23" HPOS="94" VPOS="953" WIDTH="749" HEIGHT="30">
							<String ID="string_192" HPOS="94" VPOS="953" WIDTH="84" HEIGHT="30" WC="0.93" CONTENT="gående"/><SP WIDTH="15" VPOS="953" HPOS="178"/>
							<String ID="string_193" HPOS="193" VPOS="953" WIDTH="98" HEIGHT="21" WC="0.92" CONTENT="vilkoren"/><SP WIDTH="16" VPOS="953" HPOS="291"/>
							<String ID="string_194" HPOS="307" VPOS="953" WIDTH="36" HEIGHT="21" WC="0.93" CONTENT="för"/><SP WIDTH="15" VPOS="953" HPOS="343"/>
							<String ID="string_195" HPOS="358" VPOS="954" WIDTH="123" HEIGHT="21" WC="0.96" CONTENT="inrättande"/><SP WIDTH="16" VPOS="954" HPOS="481"/>
							<String ID="string_196" HPOS="497" VPOS="954" WIDTH="23" HEIGHT="20" WC="0.96" CONTENT="af"/><SP WIDTH="13" VPOS="954" HPOS="520"/>
							<String ID="string_197" HPOS="533" VPOS="953" WIDTH="99" HEIGHT="21" WC="0.96" CONTENT="enskilda"/><SP WIDTH="10" VPOS="953" HPOS="632"/>
							<String ID="string_198" HPOS="642" VPOS="953" WIDTH="84" HEIGHT="21" WC="0.96" CONTENT="banker"/><SP WIDTH="10" VPOS="953" HPOS="726"/>
							<String ID="string_199" HPOS="736" VPOS="954" WIDTH="7" HEIGHT="20" WC="0.93" CONTENT="i"/><SP WIDTH="11" VPOS="954" HPOS="743"/>
							<String ID="string_200" HPOS="754" VPOS="954" WIDTH="89" HEIGHT="22" WC="0.90" CONTENT="allmän-"/>
						</TextLine>
						<TextLine ID="line_24" HPOS="94" VPOS="987" WIDTH="750" HEIGHT="29">
							<String ID="string_201" HPOS="94" VPOS="989" WIDTH="38" HEIGHT="21" WC="0.92" CONTENT="het"/><SP WIDTH="22" VPOS="989" HPOS="132"/>
							<String ID="string_202" HPOS="154" VPOS="988" WIDTH="96" HEIGHT="28" WC="0.96" CONTENT="godkänt"/><SP WIDTH="26" VPOS="988" HPOS="250"/>
							<String ID="string_203" HPOS="276" VPOS="987" WIDTH="149" HEIGHT="22" WC="0.96" CONTENT="betänkandet"/><SP WIDTH="30" VPOS="987" HPOS="425"/>
							<String ID="string_204" HPOS="455" VPOS="988" WIDTH="49" HEIGHT="21" WC="0.96" CONTENT="med"/><SP WIDTH="30" VPOS="988" HPOS="504"/>
							<String ID="string_205" HPOS="534" VPOS="988" WIDTH="97" HEIGHT="28" WC="0.96" CONTENT="följande"/><SP WIDTH="28" VPOS="988" HPOS="631"/>
							<String ID="string_206" HPOS="659" VPOS="988" WIDTH="117" HEIGHT="28" WC="0.96" CONTENT="ändringar"/><SP WIDTH="28" VPOS="988" HPOS="776"/>
							<String ID="string_207" HPOS="804" VPOS="989" WIDTH="40" HEIGHT="21" WC="0.95" CONTENT="och"/>
						</TextLine>
						<TextLine ID="line_25" HPOS="93" VPOS="1022" WIDTH="750" HEIGHT="29">
							<String ID="string_208" HPOS="93" VPOS="1023" WIDTH="88" HEIGHT="27" WC="0.92" CONTENT="tillägg:"/><SP WIDTH="22" VPOS="1023" HPOS="181"/>
							<String ID="string_209" HPOS="203" VPOS="1024" WIDTH="32" HEIGHT="20" WC="0.96" CONTENT="att"/><SP WIDTH="15" VPOS="1024" HPOS="235"/>
							<String ID="string_210" HPOS="250" VPOS="1022" WIDTH="33" HEIGHT="21" WC="0.93" CONTENT="till"/><SP WIDTH="16" VPOS="1022" HPOS="283"/>
							<String ID="string_211" HPOS="299" VPOS="1022" WIDTH="11" HEIGHT="28" WC="0.92" CONTENT="$"/><SP WIDTH="17" VPOS="1022" HPOS="310"/>
							<String ID="string_212" HPOS="327" VPOS="1023" WIDTH="9" HEIGHT="20" WC="0.96" CONTENT="1"/><SP WIDTH="18" VPOS="1023" HPOS="336"/>
							<String ID="string_213" HPOS="354" VPOS="1022" WIDTH="66" HEIGHT="22" WC="0.96" CONTENT="borde"/><SP WIDTH="16" VPOS="1022" HPOS="420"/>
							<String ID="string_214" HPOS="436" VPOS="1022" WIDTH="62" HEIGHT="28" WC="0.96" CONTENT="fogas"/><SP WIDTH="15" VPOS="1022" HPOS="498"/>
							<String ID="string_215" HPOS="513" VPOS="1022" WIDTH="37" HEIGHT="22" WC="0.93" CONTENT="det"/><SP WIDTH="15" VPOS="1022" HPOS="550"/>
							<String ID="string_216" HPOS="565" VPOS="1022" WIDTH="130" HEIGHT="28" WC="0.92" CONTENT="stadgande,"/><SP WIDTH="16" VPOS="1022" HPOS="695"/>
							<String ID="string_217" HPOS="711" VPOS="1025" WIDTH="32" HEIGHT="19" WC="0.92" CONTENT="att"/><SP WIDTH="15" VPOS="1025" HPOS="743"/>
							<String ID="string_218" HPOS="758" VPOS="1022" WIDTH="85" HEIGHT="29" WC="0.92" CONTENT="delega-"/>
						</TextLine>
						<TextLine ID="line_26" HPOS="94" VPOS="1056" WIDTH="748" HEIGHT="29">
							<String ID="string_219" HPOS="94" VPOS="1064" WIDTH="52" HEIGHT="15" WC="0.91" CONTENT="rene"/><SP WIDTH="14" VPOS="1064" HPOS="146"/>
							<String ID="string_220" HPOS="160" VPOS="1057" WIDTH="8" HEIGHT="21" WC="0.93" CONTENT="i"/><SP WIDTH="16" VPOS="1057" HPOS="168"/>
							<String ID="string_221" HPOS="184" VPOS="1056" WIDTH="123" HEIGHT="28" WC="0.89" CONTENT="bankbolag"/><SP WIDTH="20" VPOS="1056" HPOS="307"/>
							<String ID="string_222" HPOS="327" VPOS="1056" WIDTH="111" HEIGHT="22" WC="0.91" CONTENT="äfvensom"/><SP WIDTH="21" VPOS="1056" HPOS="438"/>
							<String ID="string_223" HPOS="459" VPOS="1056" WIDTH="170" HEIGHT="22" WC="0.91" CONTENT="medlemmarne"/><SP WIDTH="19" VPOS="1056" HPOS="629"/>
							<String ID="string_224" HPOS="648" VPOS="1056" WIDTH="24" HEIGHT="22" WC="0.93" CONTENT="af"/><SP WIDTH="14" VPOS="1056" HPOS="672"/>
							<String ID="string_225" HPOS="686" VPOS="1057" WIDTH="98" HEIGHT="27" WC="0.92" CONTENT="bolagets"/><SP WIDTH="15" VPOS="1057" HPOS="784"/>
							<String ID="string_226" HPOS="799" VPOS="1059" WIDTH="43" HEIGHT="26" WC="0.93" CONTENT="sty-"/>
						</TextLine>
						<TextLine ID="line_27" HPOS="93" VPOS="1091" WIDTH="750" HEIGHT="28">
							<String ID="string_227" HPOS="93" VPOS="1092" WIDTH="57" HEIGHT="22" WC="0.92" CONTENT="relse"/><SP WIDTH="16" VPOS="1092" HPOS="150"/>
							<String ID="string_228" HPOS="166" VPOS="1091" WIDTH="66" HEIGHT="21" WC="0.96" CONTENT="borde"/><SP WIDTH="16" VPOS="1091" HPOS="232"/>
							<String ID="string_229" HPOS="248" VPOS="1092" WIDTH="31" HEIGHT="20" WC="0.96" CONTENT="till"/><SP WIDTH="16" VPOS="1092" HPOS="279"/>
							<String ID="string_230" HPOS="295" VPOS="1091" WIDTH="66" HEIGHT="21" WC="0.93" CONTENT="minst"/><SP WIDTH="15" VPOS="1091" HPOS="361"/>
							<String ID="string_231" HPOS="376" VPOS="1092" WIDTH="36" HEIGHT="20" WC="0.92" CONTENT="tvä"/><SP WIDTH="15" VPOS="1092" HPOS="412"/>
							<String ID="string_232" HPOS="427" VPOS="1091" WIDTH="131" HEIGHT="28" WC="0.92" CONTENT="tredjedelar"/><SP WIDTH="16" VPOS="1091" HPOS="558"/>
							<String ID="string_233" HPOS="574" VPOS="1092" WIDTH="88" HEIGHT="27" WC="0.91" CONTENT="utgöras"/><SP WIDTH="11" VPOS="1092" HPOS="662"/>
							<String ID="string_234" HPOS="673" VPOS="1091" WIDTH="24" HEIGHT="21" WC="0.93" CONTENT="af"/><SP WIDTH="8" VPOS="1091" HPOS="697"/>
							<String ID="string_235" HPOS="705" VPOS="1091" WIDTH="69" HEIGHT="22" WC="0.93" CONTENT="finske"/><SP WIDTH="10" VPOS="1091" HPOS="774"/>
							<String ID="string_236" HPOS="784" VPOS="1092" WIDTH="59" HEIGHT="21" WC="0.92" CONTENT="med-"/>
						</TextLine>
						<TextLine ID="line_28" HPOS="94" VPOS="1125" WIDTH="749" HEIGHT="30">
							<String ID="string_237" HPOS="94" VPOS="1126" WIDTH="102" HEIGHT="28" WC="0.96" CONTENT="borgare;"/><SP WIDTH="15" VPOS="1126" HPOS="196"/>
							<String ID="string_238" HPOS="211" VPOS="1127" WIDTH="32" HEIGHT="20" WC="0.93" CONTENT="att"/><SP WIDTH="21" VPOS="1127" HPOS="243"/>
							<String ID="string_239" HPOS="264" VPOS="1126" WIDTH="5" HEIGHT="28" WC="0.44" CONTENT="$"/><SP WIDTH="16" VPOS="1126" HPOS="269"/>
							<String ID="string_240" HPOS="285" VPOS="1126" WIDTH="14" HEIGHT="21" WC="0.93" CONTENT="3"/><SP WIDTH="14" VPOS="1126" HPOS="299"/>
							<String ID="string_241" HPOS="313" VPOS="1127" WIDTH="79" HEIGHT="27" WC="0.96" CONTENT="antogs"/><SP WIDTH="16" VPOS="1127" HPOS="392"/>
							<String ID="string_242" HPOS="408" VPOS="1125" WIDTH="66" HEIGHT="23" WC="0.96" CONTENT="sådan"/><SP WIDTH="16" VPOS="1125" HPOS="474"/>
							<String ID="string_243" HPOS="490" VPOS="1126" WIDTH="40" HEIGHT="21" WC="0.93" CONTENT="den"/><SP WIDTH="16" VPOS="1126" HPOS="530"/>
							<String ID="string_244" HPOS="546" VPOS="1125" WIDTH="61" HEIGHT="28" WC="0.96" CONTENT="lyder"/><SP WIDTH="15" VPOS="1125" HPOS="607"/>
							<String ID="string_245" HPOS="622" VPOS="1126" WIDTH="7" HEIGHT="21" WC="0.95" CONTENT="i"/><SP WIDTH="16" VPOS="1126" HPOS="629"/>
							<String ID="string_246" HPOS="645" VPOS="1125" WIDTH="42" HEIGHT="22" WC="0.93" CONTENT="den"/><SP WIDTH="16" VPOS="1125" HPOS="687"/>
							<String ID="string_247" HPOS="703" VPOS="1126" WIDTH="79" HEIGHT="29" WC="0.93" CONTENT="nådiga"/><SP WIDTH="12" VPOS="1126" HPOS="782"/>
							<String ID="string_248" HPOS="794" VPOS="1133" WIDTH="49" HEIGHT="22" WC="0.93" CONTENT="pro-"/>
						</TextLine>
						<TextLine ID="line_29" HPOS="94" VPOS="1159" WIDTH="750" HEIGHT="30">
							<String ID="string_249" HPOS="94" VPOS="1161" WIDTH="123" HEIGHT="28" WC="0.95" CONTENT="positionen"/><SP WIDTH="17" VPOS="1161" HPOS="217"/>
							<String ID="string_250" HPOS="234" VPOS="1161" WIDTH="39" HEIGHT="21" WC="0.93" CONTENT="och"/><SP WIDTH="16" VPOS="1161" HPOS="273"/>
							<String ID="string_251" HPOS="289" VPOS="1161" WIDTH="11" HEIGHT="27" WC="0.76" CONTENT="8"/><SP WIDTH="17" VPOS="1161" HPOS="300"/>
							<String ID="string_252" HPOS="317" VPOS="1161" WIDTH="26" HEIGHT="20" WC="0.96" CONTENT="10"/><SP WIDTH="15" VPOS="1161" HPOS="343"/>
							<String ID="string_253" HPOS="358" VPOS="1160" WIDTH="50" HEIGHT="22" WC="0.96" CONTENT="med"/><SP WIDTH="16" VPOS="1160" HPOS="408"/>
							<String ID="string_254" HPOS="424" VPOS="1160" WIDTH="91" HEIGHT="29" WC="0.96" CONTENT="ändring"/><SP WIDTH="15" VPOS="1160" HPOS="515"/>
							<String ID="string_255" HPOS="530" VPOS="1160" WIDTH="24" HEIGHT="21" WC="0.93" CONTENT="af"/><SP WIDTH="12" VPOS="1160" HPOS="554"/>
							<String ID="string_256" HPOS="566" VPOS="1160" WIDTH="68" HEIGHT="21" WC="0.96" CONTENT="orden"/><SP WIDTH="12" VPOS="1160" HPOS="634"/>
							<String ID="string_257" HPOS="646" VPOS="1159" WIDTH="118" HEIGHT="27" WC="0.91" CONTENT=",Finlands"/><SP WIDTH="11" VPOS="1159" HPOS="764"/>
							<String ID="string_258" HPOS="775" VPOS="1161" WIDTH="69" HEIGHT="21" WC="0.96" CONTENT="banks"/>
						</TextLine>
						<TextLine ID="line_30" HPOS="94" VPOS="1194" WIDTH="750" HEIGHT="29">
							<String ID="string_259" HPOS="94" VPOS="1195" WIDTH="85" HEIGHT="22" WC="0.88" CONTENT="sedlar”"/><SP WIDTH="23" VPOS="1195" HPOS="179"/>
							<String ID="string_260" HPOS="202" VPOS="1195" WIDTH="32" HEIGHT="21" WC="0.92" CONTENT="till"/><SP WIDTH="25" VPOS="1195" HPOS="234"/>
							<String ID="string_261" HPOS="259" VPOS="1195" WIDTH="19" HEIGHT="26" WC="0.79" CONTENT=",i"/><SP WIDTH="20" VPOS="1195" HPOS="278"/>
							<String ID="string_262" HPOS="298" VPOS="1194" WIDTH="85" HEIGHT="21" WC="0.95" CONTENT="landets"/><SP WIDTH="21" VPOS="1194" HPOS="383"/>
							<String ID="string_263" HPOS="404" VPOS="1194" WIDTH="101" HEIGHT="29" WC="0.93" CONTENT="gällande"/><SP WIDTH="23" VPOS="1194" HPOS="505"/>
							<String ID="string_264" HPOS="528" VPOS="1194" WIDTH="81" HEIGHT="28" WC="0.67" CONTENT="mynt&quot;;"/><SP WIDTH="23" VPOS="1194" HPOS="609"/>
							<String ID="string_265" HPOS="632" VPOS="1196" WIDTH="56" HEIGHT="19" WC="0.93" CONTENT="samt"/><SP WIDTH="22" VPOS="1196" HPOS="688"/>
							<String ID="string_266" HPOS="710" VPOS="1195" WIDTH="12" HEIGHT="26" WC="0.67" CONTENT="$"/><SP WIDTH="24" VPOS="1195" HPOS="722"/>
							<String ID="string_267" HPOS="746" VPOS="1195" WIDTH="23" HEIGHT="20" WC="0.96" CONTENT="11"/><SP WIDTH="25" VPOS="1195" HPOS="769"/>
							<String ID="string_268" HPOS="794" VPOS="1196" WIDTH="50" HEIGHT="20" WC="0.96" CONTENT="med"/>
						</TextLine>
						<TextLine ID="line_31" HPOS="95" VPOS="1228" WIDTH="748" HEIGHT="29">
							<String ID="string_269" HPOS="95" VPOS="1230" WIDTH="71" HEIGHT="21" WC="0.93" CONTENT="denna"/><SP WIDTH="15" VPOS="1230" HPOS="166"/>
							<String ID="string_270" HPOS="181" VPOS="1229" WIDTH="93" HEIGHT="28" WC="0.93" CONTENT="lydelse:"/><SP WIDTH="17" VPOS="1229" HPOS="274"/>
							<String ID="string_271" HPOS="291" VPOS="1228" WIDTH="86" HEIGHT="28" WC="0.91" CONTENT=",Säsom"/><SP WIDTH="16" VPOS="1228" HPOS="377"/>
							<String ID="string_272" HPOS="393" VPOS="1228" WIDTH="86" HEIGHT="29" WC="0.96" CONTENT="garanti"/><SP WIDTH="16" VPOS="1228" HPOS="479"/>
							<String ID="string_273" HPOS="495" VPOS="1229" WIDTH="33" HEIGHT="20" WC="0.96" CONTENT="för"/><SP WIDTH="16" VPOS="1229" HPOS="528"/>
							<String ID="string_274" HPOS="544" VPOS="1235" WIDTH="18" HEIGHT="14" WC="0.81" CONTENT="o."/><SP WIDTH="17" VPOS="1235" HPOS="562"/>
							<String ID="string_275" HPOS="579" VPOS="1235" WIDTH="16" HEIGHT="14" WC="0.96" CONTENT="s."/><SP WIDTH="16" VPOS="1235" HPOS="595"/>
							<String ID="string_276" HPOS="611" VPOS="1235" WIDTH="19" HEIGHT="14" WC="0.93" CONTENT="v."/><SP WIDTH="19" VPOS="1235" HPOS="630"/>
							<String ID="string_277" HPOS="649" VPOS="1241" WIDTH="22" HEIGHT="2" WC="0.93" CONTENT="—"/><SP WIDTH="15" VPOS="1241" HPOS="671"/>
							<String ID="string_278" HPOS="686" VPOS="1241" WIDTH="24" HEIGHT="2" WC="0.93" CONTENT="—"/><SP WIDTH="12" VPOS="1241" HPOS="710"/>
							<String ID="string_279" HPOS="722" VPOS="1229" WIDTH="121" HEIGHT="22" WC="0.92" CONTENT="realiseras."/>
						</TextLine>
						<TextLine ID="line_32" HPOS="95" VPOS="1263" WIDTH="749" HEIGHT="30">
							<String ID="string_280" HPOS="95" VPOS="1264" WIDTH="79" HEIGHT="22" WC="0.92" CONTENT="Denna"/><SP WIDTH="20" VPOS="1264" HPOS="174"/>
							<String ID="string_281" HPOS="194" VPOS="1263" WIDTH="156" HEIGHT="30" WC="0.92" CONTENT="fondsäkerhet"/><SP WIDTH="18" VPOS="1263" HPOS="350"/>
							<String ID="string_282" HPOS="368" VPOS="1263" WIDTH="39" HEIGHT="21" WC="0.94" CONTENT="bör"/><SP WIDTH="16" VPOS="1263" HPOS="407"/>
							<String ID="string_283" HPOS="423" VPOS="1263" WIDTH="6" HEIGHT="21" WC="0.95" CONTENT="i"/><SP WIDTH="17" VPOS="1263" HPOS="429"/>
							<String ID="string_284" HPOS="446" VPOS="1264" WIDTH="64" HEIGHT="20" WC="0.93" CONTENT="värde"/><SP WIDTH="21" VPOS="1264" HPOS="510"/>
							<String ID="string_285" HPOS="531" VPOS="1263" WIDTH="49" HEIGHT="21" WC="0.92" CONTENT="fullt"/><SP WIDTH="20" VPOS="1263" HPOS="580"/>
							<String ID="string_286" HPOS="600" VPOS="1264" WIDTH="111" HEIGHT="20" WC="0.93" CONTENT="motsvara"/><SP WIDTH="14" VPOS="1264" HPOS="711"/>
							<String ID="string_287" HPOS="725" VPOS="1263" WIDTH="119" HEIGHT="22" WC="0.92" CONTENT="kreditsed-"/>
						</TextLine>
						<TextLine ID="line_33" HPOS="95" VPOS="1298" WIDTH="749" HEIGHT="29">
							<String ID="string_288" HPOS="95" VPOS="1300" WIDTH="72" HEIGHT="20" WC="0.91" CONTENT="larnes"/><SP WIDTH="20" VPOS="1300" HPOS="167"/>
							<String ID="string_289" HPOS="187" VPOS="1298" WIDTH="90" HEIGHT="29" WC="0.96" CONTENT="belopp,"/><SP WIDTH="16" VPOS="1298" HPOS="277"/>
							<String ID="string_290" HPOS="293" VPOS="1298" WIDTH="90" HEIGHT="22" WC="0.96" CONTENT="hvarvid"/><SP WIDTH="21" VPOS="1298" HPOS="383"/>
							<String ID="string_291" HPOS="404" VPOS="1300" WIDTH="138" HEIGHT="27" WC="0.96" CONTENT="statspapper"/><SP WIDTH="21" VPOS="1300" HPOS="542"/>
							<String ID="string_292" HPOS="563" VPOS="1298" WIDTH="39" HEIGHT="21" WC="0.93" CONTENT="och"/><SP WIDTH="22" VPOS="1298" HPOS="602"/>
							<String ID="string_293" HPOS="624" VPOS="1298" WIDTH="144" HEIGHT="28" WC="0.93" CONTENT="obligationer"/><SP WIDTH="15" VPOS="1298" HPOS="768"/>
							<String ID="string_294" HPOS="783" VPOS="1300" WIDTH="61" HEIGHT="20" WC="0.93" CONTENT="anta-"/>
						</TextLine>
						<TextLine ID="line_34" HPOS="95" VPOS="1332" WIDTH="749" HEIGHT="29">
							<String ID="string_295" HPOS="95" VPOS="1340" WIDTH="39" HEIGHT="21" WC="0.96" CONTENT="gas"/><SP WIDTH="20" VPOS="1340" HPOS="134"/>
							<String ID="string_296" HPOS="154" VPOS="1333" WIDTH="33" HEIGHT="21" WC="0.96" CONTENT="till"/><SP WIDTH="20" VPOS="1333" HPOS="187"/>
							<String ID="string_297" HPOS="207" VPOS="1334" WIDTH="30" HEIGHT="19" WC="0.96" CONTENT="tio"/><SP WIDTH="20" VPOS="1334" HPOS="237"/>
							<String ID="string_298" HPOS="257" VPOS="1334" WIDTH="91" HEIGHT="26" WC="0.96" CONTENT="procent"/><SP WIDTH="17" VPOS="1334" HPOS="348"/>
							<String ID="string_299" HPOS="365" VPOS="1333" WIDTH="69" HEIGHT="20" WC="0.96" CONTENT="under"/><SP WIDTH="20" VPOS="1333" HPOS="434"/>
							<String ID="string_300" HPOS="454" VPOS="1332" WIDTH="62" HEIGHT="21" WC="0.92" CONTENT="deras"/><SP WIDTH="14" VPOS="1332" HPOS="516"/>
							<String ID="string_301" HPOS="530" VPOS="1332" WIDTH="120" HEIGHT="21" WC="0.92" CONTENT="kursvärde"/><SP WIDTH="15" VPOS="1332" HPOS="650"/>
							<String ID="string_302" HPOS="665" VPOS="1332" WIDTH="27" HEIGHT="20" WC="0.93" CONTENT="då"/><SP WIDTH="18" VPOS="1332" HPOS="692"/>
							<String ID="string_303" HPOS="710" VPOS="1332" WIDTH="134" HEIGHT="21" WC="0.90" CONTENT="nedsättnin-"/>
						</TextLine>
						<TextLine ID="line_35" HPOS="95" VPOS="1365" WIDTH="748" HEIGHT="30">
							<String ID="string_304" HPOS="95" VPOS="1374" WIDTH="42" HEIGHT="21" WC="0.96" CONTENT="gen"/><SP WIDTH="22" VPOS="1374" HPOS="137"/>
							<String ID="string_305" HPOS="159" VPOS="1367" WIDTH="57" HEIGHT="21" WC="0.93" CONTENT="sker."/><SP WIDTH="30" VPOS="1367" HPOS="216"/>
							<String ID="string_306" HPOS="246" VPOS="1366" WIDTH="134" HEIGHT="28" WC="0.93" CONTENT="Pröfningen"/><SP WIDTH="22" VPOS="1366" HPOS="380"/>
							<String ID="string_307" HPOS="402" VPOS="1373" WIDTH="19" HEIGHT="14" WC="0.95" CONTENT="o."/><SP WIDTH="20" VPOS="1373" HPOS="421"/>
							<String ID="string_308" HPOS="441" VPOS="1373" WIDTH="16" HEIGHT="13" WC="0.96" CONTENT="s."/><SP WIDTH="19" VPOS="1373" HPOS="457"/>
							<String ID="string_309" HPOS="476" VPOS="1373" WIDTH="19" HEIGHT="14" WC="0.83" CONTENT="v."/><SP WIDTH="22" VPOS="1373" HPOS="495"/>
							<String ID="string_310" HPOS="517" VPOS="1378" WIDTH="23" HEIGHT="3" WC="0.92" CONTENT="—"/><SP WIDTH="20" VPOS="1378" HPOS="540"/>
							<String ID="string_311" HPOS="560" VPOS="1378" WIDTH="22" HEIGHT="3" WC="0.92" CONTENT="—"/><SP WIDTH="19" VPOS="1378" HPOS="582"/>
							<String ID="string_312" HPOS="601" VPOS="1377" WIDTH="27" HEIGHT="3" WC="0.90" CONTENT="—"/><SP WIDTH="16" VPOS="1377" HPOS="628"/>
							<String ID="string_313" HPOS="644" VPOS="1365" WIDTH="199" HEIGHT="29" WC="0.92" CONTENT="sedelutgifningen"/>
						</TextLine>
						<TextLine ID="line_36" HPOS="95" VPOS="1401" WIDTH="107" HEIGHT="29">
							<String ID="string_314" HPOS="95" VPOS="1401" WIDTH="107" HEIGHT="29" WC="0.91" CONTENT="vidtaga.&quot;"/>
						</TextLine>
					</TextBlock>
					<TextBlock ID="block_3" HPOS="165" VPOS="1434" WIDTH="680" HEIGHT="31">
						<TextLine ID="line_37" HPOS="165" VPOS="1434" WIDTH="680" HEIGHT="31">
							<String ID="string_315" HPOS="165" VPOS="1436" WIDTH="147" HEIGHT="22" WC="0.92" CONTENT="Nästberörde"/><SP WIDTH="18" VPOS="1436" HPOS="312"/>
							<String ID="string_316" HPOS="330" VPOS="1435" WIDTH="44" HEIGHT="22" WC="0.91" CONTENT="fem"/><SP WIDTH="20" VPOS="1435" HPOS="374"/>
							<String ID="string_317" HPOS="394" VPOS="1434" WIDTH="208" HEIGHT="31" WC="0.90" CONTENT="protokollsutdrag,"/><SP WIDTH="16" VPOS="1434" HPOS="602"/>
							<String ID="string_318" HPOS="618" VPOS="1434" WIDTH="73" HEIGHT="22" WC="0.96" CONTENT="hvilka"/><SP WIDTH="20" VPOS="1434" HPOS="691"/>
							<String ID="string_319" HPOS="711" VPOS="1434" WIDTH="48" HEIGHT="22" WC="0.92" CONTENT="icke"/><SP WIDTH="14" VPOS="1434" HPOS="759"/>
							<String ID="string_320" HPOS="773" VPOS="1434" WIDTH="72" HEIGHT="24" WC="0.92" CONTENT="föran-"/>
						</TextLine>
					</TextBlock>
				</ComposedBlock>
			</PrintSpace>
		</Page>
	</Layout>
</alto>
