1025 1717
847 119 13 22 7

136 184 98 28 uppbära
256 183 83 22 hälften
362 184 24 21 af
405 183 212 30 tingsgästningen.*
648 184 11 22 I
681 185 74 22 stället
774 186 33 21 för
827 185 61 23 detta

136 219 136 21 sistnämnda
289 218 88 28 uttryck
395 219 52 21 ville
461 219 40 29 jag
520 219 80 21 föreslä
615 219 41 21 den
671 220 216 22 redaktionsföränd-

136 254 59 28 ring:
210 256 33 19 att
257 254 71 28 begge
345 253 91 22 stånden
451 260 65 14 anser
530 254 121 27 ,nämnden
665 254 51 22 böra
727 254 114 23 bibehållas
851 255 38 21 vid

135 288 40 23 den
195 289 65 29 enligt
280 288 34 29 lag
334 288 45 22 dem
399 288 157 22 tillkommande
575 289 58 21 rätt"
651 289 33 20 att
702 288 98 29 uppbära
815 289 74 22 halfva

136 323 197 29 tingsgästningen.
360 322 70 22 Sädan
451 330 38 14 var
508 323 28 21 de
555 323 125 28 respektive
701 323 104 21 ständens
824 331 64 14 sann-

136 358 100 28 skyldiga
251 357 96 28 mening.
376 356 263 30 Expeditionsutskottets
654 358 88 28 uttryck
757 358 73 22 kunde
844 358 43 22 för-

135 392 79 23 anleda
228 392 42 22 den
286 392 95 29 oriktiga
395 392 150 29 uppfattning,
559 393 33 21 att
606 392 55 22 först
676 400 29 14 nu
721 392 62 29 fräga
795 400 34 15 om
844 394 45 21 rätt

134 428 34 22 till
188 428 48 22 half
253 427 161 29 tingsgästning
433 427 72 22 blifvit
529 427 75 27 väckt,
624 427 71 22 ehuru
717 427 68 22 kändt
804 429 31 27 är,
855 430 33 20 att

134 463 43 21 den
192 462 96 30 grundar
303 462 33 28 sig
351 463 29 27 pä
395 469 26 15 en
437 462 46 28 lag,
499 469 47 15 som
561 463 25 20 är
602 462 41 22 144
658 462 24 22 är
697 462 102 29 gammal.

202 497 104 23 Friherre
322 497 142 28 Carpelan:
487 497 47 21 Mot
549 496 56 22 hvad
620 497 51 21 herr
686 497 58 22 Rein
760 497 73 22 anfört
848 498 39 22 vill

132 534 40 28 jag
187 533 111 26 anmärka,
314 534 31 19 att
359 531 120 22 nämndens
495 532 97 28 aflöning
607 539 80 21 genom
697 532 80 29 högsta
787 533 100 21 maktens

135 567 73 29 utslag
227 567 72 21 blifvit
320 566 82 22 ändrad
416 566 8 21 i
439 566 52 22 flere
507 566 139 28 väsendtliga
660 566 71 28 delar;
747 566 42 22 den
804 567 83 29 uppbä-

134 609 35 15 res
188 602 48 21 icke
256 601 102 21 öfverallt
373 601 68 27 enligt
457 600 59 22 äldre
532 600 163 29 författningar.
724 601 65 22 Hvad
803 603 84 27 presta-

136 637 41 21 och
196 636 165 22 bondeständen
380 636 89 21 heslutit
485 636 71 21 skulle
572 635 86 22 derföre
673 636 68 21 blifva
757 643 28 14 en
800 636 87 22 föränd-

135 672 49 28 ring
205 672 7 20 i
232 670 56 22 hvad
307 670 7 22 i
335 670 52 22 flere
406 670 39 21 fall
465 677 79 21 genom
560 670 49 28 laga
625 670 59 22 kraft
698 677 73 15 vunna
786 670 102 28 ätgärder

135 707 107 28 stadgats,
264 705 40 22 och
325 705 62 21 ordet
407 704 147 29 ,berättigad*
576 705 70 21 skulle
667 705 85 21 således
770 712 52 14 vara
837 705 51 22 fullt

134 742 30 29 pä
184 742 33 20 sin
236 741 67 29 plats;
320 746 49 15 men
385 740 28 21 dä
427 739 78 29 frägan
521 747 35 14 om
572 739 121 22 nämndens
708 740 123 28 antagande
847 740 40 21 och

135 776 97 28 aflöning
252 776 147 20 förekommer
414 774 7 21 i
437 782 82 14 samma
538 774 80 29 nädiga
638 774 137 29 proposition
794 774 40 22 och
849 770 38 26 an-

135 811 104 29 tagandet
259 810 40 22 och
320 810 125 28 aflöningen
465 809 64 22 hafva
548 808 40 22 full
606 808 135 30 gemenskap
760 809 50 21 med
824 809 63 22 hvar-

135 847 75 26 andra,
225 847 56 20 samt
296 845 7 21 i
319 844 76 30 frägan
411 851 36 15 om
462 844 121 22 nämndens
599 844 96 28 aflöning
706 844 37 21 tvä
753 844 62 21 ständ
829 846 58 20 stan-

136 884 38 20 nat
195 883 45 19 mot
258 880 45 27 tvä,
324 880 24 21 sä
368 886 64 15 anser
449 880 40 27 jag
509 879 51 21 hela
578 878 80 29 nädiga
672 879 166 29 propositionen
854 879 33 22 för

136 916 72 22 denna
228 915 104 28 landtdag
353 915 52 21 böra
423 914 88 22 förfalla
529 914 8 21 i
556 914 96 28 enlighet
668 914 50 21 med
733 913 42 22 den
790 920 97 16 reserva-

136 952 56 26 tion,
206 958 46 14 som
273 951 68 28 nägra
356 950 25 22 af
394 949 257 29 expeditionsutskottets
667 949 142 21 medlemmar
825 949 63 28 afgif-

135 988 33 21 vit
182 986 41 22 och
238 985 85 22 hvilkas
339 985 47 21 skäl
399 985 40 28 jag
453 984 50 22 fullt
519 984 71 28 gillar.

204 1022 58 21 Herr
278 1020 92 29 Späre,
385 1019 28 22 K.
428 1019 44 21 W.:
489 1019 72 22 Sedan
577 1018 92 22 friherre
686 1019 108 28 Carpelan
806 1026 29 14 nu
846 1020 42 26 ytt-

136 1059 35 21 rat
191 1057 43 29 sig,
250 1057 24 20 är
290 1055 38 21 allt
344 1054 56 22 hvad
413 1055 40 28 jag
467 1054 58 22 velat
541 1056 53 26 säga
608 1053 156 29 undangjordt;
777 1054 39 27 jag
831 1053 57 21 före-

136 1100 40 14 nar
192 1092 44 27 mig
251 1091 46 21 helt
312 1090 41 21 och
367 1089 68 22 hället
449 1089 7 21 i
472 1088 57 22 hvad
544 1089 92 21 friherre
650 1088 110 29 Carpelan
770 1089 68 27 yttrat
848 1088 41 21 och

137 1126 84 22 säledes
237 1126 65 21 ocksä
318 1125 6 21 i
339 1125 41 21 den
396 1124 142 27 reservation,
550 1130 46 14 som
610 1123 72 21 blifvit
697 1122 96 29 afgifven
806 1122 24 22 af
838 1122 51 22 herr

136 1160 126 24 Ehrnrooth
277 1167 29 14 m.
322 1160 21 21 fl.

206 1195 102 21 Friherre
329 1194 94 27 Boije:
443 1193 42 29 Jag
507 1193 40 21 ber
569 1194 32 20 att
623 1192 66 22 ocksä
709 1192 22 21 fä
749 1192 77 21 förena
843 1192 46 28 mig

138 1230 50 24 med
202 1230 93 22 friherre
311 1228 108 29 Carpelan
436 1228 40 22 och
491 1228 27 21 de
531 1228 82 27 herrar,
624 1234 46 14 som
681 1228 122 20 reserverat
814 1226 34 28 sig
858 1227 32 21 uti

138 1266 74 26 saken,
224 1265 40 21 och
278 1271 64 15 anser
358 1263 66 22 ocksä
439 1264 30 20 att
484 1262 51 22 hela
548 1262 163 28 propositionen
722 1262 69 20 mäste
802 1261 87 21 komma

139 1302 31 20 att
185 1299 97 27 förfalla,
298 1298 26 22 dä
340 1299 37 21 tvä
391 1297 64 22 ständ
471 1298 88 20 stannat
575 1298 45 20 mot
635 1297 36 21 tvä
687 1296 31 21 uti
734 1296 72 21 denna
821 1296 68 28 fräga.

206 1334 60 20 Herr
281 1333 81 21 Rein:
381 1332 111 27 Kongliga
507 1331 85 22 brefvet
608 1331 23 21 af
644 1330 43 22 den
703 1331 12 20 8
729 1330 42 28 juli
787 1330 56 21 1720
857 1330 33 21 in-

139 1368 99 21 nehäller
253 1366 154 28 uttryckligen,
419 1366 32 20 att
465 1364 109 22 nämnden
590 1364 56 21 skall
661 1364 98 38 uppbära
773 1363 85 21 hälften
869 1363 24 21 af

140 1401 202 34 tingsgästningen;
362 1400 72 21 denna
453 1400 36 27 lag
509 1398 126 22 efterlefves
655 1399 59 19 ännu
734 1397 7 21 i
762 1404 27 14 en
812 1397 35 21 del
869 1396 24 21 af

140 1430 151 33 Österbotten,
311 1441 51 15 men
382 1433 153 30 beklagligtvis
555 1433 40 22 hör
615 1439 60 21 man,
691 1433 33 20 att
739 1431 42 22 den
796 1431 49 22 icke
860 1430 31 22 ef-
