1009 1703
807 133 27 19 85

113 196 87 21 verkets
221 196 133 28 befogenhet
372 198 32 19 att
423 197 47 20 utaf
484 197 93 21 nämnde
593 197 149 22 institutioner
757 197 105 28 återtaga,

113 230 85 21 utöfver
210 231 92 20 enhvars
312 231 7 20 i
330 230 59 21 tiden
400 231 97 21 erhållna
509 231 137 28 statsbidrag,
661 232 74 27 jemväl
746 231 41 20 den
798 231 66 28 profit

114 271 45 14 som
176 264 51 21 derå
243 264 23 21 af
280 265 48 20 dem
343 264 89 28 dragits.

182 299 74 20 Skulle
272 306 49 13 man
338 299 46 21 åter
398 301 86 26 antaga,
496 300 32 20 att
542 300 141 20 statsverkets
698 299 118 28 tillgångar
829 299 33 21 för

112 333 135 20 närvarande
267 333 49 21 icke
336 333 115 27 medgåfve
474 333 160 27 återbetalning
656 334 25 20 af
696 333 166 27 ifrågavarande

113 368 89 26 747,451
218 367 62 21 rubel
296 368 41 28 483
352 367 80 28 kopek,
448 368 23 20 sä
487 370 23 18 är
526 368 60 20 detta
600 370 32 19 ett
649 368 54 26 skäl,
722 368 31 20 uti
774 368 87 21 bedöm-

112 402 79 21 mande
210 401 78 21 hvaraf
306 402 86 20 ståndet
411 402 49 21 icke
480 402 57 21 lärer
552 402 49 21 vela
616 402 60 28 ingå,
692 405 51 18 utan
760 404 32 19 att
808 402 54 21 först

112 436 100 21 deröfver
233 436 55 21 höra
310 436 171 27 statsutskottet,
502 437 40 20 och
562 438 58 19 ännu
640 444 60 14 mera
719 437 39 20 har
777 436 84 21 således

112 470 165 22 bankutskottet
299 471 47 21 haft
368 471 64 20 orsak
455 472 32 19 att
510 471 81 21 afhålla
614 471 32 27 sig
669 472 48 20 från
738 471 123 21 omedelbar

110 505 104 28 pröfning
229 505 67 21 deraf.
321 506 63 20 Huru
394 506 63 27 ringa
467 506 143 20 statsverkets
620 506 118 28 tillgångar
749 507 27 19 än
787 506 75 21 kunna

103 547 67 19 vara,
185 540 57 20 lärer
258 540 56 20 dock
326 547 27 14 en
369 540 119 28 ingalunda
501 540 112 28 obetydlig
628 540 34 21 del
678 540 23 21 af
714 540 49 21 dem
780 541 80 20 använ-

111 575 37 20 das
169 574 33 21 för
222 574 144 21 befordrande
384 574 24 21 af
426 574 195 22 framåtskridande
636 574 7 21 i
659 574 109 22 materielt
784 574 76 21 hänse-

111 610 61 20 ende.
202 609 51 21 Men
270 609 78 21 månne
363 608 49 22 icke
428 609 26 21 de
469 609 63 21 flesta
548 609 139 21 sträfvanden
703 609 7 20 i
726 609 66 21 sådan
806 609 53 20 rikt-

111 644 54 27 ning
184 643 70 28 aflöpa
276 644 112 26 fruktlöst,
409 644 88 28 sålänge
518 644 138 27 myntverket
676 643 48 22 icke
744 646 23 18 är
788 644 72 20 säker-

111 678 72 21 stäldt.
214 678 43 21 Till
276 678 71 21 denna
365 678 65 20 brists
450 678 141 28 afhjelpande
606 678 89 21 framför
711 678 67 20 andra
794 678 66 20 borde

111 712 86 22 derföre
213 713 7 20 i
236 713 89 21 främsta
345 714 94 19 rummet
458 712 110 22 användas
583 712 80 21 sådana
679 712 181 26 statsinkomster,

112 754 46 14 som
174 747 63 21 äfven
253 754 79 14 annars
347 747 52 28 utgå
414 747 33 20 till
463 746 97 29 fyllande
575 747 24 21 af
612 747 113 21 materiela
740 746 72 22 behof.

179 781 59 21 Herr
257 781 143 21 Molander:
420 781 172 21 Bankutskottet
611 781 98 26 föreslår,
728 783 32 19 att
774 781 85 20 landets

111 816 88 21 ständer
214 816 68 20 måtte
298 816 38 20 hos
352 816 28 20 H.
396 815 61 27 Kejs.
473 816 63 27 Maj:t
551 816 121 20 framställa
683 816 36 20 det
730 815 129 27 önsknings-

111 850 54 27 mäl,
180 852 32 18 att
232 850 84 20 banken
336 850 70 21 skulle
421 849 47 21 frän
485 850 132 21 statsverket
632 850 69 20 äterfä
717 850 47 20 sina
777 850 83 20 härför-

110 886 67 20 innan
194 884 31 21 dit
240 884 100 20 lemnade
355 883 83 28 bidrag,
455 886 56 19 samt
525 886 32 19 att
571 884 117 21 ständerna
702 884 70 20 säsom
791 884 69 20 vilkor

111 920 33 20 för
163 918 97 22 bankens
281 918 101 22 framtida
396 918 93 22 bestånd
504 919 68 21 måtte
588 918 156 28 underdänigst
760 918 52 20 söka
828 923 32 16 ui-

110 953 67 21 verka
196 953 136 21 densammas
352 952 101 22 befrielse
474 953 48 21 från
543 952 74 22 vidare
637 953 69 27 ärliga
726 952 93 22 tillskott
838 953 22 20 åt

109 988 138 21 statsverket.

179 1022 51 20 Med
245 1022 59 20 detta
320 1021 111 22 utlätande
446 1022 43 20 kan
502 1022 39 27 jag
556 1022 20 27 ej
593 1021 76 21 förena
684 1022 50 27 mig.

178 1055 64 22 Hvad
261 1056 55 20 först
335 1056 69 27 angår
422 1056 26 21 de
468 1056 22 21 åt
509 1056 130 21 statsverket
654 1063 25 13 ur
694 1056 110 27 primitiva
820 1056 39 21 och

110 1090 216 29 hypoteksfonderna
345 1090 99 21 lemnade
466 1090 85 28 bidrag,
570 1090 24 21 sä
612 1090 101 27 utgjorde
734 1090 26 20 de
776 1090 40 21 den
833 1091 23 20 31

111 1125 115 21 december
246 1125 54 20 1862
320 1125 88 26 747,451
430 1125 61 20 rubel
512 1125 41 28 483
573 1124 81 28 kopek,
670 1131 49 14 men
740 1124 26 21 dä
785 1125 74 27 primi-

111 1160 45 21 tiva
176 1159 90 26 fonden,
282 1159 88 20 hvilken
386 1159 128 27 grundlagts
530 1159 46 20 helt
591 1159 39 20 och
646 1159 67 20 hället
729 1165 78 21 genom
824 1166 36 13 an-

111 1194 47 28 slag
176 1193 24 21 af
217 1193 258 21 öfverskottsstatsmedel
491 1193 40 21 och
547 1199 45 14 som
607 1200 38 19 nu,
659 1193 68 28 jemte
743 1193 118 28 hypoteks-

111 1228 90 27 fonden,
218 1227 145 22 öfverlemnas
381 1227 23 22 ät
418 1227 124 27 ständerna,
558 1227 36 21 vid
610 1227 133 21 sistnämnde
759 1227 102 28 tidpunkt

111 1262 101 29 utgjorde
231 1263 90 26 949,709
340 1262 61 21 rubel
418 1263 27 20 89
461 1262 73 29 kopek
550 1262 39 21 och
605 1262 85 21 således
706 1261 108 28 betydligt
830 1262 30 20 öf-

111 1299 88 26 versteg
217 1297 166 27 ifrågavarande
404 1297 76 28 bidrag
495 1297 23 21 åt
533 1296 141 27 statsverket,
690 1296 23 21 så
728 1296 43 21 kan
784 1296 40 27 jag
840 1297 19 27 ej

111 1331 58 21 finna
184 1331 179 27 rättmätigheten
379 1331 24 21 af
416 1331 178 21 bankutskottets
609 1331 102 20 anhållan
728 1338 34 13 om
776 1331 84 20 återbe-

111 1365 85 27 talning
212 1365 22 20 af
248 1364 63 21 dessa
326 1372 25 13 ur
366 1365 141 20 statsbanken
524 1365 21 20 åt
561 1365 130 20 statsverket
705 1364 61 27 gifna
777 1363 83 28 bidrag.

110 1399 33 21 På
158 1399 71 21 denna
244 1399 76 28 grund,
332 1399 39 20 och
385 1399 27 21 då
426 1399 7 20 i
448 1398 77 29 hvarje
540 1398 103 21 händelse
659 1405 26 14 en
702 1397 60 29 dylik
777 1398 83 21 återbe-

111 1434 85 27 talning
216 1434 20 28 ej
257 1433 70 22 skulle
343 1434 83 27 kunna,
442 1433 49 22 med
507 1433 103 22 afseende
626 1433 12 22 å
653 1433 143 22 statsverkets
811 1435 49 19 när-
