992 1711
764 129 41 24 285

85 203 49 21 tens
156 199 59 23 bank
237 199 7 23 i
267 198 183 31 privatbankerne
474 199 31 22 får
528 199 167 27 konkurrenter,
717 200 53 20 utan
792 198 41 22 den

86 236 70 22 skulle
172 236 110 20 dessutom
297 235 23 20 få
335 235 71 21 aflöna
420 234 63 22 deras
498 234 86 26 ombud,
600 234 90 26 hvilket,
706 240 33 14 om
752 233 82 21 antalet

86 271 24 20 af
123 270 49 20 dem
192 270 63 25 ökas,
272 269 43 20 kan
331 268 67 22 blifva
414 276 27 13 en
457 268 82 28 ganska
553 268 100 21 kännbar
668 267 72 28 utgift.
770 266 64 22 Hvad

85 304 91 21 friherre
196 303 118 28 Carpelans
330 303 146 27 anmärkning
494 302 109 27 beträffar,
621 304 32 19 att
668 301 115 28 ombuden,
800 308 34 14 om

86 339 26 20 de
132 337 110 22 aflönades
262 337 24 22 af
301 337 166 28 privatbanken,
484 337 69 21 skulle
568 336 67 22 blifva
650 336 35 21 för
699 336 88 28 mycket
802 336 33 21 in-

85 373 122 21 tresserade
222 373 7 20 i
246 372 134 27 densamma,
400 372 24 21 så
437 372 43 21 kan
493 372 39 29 jag
547 371 48 22 icke
610 371 59 21 finna
684 373 32 19 att
732 371 37 21 det
783 378 51 14 vore

85 407 85 22 mindre
190 407 46 21 skäl
256 407 33 21 till
310 413 26 15 en
356 407 60 28 dylik
436 407 95 28 farhåga,
551 413 35 14 om
606 406 26 21 de
648 406 98 29 uppbära
761 407 35 20 lön
813 406 24 21 af

85 442 149 21 statsbanken.

153 477 57 20 Herr
226 476 164 27 Ehrnrooth,
406 476 28 21 K.
449 477 37 20 A.:
509 476 43 28 Jag
568 476 67 20 måtte
649 475 73 21 blifvit
737 475 97 22 missför-

85 511 63 21 städd
162 511 24 21 af
198 511 51 21 herr
267 517 43 15 von
328 511 67 22 Born.
426 511 42 28 Jag
483 511 38 21 har
537 510 48 21 icke
601 510 64 28 yrkat
680 512 32 19 att
727 510 108 21 statsban-

85 546 43 21 ken
150 546 69 21 skulle
241 545 71 22 betala
327 546 96 21 kronans
438 545 85 22 ombud.
553 545 43 27 Jag
614 545 39 20 har
669 545 76 21 endast
760 547 75 26 yttrat,

86 582 32 20 att
140 580 27 21 dä
190 582 70 19 staten
280 580 8 20 i
308 580 148 21 allmänheten
479 580 103 22 bekostar
602 579 143 28 rättsvärden,
761 580 24 20 sä
799 582 36 19 vet

82 616 40 27 jag
136 615 56 25 icke,
208 614 101 22 hvarföre
324 614 112 29 undantag
450 614 40 22 här
505 614 69 22 skulle
591 621 40 21 ega
644 621 55 14 rum.

153 649 33 21 Pä
204 649 74 21 derom
298 649 24 21 af
340 649 50 22 herr
408 649 200 22 landtmarskalken
624 648 53 22 härä
692 649 63 28 gjord
770 649 65 21 fram-

86 685 104 27 ställning
210 686 77 26 antogs
308 685 11 27 $
340 685 26 20 14
386 684 50 22 med
452 684 36 22 det
502 684 77 28 tillägg
594 683 107 22 utskottet
715 683 120 29 föreslagit.

154 720 24 27 88
196 720 24 20 15
237 719 39 21 och
294 720 24 20 16
336 719 92 28 gillades
443 721 52 20 utan
509 719 100 27 ändring.

154 753 124 22 Utskottets
298 753 82 29 förslag
401 753 33 21 till
450 754 41 21 den
506 755 19 26 8,
541 761 46 14 som
603 753 70 29 enligt
688 753 147 22 betänkandet

87 789 65 21 borde
176 789 92 21 emellan
290 789 24 27 $$
336 789 25 20 16
382 789 39 20 och
444 790 24 20 17
489 789 7 20 i
515 789 42 21 den
575 787 80 30 nådiga
670 789 164 28 propositionen

85 824 83 21 införas
188 823 7 21 i
215 823 41 21 den
277 823 109 22 blifvande
406 823 158 29 författningen
579 824 8 21 i
603 825 72 20 ämnet
691 824 40 21 och
746 824 89 21 hvilken

86 859 70 20 skulle
172 858 107 22 innefatta
294 858 138 28 bestämning
448 859 80 27 derom,
543 858 56 22 huru
615 858 91 22 förfaras
721 858 76 28 skulle,
809 859 27 21 dä

87 893 85 21 enskild
192 893 58 21 bank
270 893 48 21 icke
339 893 113 22 förmädde
471 894 7 20 i
496 893 145 22 föreskrifven
657 893 94 28 ordning
765 894 71 22 inlösa

86 929 48 20 sina
149 928 85 28 utgifna
250 928 78 27 sedlar,
344 928 110 29 upplästes
471 928 51 22 derä

154 963 58 21 Herr
232 962 200 28 Björkenheim,
451 964 27 20 R.
496 962 95 30 begärde
607 962 62 22 ordet
683 963 40 22 och
739 963 95 29 yttrade:

86 998 51 22 Med
152 998 119 28 anledning
286 998 24 21 af
323 998 36 21 det
374 998 78 28 beslut,
468 1006 46 14 som
531 998 70 22 blifvit
617 998 78 22 fattadt
708 998 58 21 inom
778 999 57 21 stän-

86 1034 46 27 det,
156 1033 61 21 torde
240 1033 36 21 det
297 1040 51 14 vara
371 1033 85 29 nödigt,
472 1035 31 19 att
524 1033 76 22 orden:
623 1033 17 27 ,i
656 1034 66 28 något
738 1034 97 21 bankens

86 1069 90 21 kontor*
196 1068 52 28 utgå
268 1068 47 20 från
337 1068 71 21 denna
428 1068 79 29 punkt,
527 1070 55 20 samt
603 1070 31 19 att
653 1068 28 28 pä
696 1068 57 28 3:dje
769 1068 66 22 raden

86 1104 48 20 från
154 1103 66 21 slutet
238 1102 110 28 uttrycket
365 1103 124 26 ,kontorets
506 1103 155 21 bankrörelse"
679 1105 92 19 ersättes
787 1103 49 21 med

87 1138 67 20 orden
172 1137 110 26 ,bankens
298 1138 100 21 rörelse”.

155 1172 46 21 Och
217 1171 125 28 godkändes
358 1172 116 21 utskottets
490 1172 141 21 förevarande
643 1171 81 28 förslag
734 1172 50 21 med
795 1172 41 21 den

87 1206 99 28 ändring,
202 1207 32 20 att
249 1206 67 21 orden
331 1207 42 26 ,uti
389 1207 66 28 något
471 1207 96 22 bankens
583 1207 92 20 kontor"
692 1206 69 21 skulle
777 1207 58 28 utgå,

87 1243 55 20 samt
157 1241 111 28 uttrycket
284 1241 123 26 ,kontorets
428 1241 151 22 bankrörelse*
596 1241 87 28 utbytas
699 1243 58 19 emot
772 1241 63 27 ,ban-

86 1277 54 20 kens
156 1276 100 21 rörelse".

154 1311 12 27 8
183 1311 24 20 17
224 1311 7 20 i
247 1310 41 21 den
304 1310 78 28 nådiga
397 1311 162 28 propositionen
575 1312 78 26 antogs
667 1311 23 20 af
699 1311 92 26 ståndet,
803 1312 32 20 så-

87 1344 41 20 dan
149 1345 42 20 den
210 1345 24 20 af
252 1343 106 22 utskottet
378 1345 71 20 blifvit
469 1345 130 26 föreslagen,
615 1345 36 19 det
667 1345 37 20 vill
720 1347 52 25 säga
787 1345 49 20 med

86 1377 138 22 uteslutande
240 1377 24 21 af
277 1377 141 28 paragrafens
433 1379 52 20 sista
499 1380 103 18 moment.

155 1412 43 21 Det
218 1412 7 21 i
246 1412 117 21 utskottets
386 1412 137 21 betänkande
545 1412 136 21 framställda
701 1411 81 28 förslag
802 1412 34 21 till

87 1447 119 28 stadgande
223 1447 81 27 derom,
320 1448 31 19 att
366 1446 139 23 innehafvare
520 1446 23 21 af
556 1446 201 29 privatbankssedel
770 1446 65 23 borde
