1014 1709
784 132 42 20 465

105 196 48 22 icke
169 197 54 27 inse,
239 197 54 20 huru
310 196 40 21 den
368 196 166 28 omständighet,
551 198 31 19 att
593 197 83 20 landets
687 197 103 27 regering
798 198 56 26 jem-

104 232 35 20 väl
162 231 91 21 kommit
271 231 7 20 i
299 231 125 20 erfarenhet
446 232 24 19 af
490 231 102 21 behofvet
615 231 48 20 utaf
683 231 37 21 det
739 231 115 27 petitione-

104 265 58 26 rade,
179 265 54 21 skall
249 266 75 20 kunna
340 266 77 26 utgöra
432 265 47 21 skäl
494 265 34 20 för
544 264 86 21 ståndet
645 266 31 19 att
692 265 96 27 afstyrka
800 264 54 27 peti-

104 299 83 21 tionen.

172 333 58 21 Herr
253 333 98 28 Arppe:
376 332 43 28 Jag
442 332 38 21 ber
502 334 32 19 att
553 332 49 21 med
624 332 46 21 min
688 334 46 19 röst
752 332 63 21 äfven
832 332 22 21 få

104 368 142 28 understödja
264 368 130 28 petitionen,
415 367 40 21 och
474 367 120 21 förenande
615 367 45 28 mig
678 367 49 21 med
743 367 50 21 herr
808 367 46 21 Mo-

103 402 78 21 lander
196 402 70 22 skulle
279 403 41 27 jag
334 404 58 26 yttra
408 402 40 21 den
466 402 90 26 önskan,
568 403 32 19 att
616 402 71 20 såsom
703 401 36 21 det
754 402 7 20 i
777 409 27 13 en
820 402 34 21 del

103 437 122 28 geografier
241 438 88 27 sålänge
344 437 70 21 hetat:
432 436 108 27 ,Karelen
556 436 39 21 har
610 436 52 28 inga
677 436 93 26 städer",
782 436 36 21 det
834 436 20 27 ej

104 472 45 21 lika
164 472 64 28 länge
244 472 35 21 må
294 472 61 21 heta:
370 471 96 22 Karelen
482 472 39 20 har
536 471 51 28 inga
603 471 79 21 skolor.

173 506 48 21 Den
241 506 24 22 af
278 507 50 21 herr
343 506 200 21 landtmarskalken
559 506 53 20 härå
627 505 135 21 framställda
777 512 78 21 propo-

104 541 93 21 sitionen
215 548 38 14 var
267 542 23 20 af
303 540 97 29 följande
415 540 93 28 lydelse:

175 592 8 9 »
190 575 42 21 Vill
258 575 152 27 ridderskapet
433 575 39 20 och
496 574 62 21 adeln
581 576 80 26 antaga
683 574 173 28 prestaståndets

105 609 131 28 inbjudning
251 610 33 20 till
301 616 25 14 en
344 616 125 21 gemensam
485 608 136 28 underdånig
636 608 91 28 petition
744 615 34 13 om
790 608 66 21 inrät-

105 644 66 20 tande
191 643 24 21 af
232 643 196 21 elementarskolor
448 644 6 19 i
475 642 96 22 Karelen
590 642 39 22 och
646 642 32 21 till
694 642 111 21 allmänna
820 642 36 21 be-

105 678 170 21 svärsutskottet
290 677 118 28 hänskjuta
424 678 104 20 ärendet?

173 712 49 21 Den
239 719 46 14 som
301 712 38 21 vill
355 714 79 26 antaga
453 712 164 28 inbjudningen,
629 718 74 14 svarar
715 712 33 27 ja;
765 712 42 20 den
821 711 37 21 det

105 747 50 21 icke
170 747 47 26 vill,
234 754 74 14 svarar
322 747 44 27 nej.

176 781 83 21 Vinner
275 781 47 28 nej,
338 781 98 21 förfaller
452 781 94 28 frågan";

107 816 40 21 och
168 823 46 14 som
235 816 71 20 denna
325 816 135 28 proposition
481 815 129 21 besvarades
630 814 50 22 med
698 815 159 28 öfvervägande

104 852 31 27 ja,
151 850 86 22 komme
253 850 91 22 ärendet
360 852 31 20 att
406 850 8 21 i
429 850 102 21 afseende
542 850 12 21 å
564 849 134 29 petitionens
711 849 145 29 uppsättande

108 886 34 20 till
162 886 111 20 allmänna
292 884 197 22 besvärsutskottet
508 884 155 27 öfverlemnas;
679 884 89 20 hvarom
784 886 73 26 proto-

108 919 137 28 kollsutdrag
265 919 70 21 skulle
350 919 33 21 till
397 919 21 27 ej
435 918 84 22 mindre
534 918 99 22 bemälde
649 918 91 26 utskott,
756 920 26 18 än
799 918 59 21 med-

108 954 92 21 stånden
217 954 134 28 expedieras.

177 1022 124 28 Föredrogs
321 1022 78 28 utdrag
417 1029 25 14 ur
458 1022 170 28 prestaståndets
643 1022 110 27 protokoll
768 1022 34 20 för
817 1022 42 21 den

111 1058 25 20 17
156 1058 39 20 och
214 1058 27 20 22
260 1056 139 22 sistförvikne
412 1056 88 28 januari
514 1056 50 21 med
579 1055 131 28 inbjudning
726 1058 32 18 att
773 1056 87 28 deltaga

111 1092 31 21 uti
162 1099 26 13 en
204 1091 136 28 underdånig
355 1091 103 28 petition,
474 1092 31 19 att
519 1090 70 21 finska
604 1090 90 28 språket
708 1090 68 21 måtte
791 1090 69 22 delvis

111 1126 83 21 införas
210 1126 70 21 såsom
296 1125 234 28 undervisningsspråk
545 1125 7 20 i
567 1124 86 21 landets
669 1124 73 22 skolor
757 1125 41 21 och
812 1126 48 20 uni-

110 1161 97 21 versitet.

181 1194 72 21 Sedan
276 1194 92 21 berörde
391 1193 200 28 protokollsutdrag
612 1193 72 20 blifvit
707 1194 95 26 uppläst,
824 1194 36 20 be-

112 1228 67 28 gärde
195 1228 96 28 följande
307 1228 68 20 talare
391 1228 62 20 ordet
469 1228 39 20 och
523 1227 94 27 yttrade:

181 1262 57 21 Herr
261 1262 24 21 af
304 1262 110 21 Brunér:
437 1261 169 29 Ifrågavarande
626 1261 93 27 petition
738 1261 122 21 innehåller

112 1297 37 21 två
163 1297 102 28 punkter,
282 1304 46 14 som
344 1299 37 19 äro
396 1296 86 27 sådana,
498 1298 32 18 att
542 1296 40 28 jag
598 1296 50 20 med
661 1296 103 20 afseende
775 1296 13 21 å
798 1296 64 21 dessa

113 1332 60 20 delar
192 1332 23 20 af
232 1332 122 26 petitionen
370 1338 64 14 anser
448 1330 152 27 ridderskapet
615 1330 40 20 och
670 1330 64 21 adeln
749 1330 54 20 böra
819 1331 42 19 till-

113 1365 103 21 bakavisa
230 1365 172 27 prestaståndets
418 1364 136 27 inbjudning.
584 1363 11 21 I
610 1363 68 21 första
693 1366 119 18 momentet
829 1366 32 18 sä-

113 1406 49 21 ges,
179 1401 31 19 att
229 1399 70 21 finska
318 1398 88 29 språket
423 1398 38 20 bör
476 1400 64 26 göras
556 1397 33 21 till
604 1397 149 28 hufvudspråk
769 1398 35 20 vid
819 1398 43 21 alla

113 1433 105 21 lärdoms-
238 1434 40 20 och
298 1433 124 21 fackskolor
444 1433 6 20 i
471 1432 25 21 de
516 1432 60 20 delar
592 1431 23 21 af
629 1432 79 26 landet,
724 1432 38 21 der
777 1432 84 21 befolk-

159 1474 50 22 Högl.
223 1474 52 16 Ridd.
289 1474 29 16 och
330 1474 64 16 Adelns
407 1473 65 17 Protok.
772 1473 22 16 30
