<?xml version="1.0" encoding="UTF-8"?>
<alto xmlns="http://www.loc.gov/standards/alto/ns-v3#" xmlns:xlink="http://www.w3.org/1999/xlink" xmlns:xsi="http://www.w3.org/2001/XMLSchema-instance" xsi:schemaLocation="http://www.loc.gov/standards/alto/ns-v3# http://www.loc.gov/alto/v3/alto-3-0.xsd">
	<Description>
		<MeasurementUnit>pixel</MeasurementUnit>
		<sourceImageInformation>
			<fileName>/tmp/tess_zln9_7l4_input.PNG</fileName>
		</sourceImageInformation>
		<OCRProcessing ID="OCR_0">
			<ocrProcessingStep>
				<processingSoftware>
					<softwareName>tesseract 5.3.4</softwareName>
				</processingSoftware>
			</ocrProcessingStep>
		</OCRProcessing>
	</Description>
	<Layout>
		<Page WIDTH="1025" HEIGHT="1706" PHYSICAL_IMG_NR="0" ID="page_0">
			<PrintSpace HPOS="0" VPOS="0" WIDTH="1025" HEIGHT="1706">
				<ComposedBlock ID="cblock_0" HPOS="818" VPOS="98" WIDTH="40" HEIGHT="21">
					<TextBlock ID="block_0" HPOS="818" VPOS="98" WIDTH="40" HEIGHT="21">
						<TextLine ID="line_0" HPOS="818" VPOS="98" WIDTH="40" HEIGHT="21">
							<String ID="string_0" HPOS="818" VPOS="98" WIDTH="40" HEIGHT="21" WC="0.94" CONTENT="439"/>
						</TextLine>
					</TextBlock>
				</ComposedBlock>
				<ComposedBlock ID="cblock_1" HPOS="115" VPOS="162" WIDTH="768" HEIGHT="1265">
					<TextBlock ID="block_1" HPOS="134" VPOS="162" WIDTH="749" HEIGHT="64">
						<TextLine ID="line_1" HPOS="202" VPOS="162" WIDTH="681" HEIGHT="30">
							<String ID="string_1" HPOS="202" VPOS="162" WIDTH="57" HEIGHT="22" WC="0.93" CONTENT="Herr"/><SP WIDTH="16" VPOS="162" HPOS="259"/>
							<String ID="string_2" HPOS="275" VPOS="162" WIDTH="138" HEIGHT="22" WC="0.91" CONTENT="talemannen"/><SP WIDTH="17" VPOS="162" HPOS="413"/>
							<String ID="string_3" HPOS="430" VPOS="163" WIDTH="133" HEIGHT="21" WC="0.96" CONTENT="framställde"/><SP WIDTH="16" VPOS="163" HPOS="563"/>
							<String ID="string_4" HPOS="579" VPOS="163" WIDTH="96" HEIGHT="21" WC="0.96" CONTENT="derefter"/><SP WIDTH="16" VPOS="163" HPOS="675"/>
							<String ID="string_5" HPOS="691" VPOS="164" WIDTH="143" HEIGHT="28" WC="0.93" CONTENT="proposition,"/><SP WIDTH="16" VPOS="164" HPOS="834"/>
							<String ID="string_6" HPOS="850" VPOS="165" WIDTH="33" HEIGHT="20" WC="0.92" CONTENT="så-"/>
						</TextLine>
						<TextLine ID="line_2" HPOS="134" VPOS="197" WIDTH="103" HEIGHT="29">
							<String ID="string_7" HPOS="134" VPOS="197" WIDTH="103" HEIGHT="29" WC="0.96" CONTENT="lydande:"/>
						</TextLine>
					</TextBlock>
					<TextBlock ID="block_2" HPOS="132" VPOS="232" WIDTH="751" HEIGHT="62">
						<TextLine ID="line_3" HPOS="202" VPOS="232" WIDTH="681" HEIGHT="22">
							<String ID="string_8" HPOS="202" VPOS="232" WIDTH="132" HEIGHT="20" WC="0.91" CONTENT="Godkänner"/><SP WIDTH="16" VPOS="232" HPOS="334"/>
							<String ID="string_9" HPOS="350" VPOS="232" WIDTH="86" HEIGHT="20" WC="0.96" CONTENT="ståndet"/><SP WIDTH="15" VPOS="232" HPOS="436"/>
							<String ID="string_10" HPOS="451" VPOS="232" WIDTH="48" HEIGHT="21" WC="0.92" CONTENT="dess"/><SP WIDTH="16" VPOS="232" HPOS="499"/>
							<String ID="string_11" HPOS="515" VPOS="232" WIDTH="185" HEIGHT="22" WC="0.91" CONTENT="besvärsutskotts"/><SP WIDTH="16" VPOS="232" HPOS="700"/>
							<String ID="string_12" HPOS="716" VPOS="232" WIDTH="7" HEIGHT="21" WC="0.96" CONTENT="i"/><SP WIDTH="16" VPOS="232" HPOS="723"/>
							<String ID="string_13" HPOS="739" VPOS="232" WIDTH="144" HEIGHT="22" WC="0.95" CONTENT="förevarande"/>
						</TextLine>
						<TextLine ID="line_4" HPOS="132" VPOS="265" WIDTH="326" HEIGHT="29">
							<String ID="string_14" HPOS="132" VPOS="266" WIDTH="63" HEIGHT="28" WC="0.93" CONTENT="fråga"/><SP WIDTH="14" VPOS="266" HPOS="195"/>
							<String ID="string_15" HPOS="209" VPOS="266" WIDTH="83" HEIGHT="28" WC="0.90" CONTENT="afgifna"/><SP WIDTH="14" VPOS="266" HPOS="292"/>
							<String ID="string_16" HPOS="306" VPOS="265" WIDTH="152" HEIGHT="22" WC="0.95" CONTENT="betänkande?"/>
						</TextLine>
					</TextBlock>
					<TextBlock ID="block_3" HPOS="199" VPOS="300" WIDTH="375" HEIGHT="28">
						<TextLine ID="line_5" HPOS="199" VPOS="300" WIDTH="375" HEIGHT="28">
							<String ID="string_17" HPOS="199" VPOS="300" WIDTH="138" HEIGHT="20" WC="0.92" CONTENT="Besvarades"/><SP WIDTH="15" VPOS="300" HPOS="337"/>
							<String ID="string_18" HPOS="352" VPOS="300" WIDTH="107" HEIGHT="27" WC="0.93" CONTENT="enhälligt"/><SP WIDTH="13" VPOS="300" HPOS="459"/>
							<String ID="string_19" HPOS="472" VPOS="300" WIDTH="102" HEIGHT="28" WC="0.93" CONTENT="jakande."/>
						</TextLine>
					</TextBlock>
					<TextBlock ID="block_4" HPOS="129" VPOS="334" WIDTH="753" HEIGHT="124">
						<TextLine ID="line_6" HPOS="200" VPOS="334" WIDTH="682" HEIGHT="29">
							<String ID="string_20" HPOS="200" VPOS="334" WIDTH="43" HEIGHT="21" WC="0.96" CONTENT="Till"/><SP WIDTH="19" VPOS="334" HPOS="243"/>
							<String ID="string_21" HPOS="262" VPOS="334" WIDTH="57" HEIGHT="28" WC="0.96" CONTENT="följd"/><SP WIDTH="18" VPOS="334" HPOS="319"/>
							<String ID="string_22" HPOS="337" VPOS="334" WIDTH="65" HEIGHT="21" WC="0.96" CONTENT="häraf"/><SP WIDTH="18" VPOS="334" HPOS="402"/>
							<String ID="string_23" HPOS="420" VPOS="334" WIDTH="70" HEIGHT="21" WC="0.96" CONTENT="skulle"/><SP WIDTH="20" VPOS="334" HPOS="490"/>
							<String ID="string_24" HPOS="510" VPOS="334" WIDTH="125" HEIGHT="28" WC="0.93" CONTENT="respektive"/><SP WIDTH="16" VPOS="334" HPOS="635"/>
							<String ID="string_25" HPOS="651" VPOS="334" WIDTH="143" HEIGHT="22" WC="0.92" CONTENT="medstånden"/><SP WIDTH="16" VPOS="334" HPOS="794"/>
							<String ID="string_26" HPOS="810" VPOS="334" WIDTH="72" HEIGHT="29" WC="0.91" CONTENT="inbju-"/>
						</TextLine>
						<TextLine ID="line_7" HPOS="131" VPOS="368" WIDTH="751" HEIGHT="29">
							<String ID="string_27" HPOS="131" VPOS="369" WIDTH="37" HEIGHT="20" WC="0.95" CONTENT="das"/><SP WIDTH="21" VPOS="369" HPOS="168"/>
							<String ID="string_28" HPOS="189" VPOS="370" WIDTH="32" HEIGHT="19" WC="0.96" CONTENT="att"/><SP WIDTH="20" VPOS="370" HPOS="221"/>
							<String ID="string_29" HPOS="241" VPOS="368" WIDTH="87" HEIGHT="28" WC="0.96" CONTENT="deltaga"/><SP WIDTH="15" VPOS="368" HPOS="328"/>
							<String ID="string_30" HPOS="343" VPOS="369" WIDTH="7" HEIGHT="20" WC="0.93" CONTENT="i"/><SP WIDTH="15" VPOS="369" HPOS="350"/>
							<String ID="string_31" HPOS="365" VPOS="368" WIDTH="130" HEIGHT="28" WC="0.91" CONTENT="petitionen,"/><SP WIDTH="15" VPOS="368" HPOS="495"/>
							<String ID="string_32" HPOS="510" VPOS="368" WIDTH="91" HEIGHT="22" WC="0.96" CONTENT="hvilken"/><SP WIDTH="16" VPOS="368" HPOS="601"/>
							<String ID="string_33" HPOS="617" VPOS="368" WIDTH="74" HEIGHT="28" WC="0.93" CONTENT="sedan,"/><SP WIDTH="15" VPOS="368" HPOS="691"/>
							<String ID="string_34" HPOS="706" VPOS="369" WIDTH="74" HEIGHT="21" WC="0.92" CONTENT="derest"/><SP WIDTH="15" VPOS="369" HPOS="780"/>
							<String ID="string_35" HPOS="795" VPOS="368" WIDTH="87" HEIGHT="29" WC="0.92" CONTENT="inbjud-"/>
						</TextLine>
						<TextLine ID="line_8" HPOS="129" VPOS="402" WIDTH="753" HEIGHT="28">
							<String ID="string_36" HPOS="129" VPOS="402" WIDTH="82" HEIGHT="28" WC="0.96" CONTENT="ningen"/><SP WIDTH="16" VPOS="402" HPOS="211"/>
							<String ID="string_37" HPOS="227" VPOS="405" WIDTH="100" HEIGHT="25" WC="0.96" CONTENT="antages,"/><SP WIDTH="15" VPOS="405" HPOS="327"/>
							<String ID="string_38" HPOS="342" VPOS="402" WIDTH="86" HEIGHT="22" WC="0.96" CONTENT="komme"/><SP WIDTH="16" VPOS="402" HPOS="428"/>
							<String ID="string_39" HPOS="444" VPOS="404" WIDTH="31" HEIGHT="20" WC="0.96" CONTENT="att"/><SP WIDTH="15" VPOS="404" HPOS="475"/>
							<String ID="string_40" HPOS="490" VPOS="404" WIDTH="7" HEIGHT="20" WC="0.96" CONTENT="i"/><SP WIDTH="15" VPOS="404" HPOS="497"/>
							<String ID="string_41" HPOS="512" VPOS="403" WIDTH="104" HEIGHT="21" WC="0.93" CONTENT="afseende"/><SP WIDTH="16" VPOS="403" HPOS="616"/>
							<String ID="string_42" HPOS="632" VPOS="404" WIDTH="12" HEIGHT="20" WC="0.92" CONTENT="å"/><SP WIDTH="15" VPOS="404" HPOS="644"/>
							<String ID="string_43" HPOS="659" VPOS="403" WIDTH="74" HEIGHT="21" WC="0.96" CONTENT="vidare"/><SP WIDTH="16" VPOS="403" HPOS="733"/>
							<String ID="string_44" HPOS="749" VPOS="403" WIDTH="133" HEIGHT="27" WC="0.96" CONTENT="behandling"/>
						</TextLine>
						<TextLine ID="line_9" HPOS="130" VPOS="436" WIDTH="614" HEIGHT="22">
							<String ID="string_45" HPOS="130" VPOS="436" WIDTH="33" HEIGHT="21" WC="0.93" CONTENT="till"/><SP WIDTH="16" VPOS="436" HPOS="163"/>
							<String ID="string_46" HPOS="179" VPOS="437" WIDTH="103" HEIGHT="20" WC="0.91" CONTENT="ståndens"/><SP WIDTH="15" VPOS="437" HPOS="282"/>
							<String ID="string_47" HPOS="297" VPOS="436" WIDTH="111" HEIGHT="21" WC="0.92" CONTENT="allmänna"/><SP WIDTH="15" VPOS="436" HPOS="408"/>
							<String ID="string_48" HPOS="423" VPOS="437" WIDTH="175" HEIGHT="21" WC="0.91" CONTENT="besvärsutskott"/><SP WIDTH="15" VPOS="437" HPOS="598"/>
							<String ID="string_49" HPOS="613" VPOS="437" WIDTH="131" HEIGHT="21" WC="0.96" CONTENT="remitteras."/>
						</TextLine>
					</TextBlock>
					<TextBlock ID="block_5" HPOS="126" VPOS="471" WIDTH="754" HEIGHT="166">
						<TextLine ID="line_10" HPOS="199" VPOS="471" WIDTH="681" HEIGHT="28">
							<String ID="string_50" HPOS="199" VPOS="472" WIDTH="32" HEIGHT="20" WC="0.70" CONTENT="7:o"/><SP WIDTH="16" VPOS="472" HPOS="231"/>
							<String ID="string_51" HPOS="247" VPOS="471" WIDTH="88" HEIGHT="21" WC="0.93" CONTENT="likadan"/><SP WIDTH="15" VPOS="471" HPOS="335"/>
							<String ID="string_52" HPOS="350" VPOS="471" WIDTH="132" HEIGHT="28" WC="0.91" CONTENT="inbjudning"/><SP WIDTH="15" VPOS="471" HPOS="482"/>
							<String ID="string_53" HPOS="497" VPOS="471" WIDTH="48" HEIGHT="22" WC="0.92" CONTENT="från"/><SP WIDTH="16" VPOS="471" HPOS="545"/>
							<String ID="string_54" HPOS="561" VPOS="471" WIDTH="128" HEIGHT="21" WC="0.90" CONTENT="änbemälde"/><SP WIDTH="17" VPOS="471" HPOS="689"/>
							<String ID="string_55" HPOS="706" VPOS="471" WIDTH="62" HEIGHT="21" WC="0.96" CONTENT="stånd"/><SP WIDTH="16" VPOS="471" HPOS="768"/>
							<String ID="string_56" HPOS="784" VPOS="478" WIDTH="35" HEIGHT="14" WC="0.93" CONTENT="om"/><SP WIDTH="16" VPOS="478" HPOS="819"/>
							<String ID="string_57" HPOS="835" VPOS="471" WIDTH="45" HEIGHT="21" WC="0.92" CONTENT="lan-"/>
						</TextLine>
						<TextLine ID="line_11" HPOS="129" VPOS="505" WIDTH="750" HEIGHT="28">
							<String ID="string_58" HPOS="129" VPOS="505" WIDTH="47" HEIGHT="21" WC="0.96" CONTENT="dets"/><SP WIDTH="16" VPOS="505" HPOS="176"/>
							<String ID="string_59" HPOS="192" VPOS="505" WIDTH="125" HEIGHT="28" WC="0.96" CONTENT="likformiga"/><SP WIDTH="15" VPOS="505" HPOS="317"/>
							<String ID="string_60" HPOS="332" VPOS="505" WIDTH="114" HEIGHT="28" WC="0.96" CONTENT="indelning"/><SP WIDTH="15" VPOS="505" HPOS="446"/>
							<String ID="string_61" HPOS="461" VPOS="505" WIDTH="7" HEIGHT="20" WC="0.93" CONTENT="i"/><SP WIDTH="12" VPOS="505" HPOS="468"/>
							<String ID="string_62" HPOS="480" VPOS="505" WIDTH="109" HEIGHT="28" WC="0.92" CONTENT="judicielt,"/><SP WIDTH="16" VPOS="505" HPOS="589"/>
							<String ID="string_63" HPOS="605" VPOS="505" WIDTH="170" HEIGHT="22" WC="0.96" CONTENT="administrativt"/><SP WIDTH="14" VPOS="505" HPOS="775"/>
							<String ID="string_64" HPOS="789" VPOS="505" WIDTH="41" HEIGHT="22" WC="0.92" CONTENT="och"/><SP WIDTH="15" VPOS="505" HPOS="830"/>
							<String ID="string_65" HPOS="845" VPOS="512" WIDTH="34" HEIGHT="14" WC="0.91" CONTENT="ec-"/>
						</TextLine>
						<TextLine ID="line_12" HPOS="129" VPOS="539" WIDTH="750" HEIGHT="29">
							<String ID="string_66" HPOS="129" VPOS="539" WIDTH="135" HEIGHT="22" WC="0.91" CONTENT="klesiastiskt"/><SP WIDTH="21" VPOS="539" HPOS="264"/>
							<String ID="string_67" HPOS="285" VPOS="539" WIDTH="135" HEIGHT="28" WC="0.96" CONTENT="hänseende,"/><SP WIDTH="23" VPOS="539" HPOS="420"/>
							<String ID="string_68" HPOS="443" VPOS="540" WIDTH="114" HEIGHT="21" WC="0.96" CONTENT="meddelad"/><SP WIDTH="22" VPOS="540" HPOS="557"/>
							<String ID="string_69" HPOS="579" VPOS="539" WIDTH="152" HEIGHT="29" WC="0.96" CONTENT="ridderskapet"/><SP WIDTH="21" VPOS="539" HPOS="731"/>
							<String ID="string_70" HPOS="752" VPOS="540" WIDTH="40" HEIGHT="21" WC="0.96" CONTENT="och"/><SP WIDTH="22" VPOS="540" HPOS="792"/>
							<String ID="string_71" HPOS="814" VPOS="539" WIDTH="65" HEIGHT="22" WC="0.95" CONTENT="adeln"/>
						</TextLine>
						<TextLine ID="line_13" HPOS="126" VPOS="574" WIDTH="753" HEIGHT="29">
							<String ID="string_72" HPOS="126" VPOS="575" WIDTH="69" HEIGHT="27" WC="0.96" CONTENT="jemte"/><SP WIDTH="21" VPOS="575" HPOS="195"/>
							<String ID="string_73" HPOS="216" VPOS="574" WIDTH="78" HEIGHT="29" WC="0.96" CONTENT="utdrag"/><SP WIDTH="20" VPOS="574" HPOS="294"/>
							<String ID="string_74" HPOS="314" VPOS="581" WIDTH="25" HEIGHT="14" WC="0.93" CONTENT="ur"/><SP WIDTH="20" VPOS="581" HPOS="339"/>
							<String ID="string_75" HPOS="359" VPOS="574" WIDTH="173" HEIGHT="28" WC="0.90" CONTENT="prestaståndets"/><SP WIDTH="20" VPOS="574" HPOS="532"/>
							<String ID="string_76" HPOS="552" VPOS="574" WIDTH="110" HEIGHT="29" WC="0.96" CONTENT="protokoll"/><SP WIDTH="18" VPOS="574" HPOS="662"/>
							<String ID="string_77" HPOS="680" VPOS="575" WIDTH="34" HEIGHT="20" WC="0.96" CONTENT="för"/><SP WIDTH="16" VPOS="575" HPOS="714"/>
							<String ID="string_78" HPOS="730" VPOS="574" WIDTH="96" HEIGHT="28" WC="0.93" CONTENT="följande"/><SP WIDTH="16" VPOS="574" HPOS="826"/>
							<String ID="string_79" HPOS="842" VPOS="574" WIDTH="37" HEIGHT="21" WC="0.92" CONTENT="da-"/>
						</TextLine>
						<TextLine ID="line_14" HPOS="129" VPOS="608" WIDTH="285" HEIGHT="29">
							<String ID="string_80" HPOS="129" VPOS="617" WIDTH="45" HEIGHT="20" WC="0.92" CONTENT="gar,"/><SP WIDTH="19" VPOS="617" HPOS="174"/>
							<String ID="string_81" HPOS="193" VPOS="608" WIDTH="103" HEIGHT="24" WC="0.91" CONTENT="affattade"/><SP WIDTH="16" VPOS="608" HPOS="296"/>
							<String ID="string_82" HPOS="312" VPOS="609" WIDTH="102" HEIGHT="21" WC="0.96" CONTENT="sålunda:"/>
						</TextLine>
					</TextBlock>
					<TextBlock ID="block_6" HPOS="407" VPOS="643" WIDTH="192" HEIGHT="23">
						<TextLine ID="line_15" HPOS="407" VPOS="643" WIDTH="192" HEIGHT="23">
							<String ID="string_83" HPOS="407" VPOS="643" WIDTH="49" HEIGHT="21" WC="0.95" CONTENT="Den"/><SP WIDTH="15" VPOS="643" HPOS="456"/>
							<String ID="string_84" HPOS="471" VPOS="644" WIDTH="13" HEIGHT="20" WC="0.94" CONTENT="9"/><SP WIDTH="16" VPOS="644" HPOS="484"/>
							<String ID="string_85" HPOS="500" VPOS="643" WIDTH="99" HEIGHT="23" WC="0.96" CONTENT="oktober."/>
						</TextLine>
					</TextBlock>
					<TextBlock ID="block_7" HPOS="126" VPOS="678" WIDTH="751" HEIGHT="63">
						<TextLine ID="line_16" HPOS="194" VPOS="678" WIDTH="683" HEIGHT="29">
							<String ID="string_86" HPOS="194" VPOS="679" WIDTH="94" HEIGHT="20" WC="0.93" CONTENT="Prosten"/><SP WIDTH="15" VPOS="679" HPOS="288"/>
							<String ID="string_87" HPOS="303" VPOS="678" WIDTH="28" HEIGHT="21" WC="0.89" CONTENT="H."/><SP WIDTH="16" VPOS="678" HPOS="331"/>
							<String ID="string_88" HPOS="347" VPOS="678" WIDTH="81" HEIGHT="21" WC="0.91" CONTENT="Heikel"/><SP WIDTH="16" VPOS="678" HPOS="428"/>
							<String ID="string_89" HPOS="444" VPOS="678" WIDTH="99" HEIGHT="29" WC="0.92" CONTENT="uppläste"/><SP WIDTH="16" VPOS="678" HPOS="543"/>
							<String ID="string_90" HPOS="559" VPOS="678" WIDTH="40" HEIGHT="21" WC="0.93" CONTENT="och"/><SP WIDTH="16" VPOS="678" HPOS="599"/>
							<String ID="string_91" HPOS="615" VPOS="678" WIDTH="124" HEIGHT="22" WC="0.92" CONTENT="inlemnade"/><SP WIDTH="17" VPOS="678" HPOS="739"/>
							<String ID="string_92" HPOS="756" VPOS="680" WIDTH="31" HEIGHT="19" WC="0.93" CONTENT="ett"/><SP WIDTH="10" VPOS="680" HPOS="787"/>
							<String ID="string_93" HPOS="797" VPOS="685" WIDTH="80" HEIGHT="15" WC="0.92" CONTENT="memo-"/>
						</TextLine>
						<TextLine ID="line_17" HPOS="126" VPOS="712" WIDTH="364" HEIGHT="29">
							<String ID="string_94" HPOS="126" VPOS="713" WIDTH="41" HEIGHT="22" WC="0.96" CONTENT="rial"/><SP WIDTH="15" VPOS="713" HPOS="167"/>
							<String ID="string_95" HPOS="182" VPOS="713" WIDTH="24" HEIGHT="21" WC="0.92" CONTENT="af"/><SP WIDTH="13" VPOS="713" HPOS="206"/>
							<String ID="string_96" HPOS="219" VPOS="713" WIDTH="162" HEIGHT="27" WC="0.91" CONTENT="nedanintagne"/><SP WIDTH="16" VPOS="713" HPOS="381"/>
							<String ID="string_97" HPOS="397" VPOS="712" WIDTH="93" HEIGHT="29" WC="0.95" CONTENT="lydelse:"/>
						</TextLine>
					</TextBlock>
					<TextBlock ID="block_8" HPOS="115" VPOS="746" WIDTH="761" HEIGHT="681">
						<TextLine ID="line_18" HPOS="195" VPOS="746" WIDTH="680" HEIGHT="29">
							<String ID="string_98" HPOS="195" VPOS="764" WIDTH="8" HEIGHT="9" WC="0.71" CONTENT="n"/><SP WIDTH="4" VPOS="764" HPOS="203"/>
							<String ID="string_99" HPOS="207" VPOS="747" WIDTH="172" HEIGHT="28" WC="0.96" CONTENT="Förvaltningen"/><SP WIDTH="20" VPOS="747" HPOS="379"/>
							<String ID="string_100" HPOS="399" VPOS="747" WIDTH="25" HEIGHT="21" WC="0.96" CONTENT="af"/><SP WIDTH="17" VPOS="747" HPOS="424"/>
							<String ID="string_101" HPOS="441" VPOS="747" WIDTH="48" HEIGHT="21" WC="0.93" CONTENT="vårt"/><SP WIDTH="20" VPOS="747" HPOS="489"/>
							<String ID="string_102" HPOS="509" VPOS="746" WIDTH="131" HEIGHT="22" WC="0.93" CONTENT="fosterlands"/><SP WIDTH="21" VPOS="746" HPOS="640"/>
							<String ID="string_103" HPOS="661" VPOS="747" WIDTH="108" HEIGHT="21" WC="0.93" CONTENT="särskilda"/><SP WIDTH="20" VPOS="747" HPOS="769"/>
							<String ID="string_104" HPOS="789" VPOS="747" WIDTH="86" HEIGHT="27" WC="0.92" CONTENT="angelä-"/>
						</TextLine>
						<TextLine ID="line_19" HPOS="124" VPOS="781" WIDTH="752" HEIGHT="29">
							<String ID="string_105" HPOS="124" VPOS="781" WIDTH="108" HEIGHT="29" WC="0.90" CONTENT="genheter"/><SP WIDTH="19" VPOS="781" HPOS="232"/>
							<String ID="string_106" HPOS="251" VPOS="781" WIDTH="111" HEIGHT="22" WC="0.90" CONTENT="invecklas"/><SP WIDTH="16" VPOS="781" HPOS="362"/>
							<String ID="string_107" HPOS="378" VPOS="782" WIDTH="7" HEIGHT="20" WC="0.93" CONTENT="i"/><SP WIDTH="17" VPOS="782" HPOS="385"/>
							<String ID="string_108" HPOS="402" VPOS="781" WIDTH="96" HEIGHT="28" WC="0.91" CONTENT="betydlig"/><SP WIDTH="20" VPOS="781" HPOS="498"/>
							<String ID="string_109" HPOS="518" VPOS="789" WIDTH="51" HEIGHT="14" WC="0.93" CONTENT="mon"/><SP WIDTH="20" VPOS="789" HPOS="569"/>
							<String ID="string_110" HPOS="589" VPOS="781" WIDTH="137" HEIGHT="28" WC="0.92" CONTENT="derigenom,"/><SP WIDTH="16" VPOS="781" HPOS="726"/>
							<String ID="string_111" HPOS="742" VPOS="782" WIDTH="33" HEIGHT="20" WC="0.93" CONTENT="att"/><SP WIDTH="14" VPOS="782" HPOS="775"/>
							<String ID="string_112" HPOS="789" VPOS="781" WIDTH="87" HEIGHT="21" WC="0.93" CONTENT="landets"/>
						</TextLine>
						<TextLine ID="line_20" HPOS="125" VPOS="815" WIDTH="751" HEIGHT="29">
							<String ID="string_113" HPOS="125" VPOS="816" WIDTH="60" HEIGHT="21" WC="0.93" CONTENT="olika"/><SP WIDTH="14" VPOS="816" HPOS="185"/>
							<String ID="string_114" HPOS="199" VPOS="816" WIDTH="138" HEIGHT="28" WC="0.88" CONTENT="indelningar"/><SP WIDTH="16" VPOS="816" HPOS="337"/>
							<String ID="string_115" HPOS="353" VPOS="816" WIDTH="7" HEIGHT="20" WC="0.93" CONTENT="i"/><SP WIDTH="13" VPOS="816" HPOS="360"/>
							<String ID="string_116" HPOS="373" VPOS="816" WIDTH="108" HEIGHT="28" WC="0.92" CONTENT="judicielt,"/><SP WIDTH="12" VPOS="816" HPOS="481"/>
							<String ID="string_117" HPOS="493" VPOS="816" WIDTH="170" HEIGHT="21" WC="0.92" CONTENT="administrativt"/><SP WIDTH="10" VPOS="816" HPOS="663"/>
							<String ID="string_118" HPOS="673" VPOS="816" WIDTH="41" HEIGHT="21" WC="0.93" CONTENT="och"/><SP WIDTH="11" VPOS="816" HPOS="714"/>
							<String ID="string_119" HPOS="725" VPOS="815" WIDTH="151" HEIGHT="22" WC="0.92" CONTENT="ecklesiastikt"/>
						</TextLine>
						<TextLine ID="line_21" HPOS="123" VPOS="849" WIDTH="752" HEIGHT="23">
							<String ID="string_120" HPOS="123" VPOS="851" WIDTH="104" HEIGHT="21" WC="0.92" CONTENT="afseende"/><SP WIDTH="19" VPOS="851" HPOS="227"/>
							<String ID="string_121" HPOS="246" VPOS="850" WIDTH="48" HEIGHT="22" WC="0.92" CONTENT="icke"/><SP WIDTH="20" VPOS="850" HPOS="294"/>
							<String ID="string_122" HPOS="314" VPOS="850" WIDTH="194" HEIGHT="21" WC="0.90" CONTENT="öfverensstämma"/><SP WIDTH="17" VPOS="850" HPOS="508"/>
							<String ID="string_123" HPOS="525" VPOS="851" WIDTH="50" HEIGHT="20" WC="0.93" CONTENT="med"/><SP WIDTH="16" VPOS="851" HPOS="575"/>
							<String ID="string_124" HPOS="591" VPOS="850" WIDTH="128" HEIGHT="22" WC="0.92" CONTENT="hvarandra."/><SP WIDTH="30" VPOS="850" HPOS="719"/>
							<String ID="string_125" HPOS="749" VPOS="850" WIDTH="29" HEIGHT="21" WC="0.89" CONTENT="Sä"/><SP WIDTH="15" VPOS="850" HPOS="778"/>
							<String ID="string_126" HPOS="793" VPOS="849" WIDTH="82" HEIGHT="22" WC="0.92" CONTENT="händer"/>
						</TextLine>
						<TextLine ID="line_22" HPOS="124" VPOS="884" WIDTH="751" HEIGHT="29">
							<String ID="string_127" HPOS="124" VPOS="887" WIDTH="14" HEIGHT="19" WC="0.76" CONTENT="t."/><SP WIDTH="20" VPOS="887" HPOS="138"/>
							<String ID="string_128" HPOS="158" VPOS="893" WIDTH="41" HEIGHT="19" WC="0.90" CONTENT="ex.,"/><SP WIDTH="16" VPOS="893" HPOS="199"/>
							<String ID="string_129" HPOS="215" VPOS="887" WIDTH="32" HEIGHT="19" WC="0.96" CONTENT="att"/><SP WIDTH="18" VPOS="887" HPOS="247"/>
							<String ID="string_130" HPOS="265" VPOS="887" WIDTH="31" HEIGHT="20" WC="0.93" CONTENT="ett"/><SP WIDTH="19" VPOS="887" HPOS="296"/>
							<String ID="string_131" HPOS="315" VPOS="886" WIDTH="99" HEIGHT="27" WC="0.96" CONTENT="pastorat"/><SP WIDTH="20" VPOS="886" HPOS="414"/>
							<String ID="string_132" HPOS="434" VPOS="885" WIDTH="118" HEIGHT="21" WC="0.96" CONTENT="innefattar"/><SP WIDTH="20" VPOS="885" HPOS="552"/>
							<String ID="string_133" HPOS="572" VPOS="885" WIDTH="60" HEIGHT="21" WC="0.96" CONTENT="delar"/><SP WIDTH="21" VPOS="885" HPOS="632"/>
							<String ID="string_134" HPOS="653" VPOS="885" WIDTH="24" HEIGHT="21" WC="0.96" CONTENT="af"/><SP WIDTH="21" VPOS="885" HPOS="677"/>
							<String ID="string_135" HPOS="698" VPOS="887" WIDTH="32" HEIGHT="19" WC="0.96" CONTENT="tre"/><SP WIDTH="20" VPOS="887" HPOS="730"/>
							<String ID="string_136" HPOS="750" VPOS="884" WIDTH="59" HEIGHT="22" WC="0.96" CONTENT="olika"/><SP WIDTH="19" VPOS="884" HPOS="809"/>
							<String ID="string_137" HPOS="828" VPOS="885" WIDTH="47" HEIGHT="26" WC="0.96" CONTENT="län,"/>
						</TextLine>
						<TextLine ID="line_23" HPOS="122" VPOS="917" WIDTH="752" HEIGHT="30">
							<String ID="string_138" HPOS="122" VPOS="920" WIDTH="142" HEIGHT="27" WC="0.91" CONTENT="hvarigenom"/><SP WIDTH="21" VPOS="920" HPOS="264"/>
							<String ID="string_139" HPOS="285" VPOS="927" WIDTH="26" HEIGHT="13" WC="0.93" CONTENT="en"/><SP WIDTH="19" VPOS="927" HPOS="311"/>
							<String ID="string_140" HPOS="330" VPOS="919" WIDTH="138" HEIGHT="27" WC="0.91" CONTENT="kyrkoherde"/><SP WIDTH="16" VPOS="919" HPOS="468"/>
							<String ID="string_141" HPOS="484" VPOS="917" WIDTH="98" HEIGHT="23" WC="0.96" CONTENT="kommer"/><SP WIDTH="15" VPOS="917" HPOS="582"/>
							<String ID="string_142" HPOS="597" VPOS="920" WIDTH="8" HEIGHT="20" WC="0.93" CONTENT="i"/><SP WIDTH="15" VPOS="920" HPOS="605"/>
							<String ID="string_143" HPOS="620" VPOS="919" WIDTH="190" HEIGHT="27" WC="0.92" CONTENT="embetsberöring"/><SP WIDTH="14" VPOS="919" HPOS="810"/>
							<String ID="string_144" HPOS="824" VPOS="919" WIDTH="50" HEIGHT="21" WC="0.96" CONTENT="med"/>
						</TextLine>
						<TextLine ID="line_24" HPOS="122" VPOS="951" WIDTH="751" HEIGHT="31">
							<String ID="string_145" HPOS="122" VPOS="956" WIDTH="32" HEIGHT="19" WC="0.92" CONTENT="tre"/><SP WIDTH="16" VPOS="956" HPOS="154"/>
							<String ID="string_146" HPOS="170" VPOS="953" WIDTH="71" HEIGHT="22" WC="0.92" CONTENT="skilda"/><SP WIDTH="14" VPOS="953" HPOS="241"/>
							<String ID="string_147" HPOS="255" VPOS="951" WIDTH="135" HEIGHT="31" WC="0.92" CONTENT="guvernörer"/><SP WIDTH="16" VPOS="951" HPOS="390"/>
							<String ID="string_148" HPOS="406" VPOS="954" WIDTH="40" HEIGHT="20" WC="0.96" CONTENT="och"/><SP WIDTH="15" VPOS="954" HPOS="446"/>
							<String ID="string_149" HPOS="461" VPOS="956" WIDTH="33" HEIGHT="18" WC="0.91" CONTENT="tre"/><SP WIDTH="11" VPOS="956" HPOS="494"/>
							<String ID="string_150" HPOS="505" VPOS="954" WIDTH="108" HEIGHT="26" WC="0.91" CONTENT="länsmän;"/><SP WIDTH="18" VPOS="954" HPOS="613"/>
							<String ID="string_151" HPOS="631" VPOS="960" WIDTH="26" HEIGHT="14" WC="0.96" CONTENT="en"/><SP WIDTH="12" VPOS="960" HPOS="657"/>
							<String ID="string_152" HPOS="669" VPOS="954" WIDTH="28" HEIGHT="28" WC="0.96" CONTENT="by"/><SP WIDTH="11" VPOS="954" HPOS="697"/>
							<String ID="string_153" HPOS="708" VPOS="953" WIDTH="53" HEIGHT="21" WC="0.95" CONTENT="eller"/><SP WIDTH="11" VPOS="953" HPOS="761"/>
							<String ID="string_154" HPOS="772" VPOS="954" WIDTH="31" HEIGHT="20" WC="0.93" CONTENT="ett"/><SP WIDTH="10" VPOS="954" HPOS="803"/>
							<String ID="string_155" HPOS="813" VPOS="953" WIDTH="60" HEIGHT="21" WC="0.93" CONTENT="hem-"/>
						</TextLine>
						<TextLine ID="line_25" HPOS="122" VPOS="987" WIDTH="752" HEIGHT="22">
							<String ID="string_156" HPOS="122" VPOS="996" WIDTH="50" HEIGHT="13" WC="0.96" CONTENT="man"/><SP WIDTH="21" VPOS="996" HPOS="172"/>
							<String ID="string_157" HPOS="193" VPOS="988" WIDTH="40" HEIGHT="21" WC="0.87" CONTENT="hör"/><SP WIDTH="18" VPOS="988" HPOS="233"/>
							<String ID="string_158" HPOS="251" VPOS="988" WIDTH="7" HEIGHT="20" WC="0.87" CONTENT="i"/><SP WIDTH="19" VPOS="988" HPOS="258"/>
							<String ID="string_159" HPOS="277" VPOS="988" WIDTH="169" HEIGHT="21" WC="0.96" CONTENT="administrativt"/><SP WIDTH="16" VPOS="988" HPOS="446"/>
							<String ID="string_160" HPOS="462" VPOS="988" WIDTH="40" HEIGHT="21" WC="0.96" CONTENT="och"/><SP WIDTH="16" VPOS="988" HPOS="502"/>
							<String ID="string_161" HPOS="518" VPOS="988" WIDTH="139" HEIGHT="21" WC="0.93" CONTENT="ekonomiskt"/><SP WIDTH="15" VPOS="988" HPOS="657"/>
							<String ID="string_162" HPOS="672" VPOS="987" WIDTH="104" HEIGHT="21" WC="0.96" CONTENT="afseende"/><SP WIDTH="17" VPOS="987" HPOS="776"/>
							<String ID="string_163" HPOS="793" VPOS="987" WIDTH="33" HEIGHT="21" WC="0.96" CONTENT="till"/><SP WIDTH="16" VPOS="987" HPOS="826"/>
							<String ID="string_164" HPOS="842" VPOS="989" WIDTH="32" HEIGHT="19" WC="0.96" CONTENT="ett"/>
						</TextLine>
						<TextLine ID="line_26" HPOS="121" VPOS="1022" WIDTH="751" HEIGHT="27">
							<String ID="string_165" HPOS="121" VPOS="1022" WIDTH="99" HEIGHT="27" WC="0.91" CONTENT="omräde,"/><SP WIDTH="20" VPOS="1022" HPOS="220"/>
							<String ID="string_166" HPOS="240" VPOS="1023" WIDTH="7" HEIGHT="20" WC="0.92" CONTENT="i"/><SP WIDTH="21" VPOS="1023" HPOS="247"/>
							<String ID="string_167" HPOS="268" VPOS="1022" WIDTH="150" HEIGHT="21" WC="0.88" CONTENT="ecklesiastikt"/><SP WIDTH="21" VPOS="1022" HPOS="418"/>
							<String ID="string_168" HPOS="439" VPOS="1022" WIDTH="103" HEIGHT="22" WC="0.92" CONTENT="afseende"/><SP WIDTH="19" VPOS="1022" HPOS="542"/>
							<String ID="string_169" HPOS="561" VPOS="1022" WIDTH="34" HEIGHT="21" WC="0.96" CONTENT="till"/><SP WIDTH="20" VPOS="1022" HPOS="595"/>
							<String ID="string_170" HPOS="615" VPOS="1024" WIDTH="31" HEIGHT="19" WC="0.96" CONTENT="ett"/><SP WIDTH="18" VPOS="1024" HPOS="646"/>
							<String ID="string_171" HPOS="664" VPOS="1024" WIDTH="78" HEIGHT="24" WC="0.96" CONTENT="annat,"/><SP WIDTH="15" VPOS="1024" HPOS="742"/>
							<String ID="string_172" HPOS="757" VPOS="1022" WIDTH="53" HEIGHT="21" WC="0.96" CONTENT="eller"/><SP WIDTH="15" VPOS="1022" HPOS="810"/>
							<String ID="string_173" HPOS="825" VPOS="1022" WIDTH="47" HEIGHT="26" WC="0.96" CONTENT="hör,"/>
						</TextLine>
						<TextLine ID="line_27" HPOS="120" VPOS="1056" WIDTH="752" HEIGHT="29">
							<String ID="string_174" HPOS="120" VPOS="1058" WIDTH="71" HEIGHT="20" WC="0.95" CONTENT="såsom"/><SP WIDTH="17" VPOS="1058" HPOS="191"/>
							<String ID="string_175" HPOS="208" VPOS="1057" WIDTH="109" HEIGHT="28" WC="0.93" CONTENT="allmogen"/><SP WIDTH="15" VPOS="1057" HPOS="317"/>
							<String ID="string_176" HPOS="332" VPOS="1057" WIDTH="78" HEIGHT="28" WC="0.93" CONTENT="plägar"/><SP WIDTH="16" VPOS="1057" HPOS="410"/>
							<String ID="string_177" HPOS="426" VPOS="1057" WIDTH="52" HEIGHT="28" WC="0.95" CONTENT="sjelf"/><SP WIDTH="14" VPOS="1057" HPOS="478"/>
							<String ID="string_178" HPOS="492" VPOS="1057" WIDTH="101" HEIGHT="28" WC="0.96" CONTENT="uttrycka"/><SP WIDTH="16" VPOS="1057" HPOS="593"/>
							<String ID="string_179" HPOS="609" VPOS="1057" WIDTH="40" HEIGHT="27" WC="0.96" CONTENT="sig,"/><SP WIDTH="15" VPOS="1057" HPOS="649"/>
							<String ID="string_180" HPOS="664" VPOS="1056" WIDTH="50" HEIGHT="22" WC="0.93" CONTENT="med"/><SP WIDTH="15" VPOS="1056" HPOS="714"/>
							<String ID="string_181" HPOS="729" VPOS="1057" WIDTH="99" HEIGHT="27" WC="0.95" CONTENT="kroppen"/><SP WIDTH="10" VPOS="1057" HPOS="828"/>
							<String ID="string_182" HPOS="838" VPOS="1056" WIDTH="34" HEIGHT="20" WC="0.96" CONTENT="till"/>
						</TextLine>
						<TextLine ID="line_28" HPOS="120" VPOS="1090" WIDTH="752" HEIGHT="30">
							<String ID="string_183" HPOS="120" VPOS="1093" WIDTH="32" HEIGHT="19" WC="0.96" CONTENT="ett"/><SP WIDTH="15" VPOS="1093" HPOS="152"/>
							<String ID="string_184" HPOS="167" VPOS="1092" WIDTH="94" HEIGHT="27" WC="0.96" CONTENT="distrikt,"/><SP WIDTH="16" VPOS="1092" HPOS="261"/>
							<String ID="string_185" HPOS="277" VPOS="1098" WIDTH="50" HEIGHT="14" WC="0.96" CONTENT="men"/><SP WIDTH="16" VPOS="1098" HPOS="327"/>
							<String ID="string_186" HPOS="343" VPOS="1091" WIDTH="50" HEIGHT="21" WC="0.95" CONTENT="med"/><SP WIDTH="15" VPOS="1091" HPOS="393"/>
							<String ID="string_187" HPOS="408" VPOS="1092" WIDTH="70" HEIGHT="28" WC="0.95" CONTENT="själen"/><SP WIDTH="16" VPOS="1092" HPOS="478"/>
							<String ID="string_188" HPOS="494" VPOS="1092" WIDTH="34" HEIGHT="20" WC="0.95" CONTENT="till"/><SP WIDTH="16" VPOS="1092" HPOS="528"/>
							<String ID="string_189" HPOS="544" VPOS="1093" WIDTH="31" HEIGHT="19" WC="0.96" CONTENT="ett"/><SP WIDTH="15" VPOS="1093" HPOS="575"/>
							<String ID="string_190" HPOS="590" VPOS="1093" WIDTH="77" HEIGHT="25" WC="0.96" CONTENT="annat;"/><SP WIDTH="13" VPOS="1093" HPOS="667"/>
							<String ID="string_191" HPOS="680" VPOS="1092" WIDTH="25" HEIGHT="27" WC="0.96" CONTENT="ja"/><SP WIDTH="15" VPOS="1092" HPOS="705"/>
							<String ID="string_192" HPOS="720" VPOS="1090" WIDTH="70" HEIGHT="22" WC="0.93" CONTENT="skilda"/><SP WIDTH="15" VPOS="1090" HPOS="790"/>
							<String ID="string_193" HPOS="805" VPOS="1090" WIDTH="67" HEIGHT="21" WC="0.91" CONTENT="åboer"/>
						</TextLine>
						<TextLine ID="line_29" HPOS="119" VPOS="1124" WIDTH="753" HEIGHT="29">
							<String ID="string_194" HPOS="119" VPOS="1126" WIDTH="13" HEIGHT="21" WC="0.92" CONTENT="å"/><SP WIDTH="16" VPOS="1126" HPOS="132"/>
							<String ID="string_195" HPOS="148" VPOS="1132" WIDTH="82" HEIGHT="15" WC="0.93" CONTENT="samma"/><SP WIDTH="15" VPOS="1132" HPOS="230"/>
							<String ID="string_196" HPOS="245" VPOS="1126" WIDTH="222" HEIGHT="27" WC="0.90" CONTENT="hemmansnummer,"/><SP WIDTH="16" VPOS="1126" HPOS="467"/>
							<String ID="string_197" HPOS="483" VPOS="1133" WIDTH="47" HEIGHT="14" WC="0.96" CONTENT="som"/><SP WIDTH="16" VPOS="1133" HPOS="530"/>
							<String ID="string_198" HPOS="546" VPOS="1125" WIDTH="85" HEIGHT="21" WC="0.96" CONTENT="således"/><SP WIDTH="16" VPOS="1125" HPOS="631"/>
							<String ID="string_199" HPOS="647" VPOS="1126" WIDTH="7" HEIGHT="20" WC="0.96" CONTENT="i"/><SP WIDTH="16" VPOS="1126" HPOS="654"/>
							<String ID="string_200" HPOS="670" VPOS="1126" WIDTH="43" HEIGHT="20" WC="0.96" CONTENT="alla"/><SP WIDTH="15" VPOS="1126" HPOS="713"/>
							<String ID="string_201" HPOS="728" VPOS="1124" WIDTH="144" HEIGHT="22" WC="0.96" CONTENT="ekonomiska"/>
						</TextLine>
						<TextLine ID="line_30" HPOS="117" VPOS="1160" WIDTH="753" HEIGHT="29">
							<String ID="string_202" HPOS="117" VPOS="1160" WIDTH="75" HEIGHT="29" WC="0.96" CONTENT="frågor"/><SP WIDTH="20" VPOS="1160" HPOS="192"/>
							<String ID="string_203" HPOS="212" VPOS="1160" WIDTH="53" HEIGHT="22" WC="0.96" CONTENT="höra"/><SP WIDTH="16" VPOS="1160" HPOS="265"/>
							<String ID="string_204" HPOS="281" VPOS="1160" WIDTH="142" HEIGHT="28" WC="0.96" CONTENT="tillsamman,"/><SP WIDTH="16" VPOS="1160" HPOS="423"/>
							<String ID="string_205" HPOS="439" VPOS="1160" WIDTH="75" HEIGHT="22" WC="0.95" CONTENT="kunna"/><SP WIDTH="15" VPOS="1160" HPOS="514"/>
							<String ID="string_206" HPOS="529" VPOS="1160" WIDTH="55" HEIGHT="21" WC="0.95" CONTENT="dock"/><SP WIDTH="16" VPOS="1160" HPOS="584"/>
							<String ID="string_207" HPOS="600" VPOS="1160" WIDTH="89" HEIGHT="21" WC="0.95" CONTENT="tillhöra"/><SP WIDTH="15" VPOS="1160" HPOS="689"/>
							<String ID="string_208" HPOS="704" VPOS="1160" WIDTH="59" HEIGHT="20" WC="0.92" CONTENT="olika"/><SP WIDTH="15" VPOS="1160" HPOS="763"/>
							<String ID="string_209" HPOS="778" VPOS="1160" WIDTH="92" HEIGHT="20" WC="0.92" CONTENT="försam-"/>
						</TextLine>
						<TextLine ID="line_31" HPOS="117" VPOS="1194" WIDTH="751" HEIGHT="29">
							<String ID="string_210" HPOS="117" VPOS="1194" WIDTH="79" HEIGHT="29" WC="0.96" CONTENT="lingar."/><SP WIDTH="30" VPOS="1194" HPOS="196"/>
							<String ID="string_211" HPOS="226" VPOS="1195" WIDTH="43" HEIGHT="21" WC="0.96" CONTENT="Det"/><SP WIDTH="20" VPOS="1195" HPOS="269"/>
							<String ID="string_212" HPOS="289" VPOS="1196" WIDTH="23" HEIGHT="19" WC="0.96" CONTENT="är"/><SP WIDTH="20" VPOS="1196" HPOS="312"/>
							<String ID="string_213" HPOS="332" VPOS="1194" WIDTH="67" HEIGHT="27" WC="0.96" CONTENT="klart,"/><SP WIDTH="16" VPOS="1194" HPOS="399"/>
							<String ID="string_214" HPOS="415" VPOS="1196" WIDTH="33" HEIGHT="20" WC="0.93" CONTENT="att"/><SP WIDTH="20" VPOS="1196" HPOS="448"/>
							<String ID="string_215" HPOS="468" VPOS="1194" WIDTH="151" HEIGHT="28" WC="0.90" CONTENT="mångahanda"/><SP WIDTH="14" VPOS="1194" HPOS="619"/>
							<String ID="string_216" HPOS="633" VPOS="1194" WIDTH="162" HEIGHT="27" WC="0.93" CONTENT="förvecklingar"/><SP WIDTH="16" VPOS="1194" HPOS="795"/>
							<String ID="string_217" HPOS="811" VPOS="1194" WIDTH="57" HEIGHT="20" WC="0.92" CONTENT="häri-"/>
						</TextLine>
						<TextLine ID="line_32" HPOS="116" VPOS="1227" WIDTH="754" HEIGHT="30">
							<String ID="string_218" HPOS="116" VPOS="1236" WIDTH="80" HEIGHT="20" WC="0.95" CONTENT="genom"/><SP WIDTH="17" VPOS="1236" HPOS="196"/>
							<String ID="string_219" HPOS="213" VPOS="1230" WIDTH="60" HEIGHT="20" WC="0.95" CONTENT="skola"/><SP WIDTH="16" VPOS="1230" HPOS="273"/>
							<String ID="string_220" HPOS="289" VPOS="1229" WIDTH="139" HEIGHT="28" WC="0.96" CONTENT="uppkomma,"/><SP WIDTH="16" VPOS="1229" HPOS="428"/>
							<String ID="string_221" HPOS="444" VPOS="1229" WIDTH="40" HEIGHT="21" WC="0.96" CONTENT="och"/><SP WIDTH="15" VPOS="1229" HPOS="484"/>
							<String ID="string_222" HPOS="499" VPOS="1228" WIDTH="37" HEIGHT="22" WC="0.96" CONTENT="det"/><SP WIDTH="15" VPOS="1228" HPOS="536"/>
							<String ID="string_223" HPOS="551" VPOS="1235" WIDTH="51" HEIGHT="14" WC="0.93" CONTENT="vore"/><SP WIDTH="17" VPOS="1235" HPOS="602"/>
							<String ID="string_224" HPOS="619" VPOS="1228" WIDTH="85" HEIGHT="21" WC="0.91" CONTENT="derföre"/><SP WIDTH="13" VPOS="1228" HPOS="704"/>
							<String ID="string_225" HPOS="717" VPOS="1228" WIDTH="118" HEIGHT="27" WC="0.96" CONTENT="högeligen"/><SP WIDTH="11" VPOS="1228" HPOS="835"/>
							<String ID="string_226" HPOS="846" VPOS="1227" WIDTH="24" HEIGHT="21" WC="0.96" CONTENT="af"/>
						</TextLine>
						<TextLine ID="line_33" HPOS="116" VPOS="1262" WIDTH="753" HEIGHT="28">
							<String ID="string_227" HPOS="116" VPOS="1264" WIDTH="83" HEIGHT="26" WC="0.95" CONTENT="nöden,"/><SP WIDTH="16" VPOS="1264" HPOS="199"/>
							<String ID="string_228" HPOS="215" VPOS="1265" WIDTH="31" HEIGHT="19" WC="0.96" CONTENT="att"/><SP WIDTH="20" VPOS="1265" HPOS="246"/>
							<String ID="string_229" HPOS="266" VPOS="1264" WIDTH="43" HEIGHT="20" WC="0.95" CONTENT="alla"/><SP WIDTH="20" VPOS="1264" HPOS="309"/>
							<String ID="string_230" HPOS="329" VPOS="1264" WIDTH="63" HEIGHT="20" WC="0.96" CONTENT="dessa"/><SP WIDTH="20" VPOS="1264" HPOS="392"/>
							<String ID="string_231" HPOS="412" VPOS="1264" WIDTH="58" HEIGHT="20" WC="0.96" CONTENT="olika"/><SP WIDTH="15" VPOS="1264" HPOS="470"/>
							<String ID="string_232" HPOS="485" VPOS="1263" WIDTH="140" HEIGHT="27" WC="0.96" CONTENT="indelningar"/><SP WIDTH="19" VPOS="1263" HPOS="625"/>
							<String ID="string_233" HPOS="644" VPOS="1262" WIDTH="70" HEIGHT="21" WC="0.92" CONTENT="skulle"/><SP WIDTH="16" VPOS="1262" HPOS="714"/>
							<String ID="string_234" HPOS="730" VPOS="1262" WIDTH="88" HEIGHT="27" WC="0.91" CONTENT="bringas"/><SP WIDTH="17" VPOS="1262" HPOS="818"/>
							<String ID="string_235" HPOS="835" VPOS="1262" WIDTH="34" HEIGHT="20" WC="0.96" CONTENT="till"/>
						</TextLine>
						<TextLine ID="line_34" HPOS="115" VPOS="1296" WIDTH="753" HEIGHT="29">
							<String ID="string_236" HPOS="115" VPOS="1297" WIDTH="180" HEIGHT="28" WC="0.91" CONTENT="likstämmighet,"/><SP WIDTH="14" VPOS="1297" HPOS="295"/>
							<String ID="string_237" HPOS="309" VPOS="1298" WIDTH="91" HEIGHT="20" WC="0.96" CONTENT="sålunda"/><SP WIDTH="15" VPOS="1298" HPOS="400"/>
							<String ID="string_238" HPOS="415" VPOS="1300" WIDTH="32" HEIGHT="18" WC="0.93" CONTENT="att"/><SP WIDTH="16" VPOS="1300" HPOS="447"/>
							<String ID="string_239" HPOS="463" VPOS="1298" WIDTH="147" HEIGHT="20" WC="0.91" CONTENT="hofrätternas"/><SP WIDTH="9" VPOS="1298" HPOS="610"/>
							<String ID="string_240" HPOS="619" VPOS="1296" WIDTH="167" HEIGHT="28" WC="0.90" CONTENT="jurisdiktioner"/><SP WIDTH="11" VPOS="1296" HPOS="786"/>
							<String ID="string_241" HPOS="797" VPOS="1296" WIDTH="71" HEIGHT="21" WC="0.96" CONTENT="skulle"/>
						</TextLine>
						<TextLine ID="line_35" HPOS="116" VPOS="1331" WIDTH="753" HEIGHT="28">
							<String ID="string_242" HPOS="116" VPOS="1332" WIDTH="151" HEIGHT="20" WC="0.96" CONTENT="sammanfalla"/><SP WIDTH="10" VPOS="1332" HPOS="267"/>
							<String ID="string_243" HPOS="277" VPOS="1332" WIDTH="50" HEIGHT="20" WC="0.93" CONTENT="med"/><SP WIDTH="10" VPOS="1332" HPOS="327"/>
							<String ID="string_244" HPOS="337" VPOS="1332" WIDTH="178" HEIGHT="27" WC="0.91" CONTENT="länegränserne,"/><SP WIDTH="9" VPOS="1332" HPOS="515"/>
							<String ID="string_245" HPOS="524" VPOS="1332" WIDTH="140" HEIGHT="26" WC="0.92" CONTENT="(lagsagorna"/><SP WIDTH="10" VPOS="1332" HPOS="664"/>
							<String ID="string_246" HPOS="674" VPOS="1332" WIDTH="71" HEIGHT="19" WC="0.95" CONTENT="skulle"/><SP WIDTH="11" VPOS="1332" HPOS="745"/>
							<String ID="string_247" HPOS="756" VPOS="1331" WIDTH="113" HEIGHT="20" WC="0.96" CONTENT="försvinna"/>
						</TextLine>
						<TextLine ID="line_36" HPOS="116" VPOS="1364" WIDTH="753" HEIGHT="29">
							<String ID="string_248" HPOS="116" VPOS="1366" WIDTH="39" HEIGHT="20" WC="0.92" CONTENT="och"/><SP WIDTH="19" VPOS="1366" HPOS="155"/>
							<String ID="string_249" HPOS="174" VPOS="1366" WIDTH="222" HEIGHT="27" WC="0.91" CONTENT="lagmanstjensterne"/><SP WIDTH="21" VPOS="1366" HPOS="396"/>
							<String ID="string_250" HPOS="417" VPOS="1366" WIDTH="120" HEIGHT="26" WC="0.90" CONTENT="indragas),"/><SP WIDTH="21" VPOS="1366" HPOS="537"/>
							<String ID="string_251" HPOS="558" VPOS="1365" WIDTH="145" HEIGHT="27" WC="0.91" CONTENT="domsagorna"/><SP WIDTH="20" VPOS="1365" HPOS="703"/>
							<String ID="string_252" HPOS="723" VPOS="1364" WIDTH="71" HEIGHT="20" WC="0.93" CONTENT="skulle"/><SP WIDTH="19" VPOS="1364" HPOS="794"/>
							<String ID="string_253" HPOS="813" VPOS="1371" WIDTH="56" HEIGHT="13" WC="0.91" CONTENT="sam-"/>
						</TextLine>
						<TextLine ID="line_37" HPOS="115" VPOS="1398" WIDTH="754" HEIGHT="29">
							<String ID="string_254" HPOS="115" VPOS="1400" WIDTH="104" HEIGHT="22" WC="0.91" CONTENT="manfalla"/><SP WIDTH="16" VPOS="1400" HPOS="219"/>
							<String ID="string_255" HPOS="235" VPOS="1400" WIDTH="49" HEIGHT="21" WC="0.96" CONTENT="med"/><SP WIDTH="15" VPOS="1400" HPOS="284"/>
							<String ID="string_256" HPOS="299" VPOS="1399" WIDTH="92" HEIGHT="22" WC="0.96" CONTENT="härader"/><SP WIDTH="17" VPOS="1399" HPOS="391"/>
							<String ID="string_257" HPOS="408" VPOS="1399" WIDTH="39" HEIGHT="21" WC="0.93" CONTENT="och"/><SP WIDTH="16" VPOS="1399" HPOS="447"/>
							<String ID="string_258" HPOS="463" VPOS="1398" WIDTH="126" HEIGHT="29" WC="0.91" CONTENT="prosterier,"/><SP WIDTH="16" VPOS="1398" HPOS="589"/>
							<String ID="string_259" HPOS="605" VPOS="1399" WIDTH="121" HEIGHT="21" WC="0.91" CONTENT="socknarne"/><SP WIDTH="17" VPOS="1399" HPOS="726"/>
							<String ID="string_260" HPOS="743" VPOS="1398" WIDTH="53" HEIGHT="22" WC="0.90" CONTENT="eller"/><SP WIDTH="14" VPOS="1398" HPOS="796"/>
							<String ID="string_261" HPOS="810" VPOS="1398" WIDTH="59" HEIGHT="21" WC="0.90" CONTENT="läns-"/>
						</TextLine>
					</TextBlock>
				</ComposedBlock>
			</PrintSpace>
		</Page>
	</Layout>
</alto>
