992 1706
202 134 41 20 266

172 198 100 21 enskilda
292 197 93 21 bankers
404 196 162 22 hufvudkontor
581 196 70 22 skulle
667 204 52 14 vara
733 196 95 28 förlagdt
843 197 8 21 i
866 197 56 27 stad,

172 238 50 15 men
243 234 31 19 att
294 232 86 20 banken
401 232 35 20 må
455 238 52 15 vara
525 231 124 28 berättigad
664 232 32 20 att
711 231 65 22 hafva
790 231 133 22 filialkontor

173 266 28 29 på
216 266 158 21 landsorterna.

240 301 59 21 Herr
319 300 212 22 landtmarskalkens
551 300 54 22 härå
623 300 33 22 till
675 300 86 22 ståndet
780 300 79 22 ställda
874 307 49 23 pro-

172 335 96 29 position
283 342 38 14 var
336 335 24 21 af
373 335 71 21 denna
459 335 93 29 lydelse:

240 386 9 10 n
251 370 46 21 Vill
317 369 152 29 ridderskapet
489 370 40 21 och
551 369 63 21 adeln
635 371 32 19 att
687 370 12 20 7
718 370 12 28 &
745 370 25 21 af
786 370 41 21 den
843 369 80 29 nådiga

172 404 165 28 propositionen
352 404 55 21 skall
423 404 48 21 från
484 404 160 28 författningen
659 404 66 28 utgå?

240 438 50 22 Den
310 445 46 15 som
371 438 45 27 vill,
432 440 32 20 att
480 440 12 20 7
511 440 11 26 &
541 439 56 21 skall
612 439 60 27 utgå,
688 446 73 14 svarar
774 440 34 27 ja;
827 439 41 21 den
885 438 37 22 det

172 474 48 21 icke
236 475 46 27 gör,
298 480 74 15 svarar
386 473 57 28 nej.*

242 508 46 22 Och
308 508 28 22 dä
354 508 58 22 olika
430 508 114 29 meningar
559 508 76 21 härvid
650 508 126 28 förspordes
791 510 56 20 samt
863 510 59 20 vote-

172 543 49 29 ring
236 542 114 29 begärdes,
365 542 76 22 skreds
457 543 32 21 till
503 543 144 28 omröstning,
657 543 90 21 hvarvid
758 543 164 29 propositionen

173 578 129 21 besvarades

343 612 8 21 i
366 612 58 28 3:dje
439 612 30 20 kl.
485 612 50 22 med
550 612 13 22 8
573 613 30 27 ja
618 612 40 21 och
673 612 13 22 5
701 613 43 29 nej,

344 646 8 21 i
367 646 61 22 2:dra
457 662 3 11 9
505 663 10 11 »
556 647 42 26 I»
638 662 9 11 »
673 647 13 21 2
716 663 9 11 »

345 681 115 26 il:sta
456 677 21 35 »
505 698 10 10 »
552 681 45 26 3
590 677 23 35 »
635 696 10 11 »
675 682 12 20 5

239 715 59 21 Enär
314 716 25 28 ja
358 715 90 22 sålunda
466 715 59 22 inom
541 715 60 22 2:dra
615 715 41 21 och
671 715 58 29 3:dje
744 715 114 21 klasserna
873 722 48 22 seg-

171 752 40 25 rat,
227 758 38 14 var
281 750 98 22 ständets
394 750 82 27 beslut,
492 752 32 20 att
539 751 11 27 $
566 750 70 21 skulle
652 750 111 22 uteslutas.

239 786 11 20 I
265 785 119 28 anledning
398 785 24 21 af
435 786 11 27 $
462 786 23 26 8,
501 784 85 29 yttrade

239 820 59 21 Herr
318 820 156 28 Törngren:
496 820 43 28 Jag
554 819 71 23 skulle
641 820 54 28 vilja
709 822 81 26 antaga
804 820 119 22 utskottets

171 855 87 28 tillägg,
274 861 51 15 men
345 854 51 22 ville
416 854 137 29 omredigera
571 854 37 21 det
627 854 101 28 sälunda,
744 856 32 20 att
791 855 41 28 jag
852 855 70 21 skulle

172 891 62 27 säga:
257 889 68 27 ,dock
340 890 36 20 mä
390 889 8 21 i
413 889 86 22 banken
515 891 111 27 pantsatt"
643 896 18 14 o.
678 896 16 14 s.
710 896 27 21 v.,
753 891 24 27 ty
793 890 71 21 såsom
880 890 41 21 den

172 931 29 15 nu
217 925 23 20 är
255 924 116 28 redigerad
385 923 43 21 kan
444 931 50 14 man
510 926 41 26 tro,
561 925 34 21 att
610 924 87 21 banken
712 924 73 22 kunde
799 924 65 22 hafva
879 926 44 20 rätt

170 960 32 20 att
217 958 81 28 inköpa
313 958 89 22 hvilken
414 958 105 28 fastighet
532 966 46 14 som
589 958 64 28 helst,
664 958 56 22 blott
731 959 42 21 den
784 960 23 20 är
817 961 104 26 pantsatt.

238 993 59 25 Herr
316 992 200 28 Björkenheim,
539 993 37 22 R.:
597 993 42 28 Jag
662 995 45 19 tror
729 993 56 27 icke,
801 995 32 19 att
855 993 66 22 sådan

171 1028 137 28 tvetydighet
323 1027 76 27 finnes,
412 1029 24 26 ty
450 1027 37 21 det
503 1028 44 21 stär
562 1028 8 21 i
585 1028 68 21 andra
668 1028 128 28 meningen:
813 1035 48 19 ,om
873 1028 48 22 dess

170 1063 44 21 rätt
229 1062 40 21 och
286 1061 103 22 säkerhet
404 1061 78 21 sädant
497 1062 94 21 fordra*.

237 1096 33 21 På
286 1096 74 21 derom
375 1096 23 21 af
411 1095 51 22 herr
474 1096 202 22 landtmarskalken
686 1096 65 28 gjord
761 1096 161 29 framställning

170 1133 78 26 antogs
264 1131 11 27 $
291 1132 12 19 8
319 1130 7 21 i
342 1130 42 21 den
402 1130 80 28 nådiga
500 1131 165 28 propositionen
684 1131 49 21 med
749 1131 36 22 det
800 1131 24 21 af
837 1131 83 22 utskot-

169 1167 32 20 tet
216 1165 74 22 dertill
304 1165 126 27 föreslagna
444 1165 108 28 tillägget.

238 1200 12 27 8
269 1200 23 25 9,
311 1198 51 21 med
382 1199 37 20 det
437 1199 25 20 af
477 1199 108 22 utskottet
605 1199 72 21 dertill
701 1200 126 27 föreslagna
845 1200 77 28 tillägg

169 1233 126 28 godkändes
311 1232 24 22 af
348 1233 86 21 ståndet
448 1235 54 19 utan
517 1233 135 28 föregången
668 1233 131 22 diskussion.

237 1267 13 26 8
266 1267 26 20 10
308 1265 121 28 upplästes,
445 1266 53 21 derå

237 1300 58 21 Herr
315 1299 199 29 Björkenheim,
529 1300 35 28 R.,
579 1300 95 29 begärde
689 1301 63 21 ordet
768 1301 39 22 och
823 1301 96 28 yttrade:

168 1335 12 22 I
195 1335 42 22 den
252 1335 25 20 af
289 1334 107 21 utskottet
411 1334 125 29 föreslagna
551 1335 143 22 redaktionen
711 1335 33 22 till
761 1337 25 20 10
801 1337 12 26 &
828 1336 43 21 kan
879 1337 41 28 jag

168 1370 34 21 för
221 1369 46 22 min
284 1369 36 21 del
335 1368 48 22 icke
398 1369 123 22 instämma.
552 1369 43 29 Jag
608 1370 40 21 har
663 1370 102 28 framlagt
779 1370 77 22 skälen
871 1371 48 22 der-

168 1405 48 21 före
238 1405 8 21 i
268 1404 45 21 min
334 1404 135 22 reservation
491 1406 46 20 mot
559 1405 118 21 utskottets
699 1405 146 22 betänkande.
876 1406 44 29 Jag

168 1446 64 15 anser
247 1439 117 28 nemligen,
379 1440 33 20 att
426 1439 65 22 äfven
505 1439 39 22 här
555 1439 117 23 förefinnes
683 1447 27 14 en
721 1440 128 29 otydlighet,
860 1447 58 16 eme-
