1006 1709
781 112 41 21 695

101 176 147 30 inrättningar
270 176 127 29 förefinnes,
418 184 45 15 som
486 178 32 21 att
539 178 120 22 bestämma
673 178 127 29 förhöjning
815 178 35 22 för

99 212 51 29 jord
163 212 29 28 på
206 212 75 22 landet
296 212 40 22 och
352 212 70 28 grund
433 212 7 21 i
453 212 91 22 staden?

168 246 59 22 Herr
242 246 162 29 Jägerhorn,
419 246 27 22 K.
464 246 27 22 J.:
506 247 58 21 Herr
579 246 125 23 Ehrnrooth
719 247 41 21 har
774 248 29 28 på
813 248 37 21 det

101 281 117 30 tydligaste
233 280 127 28 framhållit,
374 281 104 22 hurusom
493 281 41 22 den
545 281 105 22 enskiltes
660 282 70 21 fördel
740 282 41 21 bör
791 282 59 28 gifva

99 316 51 21 vika
173 316 34 21 för
229 317 72 20 staten
324 315 53 21 eller
400 315 36 21 det
458 316 122 21 allmännas
602 317 100 20 intresse.
736 316 68 22 Detta
826 317 24 20 är

100 351 111 21 dessutom
232 351 32 20 ett
284 349 71 22 axiom
373 350 8 21 i
396 350 122 21 statsläran.
547 349 104 22 Friherre
666 350 27 21 de
708 351 22 20 la
745 350 105 29 Chapelle

99 385 39 22 har
160 385 74 22 vidare
256 385 44 22 fäst
322 383 222 30 uppmärksamheten
566 385 76 28 derpå,
663 386 32 20 att
714 385 32 21 uti
767 386 13 21 2
799 386 14 26 8
829 385 24 21 af

100 420 42 21 den
166 419 78 29 nådiga
265 419 164 29 propositionen
448 419 65 22 äfven
531 419 30 22 all
581 426 87 21 omsorg
688 419 114 29 iakttagits
817 419 34 22 för

100 457 32 19 att
154 455 80 22 bereda
254 454 125 21 afträdaren
396 453 49 29 full
462 453 122 28 ersättning
603 454 7 21 i
626 454 43 21 alla
684 454 117 22 afseenden
816 455 34 20 för

99 489 57 22 hvad
171 489 24 22 af
208 489 80 22 honom
303 488 173 29 exproprierats,
495 488 4 21 i
514 488 38 21 det
564 489 94 22 nämnde
674 489 12 28 8
701 489 149 27 föreskrifver,

99 526 32 20 att
150 525 71 21 denna
242 524 122 28 ersättning
383 523 56 22 skall
457 523 132 22 bestämmas
605 523 20 28 ej
642 523 55 21 blott
712 523 56 22 efter
783 524 67 28 gång-

99 559 49 22 bart
166 559 45 28 pris
231 559 13 22 å
264 560 62 20 orten
346 559 55 20 samt
419 557 50 22 med
484 557 82 22 fästadt
578 557 102 22 afseende
696 558 12 21 å
724 557 26 22 de
766 557 85 22 inkom-

99 596 45 19 ster
160 593 40 22 och
216 593 102 28 fördelar,
332 599 80 22 egaren
428 592 84 21 kunnat
526 592 24 21 af
561 592 37 21 det
612 592 100 21 afträdda
727 592 7 21 i
750 592 49 21 dess
815 592 36 21 då-

99 628 95 22 varande
210 628 62 21 skick
287 627 81 22 bereda
382 627 40 28 sig,
438 628 52 20 utan
506 626 41 22 ock
560 627 55 21 efter
626 633 71 15 annan
708 625 142 30 beräknings-

100 663 77 28 grund,
194 663 69 28 enligt
278 662 89 22 hvilken
383 661 124 22 afträdaren
522 661 65 28 yrkat
601 662 32 21 att
647 661 154 28 godtgörelsen
811 661 40 22 bör

99 699 59 28 utgå.
188 697 46 22 När
257 697 27 21 då
306 696 92 23 sålunda
418 696 52 27 ,full
491 696 134 27 ersättning"
643 695 126 29 tillgodoses
784 696 66 21 afträ-

100 733 74 27 daren,
190 732 82 29 nödgas
284 732 40 28 jag
339 738 53 15 anse
410 731 42 21 den
471 731 131 28 ersättning,
618 737 47 15 som
680 730 123 29 föreslagits
819 732 32 20 att

100 769 59 20 ännu
181 767 50 22 med
252 783 5 11 ,
258 767 90 29 hälften
370 765 136 29 derutöfver"
526 765 33 22 till
574 765 80 21 honom
674 765 105 28 utgifvas,
800 772 51 15 vara

100 802 133 28 fullkomligt
248 801 128 29 godtycklig
392 801 40 21 och
446 800 59 28 förty
520 800 68 21 sakna
603 799 29 22 all
642 799 64 29 giltig
718 800 133 28 rättsgrund.

100 837 114 23 Utskottet
228 837 39 22 har
279 836 82 29 jemväl
376 836 76 22 härom
466 836 69 28 yttrat
550 835 40 28 sig,
605 836 32 20 att
653 841 28 14 en
696 833 61 30 dylik
766 834 85 22 härled-

101 874 53 27 ning
174 879 25 14 ur
220 871 248 30 expropriationsrätten
488 886 5 11 ,
494 870 74 29 faller
584 871 32 27 sig
632 876 58 15 mera
704 869 66 23 svår"
782 870 69 28 jemte

101 908 37 21 det
152 907 76 28 hvarje
244 906 120 22 öfverskott
378 905 29 29 på
422 905 37 21 det
474 905 120 21 allmännas
610 904 123 21 bekostnad
744 904 60 21 öfver
815 904 37 21 det

100 941 111 22 afträddas
233 941 99 28 verkliga
355 940 53 21 eller
426 939 54 21 fulla
499 939 66 22 värde
584 945 52 14 vore
657 945 37 20 ,ur
710 938 140 29 synpunkten

101 977 23 22 af
142 976 125 22 samhällets
287 974 137 29 berättigade
444 973 115 22 ändamål"
574 973 110 29 obehörigt.
714 973 44 28 Jag
773 979 78 22 uppre-

101 1019 40 22 par
156 1011 64 22 alltså
234 1011 50 21 mitt
298 1010 60 21 förra
372 1009 108 29 yrkande,
496 1010 32 20 att
543 1007 78 22 orden:
638 1007 54 27 ,och
707 1007 83 22 hälften
805 1007 47 22 der-

102 1047 98 21 utöfver*
217 1046 68 21 måtte
300 1045 50 21 från
364 1044 175 28 propositionens
556 1043 10 20 1
583 1043 11 27 $
610 1042 72 28 utegä.

170 1081 58 22 Herr
244 1087 42 15 von
301 1079 124 22 Kremer:
442 1078 72 22 Jemte
530 1077 37 22 det
578 1077 40 28 jag
633 1077 89 26 förenar
736 1076 46 29 mig
788 1072 12 37 i
796 1076 57 21 fri-

102 1117 65 22 herre
190 1116 26 21 de
238 1115 22 22 la
280 1114 115 29 Chapelles
414 1113 141 26 reservation,
575 1111 39 22 ber
626 1111 40 28 jag
682 1112 31 21 att
728 1111 22 21 få
765 1111 89 22 bemöta

103 1152 42 21 den
161 1149 155 28 anmärkning,
334 1156 47 14 som
396 1147 74 22 blifvit
484 1146 64 29 gjord
563 1145 113 29 angäende
691 1145 42 22 den
748 1145 105 29 probabla

102 1186 84 28 följden
197 1185 68 26 deraf,
276 1185 32 20 att
318 1191 35 14 om
364 1183 42 20 den
416 1182 124 27 föreslagna
550 1180 223 28 värdeförhöjningen
782 1179 71 22 skulle

102 1220 110 26 bortfalla,
233 1217 147 28 värderingen
402 1217 62 21 alltid
485 1216 89 21 komme
593 1216 33 20 att
646 1214 38 22 ske
699 1215 54 26 högt
767 1214 86 21 utöfver

104 1255 37 22 det
160 1253 100 28 verkliga
281 1252 83 21 värdet.
394 1251 43 28 Jag
453 1257 63 15 anser
532 1251 32 20 att
580 1249 60 21 detta
655 1249 42 21 blir
712 1248 61 21 fallet
788 1248 8 21 i
811 1248 43 21 alla

103 1289 123 22 händelser.
249 1287 43 28 Jag
307 1293 63 15 anser
385 1285 117 28 nemligen,
518 1285 32 20 att
562 1283 76 28 hvarje
649 1289 65 22 egare
726 1282 56 22 skall
794 1281 61 23 finna

104 1324 24 21 sä
148 1323 78 26 många
246 1321 47 22 skäl
313 1321 34 21 för
367 1327 27 14 en
414 1319 88 28 rundlig
521 1317 118 28 värdering
653 1317 24 21 af
694 1316 33 22 sin
739 1316 116 28 egendom,

104 1358 32 20 att
150 1356 26 21 de
190 1355 178 27 allrasträngaste
384 1352 178 28 värderingsmän
575 1351 50 21 icke
640 1350 63 21 skola
717 1349 75 22 kunna
801 1350 52 21 ned-

104 1392 56 20 sätta
183 1390 49 21 dess
254 1389 66 21 värde
342 1387 132 22 åtminstone
494 1385 69 22 under
583 1385 37 20 det
637 1383 109 28 verkliga,
767 1383 40 21 och
823 1385 32 20 att

105 1432 35 17 om
155 1424 61 23 detta
230 1423 66 24 också
310 1421 132 31 någongång
456 1420 72 23 blefve
542 1419 70 29 fallet,
622 1418 94 28 ändring
726 1417 47 23 deri
785 1417 70 23 skulle
