1006 1706
783 124 40 22 395

104 188 118 21 momentet
237 188 49 21 med
302 188 26 21 de
344 188 37 22 der
396 189 178 21 förekommande
590 189 184 29 inskränkningar
789 190 7 21 i
810 190 41 21 den

104 222 42 21 fria
161 222 187 28 nyttjanderätten
363 223 67 21 borde
446 224 58 27 utgå.

172 256 58 21 Herr
246 263 41 14 von
307 256 121 22 Gertten:
448 258 49 20 Den
518 258 167 28 hufvudsakliga
705 258 93 21 orsaken
818 259 34 19 till

104 290 80 21 fiskens
204 290 155 22 försvinnande
379 299 26 13 ur
425 292 121 28 insjöarna,
565 292 86 22 hvarom
670 292 38 21 här
724 293 56 20 varit
795 299 57 21 myc-

104 324 37 22 ket
156 325 74 27 taladt,
246 332 63 14 anser
322 326 40 28 jag
380 332 53 15 vara
448 326 102 28 notdrägt
565 326 68 21 under
648 326 104 27 lektiden,
763 326 90 21 hvarvid

103 361 67 19 noten
186 359 91 27 skrapar
292 360 49 20 med
356 360 34 28 sig
405 360 29 20 all
450 360 41 21 den
506 367 76 20 romm,
598 367 46 13 som
660 360 69 21 fisken
744 360 53 28 lagt,
812 360 40 20 och

103 395 24 19 är
142 393 28 21 då
184 400 98 14 rommen
298 394 34 21 för
348 394 58 28 evigt
421 395 33 20 till
466 394 145 28 spillogifven,
623 394 101 21 hvarföre
732 394 39 28 jag
782 394 70 21 skulle

104 427 126 28 ödmjukast
244 428 116 21 hemställa
374 435 35 14 om
425 429 47 20 icke
488 428 29 21 all
532 428 102 28 notdrägt
649 428 31 21 uti
691 428 112 28 insjöarne
814 435 38 14 un-

104 462 38 21 der
157 462 96 21 lektiden
268 462 73 21 kunde
356 463 28 27 på
399 462 37 22 det
451 464 123 27 strängaste
589 462 119 29 förbjudas.

172 497 34 21 Då
228 497 68 28 några
318 497 52 21 flere
392 498 69 21 talare
484 498 48 21 icke
550 497 94 22 anmälte
660 497 44 28 sig,
719 497 135 21 framställde

104 531 51 22 herr
170 531 200 22 landtmarskalken
386 532 34 21 till
436 532 86 22 ståndet
538 531 96 29 följande
649 532 146 28 proposition:

174 583 8 10 »
188 566 132 27 Godkänner
335 566 150 29 ridderskapet
500 567 40 21 och
556 567 63 21 adeln
635 567 67 20 första
716 567 139 20 alternativet

105 601 33 21 till
156 601 25 21 10
196 601 98 28 punkten
310 601 7 21 i
333 601 162 22 betänkandet?

172 635 49 21 Den
236 642 45 15 som
292 635 128 28 godkänner
430 636 68 21 första
509 635 137 22 alternativet
657 635 33 21 till
701 635 66 28 sagde
778 635 76 28 punkt,

106 677 73 14 svarar
192 670 33 28 ja;
242 670 41 21 den
299 670 36 21 det
350 670 49 21 icke
415 672 46 26 gör,
477 677 74 15 svarar
569 670 43 27 nej.

175 704 83 21 Vinner
273 705 43 27 nej,
332 706 90 27 antages
438 705 36 21 det
489 705 73 26 andra,
578 704 24 21 af
615 703 170 22 bondeståndets
799 705 56 20 samt

106 739 162 28 ridderskapets
284 739 40 21 och
339 739 75 21 adelns
430 739 132 28 deputerade
577 739 125 28 föreslagna
717 739 136 21 alternativ."

174 773 96 22 Hvilken
290 774 135 27 proposition
446 774 46 21 blef
510 773 50 22 med
580 773 160 28 öfvervägande
761 774 36 27 nej
819 773 36 21 be-

107 808 86 27 svarad,
214 808 39 21 och
275 815 37 14 var
333 808 58 29 förty
410 808 36 21 det
466 808 92 22 sednare
578 808 139 21 alternativet
732 808 24 21 af
769 807 87 22 ståndet

106 845 96 26 antaget.

174 877 128 22 Punkterna
313 878 34 25 11
365 877 40 22 och
422 879 25 20 12
463 878 92 28 gillades
571 877 143 22 oförändrade
731 881 52 18 utan
799 877 56 21 före-

106 913 87 27 gången
209 912 133 26 diskussion,
358 912 80 21 sådana
453 913 27 20 de
495 913 24 20 af
532 912 108 21 utskottet
655 912 131 28 föreslagits.

174 946 61 20 Härå
250 946 106 28 begärdes
372 946 62 21 ordet
449 946 23 21 af

174 980 58 21 Herr
248 980 98 28 Spåre,
361 980 27 21 K.
404 980 47 27 W.,
470 988 45 14 som
531 980 95 28 yttrade:
647 980 35 21 Då
697 980 158 28 författningen

106 1016 7 20 i
136 1015 62 28 fråga
218 1015 39 21 har
277 1015 33 21 till
330 1015 100 21 ändamål
450 1017 31 19 att
501 1015 120 29 upphjelpa
643 1014 183 28 fiskerinäringen
848 1016 8 20 i

107 1049 75 21 landet
202 1050 39 20 och
263 1052 31 18 ett
314 1049 24 21 af
356 1050 26 20 de
403 1050 131 21 radikalaste
555 1051 71 19 sätten
642 1049 34 21 för
692 1049 48 21 dess
757 1049 99 29 upphjel-

108 1084 70 28 pande
199 1090 51 15 vore
270 1085 32 19 att
320 1084 60 28 gifva
400 1084 22 20 åt
442 1084 41 21 den
504 1084 100 28 delegare
619 1083 7 21 i
642 1086 136 26 gemensamt
793 1084 63 20 fiske-

108 1120 80 25 vatten,
200 1126 45 13 som
262 1118 38 21 vill
315 1118 65 22 hafva
390 1118 140 22 fiskevattnet
541 1118 97 26 skiftadt,
649 1118 89 26 vitsord,
749 1118 24 21 så
787 1118 70 21 skulle

106 1153 40 27 jag
166 1152 90 27 föreslå,
272 1154 32 19 att
324 1153 28 28 på
370 1153 101 28 lämpligt
490 1153 62 22 ställe
568 1153 7 21 i
591 1152 42 22 den
648 1152 111 21 blifvande
774 1152 84 21 författ-

109 1187 82 27 ningen
207 1187 7 20 i
229 1188 74 20 ämnet
318 1187 70 21 skulle
404 1188 52 26 ingå
471 1187 113 21 föreskrift
598 1187 82 20 derom.

177 1221 103 21 Friherre
296 1220 139 29 Carpelan:
451 1221 44 21 För
510 1221 44 21 min
571 1220 35 21 del
622 1220 69 21 skulle
700 1221 39 27 jag
749 1220 110 28 tillstyrka

110 1255 36 21 det
164 1255 7 21 i
190 1255 80 21 sådana
286 1255 46 27 fall,
348 1254 38 22 der
402 1254 36 22 det
454 1256 23 20 är
492 1254 164 28 verkställbart;
672 1261 50 14 men
738 1254 37 20 det
790 1254 69 20 finnes

110 1289 81 21 sådana
206 1289 115 21 samfäldta
334 1289 137 26 fiskevatten,
482 1289 37 21 der
530 1289 66 21 skifte
606 1288 48 21 icke
665 1290 23 19 är
699 1288 160 21 verkställbart.

176 1323 58 21 Herr
249 1323 103 26 Munck,
366 1322 27 22 K.
409 1323 32 21 F:.:
458 1323 42 27 Jag
515 1325 52 24 tror,
587 1324 31 20 att
634 1329 48 14 man
697 1322 28 27 på
740 1322 57 26 goda
811 1322 47 20 skäl

110 1357 96 27 stadgat,
227 1358 31 19 att
278 1356 48 21 icke
346 1356 52 27 den,
414 1363 46 14 som
480 1356 37 21 vill
533 1356 66 21 skifta
614 1356 101 20 samfäldt
730 1356 129 20 fiskevatten

110 1391 144 28 ovilkorligen
274 1391 40 21 har
330 1390 92 28 vitsord,
437 1392 52 19 utan
508 1390 39 22 har
562 1390 138 28 lagstiftaren
715 1390 145 21 öfverlemnat

110 1425 130 29 afgörandet
254 1426 75 22 härom
345 1425 33 22 till
394 1425 115 22 domarens
522 1425 110 28 pröfning.
656 1424 42 29 Jag
713 1424 84 28 nödgas
812 1424 47 22 der-
