1006 1703
773 133 40 20 397

95 195 77 29 utdrag
188 196 89 28 jemlikt
297 196 96 22 ståndets
414 197 70 21 beslut
504 197 42 22 den
566 198 28 21 24
614 198 114 21 nästvikne
747 198 96 21 februari

93 230 74 21 hällits
183 231 118 28 bordlagde
316 231 57 21 intill
390 231 41 21 den
446 232 27 20 26
492 232 3 20 i
511 239 83 14 samma
609 232 85 20 mänad.

160 265 104 21 Härefter
279 265 105 28 begärdes
400 265 62 21 ordet
472 265 24 21 af
504 265 75 28 grefve
594 265 128 27 Aminoff,
739 273 46 14 som
799 267 42 26 ytt-

92 299 61 21 rade:
175 299 42 28 Jag
238 299 43 21 kan
301 300 21 27 ej
342 299 48 21 dela
406 299 41 21 den
463 299 24 21 af
499 300 171 27 petitionärerne
686 300 85 27 yttrade
786 299 56 28 äsig-

92 335 46 25 ten,
154 335 32 19 att
204 333 153 29 ridderskapet
373 334 40 20 och
428 334 64 20 adeln
508 341 29 13 nu
552 334 67 20 redan
635 334 67 21 borde
718 335 75 26 afsäga
809 334 32 27 sig

92 368 48 20 sina
155 368 132 28 privilegier,
304 368 40 21 och
359 370 45 19 tror
417 368 40 28 jag
471 368 45 21 lika
530 368 49 21 litet
594 370 32 19 att
636 368 51 21 vära
698 368 143 21 fränvarande

92 402 218 22 ständsmedlemmar
330 410 51 14 vore
401 403 87 21 belätne
503 403 49 21 med
568 410 27 14 en
611 402 66 21 sädan
693 402 86 28 ätgärd,
795 409 46 13 som

92 439 32 18 att
139 437 21 21 vi
175 444 51 14 vore
241 437 136 28 berättigade
392 439 32 19 att
440 438 48 20 dem
504 437 96 21 ohördan
611 437 125 21 densamma
746 437 95 27 vidtaga.

91 472 40 20 Att
150 472 20 20 vi
187 472 19 28 ej
223 472 71 21 envist
308 472 58 21 hälla
382 478 35 14 oss
433 472 35 21 vid
482 472 52 20 vära
548 472 137 27 rättigheter,
702 472 26 20 dä
744 471 37 21 det
796 472 45 27 gäl-

91 506 33 21 ler
139 506 85 21 landets
239 506 136 28 väsendtliga
390 514 64 20 gagn,
470 506 64 21 hafva
549 506 21 21 vi
584 506 24 28 ju
624 506 93 27 bevisat,
732 506 27 21 dä
774 506 21 20 vi
810 506 31 20 af-

92 543 48 26 sagt
160 548 35 14 oss
215 542 138 21 uteslutande
373 543 72 20 rätten
464 543 32 20 att
515 549 41 20 ega
569 541 116 28 frälsejord
700 541 49 20 med
765 541 76 20 säteri-

91 576 67 21 frihet
173 578 55 19 samt
244 576 116 21 befrielsen
377 576 48 21 från
440 576 131 28 deltagande
582 576 7 20 i
600 575 26 22 de
637 575 114 28 personela
762 575 79 21 krono-

91 610 147 28 utskylderna.

160 645 95 28 Sälänge
274 645 48 21 värt
340 645 125 22 nuvarande
481 645 230 28 representationssätt
727 645 114 24 existerar,

90 680 54 20 böra
162 680 22 20 vi
204 679 109 22 bibehålla
334 679 110 21 orubbade
464 680 26 21 de
510 679 126 29 privilegier
656 679 20 22 vi
696 679 65 21 hafva
781 686 59 21 gvar,

92 714 38 21 och
158 716 23 19 är
204 714 83 21 således.
312 714 45 21 min
384 714 145 29 öfvertygelse
555 716 32 19 att
614 714 147 28 petitionerne
788 714 52 20 böra

91 749 93 21 förfalla.

160 784 80 20 Grefve
257 784 103 23 Creutz:
376 783 231 21 Riddarhusutskottet
620 783 39 21 har
670 783 7 21 i
688 783 38 21 sitt
736 783 103 21 inkomna

91 818 137 21 betänkande
244 818 61 21 öfver
315 818 103 22 herrarne
429 825 42 14 von
481 818 168 27 Weissenbergs
660 818 39 20 och
711 824 41 14 von
763 817 77 21 Wille-

91 853 80 20 brands
186 853 244 27 petitionsmemorialer
445 852 93 28 afstyrkt
554 852 61 21 bifall
631 852 32 20 till
678 852 117 26 desamma,
809 852 31 20 af-

91 887 71 28 styrkt
177 887 151 28 ridderskapet
343 887 40 21 och
398 886 62 22 adeln
475 888 31 20 att
521 887 35 21 för
571 886 135 21 närvarande
722 886 74 27 afsäga
807 886 33 27 sig

91 922 47 20 sina
154 922 137 21 återstående
306 921 132 28 privilegier.
460 921 42 28 Jag
517 921 42 21 kan
571 921 51 21 icke
633 921 116 20 instämma
760 920 7 21 i
778 920 62 21 dessa

91 956 88 26 äsigter.
209 955 35 21 Då
263 956 33 20 för
316 956 48 27 fyra
384 955 104 22 månader
506 955 66 21 sedan
592 955 70 20 denna
678 955 61 27 fråga
754 954 86 21 förevar

90 990 69 20 under
178 989 122 22 diskussion
320 990 28 27 pä
368 990 60 20 detta
448 997 56 19 rum,
520 990 87 25 beslöts,
623 988 55 22 efter
693 989 145 27 förutgängen

90 1024 107 28 votering,
206 1025 31 20 att
248 1023 90 22 ärendet
348 1023 70 22 skulle
429 1023 33 22 till
473 1023 76 28 åtgärd
559 1025 116 26 upptagas;
687 1023 55 20 efter
753 1029 28 14 en
792 1023 47 20 sed-

91 1065 52 14 nare
156 1059 101 28 votering
271 1058 88 27 beslöts,
376 1060 31 19 att
421 1058 89 21 ärendet
524 1058 70 21 skulle
609 1058 123 20 remitteras
747 1057 34 20 till
796 1057 43 21 rid-

90 1093 194 21 darhusutskottet.
307 1093 232 20 Riddarhusutskottet
553 1093 40 21 har
608 1099 28 14 nu
648 1091 124 28 ändteligen
784 1091 55 20 efter

90 1129 32 19 tre
138 1127 115 21 mänaders
264 1127 31 22 tid
308 1127 86 28 afgifvit
405 1128 38 19 sitt
453 1127 117 22 utlätande.
593 1126 109 28 Frägan,
690 1121 11 38 i
714 1126 33 27 sig
757 1126 52 27 sjelf
818 1125 23 21 af

89 1162 63 28 ringa
162 1162 54 28 vigt,
224 1162 39 21 har
271 1161 91 22 sålunda
372 1161 87 21 erhållit
470 1169 25 14 en
507 1161 74 21 alltför
592 1162 44 20 stor
646 1160 120 28 betydelse,
775 1160 64 21 väckt

90 1196 74 20 alltför
180 1196 92 28 mycken.
287 1196 199 28 uppmärksamhet,
497 1196 34 21 för
542 1197 32 19 att
585 1195 41 21 den
637 1194 61 21 torde
708 1194 75 21 kunna
794 1194 45 20 helt

90 1230 41 20 och
141 1230 67 21 hållet
219 1230 83 28 skjutas
314 1230 66 22 åsido.
403 1230 42 21 Väl
455 1230 39 21 har
504 1229 222 22 riddarhusutskottet
736 1228 103 22 framhål-

89 1264 33 27 lit,
133 1266 32 19 att
178 1264 59 21 tiden
252 1264 34 22 för
297 1272 26 14 en
326 1264 116 28 afsägelse
452 1264 23 21 af
484 1264 26 21 de
521 1264 85 28 adeliga
616 1263 155 28 privilegierna
781 1265 58 19 ännu

90 1298 49 21 icke
156 1305 51 18 vore
225 1298 107 23 inne.och
347 1300 32 19 att
394 1298 41 21 den
451 1298 54 21 först
520 1298 67 21 borde
602 1297 97 28 försiggä
714 1298 27 27 pä
756 1303 83 14 samma

90 1333 58 27 gäng
165 1339 46 14 som
227 1333 27 20 de
270 1332 67 21 andra
352 1332 91 21 ständen
459 1333 73 20 afsade
548 1333 34 26 sig
597 1332 53 20 sina.
674 1332 42 26 Jag
731 1332 43 20 kan
790 1331 48 20 icke

90 1365 48 22 dela
154 1365 71 22 denna
240 1366 96 27 mening.
358 1365 78 28 Nägon
452 1366 38 20 bör
501 1365 61 21 alltid
573 1367 51 25 taga
634 1364 67 21 första
712 1366 77 25 steget.
805 1364 33 20 En

90 1399 60 28 dylik
164 1400 63 27 fräga
242 1400 38 21 har
291 1394 41 38 vid
345 1400 71 22 denna
432 1399 104 28 landtdag
550 1399 105 22 förevarit
667 1399 59 20 inom
736 1398 103 28 borgare-

90 1434 87 22 ståndet
192 1435 40 21 och
246 1435 57 21 varit
318 1435 54 22 nära
386 1436 32 19 att
434 1434 38 22 der
486 1435 57 21 lösas
554 1434 31 29 pä
595 1435 32 20 ett
637 1433 202 22 tillfredsställande

497 1481 13 9 Va
