1000 1714
772 127 39 21 367

94 194 33 20 ste
140 192 40 29 jag
195 192 98 22 deremot
307 193 28 28 på
350 192 50 22 fullt
415 193 67 22 allvar
497 192 105 28 bestrida;
617 194 23 27 ty
653 193 39 28 jag
703 200 51 21 eger
765 193 7 21 i
783 192 59 22 detta

94 226 103 22 afseende
216 226 112 29 temmelig
351 228 130 21 erfarenhet.
512 228 48 21 Den
581 234 46 14 som
642 228 40 21 har
697 228 49 21 litet
760 227 83 22 känne-

94 260 50 22 dom
167 268 34 15 om
224 261 108 27 fiskeriet,
355 262 83 21 hvilket
460 262 8 21 i
490 261 95 22 Finland
607 262 71 28 spelar
700 269 26 14 en
747 262 95 22 särdeles

93 296 71 28 vigtig
178 296 52 27 roll,
245 298 37 20 vet
297 296 76 27 också,
389 298 31 19 att
435 296 76 27 fisken,
526 296 79 21 liksom
621 296 67 22 andra
703 296 140 28 djurklasser,

91 331 25 29 ja
131 331 34 21 till
181 330 39 22 och
236 331 49 21 med
300 330 203 30 menniskoslägtet,
519 330 75 22 tidtals
610 330 92 29 begifvit
716 331 35 28 sig
765 331 33 21 till
816 338 28 14 en

94 372 73 15 annan
183 367 40 20 ort.
252 365 64 22 Hvad
332 365 69 22 fisken
418 365 110 27 beträffar,
543 365 40 21 har
599 365 36 21 det
649 365 86 22 härledt
750 366 33 28 sig
795 365 49 22 från

94 400 112 22 bristande
228 400 57 21 föda.
314 400 53 21 Man
387 400 43 21 kan
451 400 48 22 icke
520 400 67 22 tänka
607 400 42 28 sig,
669 402 32 20 att
716 400 42 22 den
774 400 70 22 blifvit

94 435 94 22 utrotad.
218 435 107 21 Sillfisket
345 435 33 21 till
394 436 100 28 exempel
509 434 6 22 i
531 434 111 22 Bohuslän
657 436 8 20 i
681 435 101 29 Sverige,
798 442 47 15 som

95 471 59 21 förut
176 470 56 22 varit
254 469 127 30 beryktadt,
401 470 40 21 har
462 470 68 22 under
551 470 27 21 50
598 470 23 21 år
636 470 48 22 icke
700 470 64 29 gifvit
779 470 67 29 något

96 506 47 27 alls,
159 512 50 15 men
225 512 29 14 nu
270 504 147 23 återkommer
433 505 62 21 sillen
511 504 57 29 igen.
597 504 29 22 Sä
641 506 23 20 är
680 506 37 21 det
730 506 50 21 med
794 506 52 21 salt-

96 540 110 30 sjöfisken.
230 540 163 29 Strömmingen
409 540 42 21 kan
467 539 84 23 således
567 540 62 28 flytta
643 540 51 21 bort
709 540 48 22 från
768 547 26 15 en
806 543 40 26 ort,

96 583 50 15 men
163 576 117 21 orsakerna
295 575 74 22 dertill
384 577 37 20 äro
437 575 104 22 vindarne
557 575 39 21 och
607 575 68 21 andra
685 575 161 29 förhållanden;

96 618 52 15 man
163 611 42 22 kan
221 611 67 22 likväl
304 611 47 21 icke
367 612 53 27 säga
435 611 32 20 att
480 610 41 22 den
533 609 132 30 fullkomligt
676 610 84 29 aftagit.
783 611 65 22 Hvad

96 646 119 29 fjällfisken
230 646 110 27 beträffar,
355 645 43 22 kan
415 645 36 22 det
466 645 51 22 med
531 645 120 21 statistiska
667 645 111 29 uppgifter
792 648 56 27 styr-

97 681 50 28 kas,
166 683 32 19 att
218 681 42 21 den
280 681 29 28 pä
329 681 27 20 30
371 680 24 21 är
411 680 142 22 tredubblats.
583 680 43 28 Jag
641 687 71 20 anser,
728 681 31 21 att
774 688 50 14 man
840 681 8 20 i

98 715 119 22 allmänhet
232 715 48 22 icke
300 715 43 22 kan
364 715 64 28 klaga
444 715 60 20 öfver
520 714 111 22 bristande
647 715 93 28 tillgång
754 715 28 28 pä
797 715 51 27 fisk,

98 753 60 19 utom
178 751 7 20 i
206 750 58 21 vissa
284 749 30 28 år,
333 756 50 15 men
402 749 69 21 hellre
487 749 61 22 öfver
563 751 45 19 stor
623 749 136 29 okunnighet
774 750 6 21 i
796 750 52 22 den-

100 792 92 15 sammas
213 784 141 29 behandling.
385 783 74 22 Skulle
475 784 217 28 fiskeriinspektören
708 784 61 22 deråt
784 785 64 22 hafva

100 821 82 22 sträckt
204 821 33 20 sin
260 826 87 21 omsorg
369 819 40 21 och
430 819 53 28 sjelf
499 819 116 27 inhemtat,
636 819 57 21 huru
707 819 69 22 fisken
793 820 56 22 skall

99 856 124 27 handteras,
239 854 55 23 hade
309 854 43 22 han
368 854 60 28 gjort
443 861 60 14 mera
517 854 54 29 godt
585 855 27 20 än
628 853 43 22 han
687 853 77 23 hittills
784 855 66 28 gjort.

99 891 51 22 Han
171 891 43 21 kan
234 890 54 21 visst
312 889 65 22 hafva
399 889 98 28 förmåga
517 889 7 21 i
545 891 32 20 att
596 889 95 28 anlägga
709 889 140 30 kläcknings-

100 927 112 26 anstalter,
232 933 50 14 men
300 925 40 28 jag
357 924 106 27 betviflar,
483 926 31 19 att
529 924 42 22 han
587 923 72 22 deruti
674 923 40 22 har
728 925 72 28 någon
816 933 34 14 er-

101 961 107 22 farenhet.
238 960 60 22 Ifrån
320 959 80 22 böcker
420 959 75 28 tyckes
513 959 43 21 han
572 959 64 21 hafva
651 959 55 28 tagit
722 959 33 22 sin
770 959 80 23 känne-

102 997 50 21 dom
172 997 8 20 i
200 997 80 20 ämnet.
312 994 48 22 Lax
380 993 69 23 finnes
469 994 40 21 här
529 993 33 22 till
582 993 99 29 exempel
702 994 6 21 i
728 995 124 28 ymnighet,

101 1039 50 14 men
172 1031 20 21 vi
213 1030 22 21 få
254 1030 34 21 lof
305 1031 32 19 att
356 1031 51 26 taga
425 1028 42 22 den
482 1028 63 22 rökta
559 1029 65 21 laxen
639 1028 49 22 från
704 1028 91 30 Sverige
811 1030 40 21 och

100 1066 73 22 betala
188 1066 41 21 den
245 1064 71 29 drygt.
344 1064 30 21 Så
387 1065 24 20 är
426 1063 63 22 äfven
505 1062 145 22 förhållandet
665 1063 50 21 med
730 1064 42 21 den
788 1064 64 22 rökta

84 1125 3 2 —
102 1100 158 28 strömmingen
283 1098 54 22 eller
359 1098 110 21 såkallade
491 1097 138 29 böcklingen,
652 1100 32 19 att
704 1098 49 22 icke
772 1100 80 20 nämna

103 1136 75 28 mångt
198 1134 40 23 och
258 1133 87 30 mycket
361 1135 72 19 annat.
462 1132 65 22 Hvad
542 1134 10 20 1
570 1134 11 27 &
597 1132 74 28 angår,
687 1132 70 22 skulle
770 1134 40 28 jag
823 1133 28 22 be

102 1173 32 20 att
157 1170 21 22 få
200 1170 76 22 förena
298 1168 46 28 mig
365 1168 32 21 uti
420 1167 49 22 herr
488 1174 42 16 von
550 1167 71 22 Borns
636 1169 142 21 reservation.
807 1168 45 21 Det

103 1205 69 30 gäller
192 1204 126 29 egentligen
339 1202 111 22 urminnes
465 1204 44 20 rätt
524 1202 33 21 till
572 1201 61 27 fiske,
649 1202 39 21 och
705 1204 32 20 att
752 1202 100 30 fråntaga

104 1246 80 22 egaren
201 1246 26 14 en
243 1238 67 21 sådan
330 1237 140 21 häfdvunnen
488 1238 44 20 rätt
550 1236 33 22 till
599 1236 117 22 fiskeställe
732 1236 73 23 derför
820 1239 33 20 att

104 1276 37 21 det
160 1274 48 21 icke
228 1275 24 19 är
271 1272 105 28 omgifvet
397 1272 23 21 af
437 1272 24 21 rå
476 1271 69 22 skulle
559 1272 40 28 jag
613 1277 52 15 anse
681 1272 49 21 leda
746 1272 32 20 till
794 1279 58 22 myc-

104 1310 42 22 ken
170 1308 121 28 obillighet.
324 1306 53 22 Man
397 1306 42 21 kan
459 1306 28 21 ha
506 1306 105 28 rättighet
636 1307 32 20 att
693 1306 84 21 bevista
797 1307 57 21 vissa

104 1344 51 20 skär
170 1342 39 21 och
225 1343 38 19 der
278 1342 67 26 draga
360 1341 33 19 sin
409 1342 45 24 not,
470 1347 49 13 men
534 1340 40 20 hos
590 1347 35 13 oss
640 1340 39 20 har
694 1340 70 28 aldrig
781 1342 72 26 någon

104 1379 65 26 gräns
190 1376 66 28 kring
275 1375 63 21 desse
357 1374 50 21 skär
423 1374 56 21 varit
493 1373 111 27 utstakad;
620 1380 50 14 man
686 1375 68 20 rättar
768 1374 33 28 sig
816 1374 38 21 der

105 1413 56 21 mest
176 1410 55 22 efter
245 1408 130 30 landgrund.

173 1446 58 21 Herr
245 1444 162 28 Ehrnrooth,
422 1443 28 23 K.
465 1444 38 21 A.:
522 1443 11 22 I
548 1444 91 21 motsats
655 1442 33 22 till
699 1442 93 24 friherre
803 1442 51 24 Car-
