1003 1725
187 140 41 20 524

157 204 112 28 Föröfrigt
285 206 44 19 tror
342 203 45 29 jag,
399 206 31 19 att
441 204 35 21 det
492 205 19 28 ej
528 206 23 20 är
562 204 24 21 så
596 204 105 28 behöfligt
711 205 32 20 att
753 204 98 28 uppsöka
861 204 43 21 alla

158 240 81 22 fläckar
258 240 40 21 och
318 239 100 21 meddela
438 239 48 21 dem
507 240 33 20 till
559 239 158 21 allmänhetens
733 239 132 27 kännedom,
881 239 24 21 så

157 277 32 19 att
208 282 35 13 om
264 282 27 13 en
307 274 82 28 gvinna
404 274 41 21 ock
464 274 69 21 skulle
549 274 71 21 blifvit
635 273 86 28 lägrad,
737 274 42 20 hon
796 274 19 28 ej
833 274 70 20 skulle

157 310 75 21 kunna
246 309 54 28 bege
315 309 33 27 sig
363 309 49 20 bort
426 308 48 21 från
490 309 41 21 den
548 310 40 25 ort,
604 308 38 21 der
657 309 60 20 detta
733 309 65 26 skett,
809 310 52 19 utan
873 310 32 19 att

157 345 71 21 denna
244 344 55 21 fläck
314 344 68 21 måste
398 342 54 29 följa
466 344 48 21 med
528 344 71 21 henne
615 343 32 21 till
664 350 26 14 en
707 350 78 14 annan.

224 379 58 22 Herr
296 378 102 27 Munck,
415 377 27 22 K.
458 379 34 20 F.:
509 379 42 28 Jag
571 385 108 21 upprepar
697 379 57 20 hvad
767 379 39 27 jag
822 378 6 20 i
845 377 59 22 detta

157 414 102 22 afseende
275 415 57 26 sagt,
348 420 49 14 men
414 413 37 22 vill
467 413 113 27 anmärka,
597 414 31 19 att
643 420 91 14 numera
750 413 60 21 torde
826 412 79 28 sjelfva

157 448 151 23 absolutionen
325 448 86 21 komma
427 450 31 19 att
474 448 111 21 försvinna
601 447 39 22 och
656 448 77 21 endast
748 448 41 21 den
805 447 98 29 varning,

157 491 46 15 som
216 485 10 20 i
241 484 118 27 anledning
374 483 24 21 af
410 483 29 22 H.
454 483 62 28 Kejs.
532 483 72 28 Maj:ts
620 483 136 28 proposition
770 489 34 14 om
823 482 80 29 kyrko-

157 520 95 29 pliktens
268 518 133 22 afskaffande
416 518 72 21 blifvit
503 519 25 20 af
541 517 116 22 ständerne
673 518 116 27 fastställd,
799 519 32 20 att
842 513 70 33 gvar--

158 556 39 21 stå.
227 555 49 21 Den
296 553 95 28 fläcken,
406 554 59 21 såväl
485 553 40 22 den
547 561 40 14 ena
607 560 46 14 som
674 553 42 22 den
737 553 76 27 andra,
829 553 32 22 lär
876 561 27 14 en

157 590 76 29 lägrad
248 590 80 28 qvinna
343 589 83 21 således
442 589 22 21 få
479 591 50 25 taga
544 588 49 21 med
609 588 40 28 sig,
661 596 34 13 om
706 588 44 21 hon
761 588 55 21 skall
830 588 74 21 kunna

158 626 103 27 beläggas
276 623 49 21 med
341 630 78 15 ansvar
432 624 33 20 för
481 624 70 28 tredje
566 623 40 21 och
622 623 70 28 fjerde
706 630 63 14 resan
780 623 123 28 lägersmål.

224 659 59 22 Herr
304 658 162 27 Grotenfelt,
487 658 37 21 A.:
547 658 49 21 Med
611 658 119 28 anledning
745 658 24 20 af
782 658 56 21 hvad
852 658 51 20 herr

156 695 81 22 Munck
251 695 68 27 yttrat
335 693 33 21 till
384 694 83 20 försvar
482 693 33 21 för
531 692 116 22 utskottets
663 692 137 22 betänkande
815 693 7 21 i
833 692 71 22 denna

157 730 41 28 del,
213 729 63 21 utber
289 729 39 27 jag
343 728 45 28 mig
403 730 32 19 att
451 728 22 20 få
488 730 50 26 taga
554 728 25 21 de
595 728 22 20 af
631 728 107 20 utskottet
753 728 91 21 anförda
858 734 45 14 mo-

156 766 56 21 tiver
233 764 8 21 i
264 765 99 20 närmare
386 763 168 21 skärskådande.
585 763 44 21 Der
650 764 72 26 säges:
743 764 46 24 ,att
809 763 94 28 qvinnan

157 801 43 21 kan
219 806 52 15 vara
291 798 120 28 bekymrad
431 798 60 21 öfver
512 798 93 26 straffet,
621 799 23 19 är
660 797 36 21 vid
711 797 60 21 detta
786 798 58 20 brott
860 797 45 21 lika

157 836 58 25 litet,
236 841 46 14 som
301 833 36 21 vid
357 834 67 26 något
439 835 75 24 annat,
530 835 32 19 ett
576 832 47 21 skäl
639 834 31 20 att
685 832 44 21 låta
745 832 71 22 henne
832 832 73 28 undgå

156 869 80 23 straff.<
265 868 44 21 För
330 868 44 21 min
395 867 35 21 del
451 867 70 22 skulle
534 869 39 27 jag
589 867 66 21 likväl
669 869 44 25 tro,
729 869 32 20 att
776 867 36 21 det
828 868 20 27 ej
864 867 40 22 här

157 907 24 20 är
201 905 61 27 fråga
283 911 34 13 om
339 905 31 19 ett
388 903 132 28 bekymmer,
536 911 46 13 som
599 903 69 20 skulle
684 903 61 21 bestå
761 903 77 21 endast
852 903 8 20 i
876 909 26 14 en

157 939 166 28 sinnesängslan
337 938 39 21 hos
392 937 42 22 den
450 937 67 22 fallna
534 938 103 28 qvinnan,
652 939 53 19 utan
721 945 34 14 om
772 945 26 14 en
813 938 90 27 bekym-

157 981 93 15 mersam
270 973 141 28 belägenhet,
432 979 45 14 som
498 973 98 20 sträcker
617 972 46 21 sina
681 973 132 27 verkningar
827 973 34 20 till
876 979 26 14 en

156 1009 90 22 alldeles
260 1007 101 28 oskyldig
376 1007 206 28 samhällsmedlem,
599 1007 19 20 d.
635 1014 18 13 v.
670 1014 16 13 s.
703 1007 36 21 det
754 1009 59 18 utom
828 1007 75 20 äkten-

157 1044 76 28 skapet
248 1043 66 21 födda
329 1042 66 29 späda
410 1042 84 21 barnet.
524 1042 111 21 Utskottet
651 1043 64 27 säger
725 1042 81 26 vidare,
817 1043 32 19 att
862 1041 40 22 den

156 1078 167 27 omständighet,
341 1079 31 19 att
388 1077 95 28 qvinnan
503 1077 72 21 blifvit
591 1076 82 21 förförd
689 1077 33 20 till
737 1077 89 26 brottet,
842 1076 61 28 inga-

155 1112 66 21 lunda
236 1112 44 21 kan
295 1111 33 21 för
343 1111 71 20 henne
431 1111 55 21 vålla
497 1111 124 26 straffrihet,
633 1111 90 20 emedan
735 1117 50 14 man
796 1110 26 21 då
833 1110 70 21 skulle

155 1147 92 21 förneka
267 1146 71 25 henne
359 1145 28 22 fri
400 1145 59 29 vilja.
488 1145 51 21 Men
556 1145 65 21 också
635 1145 48 21 häri
699 1145 204 21 öfverensstämmer

155 1182 21 27 ej
192 1181 45 21 min
253 1180 57 28 åsigt
325 1180 133 28 fullkomligt
473 1180 49 20 med
538 1180 123 20 utskottets.
684 1179 43 28 Jag
739 1179 69 21 skulle
819 1181 40 25 tro,
871 1181 31 19 att

155 1215 138 29 lagstiftaren
308 1214 36 20 vid
359 1214 167 21 bedömmandet
542 1214 24 21 af
579 1214 66 26 brott,
661 1221 46 13 som
723 1213 91 21 hänföra
825 1214 33 28 sig
869 1214 33 20 till

155 1250 83 23 könens
254 1248 135 22 förhållande
404 1249 33 20 till
452 1248 129 26 hvarandra,
597 1249 68 20 måste
682 1248 57 20 fästa
755 1248 101 21 särskildt
872 1248 31 21 af-

155 1282 79 21 seende
250 1282 28 27 pä
294 1281 61 21 deras
372 1282 58 20 olika
445 1282 90 26 kropps-
552 1281 38 20 och
602 1282 196 26 själsegenskaper.
821 1281 82 28 Sjelfva

154 1316 44 22 den
213 1315 137 27 författning,
365 1316 22 19 vi
402 1315 7 20 i
425 1315 41 27 dag
482 1315 118 26 diskutera,
617 1317 23 19 är
657 1317 31 18 ett
703 1315 61 20 bevis
779 1315 28 27 pä
822 1317 32 19 att
870 1315 32 21 sä-

155 1351 51 22 dant
222 1352 24 19 är
261 1350 141 28 nödvändigt,
418 1352 24 26 ty
456 1356 80 14 annars
552 1349 70 21 skulle
638 1350 41 20 den
697 1350 19 27 ej
731 1356 53 22 vara
800 1350 101 28 behöflig,

154 1387 53 25 utan
222 1384 26 22 de
264 1384 7 21 i
282 1384 126 22 densamma
419 1384 131 21 omnämnda
560 1384 86 21 brotten
658 1384 85 21 straffas
754 1384 70 22 såsom
841 1384 61 21 mord

154 1420 41 24 och
214 1419 75 21 försök
307 1418 79 28 dertill,
402 1419 68 28 enligt
490 1419 80 20 allmän
591 1419 42 28 lag,
663 1418 43 28 Jag
726 1418 107 22 erkänner
852 1419 50 20 med

155 1454 50 28 pöje
225 1453 117 22 utskottets
363 1453 133 28 välmening,
517 1453 27 21 dä
564 1453 36 21 det
621 1453 78 21 uttalat
719 1453 34 28 sig
773 1454 23 22 så
816 1455 85 26 strängt
