1023 1706
789 126 35 20 781

104 188 52 29 lagt.
187 187 42 23 Det
251 188 60 22 torde
332 197 49 14 vara
401 190 238 22 öfverensstämmande
658 191 49 21 med
729 190 126 28 billigheten

104 226 32 18 att
156 224 36 20 vid
213 224 153 28 bortgifvande
382 225 23 20 af
422 225 146 27 pensionerna
584 225 7 20 i
605 225 90 21 främsta
711 228 93 18 rummet
821 227 35 20 be-

104 258 75 20 hofvet
200 258 63 20 afses.
294 258 43 28 Jag
356 259 51 20 ville
423 258 86 21 derföre
524 259 34 20 för
574 259 86 21 ständet
675 259 90 27 föreslä,
781 262 32 18 att
828 268 27 13 en

103 292 129 27 förändring
252 292 24 20 af
289 292 144 27 reglementet
448 292 7 20 i
471 292 59 21 detta
546 293 57 27 syfte
618 293 70 21 skulle
704 295 102 25 antagas,
822 294 34 20 för

104 328 32 19 att
155 326 34 21 för
208 326 116 21 framtiden
344 326 74 22 kunna
439 327 60 28 tjena
519 327 33 21 till
573 327 154 21 efterrättelse.
757 328 47 20 Blir
820 328 37 21 det

104 360 117 21 framdeles
243 361 71 20 säsom
334 360 77 22 hittills
427 361 83 29 regeln,
526 363 32 19 att
574 362 188 28 ordningsföljden
779 362 54 20 skall
849 363 7 20 i

103 395 91 21 främsta
214 397 94 19 rummet
328 396 67 26 afses,
412 396 23 20 sä
451 396 69 21 mäste
541 396 138 27 naturligtvis
695 396 26 21 de
737 396 68 21 under
821 404 35 13 n:o

104 430 42 21 400
168 429 40 22 och
228 430 126 21 derutöfver
373 430 108 29 uppförda
500 430 55 21 först
569 431 7 20 i
593 431 33 20 sin
643 431 60 21 ålder
718 431 40 21 och
774 431 82 21 kanske

104 465 70 27 aldrig
190 465 88 21 komma
293 465 8 20 i
316 465 86 27 ätanke,
414 465 40 21 och
468 465 83 28 följden
567 465 48 27 blir,
631 467 32 20 att
678 465 116 22 framdeles
805 473 52 20 gan-

105 499 39 21 ska
164 499 23 21 f&
207 499 62 21 torde
289 499 58 21 finna
370 500 120 28 anledning
509 501 32 20 att
560 500 94 21 medelst
673 501 78 27 bidrag
765 501 44 20 läta
824 501 33 20 in-

105 533 83 21 skrifva
204 534 33 27 sig
252 534 7 21 i
272 534 309 28 jungfrustiftsinrättningen,
597 535 91 20 emedan
699 535 69 28 utsigt
779 535 78 20 saknas

104 569 32 20 att
151 568 67 21 vinna
233 568 36 21 det
285 568 124 27 understöd,
426 575 45 14 som
488 569 89 21 dermed
592 569 57 20 varit
664 569 72 21 afsett.

172 603 59 20 Herr
247 603 158 28 Jägerhorn,
422 603 23 20 OC.
462 603 28 22 J.:
507 603 42 28 Jag
564 603 85 21 känner
665 605 27 26 ej,
709 604 74 20 hvilka
798 604 58 27 prin-

104 637 59 27 eiper
180 637 70 21 blifvit
269 637 75 28 följda,
360 637 27 20 dä
402 637 145 28 reglementet
562 637 34 21 för
612 638 72 27 adliga
696 638 161 27 jungfrustifts-

103 672 151 27 inrättningen
270 672 80 27 skrefs,
367 672 54 20 eller
436 672 106 21 huruvida
558 672 26 21 de
600 672 43 21 fem
659 673 134 27 sjettedelar,
809 679 46 14 som

104 707 39 20 der
162 708 138 25 omnämnas,
321 706 70 21 skulle
411 707 58 27 gälla
489 707 56 20 blott
565 707 34 20 för
616 707 70 20 första
699 707 87 28 gängen
802 707 54 20 eller

105 741 64 20 äfven
186 740 26 21 de
226 740 97 28 följande
338 741 113 27 gängerna
469 741 117 28 tillämpas.
616 741 51 20 Men
683 749 35 13 om
734 749 49 13 man
800 742 57 20 läser

107 777 25 20 14
152 775 11 28 8
183 775 8 20 i
211 775 154 28 reglementet,
382 775 24 21 sä
421 775 54 21 talas
491 775 39 21 der
544 783 45 20 om,
605 775 56 22 huru
676 775 37 21 det
728 776 70 20 skulle
814 776 43 21 för-

105 810 69 21 hällas
195 809 50 21 med
265 810 158 28 pensionernas
444 810 78 28 belopp
543 810 69 21 första
627 810 86 28 gängen
730 810 39 21 och
785 810 72 21 seder-

105 852 61 13 mera
186 845 45 20 står
253 845 36 21 det
309 845 7 21 i
333 845 26 21 15
375 845 18 28 $,
409 846 33 19 att
457 845 24 20 af
494 845 64 20 dessa
573 844 91 22 sålunda
679 845 112 20 bestämda
805 852 52 21 pen-

106 880 72 21 sioner
194 879 62 21 skola
271 879 44 22 fem
329 879 126 28 sjettedelar
471 879 94 28 utgifvas
581 879 7 21 i
604 879 160 28 ordningsföljd
779 879 40 21 och
831 880 26 21 de

106 914 70 28 öfriga
196 914 147 28 pensionerna
363 916 59 19 utom
443 915 102 27 ordning,
566 914 55 21 efter
636 913 220 22 riddarhusdirektio-

105 955 54 14 nens
175 949 109 27 pröfning,
301 951 40 18 ete.
371 949 44 28 Jag
430 949 98 21 anhäller
543 950 32 19 att
590 949 23 20 fä
627 949 91 28 uppläsa
734 949 41 20 den
792 949 25 20 14
833 949 24 27 $;

106 983 38 21 der
164 984 54 20 står:
241 985 52 24 ,när
314 983 113 28 utdelning
443 983 24 21 af
483 983 116 28 pensioner
614 983 73 28 första
701 985 84 26 gången
801 983 56 26 sker,

106 1017 35 22 mä
156 1017 254 22 riddarhusdirektionen
424 1018 72 21 dertill
512 1017 99 22 använda
626 1018 65 27 högst
706 1019 33 19 tre
751 1017 107 28 fjerdede-

106 1053 32 20 lar
161 1052 24 20 af
206 1052 101 21 behällna
326 1054 77 19 räntan
421 1053 12 20 &
448 1053 43 20 alla
511 1052 209 28 stiftsinrättningen
737 1051 121 28 tillhöriga,

106 1086 103 21 utlänade
225 1086 78 27 medel,
319 1087 83 20 hvilket
417 1087 87 28 belopp,
521 1087 205 28 fördeladt
640 1082 10 38 i
662 1087 61 28 jemnt
736 1086 58 21 antal
807 1093 52 21 pen-

107 1121 80 26 sioner,
209 1121 112 20 förblifver
337 1121 141 21 oförändradt
500 1121 58 21 intill
580 1122 63 20 nästa
662 1120 159 22 sammanträde
837 1121 24 21 af

106 1155 153 28 ridderskapet
279 1155 40 21 och
340 1155 63 21 adeln
424 1156 53 21 eller
497 1156 49 21 dess
565 1155 144 27 komiterade,
725 1154 28 22 dä
767 1155 28 28 pä
809 1155 49 20 dem

106 1189 117 21 ankomme
239 1191 32 20 att
285 1189 128 28 bestämma,
428 1190 116 27 huruvida,
560 1190 67 21 sedan
642 1190 79 21 kassan
737 1189 123 21 emellertid

108 1231 79 20 genom
210 1224 124 21 återstoden
357 1224 23 21 af
401 1225 93 21 nämnde
516 1226 63 19 ränta
599 1224 77 21 vunnit
696 1224 95 26 tillvext,
807 1223 53 20 flera

107 1259 118 26 pensioner
240 1259 35 20 mä
291 1259 92 20 ansläs.*

176 1293 59 20 Herr
254 1300 42 13 von
317 1293 222 26 Willebrand,'
511 1287 33 36 K.
560 1293 35 20 F.:
619 1292 42 27 Jag
679 1293 39 20 har
736 1293 19 26 ej
772 1291 87 28 mycket

108 1329 32 17 att
160 1327 91 26 tillägga
270 1327 7 20 i
298 1327 71 20 denna
389 1327 72 26 fräga,
482 1327 88 20 hvilken
591 1327 33 19 till
644 1327 32 19 sin
691 1325 169 27 hufvudsakliga

108 1360 35 21 del
165 1361 23 19 af
206 1361 79 26 mänga
305 1361 68 20 redan
393 1360 72 20 blifvit
485 1361 58 20 klart
558 1359 83 22 utredd.
671 1359 44 21 Det
729 1366 64 21 synes
808 1365 53 14 vara

108 1394 92 21 solklart
215 1396 32 19 att
263 1394 86 21 ståndet
365 1395 19 27 ej
401 1401 29 14 nu
445 1394 43 21 kan
503 1395 71 20 tillåta
589 1393 34 28 sig
638 1393 67 21 ändra
721 1392 140 22 bestämmel-

108 1436 65 14 serna
188 1429 7 20 i
211 1429 68 21 under
295 1429 72 28 legala
381 1429 82 21 former
478 1429 137 21 tillkommen
631 1427 121 28 fundation,
768 1427 43 22 den
825 1427 37 21 mä
