1023 1717
808 122 27 21 23

113 186 168 27 konkurrenter,
304 193 49 15 men
375 186 33 22 för
431 187 49 21 hela
498 186 36 22 det
557 187 70 28 öfriga
645 188 157 29 borgerskapet
820 190 42 22 kan

113 222 38 21 det
170 222 35 20 väl
225 221 48 22 icke
294 228 51 14 vara
364 223 66 19 annat
450 224 27 18 än
498 222 151 28 fördelaktigt,
669 224 32 20 att
719 223 52 21 flere
786 225 77 21 redare

112 256 58 28 finge
191 256 91 27 erbjuda
302 256 48 21 sina
369 256 72 28 fartyg
461 256 33 21 till
515 256 146 29 befraktning.
691 258 40 20 Att
745 258 68 22 saken
829 259 34 21 för

113 290 67 28 öfrigt
199 290 33 21 för
248 290 49 20 hela
312 290 74 21 landet
400 297 52 15 vore
467 291 25 21 af
504 290 91 28 omätlig
609 298 69 21 gagn,
693 292 105 22 behöfver
813 294 49 21 icke

112 326 101 20 närmare
233 324 138 22 framställas.
402 325 43 27 Jag
464 325 38 21 vill
523 325 66 21 också
609 325 48 22 icke
678 333 51 15 vara
747 327 53 27 den,
816 335 46 14 som

111 360 46 20 mot
177 359 157 29 borgerskapet
354 359 120 29 uppkastar
494 359 41 21 den
556 360 81 28 skymf,
658 362 32 20 att
708 361 45 27 det,
774 362 34 21 för
831 364 31 20 att

111 393 66 22 häfda
197 396 31 20 ett
247 394 113 29 monopol,
376 394 70 22 skulle
460 396 103 20 motsätta
583 394 34 30 sig
632 402 26 14 en
674 395 34 22 för
724 396 50 22 hela
788 396 75 23 landet

110 429 104 29 gagnelig
228 429 88 22 reform.

179 464 59 22 Herr
253 471 42 15 von
312 464 84 28 Born,
413 464 20 22 J.
449 464 37 22 A.:
507 464 44 28 Jag
571 465 97 21 anhäller
688 467 32 19 att
735 466 22 20 fä
773 467 88 26 nämna,

111 501 33 20 att
163 500 98 28 punkten
280 500 21 27 e)
322 499 150 21 diskuterades
492 500 7 20 i
518 500 107 20 utskottet
643 500 83 28 ganska
741 500 66 28 lifligt
823 502 39 20 och

111 536 32 20 att
162 534 110 28 vällofliga
287 534 190 28 borgareständets
496 534 143 28 deputerade,
655 535 74 21 hvilka
743 536 50 21 med
808 538 54 20 stör-

112 571 33 20 sta
164 569 168 29 beredvillighet
352 570 7 20 i
380 569 26 21 de
425 569 70 29 öfriga
518 569 124 29 punkterna
665 570 61 28 fogat
749 571 33 27 sig
808 570 54 22 efter

110 604 58 23 hvad
190 605 7 21 i
220 604 41 22 den
284 604 80 28 nådiga
386 604 164 29 propositionen
573 604 135 29 föreslagits,
731 605 36 21 vid
790 606 72 21 denna

110 640 76 29 punkt,
208 639 90 22 oaktadt
316 639 114 22 enahanda
449 639 47 21 skäl
516 639 71 22 blifvit
607 640 134 27 framstäldt,
760 647 46 15 som
826 641 37 21 det

110 676 50 20 herr
176 674 82 22 Linder
272 682 30 13 nu
317 674 79 28 anfört,
407 674 83 29 yrkade
504 675 29 28 pä
549 674 66 22 sädan
630 674 145 29 godtgörelse,
786 676 76 21 betän-

110 710 82 21 kandet
206 709 129 22 innehäller.
359 704 42 34 Jag
416 711 61 27 tager
493 710 45 28 mig
553 709 64 21 deraf
628 709 119 29 anledning
757 710 106 27 förmoda,

110 746 32 20 att
158 745 67 21 saken
241 745 64 21 äfven
320 744 36 22 vid
370 744 153 22 diskussionen
538 745 59 21 inom
611 744 181 29 borgareständet
802 745 60 22 kom-

110 787 46 15 mer
176 781 32 20 att
226 780 50 21 leda
294 780 34 20 till
348 786 82 14 samma
448 780 99 21 resultat.
577 779 76 21 Under
668 780 66 20 sädan
750 780 113 22 förutsätt-

110 815 61 28 ning,
182 814 40 22 och
236 815 28 27 pä
279 814 37 21 det
330 816 32 20 att
376 814 48 27 den,
436 814 70 22 säsom
523 814 45 28 mig
583 814 81 28 tyckes,
681 814 84 28 ganska
780 815 84 28 vigtiga

110 850 96 26 förmon,
222 850 89 21 hvarom
332 856 29 14 nu
381 850 24 20 är
420 849 72 28 fräga,
506 849 69 21 mätte
590 849 74 21 kunna
678 849 184 22 landtmannafar-

111 887 73 26 tygen,
200 891 35 15 om
251 886 27 19 än
294 886 59 19 emot
368 884 72 28 nägon
456 884 64 28 afgift
535 884 34 20 till
585 884 108 26 städerne,
708 884 98 27 beredas,
823 884 39 22 och

110 920 34 21 för
163 921 31 19 att
214 919 48 21 icke
283 919 114 28 äfventyra
421 920 31 20 att
472 918 46 22 helt
548 918 40 21 och
608 918 67 22 hållet
694 918 28 28 gå
744 919 65 21 miste
828 926 35 14 om

110 954 126 22 densamma
252 954 88 28 tillfölje
361 954 23 21 af
398 954 111 21 motständ
525 954 32 21 uti
571 953 190 29 borgareständet,
777 954 33 20 fär
823 954 41 28 jag

110 990 129 28 ytterligare
254 989 110 28 tillstyrka
378 989 62 21 bifall
456 989 33 21 till
504 988 81 28 nädiga
600 988 167 28 propositionen
778 988 40 22 och
830 991 33 19 ut-

110 1025 93 21 skottets
218 1024 144 21 betänkande.
393 1023 43 29 Jag
451 1024 39 20 ber
505 1024 32 20 att
553 1023 22 21 få
589 1023 116 21 instämma
716 1022 6 21 i
734 1023 57 21 hvad
806 1023 57 21 före-

110 1059 84 29 gående
210 1059 76 27 talare,
301 1059 51 21 herr
367 1065 42 15 von
423 1058 67 28 Born,
506 1058 27 21 K.
549 1058 32 26 F.,
592 1059 68 27 yttrat
675 1064 34 14 om
721 1058 142 28 obilligheten

111 1094 23 21 af
148 1094 36 21 det
198 1094 56 21 ända
270 1094 34 20 till
318 1094 54 20 1856
383 1093 122 21 existerade
516 1092 143 27 förhällande,
671 1094 30 19 att
712 1092 151 21 landtmanna-

111 1130 73 27 fartyg
205 1128 28 28 pä
256 1128 96 22 äterfärd
371 1128 48 21 frän
440 1128 26 20 de
488 1127 182 27 utrikeshamnar,
689 1127 33 21 till
743 1127 75 21 hvilka
838 1127 26 21 de

110 1163 56 22 varit
188 1162 136 29 berättigade
344 1164 116 26 exportera
480 1162 213 26 landtmannavaror,
709 1161 48 21 icke
774 1161 41 21 fått
831 1161 33 21 till

110 1198 75 22 landet
195 1197 125 22 medhemta
330 1197 152 27 handelsgods.
503 1196 67 22 Detta
580 1196 137 22 förhållande
728 1196 58 20 leder
798 1196 66 20 också

110 1233 34 21 till
161 1239 27 14 en
208 1232 228 21 nationalekonomisk
451 1231 84 21 förlust.
566 1230 89 22 Talrika
671 1230 100 28 exempel
786 1230 77 26 finnas,

111 1269 32 20 att
158 1268 8 20 i
181 1266 116 22 utländska
312 1266 98 27 hamnar,
420 1266 88 21 hvarest
522 1266 70 21 finska
602 1264 123 22 handlande
736 1265 50 21 sökt
797 1265 67 21 frakt-

110 1302 104 28 lägenhet
232 1302 34 20 för
285 1308 63 14 varor
363 1301 34 21 till
411 1301 133 26 hemlandet,
560 1301 59 27 legat
635 1301 56 19 toma
708 1300 71 20 finska
794 1299 70 21 landt-

111 1336 155 27 mannafartyg
281 1336 86 27 färdiga
383 1338 31 18 att
430 1336 76 26 återgå
523 1336 32 20 till
566 1336 103 24 hemmet,
680 1341 51 14 men
742 1334 42 21 den
794 1334 71 21 finska

110 1371 136 27 importören
261 1370 39 21 har
316 1369 48 21 icke
381 1369 41 21 fått
437 1368 100 22 befrakta
552 1368 67 28 något
634 1368 23 20 af
671 1368 56 26 dem,
743 1369 53 19 utan
811 1367 53 21 nöd-

112 1406 48 28 gats
182 1404 99 22 anskaffa
303 1403 77 27 andra,
404 1403 50 21 vida
480 1402 77 28 dyrare
580 1402 73 28 fartyg
675 1402 34 20 för
732 1402 38 20 sitt
792 1400 72 22 behof.

110 1440 68 26 Detta
192 1439 136 26 förhållande
345 1438 129 32 existerade,
490 1438 71 25 såsom
576 1436 67 26 redan
659 1436 90 26 nämndt
763 1438 31 29 är,
809 1436 56 24 ända
