1017 1711
184 148 41 19 448

156 211 136 28 tryckeligen
313 210 133 21 förbehällits
466 209 133 22 hufvudman
618 209 35 22 vid
671 210 97 27 tjuguett
783 209 35 22 års
834 209 69 27 ålder;

157 247 56 20 samt
233 246 34 20 2:o
288 246 32 19 att
340 245 70 28 tredje
430 246 120 19 momentet
570 245 24 20 af
608 245 26 20 16
654 245 23 27 $,
693 244 38 21 der
747 244 62 21 ordet
825 245 79 26 ,hans*

156 280 72 20 kunde
243 279 104 21 hänföras
362 279 59 21 såväl
437 279 32 20 till
485 279 62 20 ordet
562 278 191 28 ,landtdagsman*
764 285 46 14 som
823 278 82 26 ,landt-

156 314 132 26 marskalk";
309 313 40 21 och
366 314 69 27 jemte
456 312 36 21 det
511 312 51 22 herr
582 312 201 22 landtmarskalken
802 312 102 22 förmälte

157 350 42 25 att,
219 348 34 21 till
272 347 138 22 undvikande
429 348 25 20 af
466 346 144 29 tvetydighet,
626 346 51 22 sista
693 349 119 19 momentet
827 347 24 21 af
865 348 12 20 8
893 348 11 27 8

156 384 83 21 ansetts
254 383 54 21 böra
323 382 82 22 erhålla
420 382 98 28 följande
533 382 91 28 lydelse:
640 383 35 25 ,är
686 382 133 21 hufvudman
830 388 75 22 omyn-

156 418 37 28 dig
209 418 54 21 eller
277 417 34 21 för
327 417 72 27 någon
414 416 24 22 af
451 417 26 21 de
492 416 70 22 under
578 417 18 26 1,
610 417 20 26 3,
646 417 19 26 4,
681 417 20 26 5,
717 418 20 26 6,
753 417 12 21 7
781 417 40 21 och
835 418 13 20 8
859 424 45 14 mo-

157 454 88 19 menten
260 452 25 21 af
297 451 146 28 nästföljande
458 452 12 27 $
485 452 111 28 upptagne
612 451 89 21 orsaker
716 451 69 21 skild"
797 453 41 20 etc.
849 454 56 19 samt

155 488 33 20 att
204 486 69 28 tredje
289 487 119 20 momentet
422 486 8 20 i
446 486 26 21 16
488 486 11 27 &
514 486 47 21 åter
573 485 87 22 ändrats
671 486 100 22 sålunda:
784 487 121 28 ,aflägsnar

156 521 34 28 sig
205 520 166 29 landtdagsman
386 520 50 22 från
450 520 106 28 landtdag
570 520 40 21 och
621 520 115 22 uteblifver
747 520 95 22 derifrån
853 522 52 20 utan

156 555 213 22 landtmarskalkens
391 554 99 22 tillstånd
508 554 54 21 eller
579 554 96 21 anmäldt
695 555 50 27 laga
760 555 73 22 förfall
848 556 57 21 utöf-

157 597 38 14 ver
215 591 33 20 tre
267 589 88 27 veckor,
369 589 37 21 må
424 589 42 21 den
486 589 117 21 uteblifnes
621 589 56 28 plats
696 589 86 28 intagas
796 590 24 21 af
833 597 70 14 annan

157 631 87 21 person,
260 630 47 15 som
322 623 79 27 dertill,
414 623 89 28 jemlikt
518 623 160 28 stadganderne
693 624 7 20 i
715 624 13 20 8
745 625 18 26 $,
779 625 24 20 är
816 624 89 21 berätti-

157 659 61 28 gad*,
231 658 130 22 hemställde
376 658 50 21 herr
445 657 207 28 landtmarskalken,
663 657 107 23 huruvida
780 659 48 21 icke
839 659 66 28 sagde

157 693 118 28 ändringar
295 692 32 22 uti
346 692 144 22 omförmälde
508 692 83 29 förslag
610 692 73 21 kunde
703 693 24 21 af
747 693 85 22 ständet
853 693 51 29 god-

156 728 91 22 kännas.

224 763 80 21 Denna
318 761 130 22 hemställan
464 761 73 22 bifölls
552 761 24 22 af
589 762 92 21 ständet.

225 831 124 27 Föredrogs
365 830 255 28 expeditionsutskottets
635 831 41 21 den
693 832 12 21 5
721 831 6 21 i
743 831 72 22 denna
827 833 79 21 månad

157 865 120 29 bordlagda
291 865 82 28 förslag
387 865 34 21 till
436 866 129 21 ständernas
580 865 149 28 underdäniga
745 873 49 14 svar
804 867 13 20 ä
827 866 79 29 nådiga

157 900 164 28 propositionen
337 906 36 14 n:o
388 900 27 20 37
432 900 112 28 angäende
560 900 169 27 bestämmande,
744 900 107 22 huruvida
866 901 39 21 och

157 934 34 21 till
207 934 89 22 hvilken
311 934 36 21 del
362 934 13 21 &
389 934 81 21 allmän
486 936 42 19 stat
543 934 107 29 uppförde
661 934 92 22 embets-
765 935 40 21 och
815 936 90 27 tjenste-

158 970 61 26 män,
237 970 40 20 när
295 968 63 22 deras
372 968 148 28 befattningar
537 968 112 29 indragas,
665 968 70 22 skulle
755 969 85 28 ätnjuta
859 970 47 21 sina

157 1004 61 20 förra
231 1003 171 28 löneförmoner;
418 1003 85 21 hvilket
517 1003 82 28 förslag
614 1003 24 21 af
649 1003 86 21 ständet
750 1004 133 28 godkändes.

225 1038 82 22 Härom
327 1037 70 22 skulle
416 1038 20 28 ej
456 1038 84 22 mindre
559 1038 142 21 medständen
716 1040 27 19 än
759 1038 147 29 expeditions-

159 1072 108 22 utskottet
281 1078 79 23 genom
376 1072 201 29 protokollsutdrag
591 1072 145 22 underrättas.

225 1141 124 27 Föredrogs
365 1141 255 28 oxpeditionsutskottets
634 1141 82 28 förslag
730 1142 33 20 till
779 1142 127 21 ständernas

157 1175 150 28 underdäniga
325 1182 49 14 svar
392 1176 12 20 &
422 1176 80 27 nådiga
520 1176 163 28 propositionen
699 1182 35 14 n:o
750 1176 27 20 34
793 1176 114 27 angående

158 1209 94 21 revision
273 1209 24 21 af
314 1209 43 21 den
377 1216 79 20 genom
476 1210 80 27 nädiga
575 1209 124 21 manifestet
719 1210 24 20 af
759 1209 42 21 den
820 1210 13 20 9
851 1210 55 28 april

160 1244 55 20 1840
230 1242 104 28 stadgade
350 1244 133 26 omsättning
498 1244 23 20 af
534 1244 204 26 räntepersedlarne
754 1244 6 20 i
775 1244 82 20 landet.

226 1276 47 20 Och
287 1282 47 14 som
349 1276 94 21 nämnde
458 1276 82 28 förslag
555 1276 25 21 af
593 1276 86 21 ständet
693 1276 132 28 godkändes,
837 1276 70 22 skulle

157 1309 144 22 medständen
312 1309 40 21 och
363 1309 245 28 expeditionsutskottet
618 1317 79 21 genom
707 1310 201 28 protokollsutdrag

157 1344 76 22 härom
249 1344 143 22 underrättas.

227 1413 124 28 Föredrogs
366 1413 154 28 lagutskottets
535 1414 144 27 betänkande,
689 1414 152 22 innefattande
852 1422 55 13 sam-

159 1447 167 29 manjemkning
344 1448 23 21 af
383 1447 27 22 de
429 1448 82 27 beslut,
527 1448 6 21 i
549 1448 75 22 hvilka
639 1448 26 22 de
681 1449 107 21 särskilda
803 1449 104 22 riksstän-
