1003 1706
181 142 42 20 644

152 206 50 21 våld
218 206 12 21 &
246 206 155 28 tjenstehjonets
416 212 79 21 person
511 205 42 20 kan
569 204 111 20 förnärma
695 203 172 28 tjenstehjonet*
883 210 18 14 o.

153 247 17 14 s.
189 247 19 13 v.
238 240 44 20 Det
302 246 64 21 synes
387 238 84 22 säledes
492 241 31 19 att
546 238 105 21 utskottet
671 238 81 28 äsyftat
770 237 131 29 egentligen,

154 274 37 21 det
205 275 100 27 tjenaren
322 274 7 20 i
345 274 44 26 allt,
405 280 45 14 som
467 275 36 19 rör
519 274 48 20 dess
577 280 86 20 person,
674 272 49 21 dess
735 272 67 21 behof
811 272 23 20 af
843 272 58 27 föda,

154 309 88 21 husrum
258 316 28 14 m.
303 315 35 20 m.,
354 308 56 21 skall
431 310 88 26 tryggas
535 308 6 21 i
557 308 33 20 sin
606 309 49 19 rätt.
685 307 44 21 Det
744 306 96 28 uttryck,
857 314 46 13 som

153 344 147 20 förekommer
320 342 7 21 i
348 343 12 20 2
378 350 63 14 mom.
458 343 23 21 af
495 344 11 26 &
522 344 19 26 4,
557 342 111 28 nemligen
684 342 139 26 ,förorätta*,
840 348 63 14 anser

151 378 40 27 jag
206 377 98 21 deremot
319 377 108 21 innefatta
441 377 88 27 mycket
544 383 59 15 mera
619 378 27 19 än
662 383 28 14 en
704 376 143 21 förnärmelse
858 377 45 19 mot

154 412 146 28 tjenstehjons
318 418 86 21 person.
435 411 43 21 Vid
493 412 60 20 detta
568 410 136 22 förhällande
720 417 64 21 synes
800 411 36 20 det
852 410 51 27 mig,

155 447 33 21 för
208 449 31 18 att
259 446 143 22 redaktionen
423 446 35 21 mä
477 447 111 27 verkligen
610 447 108 20 motsvara
738 445 57 22 hvad
815 445 88 22 dermed

155 481 75 22 afsetts
247 488 51 15 vara
314 481 81 28 nödigt,
411 483 31 19 att
458 481 125 21 densamma
598 480 113 21 förändras
728 481 99 20 sälunda:
844 480 59 27 ,Bri-

155 518 44 19 ster
214 515 114 22 husbonde
344 515 55 27 häri,
415 516 54 20 eller
483 515 77 22 varder
576 515 134 28 tjenstehjon
726 515 34 20 till
776 515 31 20 sin
824 521 79 22 person

155 551 24 21 af
192 551 128 21 husbonden
336 550 28 28 pä
379 552 66 19 annat
461 551 42 20 sätt
519 549 141 22 förorättadt*
674 552 47 25 etc.,
732 550 28 28 pä
776 549 35 22 det
828 551 31 20 att
870 551 33 19 ut-

155 585 127 22 lemnandet
299 585 25 21 af
340 585 66 21 orden
427 585 44 27 ,till
487 585 33 21 sin
535 586 91 27 person"
641 585 48 21 icke
705 585 35 21 mä
756 584 48 21 leda
819 585 33 20 till
869 584 35 21 det

156 619 100 28 resultat,
272 621 32 20 att
324 619 110 28 tjenaren,
450 626 35 15 om
504 619 128 21 husbonden
648 621 39 26 gör
702 620 79 20 honom
798 621 55 19 orätt
869 619 35 21 vid

156 654 127 29 utgifvande
304 654 23 21 af
345 653 48 22 dess
414 655 46 26 lön,
479 653 58 29 finge
553 654 69 21 vända
638 654 34 27 sig
686 654 34 21 till
736 654 168 28 poliskammare

157 696 18 14 o.
192 696 15 13 s.
223 695 28 22 v;
267 690 22 27 ty
306 688 68 28 enligt
390 689 43 20 min
449 689 66 21 tanke
531 689 39 20 bör
585 689 99 28 tjenaren
695 689 7 20 i
714 689 76 20 sådant
804 688 37 21 fall
852 689 53 20 söka

155 724 49 27 laga
219 722 100 23 domstol.

223 757 12 22 I
255 757 118 29 anledning
393 758 24 21 af
435 758 59 21 detta
509 758 100 29 yttrande
625 757 77 22 ställde
717 758 50 21 herr
788 758 117 21 landtmar-

155 792 91 23 skalken
262 793 33 21 till
311 792 86 22 ståndet
411 793 175 28 propositionen:

225 827 147 28 »Godkänner
387 827 152 30 ridderskapet
555 828 39 21 och
610 828 63 22 adeln
690 829 12 20 2
718 835 64 14 mom.
794 828 23 21 af
825 828 80 29 ifräga-

157 863 93 21 varande
266 863 14 20 4
295 863 11 27 &
322 863 155 21 oförändradt?

224 897 50 22 Den
298 904 46 14 som
368 897 126 29 godkänner
516 899 120 20 momentet
658 898 150 27 oförändradt,
832 905 73 15 svarar

154 933 34 27 ja;
204 932 42 21 den
261 931 37 22 det
312 931 48 22 icke
377 933 46 28 gör,
439 939 73 15 svarar
527 933 44 28 nej.

224 966 86 22 Vinner
329 967 47 28 nej,
392 967 91 21 insättes
500 968 55 21 efter
571 967 61 21 ordet
644 967 159 28 ,tjenstehjon"
814 967 13 21 å
837 967 68 22 första

158 1001 66 21 raden
240 1001 167 28 bestämningen
424 1001 43 27 till
484 1002 32 21 sin
533 1003 99 27 person".

224 1035 96 22 Hvilken
339 1036 135 28 proposition
493 1037 48 20 blef
553 1036 50 21 med
619 1036 159 28 öfvervägande
791 1037 24 28 ja
830 1037 75 21 besva-

157 1069 49 28 rad,
222 1070 39 21 och
280 1077 38 15 var
337 1070 64 21 alltså
420 1073 119 20 momentet
559 1071 24 21 af
595 1071 87 21 ståndet
693 1072 51 20 utan
761 1071 91 28 ändring
868 1079 37 14 an-

158 1106 67 26 taget.

226 1139 58 28 3:dje
303 1141 120 20 momentet
443 1142 48 27 togs
511 1148 28 14 nu
559 1140 69 21 under
647 1140 137 29 granskning
803 1141 40 21 och
863 1142 42 27 ytt-

157 1172 52 22 rade
224 1173 76 22 dervid

225 1207 58 22 Herr
298 1207 106 28 Munck,
419 1208 28 22 K.
463 1209 34 21 F.:
517 1209 32 21 På
569 1209 26 21 de
614 1208 53 28 skäl,
680 1209 40 28 jag
739 1209 67 21 redan
826 1209 79 27 anfört,

157 1240 134 22 &terhemtar
308 1243 40 26 jag
366 1243 50 20 mitt
435 1243 106 27 yrkande,
562 1246 32 17 att
612 1243 55 21 efter
684 1244 60 19 ordet
759 1243 146 27 ,entlediga*,

158 1275 67 20 måtte
244 1275 102 28 tilläggas
365 1276 54 27 ,och
435 1276 60 21 bevis
511 1277 73 20 derom
601 1276 32 21 till
649 1277 135 27 tjenstehjon
800 1277 105 20 utfärda".

226 1308 58 22 Herr
299 1309 144 22 Molander:
464 1309 113 22 Utskottet
597 1311 39 21 har
651 1311 7 20 i
673 1311 47 21 sina
740 1311 91 21 motiver
847 1311 58 21 med-

157 1343 73 28 gifvit,
250 1345 32 20 att
302 1343 42 22 den
364 1344 170 29 pröfningsrätt,
555 1353 46 14 som
621 1345 39 21 här
680 1346 142 21 tillerkännes
837 1346 68 29 magi-

158 1379 64 26 strat,
242 1378 148 29 ordningsrätt
404 1379 40 22 och
459 1380 175 29 kronobetjente,
655 1381 23 20 är
698 1381 67 28 något
784 1381 120 28 oegentlig,

156 1420 52 25 men
228 1413 68 22 likväl
311 1415 72 20 ansett
398 1414 42 22 den
455 1415 7 20 i
478 1415 134 22 närvarande
628 1415 38 22 fall
682 1415 53 22 böra
750 1415 49 22 dem
814 1415 91 30 medgif-

158 1454 44 17 vas.
232 1448 31 21 Af
282 1448 129 29 stadgandet
425 1449 7 22 i
447 1450 60 21 detta
526 1457 65 15 mom.
612 1450 71 29 följer,
699 1452 31 20 att
749 1452 39 21 när
803 1453 31 19 ett
849 1452 56 27 tjen-
