1003 1723
194 143 40 20 528

165 208 32 21 tid
216 215 46 14 som
283 208 56 20 helst
358 208 134 21 beträffande
510 208 68 22 andra
598 208 63 21 brott.
692 208 29 21 Sä
741 208 85 21 variera
845 210 14 18 t.
876 214 33 14 ex.

165 243 83 21 antalet
268 242 129 22 barnamord
412 243 68 21 under
495 244 50 20 ären
564 243 139 21 1848—1857
719 243 92 21 emellan
828 243 26 20 75
870 242 38 21 och

166 278 33 27 70,
221 277 84 21 hvilket
327 278 81 20 utvisar
429 284 25 14 en
476 278 102 21 differens
598 278 51 28 inpä
669 278 27 20 30
715 279 96 26 procent.
841 277 72 21 Häraf

165 319 65 21 synes
248 312 45 28 mig
313 312 42 21 den
375 312 103 21 reflexion
494 320 52 14 vara
561 314 52 19 nära
628 312 130 26 förhanden,
774 314 32 18 att
820 312 90 28 popula-

164 348 86 20 tionens
266 347 85 21 tillvext
365 347 61 21 äfven
443 349 59 19 utom
518 347 144 28 äktenskapet
677 347 39 21 har
732 347 32 21 sin
781 347 69 28 grund
865 347 45 21 ien

166 382 110 28 naturlag,
296 389 45 14 som
362 382 50 28 inga
428 382 153 29 författningar
597 382 70 21 förmä
682 382 109 28 upphäfva
806 382 53 21 eller
874 383 36 19 än-

164 418 46 26 dra,
226 419 50 19 utan
293 417 69 20 skulle
375 418 39 27 jag
429 417 57 21 hälla
502 417 52 27 före,
571 419 31 19 att
618 417 25 20 de
659 417 162 28 författningar,
837 416 74 21 hvilka

165 453 93 27 stämpla
278 452 71 21 denna
368 452 36 27 lag
424 452 70 21 säsom
512 452 150 27 vanhederlig,
679 453 36 20 äro
731 451 84 21 mindre
833 452 28 27 pä
878 451 32 21 sin

165 487 66 28 plats,
252 486 73 21 sävida
341 487 28 20 all
385 487 147 28 lagstiftnings
548 489 56 19 rätta
620 487 55 27 syfte
692 487 66 20 borde
774 493 51 15 vara
840 488 32 19 att
888 487 23 20 sä

165 521 88 29 mycket
273 529 45 13 som
339 521 85 28 möjligt
444 521 52 22 söka
517 522 63 21 ställa
597 521 40 22 den
657 521 83 21 skrifna
755 522 63 27 lagen
834 521 6 21 i
857 522 53 20 kon-

165 557 97 21 formitet
277 556 50 21 med
342 556 41 21 den
398 556 45 28 lag,
455 564 45 13 som
516 557 24 21 af
553 564 27 14 en
595 557 67 27 högre
677 556 70 21 vishet
762 558 23 19 är
799 556 112 29 nedlagd
898 552 17 37 i

165 593 92 20 naturen
274 591 56 28 sjelf.
361 591 42 28 Jag
418 591 39 21 har
472 591 89 22 härmed
576 591 118 28 ingalunda
708 592 59 20 velat
782 591 53 28 yrka
845 592 29 28 pä
884 598 27 15 en

165 627 45 28 lag,
227 633 46 14 som
295 626 95 28 behagar
406 627 122 27 lättsinnet;
545 633 49 14 men
607 627 38 28 jag
661 627 39 20 har
715 627 76 20 endast
806 629 57 26 sagt,
880 628 31 20 att

165 661 57 21 hvad
242 668 45 14 som
303 661 7 20 i
327 661 137 21 omförmäldt
484 662 102 21 afseende
601 661 72 21 blifvit
688 661 23 21 af
725 662 40 20 den
783 661 83 22 skrifna
881 662 30 21 la-

165 703 42 22 gen
222 697 72 20 ansett
310 703 45 14 som
372 697 30 20 ett
418 696 64 27 brott,
498 696 48 22 icke
562 696 60 21 alltid
637 696 39 22 har
692 697 32 20 sin
738 698 92 27 ytterstä
840 697 71 28 grund

165 731 6 21 i
187 731 131 28 osedlighet,
339 733 51 19 utan
410 731 90 22 fastmer
514 731 7 22 i
538 739 26 14 en
580 731 125 27 naturdrift,
722 739 45 14 som
783 732 51 21 vära
850 732 61 28 lagar

165 766 89 21 oaktadt
269 768 38 26 gör
323 766 40 21 och
379 766 61 21 alltid
455 766 97 22 kommer
568 768 30 19 att
614 769 52 26 göra
681 767 33 28 sig
729 767 107 28 gällande.

232 801 102 21 Friherre
351 801 140 28 Carpelan:
510 801 34 22 De
564 802 7 21 i
591 802 50 20 herr
659 801 134 22 Grotenfelts
813 809 97 15 reserva-

164 835 46 22 tion
229 835 123 29 uppställda
371 836 91 21 siffertal
481 843 64 14 anser
563 837 39 28 jag
622 837 7 20 i
644 837 40 20 och
700 837 33 21 för
749 837 34 28 sig
801 838 19 28 ej
837 837 74 22 bevisa

164 871 66 28 något
246 872 66 20 annat
328 872 26 20 än
370 873 31 18 att
415 871 190 28 äklagaremakten
623 872 19 27 ej
658 872 100 28 fullgjort
772 872 32 21 sin
815 872 96 29 skyldigs

164 906 44 21 het.
238 906 51 20 Men
308 913 49 13 man
379 906 69 21 måste
468 906 66 22 också
554 909 50 25 taga
619 906 7 21 i
642 906 153 28 betraktande,
811 909 31 19 att
857 908 53 21 hvar

165 941 40 20 och
223 947 27 14 en
271 940 24 21 af
313 940 26 21 de
361 941 97 27 gvinnor,
478 948 44 14 som
539 941 102 22 framfödt
657 942 65 21 oäkta
737 942 60 27 barn,
812 942 55 21 dock
882 943 28 28 pä

165 977 42 20 sätt
222 975 40 21 och
279 975 31 21 vis
325 975 72 21 blifvit
412 975 137 28 bestraffade,
565 978 22 26 ty
603 976 91 28 afgiften
710 977 34 20 till
754 977 91 27 kyrkan,
856 977 53 22 hvil-

163 1010 43 21 ken
219 1017 92 14 numera
326 1010 71 21 blifvit
412 1011 122 28 föreslagen
550 1013 32 19 att
597 1011 104 28 upphöra,
712 1011 39 21 har
767 1011 61 28 dock,
839 1013 69 20 säsom

165 1051 27 14 en
211 1045 53 20 hvar
284 1046 46 25 vet,
345 1045 73 20 blifvit
438 1045 23 22 af
479 1045 48 22 dem
546 1046 115 27 samtligen
677 1046 81 27 erlagd.
789 1046 42 29 Jag
846 1054 64 14 anser

163 1079 93 26 derföre,
267 1081 31 18 att
311 1086 49 14 man
377 1080 19 27 ej
412 1080 28 27 pä
455 1080 62 21 dessa
532 1080 109 28 uppgifter
656 1081 43 20 kan
716 1081 55 20 fästa
786 1081 23 21 sä
820 1088 89 21 synner-

164 1113 40 27 ligt
219 1113 109 20 afseende.
352 1113 40 20 Att
408 1114 70 20 säsom
494 1121 27 13 en
537 1121 70 14 annan
624 1115 68 19 talare
708 1115 53 26 vilja
777 1117 85 25 antaga,
879 1117 31 19 att

163 1147 165 27 ifrägavarande
353 1147 147 28 förbrytelser,
526 1148 70 21 säsom
622 1148 105 21 orsakade
747 1149 24 20 af
791 1156 27 13 en
837 1151 72 20 natur-

165 1181 57 26 drift,
239 1188 51 13 vore
305 1181 146 28 nödvändiga,
467 1184 45 18 tror
525 1183 39 26 jag
578 1189 51 13 vara
644 1189 26 13 en
687 1183 74 20 alltför
776 1183 73 27 vädlig
864 1184 45 20 lära

164 1215 33 20 för
216 1217 32 18 att
268 1215 74 20 kunna
361 1215 24 20 af
402 1215 150 28 ridderskapet
568 1216 39 20 och
623 1216 63 20 adeln
703 1217 131 26 godkännas.
866 1217 43 21 Går

163 1256 49 13 man
234 1249 24 20 sä
278 1249 69 26 längt,
367 1249 41 20 blir
428 1249 66 27 ingen
516 1250 121 27 osedlighet
657 1250 114 21 straffvärd
791 1251 39 20 och
849 1251 60 27 lagar

164 1284 44 18 mot
223 1281 134 21 sedeslöshet
373 1282 89 21 alldeles
476 1283 148 27 öfvertlödiga.

230 1315 58 20 Herr
305 1315 173 21 Silfversvan:
497 1317 43 27 Jag
555 1317 37 20 vill
607 1317 115 20 hemställa
737 1317 33 20 till
786 1317 25 20 de
828 1318 81 27 herrar,

163 1357 44 13 som
229 1349 96 21 förordat
345 1350 133 27 antagandet
498 1351 23 20 af
539 1351 117 21 utskottets
675 1351 81 28 förslag
772 1352 6 20 i
796 1353 25 20 14
836 1353 22 26 $,
874 1360 34 14 om

162 1383 26 22 de
203 1383 49 22 icke
269 1384 51 27 vilja
335 1385 104 27 stipulera
455 1392 81 14 samma
552 1393 78 13 ansvar
645 1386 34 20 för
694 1393 101 20 mannen,
806 1387 39 20 och
862 1387 47 21 der-

162 1418 36 21 vid
217 1425 51 14 vara
286 1419 104 20 betänkta
405 1420 28 27 pä
448 1420 66 27 något
530 1420 70 21 medel
615 1422 32 19 att
663 1421 21 20 få
699 1421 63 27 lagen
779 1423 85 26 strängt
878 1423 31 20 ef-

162 1453 85 20 terlefd.
276 1453 44 21 För
339 1454 43 20 min
402 1454 34 20 del
452 1454 42 20 kan
508 1455 39 27 jag
562 1455 20 27 ej
598 1455 115 27 godkänna
729 1455 100 21 tillvaron
845 1457 24 20 af
882 1463 26 15 en
