1000 1709
758 111 40 22 569

82 185 41 21 gan
144 185 34 15 om
200 178 160 29 ridderskapets
382 179 41 21 och
446 178 74 22 adelns
542 179 133 29 privilegier,
699 186 63 20 synes
784 180 45 28 mig

82 213 48 21 icke
154 213 64 21 hafva
241 213 56 21 varit
320 214 107 27 befogade
452 215 41 25 att,
520 214 7 20 i
554 214 101 28 oträngdt
677 214 54 27 mål,
754 216 75 19 votera

82 247 48 21 bort
150 247 48 21 sina
217 247 145 22 hufvudmäns
382 248 130 21 fädernearf.
542 248 44 28 Jag
604 248 88 22 förenar
711 248 45 28 mig
771 249 7 20 i
794 248 36 21 det

82 281 158 27 amendement,
255 282 75 27 grefve
347 282 77 21 Creutz
440 282 142 21 härförinnan
597 283 7 20 i
624 282 66 21 saken
706 282 123 27 framställt,

82 314 41 22 och
138 315 70 21 skulle
225 316 74 26 önska,
310 318 32 18 att
357 316 118 28 höglofliga
490 316 86 22 ståndet
590 317 66 20 måtte
672 316 39 21 hos
726 316 28 21 H.
768 317 61 28 Kejs.

81 349 63 28 Maj:t
154 350 7 21 i
172 350 174 28 underdånighet
356 350 168 28 tillkännagifva
534 350 161 29 ridderskapets
707 352 39 20 och
754 352 75 21 adelns

81 384 173 28 beredvillighet,
271 386 31 20 att
317 385 27 21 då
359 384 84 22 landets
459 385 34 21 väl
509 385 76 22 sådant
600 385 91 28 fordrar,
707 386 34 21 för
755 386 75 28 hvarje

81 418 45 27 fall,
142 418 56 22 afstå
213 419 48 21 från
277 419 48 21 sina
340 420 126 27 privilegier
482 420 33 21 till
531 420 92 21 fromma
638 420 34 21 för
687 420 37 21 det
739 420 55 22 hela.

152 453 79 22 Grefve
248 454 102 21 Creutz:
370 448 72 27 Äfven
459 454 39 28 jag
513 454 98 22 anhåller
626 456 32 19 att
673 454 22 22 få
710 455 33 21 till
758 457 72 26 proto-

82 487 69 22 kollet
170 488 109 29 nedlägga
298 489 45 20 min
362 489 143 27 reservation,
521 489 35 21 väl
571 488 48 22 icke
635 491 58 19 emot
709 489 122 22 ridderska-

83 524 48 26 pets
149 522 39 22 och
205 523 74 21 adelns
294 523 72 21 beslut
381 524 8 20 i
404 523 72 22 denna
490 524 71 28 fråga,
578 526 23 25 ty
613 524 40 28 jag
667 523 40 21 har
721 524 111 28 godkändt

83 557 158 28 petitionernas
257 558 64 28 syfte,
337 564 50 14 men
404 560 58 19 emot
476 558 84 21 formen
576 558 34 21 för
624 558 130 28 afsägelsen,
769 558 62 22 hvar-

83 599 34 14 om
131 592 39 28 jag
185 592 48 22 icke
249 592 84 22 kunnat
347 592 77 22 förena
439 593 46 28 mig
498 592 50 22 med
563 592 139 28 pluraliteten
719 594 24 20 af
750 593 82 22 ridder-

83 626 77 29 skapet
183 626 39 22 och
243 626 68 22 adeln.
343 627 43 27 Jag
405 626 56 22 hade
481 628 53 20 äran
554 626 80 22 föreslå
654 629 32 19 ett
705 630 66 19 annat
790 630 42 20 sätt

82 662 34 21 för
132 661 136 22 densammas
284 661 177 28 genomförande,
472 668 50 15 men
538 661 28 21 då
581 662 59 20 detta
656 662 49 21 mitt
719 662 81 28 förslag
811 663 20 28 ej

83 696 67 21 tilläts
166 696 87 21 komma
267 696 70 21 under
352 696 144 28 omröstning,
510 696 40 21 har
562 696 40 28 jag
618 698 42 19 sett
675 697 46 27 mig
736 698 95 27 tvungen

83 732 59 20 rösta
162 730 34 22 för
216 730 146 28 petitionerna
380 730 25 21 af
424 730 41 21 den
484 730 74 27 orsak,
574 733 31 19 att
619 731 39 28 jag
674 731 67 28 ansåg
756 732 75 28 frågan

84 772 34 14 om
137 765 123 28 afsägelsen
276 765 23 21 af
312 764 162 29 ridderskapets
491 765 39 21 och
546 764 75 22 adelns
637 765 137 21 återstående
789 766 43 28 pri-

84 799 91 29 vilegier
194 806 79 22 genom
292 799 42 21 den
355 799 140 29 behandling,
510 799 148 29 petitionerna
673 800 39 21 hos
729 800 35 21 det
779 800 53 29 hög-

83 834 75 29 lofliga
174 834 85 22 ståndet
275 834 123 28 undergått,
414 834 64 22 hafva
494 834 87 21 erhållit
596 841 28 14 en
640 836 69 20 större
721 834 112 30 betydelse

84 872 27 19 än
132 870 41 21 den
190 870 6 20 i
212 870 78 27 sjelfva
309 869 77 21 verket
401 869 55 28 egde
472 869 40 21 och
527 868 85 22 således
628 870 20 26 ej
664 870 53 20 böra
732 869 45 22 helt
793 870 39 21 och

83 904 68 22 hållet
166 904 93 26 förfalla,
276 904 84 20 hvilket
374 903 56 21 hade
446 903 72 21 blifvit
533 903 120 21 händelsen
665 910 34 14 om
710 903 124 22 riddarhus-

85 938 117 22 utskottets
218 937 138 22 betänkande
369 938 115 28 godkänts.

150 972 58 22 Herr
224 972 96 22 Taube:
338 972 42 28 Jag
396 972 98 21 anhåller
509 974 31 19 att
550 972 133 28 protokollet
694 972 6 20 i
712 972 70 22 denna
794 973 38 22 sak

84 1008 68 21 måtte
173 1006 21 22 få
214 1007 77 27 åtfölja
311 1007 42 21 den
368 1006 150 28 underdåniga
534 1006 130 21 skrifvelsen
681 1006 33 21 till
729 1006 28 22 H.
773 1007 61 29 Kejs.

84 1042 72 28 Maj:t,
172 1042 28 28 på
215 1042 36 20 det
266 1041 29 21 H.
311 1041 63 27 Maj:t
389 1041 58 28 finge
463 1042 81 25 erfara,
560 1040 88 22 hvilken
664 1041 63 28 ringa
742 1042 92 28 röstplu-

84 1076 73 22 ralitet
179 1076 85 28 bringat
283 1075 77 28 frågan
376 1074 69 22 under
460 1075 28 22 H.
504 1075 61 28 Kejs.
581 1074 74 30 Maj:ts
676 1076 79 28 nådiga
776 1076 58 22 skär-

84 1110 118 22 skådande.

154 1145 58 22 Herr
232 1152 41 14 von
291 1144 155 22 Bonsdorff:
468 1144 72 22 Också
558 1144 40 28 jag
618 1144 87 22 förenar
725 1145 45 28 mig
785 1146 6 21 i
808 1145 26 22 de

85 1179 133 28 föregående
239 1179 108 21 talarenes
367 1180 84 26 protest
470 1181 46 19 mot
535 1178 36 21 det
586 1179 24 20 af
624 1179 151 29 ridderskapet
796 1180 40 21 och

86 1214 64 22 adeln
171 1220 79 22 genom
271 1214 42 21 den
333 1213 124 28 förseglade
473 1213 74 21 sedeln
563 1213 97 21 uttalade
676 1214 100 21 beslutet.
806 1214 28 22 H.

87 1250 63 28 Maj:t
164 1249 40 21 har
218 1248 35 22 vid
269 1249 71 20 denna
354 1247 104 29 landtdag
468 1250 132 27 proponerat
610 1248 65 21 adeln
686 1248 25 21 de
722 1248 114 22 inskränk-

86 1284 79 28 ningar
185 1284 7 20 i
212 1282 165 29 privilegierna,
394 1282 74 22 hvilka
486 1282 28 22 H.
530 1282 64 28 Maj:t
609 1282 72 22 funnit
697 1283 34 20 för
746 1284 36 20 det
797 1284 39 20 all-

87 1320 80 20 männa
192 1318 91 27 nyttiga.
313 1318 75 27 Begge
415 1316 27 22 de
469 1317 167 28 propositioner,
658 1324 45 14 som
726 1317 111 22 innehålla

87 1352 63 21 dessa
166 1351 87 28 förslag,
269 1351 39 21 har
323 1350 85 22 ståndet
424 1350 106 28 enhälligt
546 1350 85 21 bifallit.
654 1350 39 20 Ett
709 1350 77 21 sådant
799 1350 37 22 be-

87 1386 43 20 slut
148 1387 23 19 är
186 1385 152 28 ridderskapet
354 1385 38 21 och
409 1384 63 21 adeln
488 1384 94 28 värdigt,
599 1391 49 14 men
664 1386 32 19 att
712 1386 74 19 votera
801 1392 35 14 om

88 1426 27 16 en
136 1419 66 22 sådan
223 1420 38 21 sak
281 1426 46 14 som
343 1419 41 22 den
400 1418 166 30 ifrågavarande
582 1418 40 22 och
637 1419 44 21 läta
697 1418 42 22 den
754 1419 83 29 förseg-
