998 1703
762 129 41 23 325

85 192 135 28 lägenheter,
235 193 84 21 hvilket
339 192 137 22 betänkande
489 193 88 28 jemlikt
591 194 96 21 ständets
703 194 71 23 beslut
789 195 42 23 den

86 228 27 20 24
129 227 97 21 sistlidne
242 228 96 20 februari
353 228 72 20 hållits
441 228 12 21 &
467 228 77 21 bordet
558 228 58 21 intill
631 229 41 21 den
687 230 27 20 29
729 230 7 20 i
750 236 82 16 samma

86 261 85 27 mänad,
188 261 112 28 föredrogs
315 269 39 19 nu,
369 261 90 22 hvarvid

154 295 58 21 Herr
227 303 41 14 von
287 296 190 28 Weissenberg
495 296 95 28 yttrade:
610 296 11 21 I
638 296 142 23 förevarande
795 298 37 21 be-

86 330 109 21 tänkande
215 330 39 21 har
275 330 161 28 ridderskapets
457 330 39 21 och
517 330 74 21 adelns
614 331 97 21 enskilda
733 332 99 21 besvärs-

86 365 84 20 utskott
185 367 72 18 ansett
272 365 33 28 sig
321 365 52 21 böra
388 365 97 28 afstyrka
500 365 62 20 bifall
576 365 34 21 till
626 367 31 19 ett
672 366 24 21 af
709 366 45 29 mig
769 367 64 22 väekt

85 399 83 28 förslag
187 399 33 21 till
240 399 135 28 underdänig
393 399 93 28 petition
504 406 35 14 om
559 399 159 30 inskränkning
733 401 32 27 af,
781 402 52 22 eller

86 435 58 20 ännu
166 434 79 26 bättre,
261 436 31 19 ett
307 434 117 21 successivt
444 434 128 21 inträdande
592 434 77 21 förbud
689 437 45 19 mot
749 436 84 28 svedje-

87 468 55 21 bruk
162 469 12 20 &
194 469 177 20 kronohemman.
402 468 81 21 Skälen
503 469 33 20 till
555 469 60 20 detta
634 469 140 28 afstyrkande
795 473 37 19 äro

86 503 189 27 hufvudsakligen,
287 504 31 19 att
332 503 127 27 svedjandet
473 504 58 19 ännu
546 505 24 19 är
585 503 142 28 ovilkorligen
739 505 94 20 nödvän-

87 537 46 27 digt
153 537 34 20 för
207 537 106 27 fyllandet
333 537 23 20 af
373 537 84 20 landets
475 537 178 27 spanmälsbehof
667 540 56 18 samt
737 540 33 19 att
785 539 26 21 de
826 539 8 21 i

89 572 51 20 1851
158 572 34 20 års
208 571 194 28 skogsförordning
417 571 177 21 förekommande
610 572 134 27 stadganden
755 572 79 22 förme-

86 608 50 19 nats
152 606 65 20 redan
233 606 110 20 innehålla
358 605 133 29 tillräckliga
505 606 110 28 garantier
631 608 44 19 mot
691 607 108 21 missbruk
813 608 24 20 af

87 640 132 28 rättigheten
236 642 32 19 att
283 640 80 28 svedja.

155 675 63 20 Hvad
238 682 29 13 nu
287 675 37 20 det
344 675 54 20 först
418 677 111 26 upptagna
549 675 70 20 skälet
639 676 73 27 angår,
728 676 39 21 har
786 676 48 21 icke

87 710 69 21 heller
170 710 39 27 jag
224 709 58 21 velat
297 709 53 21 eller
365 715 39 15 ens
420 709 82 21 kunnat
517 709 102 27 bestrida,
631 711 31 19 att
673 710 19 27 ej
708 710 128 28 svedjandet

88 746 58 19 ännu
160 743 119 21 tillsvidare
294 743 69 21 måste
379 743 85 27 anlitas,
479 743 34 22 för
529 745 32 20 att
576 743 42 22 öka
632 745 203 28 spanmålsproduk-

89 779 74 20 tionen
183 778 7 20 i
211 777 82 27 landet;
311 789 24 4 —
357 784 50 14 men
429 778 107 21 huruvida
558 778 60 21 detta
638 778 135 21 förhållande
793 779 42 20 kan

88 820 63 14 anses
167 812 104 20 innebära
285 811 150 21 förbindelsen
451 814 38 25 att,
506 812 71 21 såsom
592 812 109 21 härintills
717 813 64 26 skett,
792 813 45 21 låta

88 846 128 28 svedjandet
238 846 12 20 &
270 846 235 29 kronolägenheterne
518 845 54 22 mära
593 853 44 21 nog
659 847 103 28 ohejdadt
784 847 52 21 fort-

89 882 47 20 fara
152 881 111 20 äfvensom
279 882 32 19 att
326 880 109 21 uraktläta
450 878 78 30 hvärjo:
541 881 84 27 ätgärd,
640 887 45 15 som
696 881 73 21 kunde
780 882 57 27 syfta

90 916 88 26 derhän,
195 917 31 19 att
242 915 135 27 småningom
393 914 88 29 afvänja
497 910 94 26 äboerne
606 915 13 21 &
634 915 63 21 desse
710 916 127 27 lägenheter

90 951 47 20 från
154 949 41 21 den
210 949 126 28 förderfliga
351 949 91 27 oseden,
457 962 29 3 —
501 949 74 21 derom
591 949 74 22 kunna
680 950 109 28 äsigterne
805 951 32 20 åt-

89 985 109 20 minstone
217 991 52 13 vara
289 983 83 21 delade.
405 984 39 20 Att
463 984 184 28 inskränkningar
662 984 7 20 i
685 985 77 27 antydt
781 985 57 27 syfte

88 1018 82 28 jemväl
190 1020 36 18 äro
247 1018 89 27 nödiga,
352 1018 39 20 har
411 1018 33 20 till
465 1018 39 21 och
520 1018 54 21 med
592 1018 106 21 utskottet
713 1019 125 28 medgifvit,

91 1053 69 20 ehuru
176 1053 36 20 det
226 1053 28 27 pä
267 1054 32 19 ett
314 1054 66 19 annat
395 1053 63 20 ställe
473 1053 7 20 i
497 1053 37 20 sitt
549 1053 138 20 betänkande
702 1055 79 26 yttrar:
791 1069 7 12 ,
807 1055 32 19 att

92 1087 160 27 svedjebruket,
267 1087 50 20 med
332 1087 133 27 urskiljning
480 1087 129 28 tillämpadt,
624 1087 48 20 icke
688 1087 93 21 allenast
791 1087 48 22 icke

91 1121 102 21 beröfvar
206 1121 79 28 jorden
301 1121 49 20 dess
365 1121 128 28 vextlighet,
504 1123 53 19 utan
572 1121 34 21 till
622 1121 39 21 och
677 1122 50 20 med
738 1121 45 21 ofta
793 1122 46 20 län-

92 1156 37 21 der
145 1155 33 21 till
191 1155 90 28 jordens
295 1155 154 28 förbättring.*
479 1155 41 22 Om
533 1156 45 27 jag,
594 1156 70 21 såsom
680 1155 95 22 obekant
790 1155 50 22 med

92 1190 27 21 de
135 1197 66 20 nyare
214 1189 235 28 jordbruksteorierna,
460 1190 66 21 också
540 1190 49 21 icke
604 1190 66 27 vågar
685 1190 108 21 bestämdt
803 1191 37 20 be-

93 1225 67 20 strida
180 1224 134 28 riktigheten
335 1224 23 21 af
377 1224 60 21 detta
455 1225 129 28 påstående,
600 1224 42 21 kan
655 1225 40 27 jag
709 1225 68 20 likväl
791 1224 49 21 icke

92 1261 67 19 annat
179 1261 27 18 än
227 1259 28 28 på
275 1259 37 21 det
332 1259 100 28 djupaste
453 1259 103 28 beklaga,
577 1261 31 19 att
628 1259 154 27 svedjebruket
801 1259 40 20 hos

93 1301 35 14 oss
148 1295 58 19 ännu
227 1294 48 21 icke
295 1294 92 27 uppnått
402 1293 42 22 den
460 1294 134 28 ståndpunkt
608 1293 24 21 af
645 1293 93 21 rationel
752 1293 89 21 utveck-

94 1328 56 27 ling,
170 1328 106 19 utskottet
297 1328 39 20 här
356 1328 173 27 uppenbarligen
545 1328 81 27 åsyftat
644 1340 29 3 —
688 1329 23 26 ty
726 1328 39 19 har
781 1328 62 19 sved-

91 1362 77 26 jandet
187 1361 145 27 någonstädes
355 1361 116 21 förbättrat
489 1361 90 27 jorden,
599 1361 48 20 icke
667 1361 39 20 har
729 1361 36 20 det
784 1361 59 25 skett

94 1396 39 20 här
148 1396 7 20 i
169 1395 80 21 landet.
279 1395 114 21 Utskottet
413 1397 63 26 säger
496 1395 84 26 vidare,
599 1396 32 19 att
649 1394 155 28 svedjebruket
820 1396 23 19 är

95 1437 27 19 en
138 1430 50 25 med
203 1430 66 21 sådan
288 1430 111 23 förkärlek
415 1430 105 21 omfattad
536 1430 40 27 och
591 1430 23 21 af
628 1429 215 27 förhandenvarande
