<?xml version="1.0" encoding="UTF-8"?>
<alto xmlns="http://www.loc.gov/standards/alto/ns-v3#" xmlns:xlink="http://www.w3.org/1999/xlink" xmlns:xsi="http://www.w3.org/2001/XMLSchema-instance" xsi:schemaLocation="http://www.loc.gov/standards/alto/ns-v3# http://www.loc.gov/alto/v3/alto-3-0.xsd">
	<Description>
		<MeasurementUnit>pixel</MeasurementUnit>
		<sourceImageInformation>
			<fileName>/tmp/tess_q4b1yqdl_input.PNG</fileName>
		</sourceImageInformation>
		<OCRProcessing ID="OCR_0">
			<ocrProcessingStep>
				<processingSoftware>
					<softwareName>tesseract 5.3.4</softwareName>
				</processingSoftware>
			</ocrProcessingStep>
		</OCRProcessing>
	</Description>
	<Layout>
		<Page WIDTH="1000" HEIGHT="1703" PHYSICAL_IMG_NR="0" ID="page_0">
			<PrintSpace HPOS="0" VPOS="0" WIDTH="1000" HEIGHT="1703">
				<ComposedBlock ID="cblock_0" HPOS="772" VPOS="128" WIDTH="41" HEIGHT="21">
					<TextBlock ID="block_0" HPOS="772" VPOS="128" WIDTH="41" HEIGHT="21">
						<TextLine ID="line_0" HPOS="772" VPOS="128" WIDTH="41" HEIGHT="21">
							<String ID="string_0" HPOS="772" VPOS="128" WIDTH="41" HEIGHT="21" WC="0.96" CONTENT="633"/>
						</TextLine>
					</TextBlock>
				</ComposedBlock>
				<ComposedBlock ID="cblock_1" HPOS="91" VPOS="192" WIDTH="754" HEIGHT="1267">
					<TextBlock ID="block_1" HPOS="91" VPOS="192" WIDTH="753" HEIGHT="440">
						<TextLine ID="line_1" HPOS="92" VPOS="192" WIDTH="751" HEIGHT="30">
							<String ID="string_1" HPOS="92" VPOS="193" WIDTH="27" HEIGHT="20" WC="0.93" CONTENT="dä"/><SP WIDTH="15" VPOS="193" HPOS="119"/>
							<String ID="string_2" HPOS="134" VPOS="192" WIDTH="111" HEIGHT="28" WC="0.96" CONTENT="påföljden"/><SP WIDTH="16" VPOS="192" HPOS="245"/>
							<String ID="string_3" HPOS="261" VPOS="193" WIDTH="34" HEIGHT="21" WC="0.93" CONTENT="för"/><SP WIDTH="15" VPOS="193" HPOS="295"/>
							<String ID="string_4" HPOS="310" VPOS="193" WIDTH="66" HEIGHT="22" WC="0.96" CONTENT="sådan"/><SP WIDTH="17" VPOS="193" HPOS="376"/>
							<String ID="string_5" HPOS="393" VPOS="193" WIDTH="104" HEIGHT="22" WC="0.96" CONTENT="förseelse"/><SP WIDTH="16" VPOS="193" HPOS="497"/>
							<String ID="string_6" HPOS="513" VPOS="194" WIDTH="23" HEIGHT="21" WC="0.93" CONTENT="af"/><SP WIDTH="14" VPOS="194" HPOS="536"/>
							<String ID="string_7" HPOS="550" VPOS="193" WIDTH="141" HEIGHT="29" WC="0.89" CONTENT="tjenstehjon,"/><SP WIDTH="16" VPOS="193" HPOS="691"/>
							<String ID="string_8" HPOS="707" VPOS="200" WIDTH="46" HEIGHT="15" WC="0.96" CONTENT="som"/><SP WIDTH="16" VPOS="200" HPOS="753"/>
							<String ID="string_9" HPOS="769" VPOS="193" WIDTH="39" HEIGHT="22" WC="0.95" CONTENT="här"/><SP WIDTH="11" VPOS="193" HPOS="808"/>
							<String ID="string_10" HPOS="819" VPOS="195" WIDTH="24" HEIGHT="20" WC="0.95" CONTENT="är"/>
						</TextLine>
						<TextLine ID="line_2" HPOS="91" VPOS="227" WIDTH="751" HEIGHT="29">
							<String ID="string_11" HPOS="91" VPOS="227" WIDTH="128" HEIGHT="26" WC="0.94" CONTENT="omnämnd,"/><SP WIDTH="19" VPOS="227" HPOS="219"/>
							<String ID="string_12" HPOS="238" VPOS="227" WIDTH="147" HEIGHT="21" WC="0.96" CONTENT="förekommer"/><SP WIDTH="16" VPOS="227" HPOS="385"/>
							<String ID="string_13" HPOS="401" VPOS="229" WIDTH="7" HEIGHT="19" WC="0.96" CONTENT="i"/><SP WIDTH="17" VPOS="229" HPOS="408"/>
							<String ID="string_14" HPOS="425" VPOS="229" WIDTH="25" HEIGHT="20" WC="0.93" CONTENT="13"/><SP WIDTH="16" VPOS="229" HPOS="450"/>
							<String ID="string_15" HPOS="466" VPOS="229" WIDTH="11" HEIGHT="26" WC="0.89" CONTENT="$"/><SP WIDTH="16" VPOS="229" HPOS="477"/>
							<String ID="string_16" HPOS="493" VPOS="228" WIDTH="25" HEIGHT="21" WC="0.96" CONTENT="af"/><SP WIDTH="13" VPOS="228" HPOS="518"/>
							<String ID="string_17" HPOS="531" VPOS="229" WIDTH="172" HEIGHT="27" WC="0.96" CONTENT="propositionen,"/><SP WIDTH="16" VPOS="229" HPOS="703"/>
							<String ID="string_18" HPOS="719" VPOS="235" WIDTH="46" HEIGHT="13" WC="0.93" CONTENT="som"/><SP WIDTH="18" VPOS="235" HPOS="765"/>
							<String ID="string_19" HPOS="783" VPOS="235" WIDTH="59" HEIGHT="13" WC="0.89" CONTENT="nem-"/>
						</TextLine>
						<TextLine ID="line_3" HPOS="93" VPOS="260" WIDTH="750" HEIGHT="30">
							<String ID="string_20" HPOS="93" VPOS="261" WIDTH="59" HEIGHT="28" WC="0.96" CONTENT="ligen"/><SP WIDTH="22" VPOS="261" HPOS="152"/>
							<String ID="string_21" HPOS="174" VPOS="260" WIDTH="89" HEIGHT="28" WC="0.96" CONTENT="stadgar"/><SP WIDTH="20" VPOS="260" HPOS="263"/>
							<String ID="string_22" HPOS="283" VPOS="268" WIDTH="35" HEIGHT="14" WC="0.93" CONTENT="om"/><SP WIDTH="16" VPOS="268" HPOS="318"/>
							<String ID="string_23" HPOS="334" VPOS="262" WIDTH="168" HEIGHT="28" WC="0.37" CONTENT="tjonstehjonets"/><SP WIDTH="16" VPOS="262" HPOS="502"/>
							<String ID="string_24" HPOS="518" VPOS="262" WIDTH="124" HEIGHT="28" WC="0.96" CONTENT="skyldighet"/><SP WIDTH="15" VPOS="262" HPOS="642"/>
							<String ID="string_25" HPOS="657" VPOS="264" WIDTH="32" HEIGHT="19" WC="0.96" CONTENT="att"/><SP WIDTH="18" VPOS="264" HPOS="689"/>
							<String ID="string_26" HPOS="707" VPOS="263" WIDTH="7" HEIGHT="19" WC="0.96" CONTENT="i"/><SP WIDTH="16" VPOS="263" HPOS="714"/>
							<String ID="string_27" HPOS="730" VPOS="262" WIDTH="60" HEIGHT="21" WC="0.96" CONTENT="detta"/><SP WIDTH="15" VPOS="262" HPOS="790"/>
							<String ID="string_28" HPOS="805" VPOS="262" WIDTH="38" HEIGHT="21" WC="0.94" CONTENT="fall"/>
						</TextLine>
						<TextLine ID="line_4" HPOS="92" VPOS="295" WIDTH="751" HEIGHT="29">
							<String ID="string_29" HPOS="92" VPOS="296" WIDTH="82" HEIGHT="19" WC="0.92" CONTENT="ersätta"/><SP WIDTH="20" VPOS="296" HPOS="174"/>
							<String ID="string_30" HPOS="194" VPOS="295" WIDTH="92" HEIGHT="26" WC="0.93" CONTENT="skadan,"/><SP WIDTH="14" VPOS="295" HPOS="286"/>
							<String ID="string_31" HPOS="300" VPOS="295" WIDTH="70" HEIGHT="28" WC="0.92" CONTENT="plikta"/><SP WIDTH="20" VPOS="295" HPOS="370"/>
							<String ID="string_32" HPOS="390" VPOS="296" WIDTH="33" HEIGHT="21" WC="0.96" CONTENT="sin"/><SP WIDTH="22" VPOS="296" HPOS="423"/>
							<String ID="string_33" HPOS="445" VPOS="297" WIDTH="35" HEIGHT="20" WC="0.96" CONTENT="lön"/><SP WIDTH="21" VPOS="297" HPOS="480"/>
							<String ID="string_34" HPOS="501" VPOS="303" WIDTH="18" HEIGHT="14" WC="0.95" CONTENT="o."/><SP WIDTH="17" VPOS="303" HPOS="519"/>
							<String ID="string_35" HPOS="536" VPOS="303" WIDTH="15" HEIGHT="14" WC="0.93" CONTENT="s."/><SP WIDTH="16" VPOS="303" HPOS="551"/>
							<String ID="string_36" HPOS="567" VPOS="303" WIDTH="27" HEIGHT="20" WC="0.91" CONTENT="v.,"/><SP WIDTH="18" VPOS="303" HPOS="594"/>
							<String ID="string_37" HPOS="612" VPOS="303" WIDTH="65" HEIGHT="21" WC="0.92" CONTENT="synes"/><SP WIDTH="19" VPOS="303" HPOS="677"/>
							<String ID="string_38" HPOS="696" VPOS="297" WIDTH="72" HEIGHT="26" WC="0.93" CONTENT="nägon"/><SP WIDTH="14" VPOS="297" HPOS="768"/>
							<String ID="string_39" HPOS="782" VPOS="296" WIDTH="61" HEIGHT="21" WC="0.93" CONTENT="kom-"/>
						</TextLine>
						<TextLine ID="line_5" HPOS="92" VPOS="329" WIDTH="751" HEIGHT="28">
							<String ID="string_40" HPOS="92" VPOS="329" WIDTH="119" HEIGHT="27" WC="0.92" CONTENT="plettering"/><SP WIDTH="20" VPOS="329" HPOS="211"/>
							<String ID="string_41" HPOS="231" VPOS="329" WIDTH="24" HEIGHT="20" WC="0.93" CONTENT="af"/><SP WIDTH="17" VPOS="329" HPOS="255"/>
							<String ID="string_42" HPOS="272" VPOS="329" WIDTH="166" HEIGHT="28" WC="0.95" CONTENT="ifrågavarande"/><SP WIDTH="21" VPOS="329" HPOS="438"/>
							<String ID="string_43" HPOS="459" VPOS="337" WIDTH="64" HEIGHT="14" WC="0.93" CONTENT="mom."/><SP WIDTH="19" VPOS="337" HPOS="523"/>
							<String ID="string_44" HPOS="542" VPOS="331" WIDTH="47" HEIGHT="20" WC="0.95" CONTENT="icke"/><SP WIDTH="16" VPOS="331" HPOS="589"/>
							<String ID="string_45" HPOS="605" VPOS="331" WIDTH="69" HEIGHT="20" WC="0.96" CONTENT="heller"/><SP WIDTH="16" VPOS="331" HPOS="674"/>
							<String ID="string_46" HPOS="690" VPOS="330" WIDTH="7" HEIGHT="20" WC="0.96" CONTENT="i"/><SP WIDTH="15" VPOS="330" HPOS="697"/>
							<String ID="string_47" HPOS="712" VPOS="330" WIDTH="60" HEIGHT="21" WC="0.93" CONTENT="detta"/><SP WIDTH="15" VPOS="330" HPOS="772"/>
							<String ID="string_48" HPOS="787" VPOS="330" WIDTH="56" HEIGHT="21" WC="0.92" CONTENT="afse-"/>
						</TextLine>
						<TextLine ID="line_6" HPOS="92" VPOS="363" WIDTH="751" HEIGHT="29">
							<String ID="string_49" HPOS="92" VPOS="363" WIDTH="55" HEIGHT="21" WC="0.93" CONTENT="ende"/><SP WIDTH="19" VPOS="363" HPOS="147"/>
							<String ID="string_50" HPOS="166" VPOS="363" WIDTH="101" HEIGHT="27" WC="0.91" CONTENT="behöflig."/><SP WIDTH="32" VPOS="363" HPOS="267"/>
							<String ID="string_51" HPOS="299" VPOS="363" WIDTH="105" HEIGHT="22" WC="0.92" CONTENT="Deremot"/><SP WIDTH="20" VPOS="363" HPOS="404"/>
							<String ID="string_52" HPOS="424" VPOS="371" WIDTH="64" HEIGHT="15" WC="0.96" CONTENT="anser"/><SP WIDTH="12" VPOS="371" HPOS="488"/>
							<String ID="string_53" HPOS="500" VPOS="364" WIDTH="40" HEIGHT="28" WC="0.93" CONTENT="jag"/><SP WIDTH="15" VPOS="364" HPOS="540"/>
							<String ID="string_54" HPOS="555" VPOS="364" WIDTH="57" HEIGHT="22" WC="0.95" CONTENT="hvad"/><SP WIDTH="15" VPOS="364" HPOS="612"/>
							<String ID="string_55" HPOS="627" VPOS="364" WIDTH="93" HEIGHT="22" WC="0.95" CONTENT="friherre"/><SP WIDTH="16" VPOS="364" HPOS="720"/>
							<String ID="string_56" HPOS="736" VPOS="364" WIDTH="107" HEIGHT="28" WC="0.97" CONTENT="Carpelan"/>
						</TextLine>
						<TextLine ID="line_7" HPOS="92" VPOS="397" WIDTH="751" HEIGHT="29">
							<String ID="string_57" HPOS="92" VPOS="397" WIDTH="113" HEIGHT="29" WC="0.95" CONTENT="föreslagit"/><SP WIDTH="20" VPOS="397" HPOS="205"/>
							<String ID="string_58" HPOS="225" VPOS="404" WIDTH="34" HEIGHT="14" WC="0.93" CONTENT="om"/><SP WIDTH="21" VPOS="404" HPOS="259"/>
							<String ID="string_59" HPOS="280" VPOS="397" WIDTH="105" HEIGHT="29" WC="0.95" CONTENT="rättighet"/><SP WIDTH="20" VPOS="397" HPOS="385"/>
							<String ID="string_60" HPOS="405" VPOS="398" WIDTH="33" HEIGHT="22" WC="0.93" CONTENT="för"/><SP WIDTH="22" VPOS="398" HPOS="438"/>
							<String ID="string_61" HPOS="460" VPOS="399" WIDTH="112" HEIGHT="21" WC="0.94" CONTENT="husbonde"/><SP WIDTH="16" VPOS="399" HPOS="572"/>
							<String ID="string_62" HPOS="588" VPOS="400" WIDTH="32" HEIGHT="20" WC="0.61" CONTENT="att"/><SP WIDTH="15" VPOS="400" HPOS="620"/>
							<String ID="string_63" HPOS="635" VPOS="399" WIDTH="6" HEIGHT="21" WC="0.96" CONTENT="i"/><SP WIDTH="16" VPOS="399" HPOS="641"/>
							<String ID="string_64" HPOS="657" VPOS="399" WIDTH="40" HEIGHT="21" WC="0.93" CONTENT="här"/><SP WIDTH="15" VPOS="399" HPOS="697"/>
							<String ID="string_65" HPOS="712" VPOS="399" WIDTH="131" HEIGHT="21" WC="0.96" CONTENT="omnämnda"/>
						</TextLine>
						<TextLine ID="line_8" HPOS="92" VPOS="431" WIDTH="751" HEIGHT="30">
							<String ID="string_66" HPOS="92" VPOS="431" WIDTH="38" HEIGHT="21" WC="0.96" CONTENT="fall"/><SP WIDTH="19" VPOS="431" HPOS="130"/>
							<String ID="string_67" HPOS="149" VPOS="432" WIDTH="70" HEIGHT="21" WC="0.96" CONTENT="såsom"/><SP WIDTH="20" VPOS="432" HPOS="219"/>
							<String ID="string_68" HPOS="239" VPOS="432" WIDTH="84" HEIGHT="21" WC="0.96" CONTENT="vittnen"/><SP WIDTH="16" VPOS="432" HPOS="323"/>
							<String ID="string_69" HPOS="339" VPOS="432" WIDTH="88" HEIGHT="28" WC="0.96" CONTENT="påkalla"/><SP WIDTH="17" VPOS="432" HPOS="427"/>
							<String ID="string_70" HPOS="444" VPOS="434" WIDTH="47" HEIGHT="21" WC="0.96" CONTENT="sina"/><SP WIDTH="16" VPOS="434" HPOS="491"/>
							<String ID="string_71" HPOS="507" VPOS="432" WIDTH="70" HEIGHT="29" WC="0.90" CONTENT="öfriga"/><SP WIDTH="16" VPOS="432" HPOS="577"/>
							<String ID="string_72" HPOS="593" VPOS="434" WIDTH="84" HEIGHT="27" WC="0.96" CONTENT="tjenare"/><SP WIDTH="16" VPOS="434" HPOS="677"/>
							<String ID="string_73" HPOS="693" VPOS="440" WIDTH="52" HEIGHT="14" WC="0.96" CONTENT="vara"/><SP WIDTH="15" VPOS="440" HPOS="745"/>
							<String ID="string_74" HPOS="760" VPOS="433" WIDTH="83" HEIGHT="28" WC="0.96" CONTENT="ganska"/>
						</TextLine>
						<TextLine ID="line_9" HPOS="92" VPOS="466" WIDTH="751" HEIGHT="30">
							<String ID="string_75" HPOS="92" VPOS="466" WIDTH="134" HEIGHT="28" WC="0.96" CONTENT="nödvändigt"/><SP WIDTH="15" VPOS="466" HPOS="226"/>
							<String ID="string_76" HPOS="241" VPOS="467" WIDTH="41" HEIGHT="21" WC="0.96" CONTENT="och"/><SP WIDTH="16" VPOS="467" HPOS="282"/>
							<String ID="string_77" HPOS="298" VPOS="466" WIDTH="121" HEIGHT="28" WC="0.96" CONTENT="tillstyrker"/><SP WIDTH="15" VPOS="466" HPOS="419"/>
							<String ID="string_78" HPOS="434" VPOS="468" WIDTH="84" HEIGHT="21" WC="0.96" CONTENT="således"/><SP WIDTH="17" VPOS="468" HPOS="518"/>
							<String ID="string_79" HPOS="535" VPOS="468" WIDTH="60" HEIGHT="20" WC="0.96" CONTENT="bifall"/><SP WIDTH="16" VPOS="468" HPOS="595"/>
							<String ID="string_80" HPOS="611" VPOS="468" WIDTH="33" HEIGHT="20" WC="0.96" CONTENT="till"/><SP WIDTH="15" VPOS="468" HPOS="644"/>
							<String ID="string_81" HPOS="659" VPOS="468" WIDTH="92" HEIGHT="21" WC="0.93" CONTENT="friherre"/><SP WIDTH="12" VPOS="468" HPOS="751"/>
							<String ID="string_82" HPOS="763" VPOS="468" WIDTH="80" HEIGHT="28" WC="0.92" CONTENT="Carpe-"/>
						</TextLine>
						<TextLine ID="line_10" HPOS="92" VPOS="500" WIDTH="752" HEIGHT="29">
							<String ID="string_83" HPOS="92" VPOS="500" WIDTH="47" HEIGHT="22" WC="0.92" CONTENT="lans"/><SP WIDTH="21" VPOS="500" HPOS="139"/>
							<String ID="string_84" HPOS="160" VPOS="501" WIDTH="153" HEIGHT="21" WC="0.92" CONTENT="amendement"/><SP WIDTH="14" VPOS="501" HPOS="313"/>
							<String ID="string_85" HPOS="327" VPOS="502" WIDTH="8" HEIGHT="20" WC="0.96" CONTENT="i"/><SP WIDTH="16" VPOS="502" HPOS="335"/>
							<String ID="string_86" HPOS="351" VPOS="502" WIDTH="70" HEIGHT="21" WC="0.96" CONTENT="denna"/><SP WIDTH="16" VPOS="502" HPOS="421"/>
							<String ID="string_87" HPOS="437" VPOS="502" WIDTH="42" HEIGHT="27" WC="0.96" CONTENT="del,"/><SP WIDTH="15" VPOS="502" HPOS="479"/>
							<String ID="string_88" HPOS="494" VPOS="508" WIDTH="50" HEIGHT="15" WC="0.96" CONTENT="men"/><SP WIDTH="14" VPOS="508" HPOS="544"/>
							<String ID="string_89" HPOS="558" VPOS="502" WIDTH="90" HEIGHT="21" WC="0.96" CONTENT="föreslår"/><SP WIDTH="15" VPOS="502" HPOS="648"/>
							<String ID="string_90" HPOS="663" VPOS="504" WIDTH="33" HEIGHT="19" WC="0.96" CONTENT="att"/><SP WIDTH="15" VPOS="504" HPOS="696"/>
							<String ID="string_91" HPOS="711" VPOS="502" WIDTH="36" HEIGHT="21" WC="0.96" CONTENT="det"/><SP WIDTH="14" VPOS="502" HPOS="747"/>
							<String ID="string_92" HPOS="761" VPOS="502" WIDTH="35" HEIGHT="21" WC="0.93" CONTENT="må"/><SP WIDTH="15" VPOS="502" HPOS="796"/>
							<String ID="string_93" HPOS="811" VPOS="502" WIDTH="33" HEIGHT="21" WC="0.90" CONTENT="in-"/>
						</TextLine>
						<TextLine ID="line_11" HPOS="92" VPOS="535" WIDTH="751" HEIGHT="29">
							<String ID="string_94" HPOS="92" VPOS="535" WIDTH="59" HEIGHT="21" WC="0.96" CONTENT="föras"/><SP WIDTH="20" VPOS="535" HPOS="151"/>
							<String ID="string_95" HPOS="171" VPOS="536" WIDTH="50" HEIGHT="20" WC="0.96" CONTENT="näst"/><SP WIDTH="19" VPOS="536" HPOS="221"/>
							<String ID="string_96" HPOS="240" VPOS="536" WIDTH="56" HEIGHT="20" WC="0.96" CONTENT="efter"/><SP WIDTH="20" VPOS="536" HPOS="296"/>
							<String ID="string_97" HPOS="316" VPOS="536" WIDTH="13" HEIGHT="20" WC="0.96" CONTENT="4"/><SP WIDTH="21" VPOS="536" HPOS="329"/>
							<String ID="string_98" HPOS="350" VPOS="542" WIDTH="63" HEIGHT="16" WC="0.96" CONTENT="mom,"/><SP WIDTH="20" VPOS="542" HPOS="413"/>
							<String ID="string_99" HPOS="433" VPOS="536" WIDTH="6" HEIGHT="21" WC="0.96" CONTENT="i"/><SP WIDTH="21" VPOS="536" HPOS="439"/>
							<String ID="string_100" HPOS="460" VPOS="537" WIDTH="71" HEIGHT="21" WC="0.93" CONTENT="denna"/><SP WIDTH="20" VPOS="537" HPOS="531"/>
							<String ID="string_101" HPOS="551" VPOS="537" WIDTH="22" HEIGHT="27" WC="0.90" CONTENT="$,"/><SP WIDTH="18" VPOS="537" HPOS="573"/>
							<String ID="string_102" HPOS="591" VPOS="536" WIDTH="90" HEIGHT="22" WC="0.96" CONTENT="emedan"/><SP WIDTH="16" VPOS="536" HPOS="681"/>
							<String ID="string_103" HPOS="697" VPOS="537" WIDTH="37" HEIGHT="21" WC="0.95" CONTENT="der"/><SP WIDTH="17" VPOS="537" HPOS="734"/>
							<String ID="string_104" HPOS="751" VPOS="537" WIDTH="92" HEIGHT="20" WC="0.96" CONTENT="omtalas"/>
						</TextLine>
						<TextLine ID="line_12" HPOS="93" VPOS="569" WIDTH="750" HEIGHT="30">
							<String ID="string_105" HPOS="93" VPOS="569" WIDTH="80" HEIGHT="21" WC="0.91" CONTENT="sådane"/><SP WIDTH="16" VPOS="569" HPOS="173"/>
							<String ID="string_106" HPOS="189" VPOS="570" WIDTH="44" HEIGHT="26" WC="0.96" CONTENT="fall,"/><SP WIDTH="15" VPOS="570" HPOS="233"/>
							<String ID="string_107" HPOS="248" VPOS="570" WIDTH="7" HEIGHT="20" WC="0.96" CONTENT="i"/><SP WIDTH="15" VPOS="570" HPOS="255"/>
							<String ID="string_108" HPOS="270" VPOS="569" WIDTH="75" HEIGHT="22" WC="0.96" CONTENT="hvilka"/><SP WIDTH="15" VPOS="569" HPOS="345"/>
							<String ID="string_109" HPOS="360" VPOS="570" WIDTH="40" HEIGHT="28" WC="0.96" CONTENT="jag"/><SP WIDTH="15" VPOS="570" HPOS="400"/>
							<String ID="string_110" HPOS="415" VPOS="570" WIDTH="50" HEIGHT="22" WC="0.93" CONTENT="ville"/><SP WIDTH="16" VPOS="570" HPOS="465"/>
							<String ID="string_111" HPOS="481" VPOS="570" WIDTH="131" HEIGHT="22" WC="0.90" CONTENT="tillerkänna"/><SP WIDTH="16" VPOS="570" HPOS="612"/>
							<String ID="string_112" HPOS="628" VPOS="571" WIDTH="64" HEIGHT="21" WC="0.92" CONTENT="äfven"/><SP WIDTH="16" VPOS="571" HPOS="692"/>
							<String ID="string_113" HPOS="708" VPOS="571" WIDTH="135" HEIGHT="28" WC="0.92" CONTENT="tjenstehjon"/>
						</TextLine>
						<TextLine ID="line_13" HPOS="94" VPOS="604" WIDTH="209" HEIGHT="28">
							<String ID="string_114" HPOS="94" VPOS="610" WIDTH="82" HEIGHT="15" WC="0.95" CONTENT="samma"/><SP WIDTH="16" VPOS="610" HPOS="176"/>
							<String ID="string_115" HPOS="192" VPOS="604" WIDTH="111" HEIGHT="28" WC="0.96" CONTENT="rättighet."/>
						</TextLine>
					</TextBlock>
					<TextBlock ID="block_2" HPOS="92" VPOS="634" WIDTH="753" HEIGHT="825">
						<TextLine ID="line_14" HPOS="160" VPOS="634" WIDTH="682" HEIGHT="34">
							<String ID="string_116" HPOS="160" VPOS="638" WIDTH="103" HEIGHT="22" WC="0.96" CONTENT="Friherre"/><SP WIDTH="22" VPOS="638" HPOS="263"/>
							<String ID="string_117" HPOS="285" VPOS="639" WIDTH="140" HEIGHT="28" WC="0.96" CONTENT="Carpelan:"/><SP WIDTH="26" VPOS="639" HPOS="425"/>
							<String ID="string_118" HPOS="451" VPOS="634" WIDTH="72" HEIGHT="28" WC="0.96" CONTENT="Äfven"/><SP WIDTH="23" VPOS="634" HPOS="523"/>
							<String ID="string_119" HPOS="546" VPOS="640" WIDTH="49" HEIGHT="21" WC="0.96" CONTENT="med"/><SP WIDTH="22" VPOS="640" HPOS="595"/>
							<String ID="string_120" HPOS="617" VPOS="640" WIDTH="47" HEIGHT="21" WC="0.96" CONTENT="fara"/><SP WIDTH="25" VPOS="640" HPOS="664"/>
							<String ID="string_121" HPOS="689" VPOS="642" WIDTH="32" HEIGHT="19" WC="0.96" CONTENT="att"/><SP WIDTH="23" VPOS="642" HPOS="721"/>
							<String ID="string_122" HPOS="744" VPOS="640" WIDTH="98" HEIGHT="28" WC="0.95" CONTENT="återigen"/>
						</TextLine>
						<TextLine ID="line_15" HPOS="92" VPOS="673" WIDTH="751" HEIGHT="29">
							<String ID="string_123" HPOS="92" VPOS="673" WIDTH="69" HEIGHT="21" WC="0.96" CONTENT="väcka"/><SP WIDTH="26" VPOS="673" HPOS="161"/>
							<String ID="string_124" HPOS="187" VPOS="673" WIDTH="119" HEIGHT="22" WC="0.95" CONTENT="förundran"/><SP WIDTH="21" VPOS="673" HPOS="306"/>
							<String ID="string_125" HPOS="327" VPOS="680" WIDTH="64" HEIGHT="15" WC="0.96" CONTENT="anser"/><SP WIDTH="16" VPOS="680" HPOS="391"/>
							<String ID="string_126" HPOS="407" VPOS="674" WIDTH="40" HEIGHT="27" WC="0.94" CONTENT="jag"/><SP WIDTH="27" VPOS="674" HPOS="447"/>
							<String ID="string_127" HPOS="474" VPOS="675" WIDTH="49" HEIGHT="20" WC="0.94" CONTENT="mitt"/><SP WIDTH="22" VPOS="675" HPOS="523"/>
							<String ID="string_128" HPOS="545" VPOS="676" WIDTH="97" HEIGHT="19" WC="0.96" CONTENT="samvete"/><SP WIDTH="20" VPOS="676" HPOS="642"/>
							<String ID="string_129" HPOS="662" VPOS="681" WIDTH="65" HEIGHT="14" WC="0.96" CONTENT="mana"/><SP WIDTH="20" VPOS="681" HPOS="727"/>
							<String ID="string_130" HPOS="747" VPOS="675" WIDTH="45" HEIGHT="27" WC="0.95" CONTENT="mig"/><SP WIDTH="19" VPOS="675" HPOS="792"/>
							<String ID="string_131" HPOS="811" VPOS="676" WIDTH="32" HEIGHT="19" WC="0.95" CONTENT="att"/>
						</TextLine>
						<TextLine ID="line_16" HPOS="92" VPOS="707" WIDTH="749" HEIGHT="30">
							<String ID="string_132" HPOS="92" VPOS="708" WIDTH="53" HEIGHT="21" WC="0.95" CONTENT="söka"/><SP WIDTH="20" VPOS="708" HPOS="145"/>
							<String ID="string_133" HPOS="165" VPOS="709" WIDTH="68" HEIGHT="20" WC="0.95" CONTENT="värna"/><SP WIDTH="19" VPOS="709" HPOS="233"/>
							<String ID="string_134" HPOS="252" VPOS="707" WIDTH="64" HEIGHT="22" WC="0.93" CONTENT="äfven"/><SP WIDTH="20" VPOS="707" HPOS="316"/>
							<String ID="string_135" HPOS="336" VPOS="707" WIDTH="163" HEIGHT="22" WC="0.92" CONTENT="husböndernas"/><SP WIDTH="20" VPOS="707" HPOS="499"/>
							<String ID="string_136" HPOS="519" VPOS="710" WIDTH="49" HEIGHT="20" WC="0.96" CONTENT="rätt."/><SP WIDTH="30" VPOS="710" HPOS="568"/>
							<String ID="string_137" HPOS="598" VPOS="708" WIDTH="44" HEIGHT="21" WC="0.96" CONTENT="För"/><SP WIDTH="15" VPOS="708" HPOS="642"/>
							<String ID="string_138" HPOS="657" VPOS="708" WIDTH="54" HEIGHT="29" WC="0.96" CONTENT="mig,"/><SP WIDTH="16" VPOS="708" HPOS="711"/>
							<String ID="string_139" HPOS="727" VPOS="711" WIDTH="56" HEIGHT="19" WC="0.93" CONTENT="samt"/><SP WIDTH="14" VPOS="711" HPOS="783"/>
							<String ID="string_140" HPOS="797" VPOS="709" WIDTH="44" HEIGHT="21" WC="0.92" CONTENT="må-"/>
						</TextLine>
						<TextLine ID="line_17" HPOS="92" VPOS="742" WIDTH="751" HEIGHT="28">
							<String ID="string_141" HPOS="92" VPOS="742" WIDTH="72" HEIGHT="22" WC="0.96" CONTENT="hända"/><SP WIDTH="20" VPOS="742" HPOS="164"/>
							<String ID="string_142" HPOS="184" VPOS="749" WIDTH="27" HEIGHT="14" WC="0.96" CONTENT="en"/><SP WIDTH="21" VPOS="749" HPOS="211"/>
							<String ID="string_143" HPOS="232" VPOS="743" WIDTH="40" HEIGHT="21" WC="0.96" CONTENT="och"/><SP WIDTH="18" VPOS="743" HPOS="272"/>
							<String ID="string_144" HPOS="290" VPOS="749" WIDTH="72" HEIGHT="15" WC="0.96" CONTENT="annan"/><SP WIDTH="15" VPOS="749" HPOS="362"/>
							<String ID="string_145" HPOS="377" VPOS="742" WIDTH="50" HEIGHT="21" WC="0.93" CONTENT="med"/><SP WIDTH="16" VPOS="742" HPOS="427"/>
							<String ID="string_146" HPOS="443" VPOS="743" WIDTH="178" HEIGHT="22" WC="0.91" CONTENT="förhållanderna"/><SP WIDTH="13" VPOS="743" HPOS="621"/>
							<String ID="string_147" HPOS="634" VPOS="743" WIDTH="91" HEIGHT="27" WC="0.96" CONTENT="bekant,"/><SP WIDTH="16" VPOS="743" HPOS="725"/>
							<String ID="string_148" HPOS="741" VPOS="743" WIDTH="102" HEIGHT="22" WC="0.96" CONTENT="framstår"/>
						</TextLine>
						<TextLine ID="line_18" HPOS="94" VPOS="777" WIDTH="749" HEIGHT="28">
							<String ID="string_149" HPOS="94" VPOS="777" WIDTH="36" HEIGHT="22" WC="0.96" CONTENT="det"/><SP WIDTH="15" VPOS="777" HPOS="130"/>
							<String ID="string_150" HPOS="145" VPOS="777" WIDTH="65" HEIGHT="27" WC="0.95" CONTENT="klart,"/><SP WIDTH="17" VPOS="777" HPOS="210"/>
							<String ID="string_151" HPOS="227" VPOS="779" WIDTH="31" HEIGHT="19" WC="0.93" CONTENT="att"/><SP WIDTH="18" VPOS="779" HPOS="258"/>
							<String ID="string_152" HPOS="276" VPOS="777" WIDTH="159" HEIGHT="28" WC="0.91" CONTENT="öfvervägande"/><SP WIDTH="21" VPOS="777" HPOS="435"/>
							<String ID="string_153" HPOS="456" VPOS="777" WIDTH="70" HEIGHT="22" WC="0.96" CONTENT="fördel"/><SP WIDTH="18" VPOS="777" HPOS="526"/>
							<String ID="string_154" HPOS="544" VPOS="777" WIDTH="61" HEIGHT="22" WC="0.95" CONTENT="alltid"/><SP WIDTH="19" VPOS="777" HPOS="605"/>
							<String ID="string_155" HPOS="624" VPOS="777" WIDTH="70" HEIGHT="28" WC="0.96" CONTENT="ligger"/><SP WIDTH="15" VPOS="777" HPOS="694"/>
							<String ID="string_156" HPOS="709" VPOS="778" WIDTH="29" HEIGHT="27" WC="0.93" CONTENT="på"/><SP WIDTH="15" VPOS="778" HPOS="738"/>
							<String ID="string_157" HPOS="753" VPOS="778" WIDTH="90" HEIGHT="27" WC="0.92" CONTENT="tjenste-"/>
						</TextLine>
						<TextLine ID="line_19" HPOS="92" VPOS="811" WIDTH="751" HEIGHT="30">
							<String ID="string_158" HPOS="92" VPOS="812" WIDTH="87" HEIGHT="29" WC="0.91" CONTENT="hjonets"/><SP WIDTH="20" VPOS="812" HPOS="179"/>
							<String ID="string_159" HPOS="199" VPOS="812" WIDTH="56" HEIGHT="27" WC="0.93" CONTENT="sida,"/><SP WIDTH="16" VPOS="812" HPOS="255"/>
							<String ID="string_160" HPOS="271" VPOS="812" WIDTH="46" HEIGHT="28" WC="0.93" CONTENT="ithy"/><SP WIDTH="21" VPOS="812" HPOS="317"/>
							<String ID="string_161" HPOS="338" VPOS="814" WIDTH="32" HEIGHT="19" WC="0.96" CONTENT="att"/><SP WIDTH="19" VPOS="814" HPOS="370"/>
							<String ID="string_162" HPOS="389" VPOS="811" WIDTH="120" HEIGHT="22" WC="0.95" CONTENT="detsamma"/><SP WIDTH="20" VPOS="811" HPOS="509"/>
							<String ID="string_163" HPOS="529" VPOS="812" WIDTH="56" HEIGHT="21" WC="0.93" CONTENT="blott"/><SP WIDTH="14" VPOS="812" HPOS="585"/>
							<String ID="string_164" HPOS="599" VPOS="811" WIDTH="106" HEIGHT="22" WC="0.93" CONTENT="behöfver"/><SP WIDTH="15" VPOS="811" HPOS="705"/>
							<String ID="string_165" HPOS="720" VPOS="813" WIDTH="77" HEIGHT="21" WC="0.96" CONTENT="utreda"/><SP WIDTH="14" VPOS="813" HPOS="797"/>
							<String ID="string_166" HPOS="811" VPOS="814" WIDTH="32" HEIGHT="20" WC="0.95" CONTENT="att"/>
						</TextLine>
						<TextLine ID="line_20" HPOS="93" VPOS="846" WIDTH="750" HEIGHT="28">
							<String ID="string_167" HPOS="93" VPOS="847" WIDTH="36" HEIGHT="21" WC="0.95" CONTENT="det"/><SP WIDTH="16" VPOS="847" HPOS="129"/>
							<String ID="string_168" HPOS="145" VPOS="847" WIDTH="55" HEIGHT="21" WC="0.96" CONTENT="varit"/><SP WIDTH="15" VPOS="847" HPOS="200"/>
							<String ID="string_169" HPOS="215" VPOS="847" WIDTH="7" HEIGHT="20" WC="0.93" CONTENT="i"/><SP WIDTH="16" VPOS="847" HPOS="222"/>
							<String ID="string_170" HPOS="238" VPOS="847" WIDTH="75" HEIGHT="27" WC="0.93" CONTENT="tjenst,"/><SP WIDTH="11" VPOS="847" HPOS="313"/>
							<String ID="string_171" HPOS="324" VPOS="847" WIDTH="33" HEIGHT="20" WC="0.96" CONTENT="för"/><SP WIDTH="15" VPOS="847" HPOS="357"/>
							<String ID="string_172" HPOS="372" VPOS="848" WIDTH="33" HEIGHT="19" WC="0.93" CONTENT="att"/><SP WIDTH="14" VPOS="848" HPOS="405"/>
							<String ID="string_173" HPOS="419" VPOS="847" WIDTH="142" HEIGHT="21" WC="0.92" CONTENT="utbekomma"/><SP WIDTH="14" VPOS="847" HPOS="561"/>
							<String ID="string_174" HPOS="575" VPOS="847" WIDTH="34" HEIGHT="21" WC="0.96" CONTENT="sin"/><SP WIDTH="16" VPOS="847" HPOS="609"/>
							<String ID="string_175" HPOS="625" VPOS="846" WIDTH="43" HEIGHT="27" WC="0.95" CONTENT="lön,"/><SP WIDTH="11" VPOS="846" HPOS="668"/>
							<String ID="string_176" HPOS="679" VPOS="847" WIDTH="64" HEIGHT="20" WC="0.96" CONTENT="äfven"/><SP WIDTH="16" VPOS="847" HPOS="743"/>
							<String ID="string_177" HPOS="759" VPOS="854" WIDTH="35" HEIGHT="14" WC="0.93" CONTENT="om"/><SP WIDTH="16" VPOS="854" HPOS="794"/>
							<String ID="string_178" HPOS="810" VPOS="848" WIDTH="33" HEIGHT="20" WC="0.92" CONTENT="så-"/>
						</TextLine>
						<TextLine ID="line_21" HPOS="93" VPOS="881" WIDTH="750" HEIGHT="28">
							<String ID="string_179" HPOS="93" VPOS="881" WIDTH="41" HEIGHT="22" WC="0.96" CONTENT="dan"/><SP WIDTH="22" VPOS="881" HPOS="134"/>
							<String ID="string_180" HPOS="156" VPOS="881" WIDTH="47" HEIGHT="21" WC="0.96" CONTENT="icke"/><SP WIDTH="23" VPOS="881" HPOS="203"/>
							<String ID="string_181" HPOS="226" VPOS="887" WIDTH="51" HEIGHT="15" WC="0.93" CONTENT="vore"/><SP WIDTH="23" VPOS="887" HPOS="277"/>
							<String ID="string_182" HPOS="300" VPOS="881" WIDTH="98" HEIGHT="28" WC="0.90" CONTENT="förtjent."/><SP WIDTH="31" VPOS="881" HPOS="398"/>
							<String ID="string_183" HPOS="429" VPOS="881" WIDTH="50" HEIGHT="21" WC="0.96" CONTENT="Med"/><SP WIDTH="21" VPOS="881" HPOS="479"/>
							<String ID="string_184" HPOS="500" VPOS="881" WIDTH="128" HEIGHT="21" WC="0.96" CONTENT="husbonden"/><SP WIDTH="22" VPOS="881" HPOS="628"/>
							<String ID="string_185" HPOS="650" VPOS="882" WIDTH="25" HEIGHT="19" WC="0.96" CONTENT="är"/><SP WIDTH="22" VPOS="882" HPOS="675"/>
							<String ID="string_186" HPOS="697" VPOS="881" WIDTH="146" HEIGHT="22" WC="0.96" CONTENT="förhållandet"/>
						</TextLine>
						<TextLine ID="line_22" HPOS="92" VPOS="915" WIDTH="751" HEIGHT="28">
							<String ID="string_187" HPOS="92" VPOS="916" WIDTH="47" HEIGHT="21" WC="0.96" CONTENT="helt"/><SP WIDTH="16" VPOS="916" HPOS="139"/>
							<String ID="string_188" HPOS="155" VPOS="915" WIDTH="145" HEIGHT="28" WC="0.96" CONTENT="annorlunda;"/><SP WIDTH="15" VPOS="915" HPOS="300"/>
							<String ID="string_189" HPOS="315" VPOS="915" WIDTH="44" HEIGHT="21" WC="0.95" CONTENT="han"/><SP WIDTH="15" VPOS="915" HPOS="359"/>
							<String ID="string_190" HPOS="374" VPOS="915" WIDTH="39" HEIGHT="22" WC="0.96" CONTENT="har"/><SP WIDTH="16" VPOS="915" HPOS="413"/>
							<String ID="string_191" HPOS="429" VPOS="915" WIDTH="45" HEIGHT="22" WC="0.96" CONTENT="ofta"/><SP WIDTH="15" VPOS="915" HPOS="474"/>
							<String ID="string_192" HPOS="489" VPOS="916" WIDTH="59" HEIGHT="21" WC="0.96" CONTENT="svårt"/><SP WIDTH="15" VPOS="916" HPOS="548"/>
							<String ID="string_193" HPOS="563" VPOS="917" WIDTH="33" HEIGHT="20" WC="0.96" CONTENT="att"/><SP WIDTH="16" VPOS="917" HPOS="596"/>
							<String ID="string_194" HPOS="612" VPOS="915" WIDTH="67" HEIGHT="21" WC="0.92" CONTENT="blifva"/><SP WIDTH="16" VPOS="915" HPOS="679"/>
							<String ID="string_195" HPOS="695" VPOS="915" WIDTH="54" HEIGHT="28" WC="0.91" CONTENT="qvitt"/><SP WIDTH="16" VPOS="915" HPOS="749"/>
							<String ID="string_196" HPOS="765" VPOS="923" WIDTH="27" HEIGHT="14" WC="0.93" CONTENT="en"/><SP WIDTH="15" VPOS="923" HPOS="792"/>
							<String ID="string_197" HPOS="807" VPOS="916" WIDTH="36" HEIGHT="21" WC="0.91" CONTENT="då-"/>
						</TextLine>
						<TextLine ID="line_23" HPOS="93" VPOS="949" WIDTH="751" HEIGHT="29">
							<String ID="string_198" HPOS="93" VPOS="950" WIDTH="32" HEIGHT="28" WC="0.96" CONTENT="lig"/><SP WIDTH="19" VPOS="950" HPOS="125"/>
							<String ID="string_199" HPOS="144" VPOS="951" WIDTH="85" HEIGHT="27" WC="0.96" CONTENT="tjenare"/><SP WIDTH="20" VPOS="951" HPOS="229"/>
							<String ID="string_200" HPOS="249" VPOS="950" WIDTH="41" HEIGHT="21" WC="0.91" CONTENT="och"/><SP WIDTH="15" VPOS="950" HPOS="290"/>
							<String ID="string_201" HPOS="305" VPOS="949" WIDTH="125" HEIGHT="28" WC="0.91" CONTENT="äfventyrar"/><SP WIDTH="16" VPOS="949" HPOS="430"/>
							<String ID="string_202" HPOS="446" VPOS="950" WIDTH="7" HEIGHT="20" WC="0.96" CONTENT="i"/><SP WIDTH="16" VPOS="950" HPOS="453"/>
							<String ID="string_203" HPOS="469" VPOS="950" WIDTH="80" HEIGHT="21" WC="0.96" CONTENT="sådana"/><SP WIDTH="15" VPOS="950" HPOS="549"/>
							<String ID="string_204" HPOS="564" VPOS="950" WIDTH="39" HEIGHT="21" WC="0.93" CONTENT="fall"/><SP WIDTH="15" VPOS="950" HPOS="603"/>
							<String ID="string_205" HPOS="618" VPOS="950" WIDTH="140" HEIGHT="28" WC="0.92" CONTENT="gemenligen"/><SP WIDTH="15" VPOS="950" HPOS="758"/>
							<String ID="string_206" HPOS="773" VPOS="952" WIDTH="33" HEIGHT="19" WC="0.96" CONTENT="att"/><SP WIDTH="15" VPOS="952" HPOS="806"/>
							<String ID="string_207" HPOS="821" VPOS="951" WIDTH="23" HEIGHT="20" WC="0.96" CONTENT="få"/>
						</TextLine>
						<TextLine ID="line_24" HPOS="94" VPOS="984" WIDTH="749" HEIGHT="29">
							<String ID="string_208" HPOS="94" VPOS="985" WIDTH="73" HEIGHT="21" WC="0.93" CONTENT="betala"/><SP WIDTH="16" VPOS="985" HPOS="167"/>
							<String ID="string_209" HPOS="183" VPOS="985" WIDTH="100" HEIGHT="28" WC="0.90" CONTENT="tjenaren"/><SP WIDTH="14" VPOS="985" HPOS="283"/>
							<String ID="string_210" HPOS="297" VPOS="984" WIDTH="51" HEIGHT="21" WC="0.93" CONTENT="hela"/><SP WIDTH="16" VPOS="984" HPOS="348"/>
							<String ID="string_211" HPOS="364" VPOS="985" WIDTH="111" HEIGHT="26" WC="0.91" CONTENT="årslönen;"/><SP WIDTH="16" VPOS="985" HPOS="475"/>
							<String ID="string_212" HPOS="491" VPOS="985" WIDTH="42" HEIGHT="20" WC="0.96" CONTENT="han"/><SP WIDTH="16" VPOS="985" HPOS="533"/>
							<String ID="string_213" HPOS="549" VPOS="984" WIDTH="42" HEIGHT="21" WC="0.96" CONTENT="blir"/><SP WIDTH="10" VPOS="984" HPOS="591"/>
							<String ID="string_214" HPOS="601" VPOS="984" WIDTH="62" HEIGHT="21" WC="0.96" CONTENT="alltid"/><SP WIDTH="10" VPOS="984" HPOS="663"/>
							<String ID="string_215" HPOS="673" VPOS="984" WIDTH="94" HEIGHT="21" WC="0.89" CONTENT="lidande."/><SP WIDTH="25" VPOS="984" HPOS="767"/>
							<String ID="string_216" HPOS="792" VPOS="985" WIDTH="51" HEIGHT="21" WC="0.95" CONTENT="Man"/>
						</TextLine>
						<TextLine ID="line_25" HPOS="95" VPOS="1019" WIDTH="748" HEIGHT="28">
							<String ID="string_217" HPOS="95" VPOS="1019" WIDTH="74" HEIGHT="28" WC="0.96" CONTENT="tyckes"/><SP WIDTH="12" VPOS="1019" HPOS="169"/>
							<String ID="string_218" HPOS="181" VPOS="1019" WIDTH="89" HEIGHT="27" WC="0.94" CONTENT="förbise,"/><SP WIDTH="9" VPOS="1019" HPOS="270"/>
							<String ID="string_219" HPOS="279" VPOS="1020" WIDTH="32" HEIGHT="19" WC="0.93" CONTENT="att"/><SP WIDTH="15" VPOS="1020" HPOS="311"/>
							<String ID="string_220" HPOS="326" VPOS="1019" WIDTH="139" HEIGHT="21" WC="0.91" CONTENT="husbondens"/><SP WIDTH="15" VPOS="1019" HPOS="465"/>
							<String ID="string_221" HPOS="480" VPOS="1019" WIDTH="115" HEIGHT="27" WC="0.90" CONTENT="åliggande"/><SP WIDTH="16" VPOS="1019" HPOS="595"/>
							<String ID="string_222" HPOS="611" VPOS="1020" WIDTH="33" HEIGHT="19" WC="0.96" CONTENT="att"/><SP WIDTH="14" VPOS="1020" HPOS="644"/>
							<String ID="string_223" HPOS="658" VPOS="1019" WIDTH="74" HEIGHT="20" WC="0.93" CONTENT="betala"/><SP WIDTH="10" VPOS="1019" HPOS="732"/>
							<String ID="string_224" HPOS="742" VPOS="1019" WIDTH="101" HEIGHT="21" WC="0.92" CONTENT="årslönen"/>
						</TextLine>
						<TextLine ID="line_26" HPOS="94" VPOS="1053" WIDTH="749" HEIGHT="28">
							<String ID="string_225" HPOS="94" VPOS="1054" WIDTH="62" HEIGHT="21" WC="0.96" CONTENT="äfven"/><SP WIDTH="23" VPOS="1054" HPOS="156"/>
							<String ID="string_226" HPOS="179" VPOS="1054" WIDTH="66" HEIGHT="20" WC="0.96" CONTENT="borde"/><SP WIDTH="20" VPOS="1054" HPOS="245"/>
							<String ID="string_227" HPOS="265" VPOS="1055" WIDTH="120" HEIGHT="19" WC="0.95" CONTENT="motsvaras"/><SP WIDTH="20" VPOS="1055" HPOS="385"/>
							<String ID="string_228" HPOS="405" VPOS="1054" WIDTH="24" HEIGHT="20" WC="0.96" CONTENT="af"/><SP WIDTH="13" VPOS="1054" HPOS="429"/>
							<String ID="string_229" HPOS="442" VPOS="1054" WIDTH="54" HEIGHT="21" WC="0.96" CONTENT="hans"/><SP WIDTH="15" VPOS="1054" HPOS="496"/>
							<String ID="string_230" HPOS="511" VPOS="1053" WIDTH="107" HEIGHT="28" WC="0.96" CONTENT="rättighet"/><SP WIDTH="14" VPOS="1053" HPOS="618"/>
							<String ID="string_231" HPOS="632" VPOS="1055" WIDTH="32" HEIGHT="19" WC="0.95" CONTENT="att"/><SP WIDTH="15" VPOS="1055" HPOS="664"/>
							<String ID="string_232" HPOS="679" VPOS="1053" WIDTH="22" HEIGHT="21" WC="0.96" CONTENT="få"/><SP WIDTH="16" VPOS="1053" HPOS="701"/>
							<String ID="string_233" HPOS="717" VPOS="1053" WIDTH="41" HEIGHT="21" WC="0.92" CONTENT="den"/><SP WIDTH="17" VPOS="1053" HPOS="758"/>
							<String ID="string_234" HPOS="775" VPOS="1054" WIDTH="68" HEIGHT="20" WC="0.90" CONTENT="betin-"/>
						</TextLine>
						<TextLine ID="line_27" HPOS="94" VPOS="1087" WIDTH="749" HEIGHT="29">
							<String ID="string_235" HPOS="94" VPOS="1088" WIDTH="55" HEIGHT="28" WC="0.88" CONTENT="gade"/><SP WIDTH="20" VPOS="1088" HPOS="149"/>
							<String ID="string_236" HPOS="169" VPOS="1088" WIDTH="96" HEIGHT="28" WC="0.91" CONTENT="tjensten"/><SP WIDTH="21" VPOS="1088" HPOS="265"/>
							<String ID="string_237" HPOS="286" VPOS="1088" WIDTH="114" HEIGHT="28" WC="0.95" CONTENT="fullgjord,"/><SP WIDTH="21" VPOS="1088" HPOS="400"/>
							<String ID="string_238" HPOS="421" VPOS="1090" WIDTH="32" HEIGHT="19" WC="0.93" CONTENT="att"/><SP WIDTH="17" VPOS="1090" HPOS="453"/>
							<String ID="string_239" HPOS="470" VPOS="1087" WIDTH="116" HEIGHT="29" WC="0.92" CONTENT="undslippa"/><SP WIDTH="19" VPOS="1087" HPOS="586"/>
							<String ID="string_240" HPOS="605" VPOS="1087" WIDTH="167" HEIGHT="28" WC="0.92" CONTENT="uppstudsighet"/><SP WIDTH="15" VPOS="1087" HPOS="772"/>
							<String ID="string_241" HPOS="787" VPOS="1090" WIDTH="56" HEIGHT="19" WC="0.96" CONTENT="samt"/>
						</TextLine>
						<TextLine ID="line_28" HPOS="94" VPOS="1121" WIDTH="749" HEIGHT="29">
							<String ID="string_242" HPOS="94" VPOS="1122" WIDTH="67" HEIGHT="22" WC="0.95" CONTENT="andra"/><SP WIDTH="15" VPOS="1122" HPOS="161"/>
							<String ID="string_243" HPOS="176" VPOS="1122" WIDTH="120" HEIGHT="28" WC="0.96" CONTENT="obefogade"/><SP WIDTH="15" VPOS="1122" HPOS="296"/>
							<String ID="string_244" HPOS="311" VPOS="1122" WIDTH="110" HEIGHT="21" WC="0.96" CONTENT="lidanden."/><SP WIDTH="33" VPOS="1122" HPOS="421"/>
							<String ID="string_245" HPOS="454" VPOS="1122" WIDTH="44" HEIGHT="22" WC="0.96" CONTENT="Det"/><SP WIDTH="15" VPOS="1122" HPOS="498"/>
							<String ID="string_246" HPOS="513" VPOS="1123" WIDTH="24" HEIGHT="19" WC="0.93" CONTENT="är"/><SP WIDTH="15" VPOS="1123" HPOS="537"/>
							<String ID="string_247" HPOS="552" VPOS="1121" WIDTH="154" HEIGHT="29" WC="0.91" CONTENT="beklagligtvis"/><SP WIDTH="15" VPOS="1121" HPOS="706"/>
							<String ID="string_248" HPOS="721" VPOS="1123" WIDTH="59" HEIGHT="19" WC="0.96" CONTENT="ännu"/><SP WIDTH="15" VPOS="1123" HPOS="780"/>
							<String ID="string_249" HPOS="795" VPOS="1122" WIDTH="48" HEIGHT="22" WC="0.96" CONTENT="icke"/>
						</TextLine>
						<TextLine ID="line_29" HPOS="94" VPOS="1156" WIDTH="748" HEIGHT="28">
							<String ID="string_250" HPOS="94" VPOS="1157" WIDTH="71" HEIGHT="27" WC="0.96" CONTENT="fallet,"/><SP WIDTH="21" VPOS="1157" HPOS="165"/>
							<String ID="string_251" HPOS="186" VPOS="1158" WIDTH="31" HEIGHT="20" WC="0.95" CONTENT="att"/><SP WIDTH="21" VPOS="1158" HPOS="217"/>
							<String ID="string_252" HPOS="238" VPOS="1157" WIDTH="43" HEIGHT="21" WC="0.93" CONTENT="den"/><SP WIDTH="20" VPOS="1157" HPOS="281"/>
							<String ID="string_253" HPOS="301" VPOS="1157" WIDTH="104" HEIGHT="27" WC="0.91" CONTENT="tjenande"/><SP WIDTH="20" VPOS="1157" HPOS="405"/>
							<String ID="string_254" HPOS="425" VPOS="1157" WIDTH="87" HEIGHT="21" WC="0.96" CONTENT="klassen"/><SP WIDTH="21" VPOS="1157" HPOS="512"/>
							<String ID="string_255" HPOS="533" VPOS="1158" WIDTH="24" HEIGHT="19" WC="0.96" CONTENT="är"/><SP WIDTH="15" VPOS="1158" HPOS="557"/>
							<String ID="string_256" HPOS="572" VPOS="1156" WIDTH="24" HEIGHT="21" WC="0.96" CONTENT="så"/><SP WIDTH="14" VPOS="1156" HPOS="596"/>
							<String ID="string_257" HPOS="610" VPOS="1156" WIDTH="105" HEIGHT="28" WC="0.96" CONTENT="upphöjd,"/><SP WIDTH="16" VPOS="1156" HPOS="715"/>
							<String ID="string_258" HPOS="731" VPOS="1164" WIDTH="45" HEIGHT="13" WC="0.95" CONTENT="som"/><SP WIDTH="16" VPOS="1164" HPOS="776"/>
							<String ID="string_259" HPOS="792" VPOS="1164" WIDTH="50" HEIGHT="14" WC="0.96" CONTENT="man"/>
						</TextLine>
						<TextLine ID="line_30" HPOS="94" VPOS="1190" WIDTH="749" HEIGHT="28">
							<String ID="string_260" HPOS="94" VPOS="1193" WIDTH="45" HEIGHT="19" WC="0.96" CONTENT="tror"/><SP WIDTH="16" VPOS="1193" HPOS="139"/>
							<String ID="string_261" HPOS="155" VPOS="1191" WIDTH="41" HEIGHT="21" WC="0.96" CONTENT="och"/><SP WIDTH="15" VPOS="1191" HPOS="196"/>
							<String ID="string_262" HPOS="211" VPOS="1191" WIDTH="71" HEIGHT="21" WC="0.93" CONTENT="såsom"/><SP WIDTH="15" VPOS="1191" HPOS="282"/>
							<String ID="string_263" HPOS="297" VPOS="1190" WIDTH="128" HEIGHT="28" WC="0.91" CONTENT="isynnerhet"/><SP WIDTH="16" VPOS="1190" HPOS="425"/>
							<String ID="string_264" HPOS="441" VPOS="1191" WIDTH="32" HEIGHT="27" WC="0.96" CONTENT="de,"/><SP WIDTH="16" VPOS="1191" HPOS="473"/>
							<String ID="string_265" HPOS="489" VPOS="1190" WIDTH="74" HEIGHT="22" WC="0.96" CONTENT="hvilka"/><SP WIDTH="14" VPOS="1190" HPOS="563"/>
							<String ID="string_266" HPOS="577" VPOS="1190" WIDTH="71" HEIGHT="28" WC="0.96" CONTENT="aldrig"/><SP WIDTH="14" VPOS="1190" HPOS="648"/>
							<String ID="string_267" HPOS="662" VPOS="1190" WIDTH="47" HEIGHT="21" WC="0.96" CONTENT="haft"/><SP WIDTH="15" VPOS="1190" HPOS="709"/>
							<String ID="string_268" HPOS="724" VPOS="1190" WIDTH="68" HEIGHT="28" WC="0.93" CONTENT="några"/><SP WIDTH="11" VPOS="1190" HPOS="792"/>
							<String ID="string_269" HPOS="803" VPOS="1192" WIDTH="40" HEIGHT="26" WC="0.92" CONTENT="tje-"/>
						</TextLine>
						<TextLine ID="line_31" HPOS="95" VPOS="1224" WIDTH="748" HEIGHT="28">
							<String ID="string_270" HPOS="95" VPOS="1232" WIDTH="59" HEIGHT="20" WC="0.95" CONTENT="nare,"/><SP WIDTH="16" VPOS="1232" HPOS="154"/>
							<String ID="string_271" HPOS="170" VPOS="1225" WIDTH="113" HEIGHT="21" WC="0.95" CONTENT="föreställa"/><SP WIDTH="15" VPOS="1225" HPOS="283"/>
							<String ID="string_272" HPOS="298" VPOS="1224" WIDTH="40" HEIGHT="28" WC="0.95" CONTENT="sig."/><SP WIDTH="25" VPOS="1224" HPOS="338"/>
							<String ID="string_273" HPOS="363" VPOS="1224" WIDTH="65" HEIGHT="22" WC="0.96" CONTENT="Vissa"/><SP WIDTH="16" VPOS="1224" HPOS="428"/>
							<String ID="string_274" HPOS="444" VPOS="1226" WIDTH="58" HEIGHT="20" WC="0.96" CONTENT="orter"/><SP WIDTH="15" VPOS="1226" HPOS="502"/>
							<String ID="string_275" HPOS="517" VPOS="1226" WIDTH="45" HEIGHT="24" WC="0.96" CONTENT="äro,"/><SP WIDTH="11" VPOS="1226" HPOS="562"/>
							<String ID="string_276" HPOS="573" VPOS="1224" WIDTH="70" HEIGHT="21" WC="0.96" CONTENT="såsom"/><SP WIDTH="14" VPOS="1224" HPOS="643"/>
							<String ID="string_277" HPOS="657" VPOS="1225" WIDTH="40" HEIGHT="27" WC="0.96" CONTENT="jag"/><SP WIDTH="14" VPOS="1225" HPOS="697"/>
							<String ID="string_278" HPOS="711" VPOS="1225" WIDTH="28" HEIGHT="27" WC="0.91" CONTENT="på"/><SP WIDTH="16" VPOS="1225" HPOS="739"/>
							<String ID="string_279" HPOS="755" VPOS="1224" WIDTH="88" HEIGHT="21" WC="0.91" CONTENT="förmid-"/>
						</TextLine>
						<TextLine ID="line_32" HPOS="95" VPOS="1258" WIDTH="750" HEIGHT="29">
							<String ID="string_280" HPOS="95" VPOS="1260" WIDTH="70" HEIGHT="27" WC="0.96" CONTENT="dagen"/><SP WIDTH="17" VPOS="1260" HPOS="165"/>
							<String ID="string_281" HPOS="182" VPOS="1259" WIDTH="100" HEIGHT="27" WC="0.95" CONTENT="nämnde,"/><SP WIDTH="10" VPOS="1259" HPOS="282"/>
							<String ID="string_282" HPOS="292" VPOS="1259" WIDTH="54" HEIGHT="21" WC="0.96" CONTENT="visst"/><SP WIDTH="10" VPOS="1259" HPOS="346"/>
							<String ID="string_283" HPOS="356" VPOS="1259" WIDTH="23" HEIGHT="21" WC="0.93" CONTENT="så"/><SP WIDTH="11" VPOS="1259" HPOS="379"/>
							<String ID="string_284" HPOS="390" VPOS="1259" WIDTH="131" HEIGHT="27" WC="0.92" CONTENT="beskaffade,"/><SP WIDTH="11" VPOS="1259" HPOS="521"/>
							<String ID="string_285" HPOS="532" VPOS="1260" WIDTH="32" HEIGHT="20" WC="0.93" CONTENT="att"/><SP WIDTH="10" VPOS="1260" HPOS="564"/>
							<String ID="string_286" HPOS="574" VPOS="1258" WIDTH="152" HEIGHT="21" WC="0.91" CONTENT="husbönderne"/><SP WIDTH="16" VPOS="1258" HPOS="726"/>
							<String ID="string_287" HPOS="742" VPOS="1259" WIDTH="58" HEIGHT="21" WC="0.94" CONTENT="finna"/><SP WIDTH="11" VPOS="1259" HPOS="800"/>
							<String ID="string_288" HPOS="811" VPOS="1258" WIDTH="34" HEIGHT="28" WC="0.96" CONTENT="sig"/>
						</TextLine>
						<TextLine ID="line_33" HPOS="94" VPOS="1292" WIDTH="749" HEIGHT="30">
							<String ID="string_289" HPOS="94" VPOS="1294" WIDTH="89" HEIGHT="21" WC="0.96" CONTENT="belåtna"/><SP WIDTH="18" VPOS="1294" HPOS="183"/>
							<String ID="string_290" HPOS="201" VPOS="1294" WIDTH="40" HEIGHT="20" WC="0.96" CONTENT="och"/><SP WIDTH="20" VPOS="1294" HPOS="241"/>
							<String ID="string_291" HPOS="261" VPOS="1293" WIDTH="73" HEIGHT="29" WC="0.93" CONTENT="undgå"/><SP WIDTH="20" VPOS="1293" HPOS="334"/>
							<String ID="string_292" HPOS="354" VPOS="1292" WIDTH="107" HEIGHT="29" WC="0.91" CONTENT="obehaget"/><SP WIDTH="16" VPOS="1292" HPOS="461"/>
							<String ID="string_293" HPOS="477" VPOS="1295" WIDTH="32" HEIGHT="19" WC="0.96" CONTENT="att"/><SP WIDTH="15" VPOS="1295" HPOS="509"/>
							<String ID="string_294" HPOS="524" VPOS="1292" WIDTH="99" HEIGHT="22" WC="0.96" CONTENT="använda"/><SP WIDTH="14" VPOS="1292" HPOS="623"/>
							<String ID="string_295" HPOS="637" VPOS="1292" WIDTH="66" HEIGHT="21" WC="0.96" CONTENT="tilltal"/><SP WIDTH="16" VPOS="1292" HPOS="703"/>
							<String ID="string_296" HPOS="719" VPOS="1293" WIDTH="53" HEIGHT="21" WC="0.92" CONTENT="eller"/><SP WIDTH="15" VPOS="1293" HPOS="772"/>
							<String ID="string_297" HPOS="787" VPOS="1292" WIDTH="56" HEIGHT="22" WC="0.91" CONTENT="före-"/>
						</TextLine>
						<TextLine ID="line_34" HPOS="95" VPOS="1326" WIDTH="748" HEIGHT="29">
							<String ID="string_298" HPOS="95" VPOS="1328" WIDTH="138" HEIGHT="27" WC="0.95" CONTENT="ställningar;"/><SP WIDTH="19" VPOS="1328" HPOS="233"/>
							<String ID="string_299" HPOS="252" VPOS="1335" WIDTH="49" HEIGHT="13" WC="0.96" CONTENT="men"/><SP WIDTH="16" VPOS="1335" HPOS="301"/>
							<String ID="string_300" HPOS="317" VPOS="1328" WIDTH="68" HEIGHT="20" WC="0.95" CONTENT="andra"/><SP WIDTH="15" VPOS="1328" HPOS="385"/>
							<String ID="string_301" HPOS="400" VPOS="1329" WIDTH="58" HEIGHT="19" WC="0.93" CONTENT="orter"/><SP WIDTH="16" VPOS="1329" HPOS="458"/>
							<String ID="string_302" HPOS="474" VPOS="1328" WIDTH="69" HEIGHT="27" WC="0.92" CONTENT="gifvas"/><SP WIDTH="16" VPOS="1328" HPOS="543"/>
							<String ID="string_303" HPOS="559" VPOS="1326" WIDTH="89" HEIGHT="21" WC="0.95" CONTENT="alldeles"/><SP WIDTH="16" VPOS="1326" HPOS="648"/>
							<String ID="string_304" HPOS="664" VPOS="1328" WIDTH="110" HEIGHT="20" WC="0.93" CONTENT="motsatta."/><SP WIDTH="30" VPOS="1328" HPOS="774"/>
							<String ID="string_305" HPOS="804" VPOS="1328" WIDTH="39" HEIGHT="20" WC="0.95" CONTENT="Att"/>
						</TextLine>
						<TextLine ID="line_35" HPOS="95" VPOS="1360" WIDTH="747" HEIGHT="29">
							<String ID="string_306" HPOS="95" VPOS="1361" WIDTH="76" HEIGHT="21" WC="0.96" CONTENT="anföra"/><SP WIDTH="16" VPOS="1361" HPOS="171"/>
							<String ID="string_307" HPOS="187" VPOS="1362" WIDTH="101" HEIGHT="27" WC="0.96" CONTENT="exempel"/><SP WIDTH="14" VPOS="1362" HPOS="288"/>
							<String ID="string_308" HPOS="302" VPOS="1362" WIDTH="34" HEIGHT="20" WC="0.96" CONTENT="lär"/><SP WIDTH="14" VPOS="1362" HPOS="336"/>
							<String ID="string_309" HPOS="350" VPOS="1360" WIDTH="48" HEIGHT="21" WC="0.93" CONTENT="icke"/><SP WIDTH="15" VPOS="1360" HPOS="398"/>
							<String ID="string_310" HPOS="413" VPOS="1360" WIDTH="95" HEIGHT="28" WC="0.92" CONTENT="förtjena"/><SP WIDTH="15" VPOS="1360" HPOS="508"/>
							<String ID="string_311" HPOS="523" VPOS="1360" WIDTH="89" HEIGHT="26" WC="0.96" CONTENT="mödan,"/><SP WIDTH="16" VPOS="1360" HPOS="612"/>
							<String ID="string_312" HPOS="628" VPOS="1361" WIDTH="22" HEIGHT="26" WC="0.96" CONTENT="ty"/><SP WIDTH="16" VPOS="1361" HPOS="650"/>
							<String ID="string_313" HPOS="666" VPOS="1360" WIDTH="81" HEIGHT="21" WC="0.93" CONTENT="sådana"/><SP WIDTH="14" VPOS="1360" HPOS="747"/>
							<String ID="string_314" HPOS="761" VPOS="1360" WIDTH="81" HEIGHT="21" WC="0.92" CONTENT="förkla-"/>
						</TextLine>
						<TextLine ID="line_36" HPOS="96" VPOS="1393" WIDTH="747" HEIGHT="30">
							<String ID="string_315" HPOS="96" VPOS="1403" WIDTH="35" HEIGHT="14" WC="0.96" CONTENT="ras"/><SP WIDTH="20" VPOS="1403" HPOS="131"/>
							<String ID="string_316" HPOS="151" VPOS="1395" WIDTH="33" HEIGHT="22" WC="0.96" CONTENT="för"/><SP WIDTH="21" VPOS="1395" HPOS="184"/>
							<String ID="string_317" HPOS="205" VPOS="1395" WIDTH="91" HEIGHT="22" WC="0.96" CONTENT="enstaka"/><SP WIDTH="21" VPOS="1395" HPOS="296"/>
							<String ID="string_318" HPOS="317" VPOS="1395" WIDTH="44" HEIGHT="28" WC="0.96" CONTENT="fall,"/><SP WIDTH="16" VPOS="1395" HPOS="361"/>
							<String ID="string_319" HPOS="377" VPOS="1394" WIDTH="40" HEIGHT="21" WC="0.96" CONTENT="och"/><SP WIDTH="16" VPOS="1394" HPOS="417"/>
							<String ID="string_320" HPOS="433" VPOS="1395" WIDTH="34" HEIGHT="20" WC="0.96" CONTENT="för"/><SP WIDTH="19" VPOS="1395" HPOS="467"/>
							<String ID="string_321" HPOS="486" VPOS="1394" WIDTH="91" HEIGHT="21" WC="0.96" CONTENT="enstaka"/><SP WIDTH="20" VPOS="1394" HPOS="577"/>
							<String ID="string_322" HPOS="597" VPOS="1393" WIDTH="37" HEIGHT="21" WC="0.96" CONTENT="fall"/><SP WIDTH="20" VPOS="1393" HPOS="634"/>
							<String ID="string_323" HPOS="654" VPOS="1401" WIDTH="65" HEIGHT="14" WC="0.96" CONTENT="anser"/><SP WIDTH="20" VPOS="1401" HPOS="719"/>
							<String ID="string_324" HPOS="739" VPOS="1401" WIDTH="50" HEIGHT="14" WC="0.96" CONTENT="man"/><SP WIDTH="18" VPOS="1401" HPOS="789"/>
							<String ID="string_325" HPOS="807" VPOS="1394" WIDTH="36" HEIGHT="28" WC="0.96" CONTENT="lag"/>
						</TextLine>
						<TextLine ID="line_37" HPOS="95" VPOS="1428" WIDTH="748" HEIGHT="31">
							<String ID="string_326" HPOS="95" VPOS="1431" WIDTH="49" HEIGHT="22" WC="0.93" CONTENT="icke"/><SP WIDTH="14" VPOS="1431" HPOS="144"/>
							<String ID="string_327" HPOS="158" VPOS="1430" WIDTH="111" HEIGHT="22" WC="0.91" CONTENT="behöfvas."/><SP WIDTH="23" VPOS="1430" HPOS="269"/>
							<String ID="string_328" HPOS="292" VPOS="1430" WIDTH="43" HEIGHT="29" WC="0.95" CONTENT="Jag"/><SP WIDTH="14" VPOS="1430" HPOS="335"/>
							<String ID="string_329" HPOS="349" VPOS="1431" WIDTH="45" HEIGHT="20" WC="0.96" CONTENT="tror"/><SP WIDTH="15" VPOS="1431" HPOS="394"/>
							<String ID="string_330" HPOS="409" VPOS="1429" WIDTH="74" HEIGHT="28" WC="0.96" CONTENT="likväl,"/><SP WIDTH="10" VPOS="1429" HPOS="483"/>
							<String ID="string_331" HPOS="493" VPOS="1431" WIDTH="32" HEIGHT="20" WC="0.96" CONTENT="att"/><SP WIDTH="10" VPOS="1431" HPOS="525"/>
							<String ID="string_332" HPOS="535" VPOS="1429" WIDTH="64" HEIGHT="28" WC="0.93" CONTENT="lagen"/><SP WIDTH="14" VPOS="1429" HPOS="599"/>
							<String ID="string_333" HPOS="613" VPOS="1428" WIDTH="93" HEIGHT="23" WC="0.92" CONTENT="skrifves"/><SP WIDTH="11" VPOS="1428" HPOS="706"/>
							<String ID="string_334" HPOS="717" VPOS="1429" WIDTH="33" HEIGHT="22" WC="0.93" CONTENT="för"/><SP WIDTH="10" VPOS="1429" HPOS="750"/>
							<String ID="string_335" HPOS="760" VPOS="1429" WIDTH="83" HEIGHT="22" WC="0.93" CONTENT="undan-"/>
						</TextLine>
					</TextBlock>
				</ComposedBlock>
			</PrintSpace>
		</Page>
	</Layout>
</alto>
