1003 1711
196 135 41 20 560

167 200 41 21 slik
228 199 113 28 kunskap,
359 201 24 20 är
403 199 34 21 för
458 199 45 28 mig
519 199 137 28 obegripligt.
686 198 32 21 På
733 198 63 21 dessa
811 197 47 22 skäl
875 198 40 21 och

167 241 46 15 som
229 241 29 14 nu
273 233 101 30 gällande
391 233 35 29 lag
441 241 33 14 om
492 240 104 15 mannens
607 239 78 15 ansvar
696 233 34 21 för
740 233 116 28 lägersmål
867 233 48 20 icke

167 269 116 28 undergått
299 269 41 20 den
356 269 23 20 af
393 269 44 27 mig
452 269 58 20 förut
526 268 129 21 framhållna
670 267 80 28 nödiga
765 267 99 28 ändring,
877 274 38 14 an-

167 311 35 14 ser
215 304 48 28 jag,
281 303 33 21 till
330 303 152 22 bibehållande
498 303 23 21 af
535 302 129 28 erforderlig
679 302 127 29 proportion
822 302 7 21 i
845 302 70 21 straff-

167 338 202 26 bestämmelserna,
385 337 41 22 den
447 337 79 28 nådiga
545 337 164 29 propositionen
731 337 72 21 kunna
819 336 96 29 godkän-

167 380 39 14 nas
222 372 39 21 och
278 373 33 21 får
326 372 87 21 derföre
428 372 110 28 tillstyrka
554 372 48 21 dess
616 372 129 28 antagande.

234 407 103 21 Friherre
354 406 138 29 Carpelan:
508 406 43 22 Det
566 406 62 22 torde
642 407 20 27 ej
674 406 74 22 kunna
759 406 114 28 bestridas,
884 408 33 20 att

169 442 41 21 den
226 442 71 26 flicka,
308 448 45 14 som
369 443 24 20 är
408 441 69 21 under
495 442 25 20 12
535 442 31 26 år,
582 441 66 21 också
663 442 23 20 är
702 441 68 21 under
783 441 24 21 17
819 441 30 21 år.
872 441 44 21 För

167 477 94 27 mången
277 476 70 21 skulle
363 476 37 22 det
415 476 34 21 väl
465 483 51 14 vara
527 476 84 28 tydligt,
623 478 31 18 att
665 476 129 28 stadgandet
805 482 34 14 om
851 476 66 20 skildt

168 518 78 14 ansvar
261 511 33 21 för
309 510 107 22 häfdande
432 511 24 21 af
469 511 63 21 flicka
548 511 68 21 under
633 511 26 21 12
674 511 24 21 år
713 510 7 21 i
736 511 64 28 lagen
811 511 105 28 gvarstär,

168 553 50 15 men
238 546 37 21 det
295 548 24 19 är
338 546 48 22 icke
407 546 23 22 så
450 546 33 21 för
503 546 50 22 alla.
584 546 43 28 Jag
647 546 70 21 skulle
737 547 44 26 tro,
798 547 31 21 att
844 546 71 21 såsom

168 582 12 27 8
202 588 29 15 nu
252 582 23 20 är
295 581 119 28 uppställd,
436 581 82 21 lemnar
539 580 41 22 den
601 580 67 28 något
688 580 131 22 tvifvelsmål
843 580 73 29 öfrigt,

169 616 39 21 och
221 617 40 27 jag
277 617 36 20 vet
329 616 28 27 ej,
371 615 101 22 hvarföre
488 623 50 14 man
554 615 47 22 icke
617 616 39 21 bör
672 617 54 26 göra
741 615 42 21 den
799 615 70 29 tydlig
883 616 34 21 för

169 651 49 27 alla,
235 650 27 21 då
277 651 37 20 det
329 651 50 20 med
394 651 24 20 så
432 650 22 21 få
470 650 38 21 ord
523 650 56 21 låter
594 650 34 28 sig
643 651 59 27 göra.
726 649 65 22 Hvad
805 651 48 21 åter
869 651 47 20 blif-

169 685 31 21 vit
219 685 103 21 anmärkt
343 687 58 18 emot
421 685 139 28 stadgandet,
576 687 31 19 att
626 692 34 13 om
676 685 80 21 flickan
772 685 58 21 förut
845 685 72 21 blifvit

169 720 82 28 lägrad,
265 719 37 21 det
317 721 112 27 strängare
444 721 101 20 ansvaret
561 719 69 22 skulle
646 719 94 28 förfalla,
756 720 24 21 så
795 719 75 29 tycker
878 721 40 27 jag

169 755 105 27 förslaget
294 754 34 21 väl
344 753 109 22 försvarar
468 754 34 21 sin
520 755 64 27 plats,
596 755 25 27 ja
635 761 52 14 vara
703 754 82 28 nödigt.
815 755 44 20 Det
874 755 43 20 kan

169 789 111 28 nemligen
295 789 78 26 hända,
389 790 32 19 att
436 796 28 14 en
480 789 71 27 flicka,
561 790 52 20 utan
629 790 32 19 att
676 789 44 21 hon
730 789 42 21 fått
783 789 61 28 barn,
855 789 63 21 verk-

169 824 60 27 ligen
248 823 40 22 och
308 823 120 28 bevisligen
444 823 56 22 varit
514 823 75 29 lägrad
604 823 47 22 före
668 824 24 20 17
710 824 30 21 år.
771 823 75 22 Skulle
862 824 8 20 i
885 824 33 21 sä-

169 858 52 21 dant
240 858 38 21 fall
298 858 83 21 hennes
401 858 91 21 sednare
512 858 123 28 lägersman
650 858 86 22 straffas
752 858 99 27 hårdare,
866 865 52 15 vore

170 892 36 22 det
229 892 34 22 väl
282 892 49 21 icke
349 894 44 20 rätt
408 892 81 29 billigt;
504 894 22 27 ty
542 892 91 22 flickans
648 892 68 22 heder
730 894 24 20 är
767 893 25 27 ju
807 893 111 21 tillförene

169 927 87 22 kränkt.
279 927 48 21 Har
342 927 43 21 hon
400 928 47 21 åter
461 928 47 21 före
525 928 24 21 17
566 928 23 21 år
600 927 48 21 födt
658 928 62 27 barn,
731 928 84 21 hvilket
825 928 34 21 väl
870 928 48 21 icke

170 964 24 19 är
214 962 127 26 otänkbart,
357 962 27 21 då
401 969 51 14 man
472 962 40 21 har
528 962 98 28 exempel
641 963 29 27 på
685 962 182 22 barnaföderskor
884 963 34 21 vid

170 998 27 19 14
219 996 35 22 års
277 996 66 27 ålder,
366 996 103 22 behöfves
488 997 34 21 väl
543 997 65 28 ingen
628 996 74 22 vidare
722 996 124 29 utredning.
876 997 43 28 Jag

169 1031 66 28 yrkar
250 1031 95 27 derföre,
361 1033 32 19 att
406 1032 12 26 $
434 1032 35 20 må
485 1031 67 22 blifva
566 1031 67 22 sådan
650 1031 40 22 den
706 1033 24 19 är
744 1032 130 28 föreslagen.

237 1065 58 22 Herr
311 1065 90 28 Späre,
416 1065 28 22 K.
454 1066 48 21 W.:
518 1066 43 29 Jag
576 1072 63 15 anser
655 1066 37 22 det
706 1066 124 28 önskvärdt,
842 1069 32 19 att
885 1068 32 20 ut-

169 1101 86 28 trycket
274 1107 58 20 ,som
352 1101 49 27 fyllt
418 1101 40 21 124
473 1101 126 27 bibehälles,
615 1107 50 15 men
681 1108 35 14 om
732 1102 11 27 $
759 1102 7 20 i
781 1101 66 28 öfrigt
858 1102 61 21 bibe-

170 1136 79 26 hålles,
269 1135 71 21 såsom
361 1135 40 21 den
422 1142 29 14 nu
470 1137 24 19 är
514 1135 125 28 redigerad,
654 1135 70 21 skulle
744 1135 37 22 det
800 1135 68 22 blifva
888 1137 31 21 ett

169 1169 118 29 åliggande
302 1170 35 20 för
352 1170 95 27 qvinnan
463 1171 32 19 att
510 1170 81 28 styrka,
607 1171 32 19 att
654 1170 42 21 hon
714 1170 20 28 ej
751 1172 24 19 är
790 1170 82 28 lägrad.

239 1204 58 21 Herr
312 1203 109 29 Munck,
437 1204 27 21 K.
480 1204 35 21 F.:
536 1204 43 28 Jag
594 1205 127 21 instämmer
736 1205 8 20 i
759 1204 92 22 friherre
867 1205 52 21 Car-

169 1239 77 27 pelans
261 1238 108 28 yttrande.

238 1271 59 21 Herr
311 1278 43 14 von
374 1271 83 27 Born,
476 1272 20 20 J.
517 1272 36 21 A.:
573 1272 32 21 På
623 1272 27 21 de
666 1272 24 21 af
702 1272 133 28 föregående
850 1273 69 21 talare

171 1305 91 22 anförda
283 1305 47 21 skäl
349 1312 63 15 anser
424 1306 39 28 jag
477 1306 67 22 orden
560 1313 57 20 ,som
632 1306 51 28 fyllt
699 1306 40 22 12%
755 1314 52 14 vara
822 1307 97 21 nödvän-

171 1340 50 29 diga
241 1340 34 21 till
295 1342 32 19 att
345 1340 120 28 förtydliga
484 1341 72 21 denna
576 1342 18 27 8,
614 1341 91 21 emedan
727 1348 27 14 en
774 1342 145 28 misstydning

170 1382 52 15 vore
237 1376 7 20 i
259 1377 90 19 motsatt
362 1375 38 21 fall
416 1376 82 28 möjlig.
520 1375 65 22 Hvad
600 1376 98 21 deremot
712 1376 68 22 orden
795 1376 55 29 ,och
861 1377 59 21 förut

170 1410 21 28 ej
212 1410 75 29 lägrad
307 1412 37 19 är"
367 1410 107 27 beträffar,
490 1410 54 21 böra
563 1411 37 26 de,
620 1410 70 29 enligt
708 1412 45 20 min
769 1412 75 27 tanke,
860 1412 59 28 utgå.

170 1445 53 22 Skäl
239 1445 65 22 hafva
319 1445 53 21 visst
388 1445 71 22 blifvit
474 1445 122 29 åberopade
611 1445 80 28 derför,
707 1448 32 19 att
754 1453 27 14 en
796 1453 61 21 man,
873 1453 46 15 som
