1006 1723
197 135 41 25 114

168 206 121 29 göromälet
304 204 50 22 med
368 204 57 28 dem,
440 203 76 29 tyckes
531 201 37 25 det
583 200 91 26 anförda
689 201 71 25 skälet
774 202 75 24 kunna
863 203 54 23 lem-

169 248 39 14 nas
224 242 52 20 utan
292 239 110 22 afseende.

236 276 59 21 Herr
317 275 211 21 landtmarskalkens
550 275 7 21 i
580 274 118 29 anledning
716 275 65 22 häraf
796 275 122 22 framställd

169 307 146 38 proposition:

238 363 8 11 »
248 346 46 21 Vill
314 345 150 29 ridderskapet
484 345 39 22 och
544 346 71 27 adeln,
636 345 69 28 enligt
724 346 50 20 herr
792 353 41 14 von
848 346 69 21 Bons-

170 382 66 22 dorffs
251 381 91 27 förslag,
358 382 32 20 att
406 380 61 22 ordet
482 380 148 29 ,föreslagne"
646 380 31 22 uti
692 380 167 29 ifrågavarande
873 388 44 14 mo-

170 418 60 21 ment
240 416 56 22 skall
306 416 106 21 uteslutas
423 416 40 21 och
474 416 7 20 i
492 416 48 21 dess
552 416 62 21 ställe
625 416 77 28 inflyta
712 416 62 21 ordet
785 416 132 27 ,sökande*?

237 451 136 23 Besvarades
388 451 50 21 med
453 451 90 21 allmänt
558 451 46 28 nej;
621 451 52 21 derå

238 487 58 22 Herr
316 493 42 15 von
376 486 144 21 Bonsdorff
533 486 95 29 yttrade:
648 486 34 21 Då
697 486 60 22 detta
772 487 83 28 förslag
869 487 49 21 icke

170 524 88 27 antogs,
278 521 92 22 föreslår
388 522 38 28 jag
447 529 29 14 nu
495 523 31 20 att
545 529 50 14 man
612 521 69 21 skulle
697 521 101 28 utstryka
813 521 68 22 orden
898 522 20 26 ,i

170 557 226 23 öfverensstämmelse
413 557 50 20 med
478 557 172 28 grundlagarnes
661 556 155 29 stadganden",
828 556 91 21 emedan

170 593 36 22 det
222 600 41 15 ena
277 592 65 29 följer
357 591 23 22 af
394 591 36 22 det
446 591 72 22 andra.

238 628 58 21 Herr
319 634 42 15 von
383 627 201 29 Weissenberg:
607 627 57 21 Herr
686 634 43 15 von
748 627 120 21 Bonsdorff
879 627 40 22 har

171 665 112 21 omnämnt
299 664 31 20 ett
344 662 24 21 af
382 662 25 22 de
423 663 102 28 kryphål,
542 669 46 15 som
602 669 50 15 man
668 663 20 28 ej
703 664 24 20 är
742 669 56 15 ovan
813 664 32 19 att
860 662 59 21 finna

170 699 8 21 i
193 699 27 21 de
240 698 138 29 grundlagar,
399 704 47 15 som
466 697 68 22 under
555 697 79 22 Gustaf
651 697 42 22 den
708 697 52 22 III:s
775 697 32 22 tid
822 697 97 22 utfärda-

170 735 45 24 des.
238 733 152 22 Redaktionen
406 732 25 21 af
444 732 59 21 detta
518 734 96 19 moment
630 733 24 20 är
664 732 55 21 dock
730 733 133 28 fullkomligt
875 733 43 20 rik-

170 770 38 27 tig,
225 770 23 27 ty
263 769 40 20 här
318 769 63 26 säges
398 767 55 22 blott
468 774 35 15 om
518 767 111 28 förslaget,
646 769 31 19 att
692 767 37 21 det
739 767 55 21 skall
806 769 113 26 upprättas

169 805 8 20 i
193 802 225 23 öfverensstämmelse
439 802 36 21 vid
498 802 171 28 grundlagarnes
692 802 142 28 stadganden,
857 803 62 20 hvar-

170 840 58 20 emot
248 837 92 22 rörande
359 837 157 28 utnämningen
537 837 111 27 särskildt,
668 838 52 20 utan
740 837 139 29 åberopande
898 837 23 21 af

170 874 144 28 grundlagen,
337 872 87 28 stadgas
444 874 32 19 att
495 872 27 21 H.
544 872 60 28 Kejs.
624 872 62 28 Maj:t
702 872 54 28 egde
771 874 105 20 utnämna
892 879 27 15 en

170 909 24 21 af
207 909 27 21 de
249 910 33 20 tre
298 908 13 21 å
325 907 105 29 förslaget
444 907 114 29 uppförde.

238 944 58 21 Herr
311 950 42 14 von
368 942 84 28 Born,
468 942 27 21 K.
511 942 31 21 F.:
559 942 43 28 Jag
616 942 39 21 har
671 942 77 28 begärt
763 942 62 22 ordet
840 942 34 22 för
887 944 32 20 att

169 981 59 27 yttra
242 979 46 28 mig
302 978 8 22 i
325 985 83 14 samma
423 977 57 28 syfte
496 984 45 14 som
557 978 50 20 herr
622 984 42 15 von
681 978 168 28 Weissenbergs
867 985 52 21 nyss

170 1013 136 23 framställda
321 1012 139 29 andragande
475 1012 128 28 innehåller,
618 1019 50 15 men
684 1020 47 14 som
744 1013 40 28 jag
795 1012 46 21 deri
851 1013 67 21 redan

170 1050 34 20 till
220 1049 42 21 alla
277 1048 60 21 delar
352 1048 72 21 blifvit
439 1047 24 21 af
475 1048 51 21 herr
539 1055 42 14 von
591 1048 157 28 Weissenberg
761 1048 158 27 förekommen,

170 1084 24 22 så
208 1084 40 21 har
265 1083 40 28 jag
324 1090 30 14 nu
373 1083 19 27 ej
414 1084 66 20 annat
498 1084 28 19 än
542 1084 31 19 att
588 1083 116 20 instämma
719 1083 7 20 i
741 1082 55 21 hans
811 1083 107 27 yttrande.

238 1117 59 21 Herr
312 1117 146 27 Törngren:
475 1116 43 28 Jag
532 1116 98 21 anhåller
646 1116 55 21 blott
717 1118 31 19 att
764 1116 49 21 med
827 1124 39 20 par
880 1116 38 22 ord

170 1153 22 21 få
206 1152 88 21 bemöta
308 1151 56 21 hvad
379 1151 51 21 herr
444 1151 96 28 Pipping
555 1152 77 27 yttrat,
648 1151 54 21 eller
712 1152 32 20 att
755 1151 132 27 antagandet
898 1151 23 21 af

170 1188 51 20 mitt
240 1186 82 28 förslag
342 1186 70 20 skulle
432 1186 50 20 leda
500 1186 34 20 till
553 1186 111 28 splittring
679 1186 7 20 i
702 1186 144 20 direktionen.
877 1185 42 29 Jag

170 1222 70 20 finner
262 1220 37 22 det
321 1220 89 21 alldeles
433 1220 49 21 icke
504 1220 142 28 nödvändigt,
666 1220 92 21 emedan
774 1220 39 28 jag
828 1220 39 21 har
883 1220 36 21 det

170 1256 138 26 fullkomliga
330 1254 126 21 förtroende
478 1254 34 20 till
534 1255 138 26 regeringen,
692 1256 32 18 att
745 1254 42 20 den
806 1256 59 18 utser
885 1255 34 20 till

171 1288 130 22 ordförande
324 1295 27 13 en
374 1288 23 20 så
417 1288 117 28 godmodig
550 1288 40 20 och
605 1288 80 27 fredlig
699 1288 49 20 karl
763 1294 45 14 som
825 1288 93 28 möjligt.

237 1322 59 22 Herr
314 1328 43 15 von
375 1321 79 28 Born,
471 1322 20 21 J.
507 1322 37 21 A.:
567 1322 96 21 Oaktadt
678 1322 29 20 all
723 1322 42 21 den
781 1322 137 28 fullständig-

170 1357 48 29 het,
240 1358 40 21 och
303 1357 71 21 såsom
396 1356 36 22 det
454 1357 112 21 anmärkts
586 1356 33 22 för
635 1356 93 28 myckna
744 1356 175 29 fullständighet,

169 1392 105 23 hvarmed
289 1392 60 21 detta
364 1394 96 18 moment
475 1393 24 20 är
514 1392 135 28 redigeradt,
666 1392 78 20 saknar
752 1392 41 28 jag
803 1392 66 21 likväl
881 1392 38 21 der

171 1430 31 19 ett
222 1429 100 19 närmare
342 1426 130 28 stadgande,
492 1426 28 28 på
539 1426 56 22 hvad
615 1428 43 19 sätt
678 1426 87 28 ombyte
784 1426 24 21 af
821 1426 97 22 bankens

170 1462 125 22 nuvarande
311 1462 90 30 styrelse
417 1461 33 21 till
466 1468 26 14 en
508 1468 71 14 annan
595 1461 55 21 skall
666 1461 45 21 ske.
740 1461 77 28 Enligt
832 1462 36 20 det
886 1468 33 15 re-
