<?xml version="1.0" encoding="UTF-8"?>
<alto xmlns="http://www.loc.gov/standards/alto/ns-v3#" xmlns:xlink="http://www.w3.org/1999/xlink" xmlns:xsi="http://www.w3.org/2001/XMLSchema-instance" xsi:schemaLocation="http://www.loc.gov/standards/alto/ns-v3# http://www.loc.gov/alto/v3/alto-3-0.xsd">
	<Description>
		<MeasurementUnit>pixel</MeasurementUnit>
		<sourceImageInformation>
			<fileName>/tmp/tess_krehum47_input.PNG</fileName>
		</sourceImageInformation>
		<OCRProcessing ID="OCR_0">
			<ocrProcessingStep>
				<processingSoftware>
					<softwareName>tesseract 5.3.4</softwareName>
				</processingSoftware>
			</ocrProcessingStep>
		</OCRProcessing>
	</Description>
	<Layout>
		<Page WIDTH="1003" HEIGHT="1709" PHYSICAL_IMG_NR="0" ID="page_0">
			<PrintSpace HPOS="0" VPOS="0" WIDTH="1003" HEIGHT="1709">
				<ComposedBlock ID="cblock_0" HPOS="197" VPOS="135" WIDTH="41" HEIGHT="20">
					<TextBlock ID="block_0" HPOS="197" VPOS="135" WIDTH="41" HEIGHT="20">
						<TextLine ID="line_0" HPOS="197" VPOS="135" WIDTH="41" HEIGHT="20">
							<String ID="string_0" HPOS="197" VPOS="135" WIDTH="41" HEIGHT="20" WC="0.91" CONTENT="624"/>
						</TextLine>
					</TextBlock>
				</ComposedBlock>
				<ComposedBlock ID="cblock_1" HPOS="164" VPOS="197" WIDTH="753" HEIGHT="1279">
					<TextBlock ID="block_1" HPOS="167" VPOS="197" WIDTH="748" HEIGHT="65">
						<TextLine ID="line_1" HPOS="167" VPOS="197" WIDTH="748" HEIGHT="30">
							<String ID="string_1" HPOS="167" VPOS="200" WIDTH="53" HEIGHT="27" WC="0.92" CONTENT="hjon"/><SP WIDTH="20" VPOS="200" HPOS="220"/>
							<String ID="string_2" HPOS="240" VPOS="199" WIDTH="23" HEIGHT="21" WC="0.93" CONTENT="af"/><SP WIDTH="19" VPOS="199" HPOS="263"/>
							<String ID="string_3" HPOS="282" VPOS="199" WIDTH="105" HEIGHT="26" WC="0.90" CONTENT="mankön,"/><SP WIDTH="15" VPOS="199" HPOS="387"/>
							<String ID="string_4" HPOS="402" VPOS="204" WIDTH="46" HEIGHT="14" WC="0.96" CONTENT="som"/><SP WIDTH="16" VPOS="204" HPOS="448"/>
							<String ID="string_5" HPOS="464" VPOS="200" WIDTH="37" HEIGHT="19" WC="0.96" CONTENT="äro"/><SP WIDTH="15" VPOS="200" HPOS="501"/>
							<String ID="string_6" HPOS="516" VPOS="198" WIDTH="68" HEIGHT="21" WC="0.96" CONTENT="under"/><SP WIDTH="16" VPOS="198" HPOS="584"/>
							<String ID="string_7" HPOS="600" VPOS="198" WIDTH="25" HEIGHT="20" WC="0.96" CONTENT="16"/><SP WIDTH="16" VPOS="198" HPOS="625"/>
							<String ID="string_8" HPOS="641" VPOS="198" WIDTH="31" HEIGHT="26" WC="0.96" CONTENT="år,"/><SP WIDTH="16" VPOS="198" HPOS="672"/>
							<String ID="string_9" HPOS="688" VPOS="197" WIDTH="40" HEIGHT="21" WC="0.96" CONTENT="och"/><SP WIDTH="16" VPOS="197" HPOS="728"/>
							<String ID="string_10" HPOS="744" VPOS="197" WIDTH="36" HEIGHT="21" WC="0.96" CONTENT="det"/><SP WIDTH="15" VPOS="197" HPOS="780"/>
							<String ID="string_11" HPOS="795" VPOS="197" WIDTH="55" HEIGHT="21" WC="0.96" CONTENT="blott"/><SP WIDTH="15" VPOS="197" HPOS="850"/>
							<String ID="string_12" HPOS="865" VPOS="197" WIDTH="50" HEIGHT="21" WC="0.96" CONTENT="med"/>
						</TextLine>
						<TextLine ID="line_2" HPOS="167" VPOS="232" WIDTH="724" HEIGHT="30">
							<String ID="string_13" HPOS="167" VPOS="234" WIDTH="118" HEIGHT="20" WC="0.91" CONTENT="föräldrars"/><SP WIDTH="15" VPOS="234" HPOS="285"/>
							<String ID="string_14" HPOS="300" VPOS="232" WIDTH="140" HEIGHT="30" WC="0.91" CONTENT="begifvande,"/><SP WIDTH="16" VPOS="232" HPOS="440"/>
							<String ID="string_15" HPOS="456" VPOS="234" WIDTH="44" HEIGHT="20" WC="0.96" CONTENT="tror"/><SP WIDTH="12" VPOS="234" HPOS="500"/>
							<String ID="string_16" HPOS="512" VPOS="233" WIDTH="40" HEIGHT="28" WC="0.96" CONTENT="jag"/><SP WIDTH="15" VPOS="233" HPOS="552"/>
							<String ID="string_17" HPOS="567" VPOS="232" WIDTH="19" HEIGHT="28" WC="0.96" CONTENT="ej"/><SP WIDTH="17" VPOS="232" HPOS="586"/>
							<String ID="string_18" HPOS="603" VPOS="233" WIDTH="32" HEIGHT="19" WC="0.96" CONTENT="att"/><SP WIDTH="15" VPOS="233" HPOS="635"/>
							<String ID="string_19" HPOS="650" VPOS="239" WIDTH="50" HEIGHT="13" WC="0.96" CONTENT="man"/><SP WIDTH="16" VPOS="239" HPOS="700"/>
							<String ID="string_20" HPOS="716" VPOS="232" WIDTH="47" HEIGHT="27" WC="0.96" CONTENT="gått"/><SP WIDTH="15" VPOS="232" HPOS="763"/>
							<String ID="string_21" HPOS="778" VPOS="232" WIDTH="33" HEIGHT="20" WC="0.96" CONTENT="för"/><SP WIDTH="14" VPOS="232" HPOS="811"/>
							<String ID="string_22" HPOS="825" VPOS="232" WIDTH="66" HEIGHT="27" WC="0.96" CONTENT="långt."/>
						</TextLine>
					</TextBlock>
					<TextBlock ID="block_2" HPOS="165" VPOS="267" WIDTH="751" HEIGHT="202">
						<TextLine ID="line_3" HPOS="236" VPOS="267" WIDTH="679" HEIGHT="28">
							<String ID="string_23" HPOS="236" VPOS="268" WIDTH="81" HEIGHT="21" WC="0.91" CONTENT="Grefve"/><SP WIDTH="18" VPOS="268" HPOS="317"/>
							<String ID="string_24" HPOS="335" VPOS="267" WIDTH="104" HEIGHT="22" WC="0.96" CONTENT="Creutz:"/><SP WIDTH="21" VPOS="267" HPOS="439"/>
							<String ID="string_25" HPOS="460" VPOS="267" WIDTH="43" HEIGHT="28" WC="0.96" CONTENT="Jag"/><SP WIDTH="20" VPOS="267" HPOS="503"/>
							<String ID="string_26" HPOS="523" VPOS="267" WIDTH="39" HEIGHT="21" WC="0.96" CONTENT="har"/><SP WIDTH="20" VPOS="267" HPOS="562"/>
							<String ID="string_27" HPOS="582" VPOS="273" WIDTH="90" HEIGHT="14" WC="0.96" CONTENT="numera"/><SP WIDTH="20" VPOS="273" HPOS="672"/>
							<String ID="string_28" HPOS="692" VPOS="267" WIDTH="77" HEIGHT="21" WC="0.96" CONTENT="endast"/><SP WIDTH="20" VPOS="267" HPOS="769"/>
							<String ID="string_29" HPOS="789" VPOS="268" WIDTH="31" HEIGHT="19" WC="0.96" CONTENT="att"/><SP WIDTH="19" VPOS="268" HPOS="820"/>
							<String ID="string_30" HPOS="839" VPOS="267" WIDTH="76" HEIGHT="20" WC="0.96" CONTENT="förena"/>
						</TextLine>
						<TextLine ID="line_4" HPOS="168" VPOS="301" WIDTH="747" HEIGHT="30">
							<String ID="string_31" HPOS="168" VPOS="303" WIDTH="45" HEIGHT="28" WC="0.96" CONTENT="mig"/><SP WIDTH="15" VPOS="303" HPOS="213"/>
							<String ID="string_32" HPOS="228" VPOS="303" WIDTH="7" HEIGHT="20" WC="0.96" CONTENT="i"/><SP WIDTH="16" VPOS="303" HPOS="235"/>
							<String ID="string_33" HPOS="251" VPOS="303" WIDTH="36" HEIGHT="20" WC="0.96" CONTENT="det"/><SP WIDTH="15" VPOS="303" HPOS="287"/>
							<String ID="string_34" HPOS="302" VPOS="302" WIDTH="108" HEIGHT="28" WC="0.96" CONTENT="yttrande,"/><SP WIDTH="11" VPOS="302" HPOS="410"/>
							<String ID="string_35" HPOS="421" VPOS="302" WIDTH="91" HEIGHT="21" WC="0.96" CONTENT="friherre"/><SP WIDTH="15" VPOS="302" HPOS="512"/>
							<String ID="string_36" HPOS="527" VPOS="301" WIDTH="107" HEIGHT="28" WC="0.93" CONTENT="Carpelan"/><SP WIDTH="16" VPOS="301" HPOS="634"/>
							<String ID="string_37" HPOS="650" VPOS="301" WIDTH="87" HEIGHT="28" WC="0.93" CONTENT="afgifvit"/><SP WIDTH="14" VPOS="301" HPOS="737"/>
							<String ID="string_38" HPOS="751" VPOS="301" WIDTH="39" HEIGHT="21" WC="0.96" CONTENT="och"/><SP WIDTH="16" VPOS="301" HPOS="790"/>
							<String ID="string_39" HPOS="806" VPOS="308" WIDTH="46" HEIGHT="14" WC="0.93" CONTENT="som"/><SP WIDTH="14" VPOS="308" HPOS="852"/>
							<String ID="string_40" HPOS="866" VPOS="301" WIDTH="49" HEIGHT="21" WC="0.87" CONTENT="blif-"/>
						</TextLine>
						<TextLine ID="line_5" HPOS="168" VPOS="335" WIDTH="748" HEIGHT="30">
							<String ID="string_41" HPOS="168" VPOS="338" WIDTH="31" HEIGHT="21" WC="0.93" CONTENT="vit"/><SP WIDTH="20" VPOS="338" HPOS="199"/>
							<String ID="string_42" HPOS="219" VPOS="337" WIDTH="130" HEIGHT="21" WC="0.90" CONTENT="understödt"/><SP WIDTH="14" VPOS="337" HPOS="349"/>
							<String ID="string_43" HPOS="363" VPOS="337" WIDTH="24" HEIGHT="20" WC="0.96" CONTENT="af"/><SP WIDTH="17" VPOS="337" HPOS="387"/>
							<String ID="string_44" HPOS="404" VPOS="337" WIDTH="50" HEIGHT="20" WC="0.96" CONTENT="herr"/><SP WIDTH="22" VPOS="337" HPOS="454"/>
							<String ID="string_45" HPOS="476" VPOS="337" WIDTH="143" HEIGHT="28" WC="0.95" CONTENT="Gripenberg."/><SP WIDTH="31" VPOS="337" HPOS="619"/>
							<String ID="string_46" HPOS="650" VPOS="336" WIDTH="43" HEIGHT="28" WC="0.96" CONTENT="Jag"/><SP WIDTH="15" VPOS="336" HPOS="693"/>
							<String ID="string_47" HPOS="708" VPOS="336" WIDTH="97" HEIGHT="21" WC="0.92" CONTENT="anhåller"/><SP WIDTH="16" VPOS="336" HPOS="805"/>
							<String ID="string_48" HPOS="821" VPOS="335" WIDTH="95" HEIGHT="28" WC="0.92" CONTENT="derföre,"/>
						</TextLine>
						<TextLine ID="line_6" HPOS="165" VPOS="370" WIDTH="748" HEIGHT="28">
							<String ID="string_49" HPOS="165" VPOS="373" WIDTH="32" HEIGHT="20" WC="0.96" CONTENT="att"/><SP WIDTH="15" VPOS="373" HPOS="197"/>
							<String ID="string_50" HPOS="212" VPOS="372" WIDTH="27" HEIGHT="20" WC="0.93" CONTENT="då"/><SP WIDTH="16" VPOS="372" HPOS="239"/>
							<String ID="string_51" HPOS="255" VPOS="371" WIDTH="118" HEIGHT="22" WC="0.92" CONTENT="uiskottets"/><SP WIDTH="21" VPOS="371" HPOS="373"/>
							<String ID="string_52" HPOS="394" VPOS="371" WIDTH="137" HEIGHT="21" WC="0.95" CONTENT="betänkande"/><SP WIDTH="20" VPOS="371" HPOS="531"/>
							<String ID="string_53" HPOS="551" VPOS="370" WIDTH="92" HEIGHT="22" WC="0.96" CONTENT="rörande"/><SP WIDTH="20" VPOS="370" HPOS="643"/>
							<String ID="string_54" HPOS="663" VPOS="371" WIDTH="71" HEIGHT="20" WC="0.96" CONTENT="denna"/><SP WIDTH="20" VPOS="371" HPOS="734"/>
							<String ID="string_55" HPOS="754" VPOS="371" WIDTH="12" HEIGHT="27" WC="0.41" CONTENT="&amp;"/><SP WIDTH="16" VPOS="371" HPOS="766"/>
							<String ID="string_56" HPOS="782" VPOS="370" WIDTH="131" HEIGHT="21" WC="0.96" CONTENT="framställes"/>
						</TextLine>
						<TextLine ID="line_7" HPOS="167" VPOS="405" WIDTH="748" HEIGHT="30">
							<String ID="string_57" HPOS="167" VPOS="407" WIDTH="34" HEIGHT="20" WC="0.96" CONTENT="till"/><SP WIDTH="16" VPOS="407" HPOS="201"/>
							<String ID="string_58" HPOS="217" VPOS="406" WIDTH="134" HEIGHT="29" WC="0.96" CONTENT="proposition"/><SP WIDTH="17" VPOS="406" HPOS="351"/>
							<String ID="string_59" HPOS="368" VPOS="406" WIDTH="64" HEIGHT="21" WC="0.95" CONTENT="äfven"/><SP WIDTH="16" VPOS="406" HPOS="432"/>
							<String ID="string_60" HPOS="448" VPOS="406" WIDTH="92" HEIGHT="21" WC="0.93" CONTENT="friherre"/><SP WIDTH="16" VPOS="406" HPOS="540"/>
							<String ID="string_61" HPOS="556" VPOS="405" WIDTH="118" HEIGHT="28" WC="0.91" CONTENT="Carpelans"/><SP WIDTH="12" VPOS="405" HPOS="674"/>
							<String ID="string_62" HPOS="686" VPOS="405" WIDTH="152" HEIGHT="22" WC="0.91" CONTENT="amendement"/><SP WIDTH="10" VPOS="405" HPOS="838"/>
							<String ID="string_63" HPOS="848" VPOS="405" WIDTH="67" HEIGHT="22" WC="0.96" CONTENT="måtte"/>
						</TextLine>
						<TextLine ID="line_8" HPOS="167" VPOS="441" WIDTH="442" HEIGHT="28">
							<String ID="string_64" HPOS="167" VPOS="441" WIDTH="72" HEIGHT="21" WC="0.91" CONTENT="såsom"/><SP WIDTH="16" VPOS="441" HPOS="239"/>
							<String ID="string_65" HPOS="255" VPOS="441" WIDTH="213" HEIGHT="28" WC="0.91" CONTENT="kontraproposition"/><SP WIDTH="16" VPOS="441" HPOS="468"/>
							<String ID="string_66" HPOS="484" VPOS="441" WIDTH="125" HEIGHT="28" WC="0.90" CONTENT="uppställas."/>
						</TextLine>
					</TextBlock>
					<TextBlock ID="block_3" HPOS="164" VPOS="475" WIDTH="753" HEIGHT="406">
						<TextLine ID="line_9" HPOS="235" VPOS="475" WIDTH="680" HEIGHT="28">
							<String ID="string_67" HPOS="235" VPOS="475" WIDTH="58" HEIGHT="22" WC="0.96" CONTENT="Herr"/><SP WIDTH="14" VPOS="475" HPOS="293"/>
							<String ID="string_68" HPOS="307" VPOS="483" WIDTH="42" HEIGHT="14" WC="0.93" CONTENT="von"/><SP WIDTH="16" VPOS="483" HPOS="349"/>
							<String ID="string_69" HPOS="365" VPOS="476" WIDTH="122" HEIGHT="21" WC="0.90" CONTENT="Gertten:"/><SP WIDTH="20" VPOS="476" HPOS="487"/>
							<String ID="string_70" HPOS="507" VPOS="475" WIDTH="43" HEIGHT="22" WC="0.96" CONTENT="Det"/><SP WIDTH="19" VPOS="475" HPOS="550"/>
							<String ID="string_71" HPOS="569" VPOS="475" WIDTH="69" HEIGHT="21" WC="0.96" CONTENT="finnes"/><SP WIDTH="20" VPOS="475" HPOS="638"/>
							<String ID="string_72" HPOS="658" VPOS="477" WIDTH="31" HEIGHT="19" WC="0.96" CONTENT="ett"/><SP WIDTH="16" VPOS="477" HPOS="689"/>
							<String ID="string_73" HPOS="705" VPOS="475" WIDTH="104" HEIGHT="28" WC="0.96" CONTENT="gammalt"/><SP WIDTH="15" VPOS="475" HPOS="809"/>
							<String ID="string_74" HPOS="824" VPOS="475" WIDTH="39" HEIGHT="21" WC="0.93" CONTENT="och"/><SP WIDTH="17" VPOS="475" HPOS="863"/>
							<String ID="string_75" HPOS="880" VPOS="475" WIDTH="35" HEIGHT="21" WC="0.90" CONTENT="be-"/>
						</TextLine>
						<TextLine ID="line_10" HPOS="168" VPOS="509" WIDTH="749" HEIGHT="30">
							<String ID="string_76" HPOS="168" VPOS="510" WIDTH="92" HEIGHT="21" WC="0.91" CONTENT="sannadt"/><SP WIDTH="20" VPOS="510" HPOS="260"/>
							<String ID="string_77" HPOS="280" VPOS="511" WIDTH="115" HEIGHT="28" WC="0.96" CONTENT="ordspråk,"/><SP WIDTH="21" VPOS="511" HPOS="395"/>
							<String ID="string_78" HPOS="416" VPOS="512" WIDTH="32" HEIGHT="19" WC="0.96" CONTENT="att"/><SP WIDTH="19" VPOS="512" HPOS="448"/>
							<String ID="string_79" HPOS="467" VPOS="511" WIDTH="29" HEIGHT="20" WC="0.95" CONTENT="ris"/><SP WIDTH="20" VPOS="511" HPOS="496"/>
							<String ID="string_80" HPOS="516" VPOS="511" WIDTH="39" HEIGHT="28" WC="0.96" CONTENT="gör"/><SP WIDTH="21" VPOS="511" HPOS="555"/>
							<String ID="string_81" HPOS="576" VPOS="509" WIDTH="55" HEIGHT="29" WC="0.96" CONTENT="goda"/><SP WIDTH="21" VPOS="509" HPOS="631"/>
							<String ID="string_82" HPOS="652" VPOS="510" WIDTH="60" HEIGHT="21" WC="0.95" CONTENT="barn."/><SP WIDTH="30" VPOS="510" HPOS="712"/>
							<String ID="string_83" HPOS="742" VPOS="510" WIDTH="51" HEIGHT="21" WC="0.96" CONTENT="Man"/><SP WIDTH="20" VPOS="510" HPOS="793"/>
							<String ID="string_84" HPOS="813" VPOS="510" WIDTH="39" HEIGHT="21" WC="0.96" CONTENT="har"/><SP WIDTH="20" VPOS="510" HPOS="852"/>
							<String ID="string_85" HPOS="872" VPOS="509" WIDTH="45" HEIGHT="22" WC="0.96" CONTENT="ofta"/>
						</TextLine>
						<TextLine ID="line_11" HPOS="168" VPOS="545" WIDTH="749" HEIGHT="28">
							<String ID="string_86" HPOS="168" VPOS="545" WIDTH="78" HEIGHT="28" WC="0.96" CONTENT="funnit,"/><SP WIDTH="17" VPOS="545" HPOS="246"/>
							<String ID="string_87" HPOS="263" VPOS="547" WIDTH="31" HEIGHT="20" WC="0.96" CONTENT="att"/><SP WIDTH="15" VPOS="547" HPOS="294"/>
							<String ID="string_88" HPOS="309" VPOS="545" WIDTH="70" HEIGHT="21" WC="0.96" CONTENT="blotta"/><SP WIDTH="14" VPOS="545" HPOS="379"/>
							<String ID="string_89" HPOS="393" VPOS="545" WIDTH="101" HEIGHT="22" WC="0.96" CONTENT="tillvaron"/><SP WIDTH="16" VPOS="545" HPOS="494"/>
							<String ID="string_90" HPOS="510" VPOS="545" WIDTH="24" HEIGHT="21" WC="0.96" CONTENT="af"/><SP WIDTH="13" VPOS="545" HPOS="534"/>
							<String ID="string_91" HPOS="547" VPOS="545" WIDTH="29" HEIGHT="20" WC="0.95" CONTENT="ris"/><SP WIDTH="16" VPOS="545" HPOS="576"/>
							<String ID="string_92" HPOS="592" VPOS="545" WIDTH="7" HEIGHT="20" WC="0.93" CONTENT="i"/><SP WIDTH="15" VPOS="545" HPOS="599"/>
							<String ID="string_93" HPOS="614" VPOS="545" WIDTH="182" HEIGHT="22" WC="0.90" CONTENT="barnkammaren"/><SP WIDTH="15" VPOS="545" HPOS="796"/>
							<String ID="string_94" HPOS="811" VPOS="545" WIDTH="59" HEIGHT="28" WC="0.96" CONTENT="gjort"/><SP WIDTH="15" VPOS="545" HPOS="870"/>
							<String ID="string_95" HPOS="885" VPOS="546" WIDTH="32" HEIGHT="19" WC="0.97" CONTENT="att"/>
						</TextLine>
						<TextLine ID="line_12" HPOS="168" VPOS="579" WIDTH="748" HEIGHT="29">
							<String ID="string_96" HPOS="168" VPOS="580" WIDTH="36" HEIGHT="21" WC="0.96" CONTENT="det"/><SP WIDTH="20" VPOS="580" HPOS="204"/>
							<String ID="string_97" HPOS="224" VPOS="581" WIDTH="19" HEIGHT="27" WC="0.93" CONTENT="ej"/><SP WIDTH="21" VPOS="581" HPOS="243"/>
							<String ID="string_98" HPOS="264" VPOS="579" WIDTH="76" HEIGHT="22" WC="0.92" CONTENT="behöft"/><SP WIDTH="21" VPOS="579" HPOS="340"/>
							<String ID="string_99" HPOS="361" VPOS="580" WIDTH="117" HEIGHT="21" WC="0.95" CONTENT="användas."/><SP WIDTH="31" VPOS="580" HPOS="478"/>
							<String ID="string_100" HPOS="509" VPOS="579" WIDTH="75" HEIGHT="22" WC="0.92" CONTENT="Skulle"/><SP WIDTH="19" VPOS="579" HPOS="584"/>
							<String ID="string_101" HPOS="603" VPOS="587" WIDTH="29" HEIGHT="13" WC="0.96" CONTENT="nu"/><SP WIDTH="19" VPOS="587" HPOS="632"/>
							<String ID="string_102" HPOS="651" VPOS="579" WIDTH="34" HEIGHT="22" WC="0.96" CONTENT="för"/><SP WIDTH="16" VPOS="579" HPOS="685"/>
							<String ID="string_103" HPOS="701" VPOS="579" WIDTH="25" HEIGHT="22" WC="0.96" CONTENT="de"/><SP WIDTH="16" VPOS="579" HPOS="726"/>
							<String ID="string_104" HPOS="742" VPOS="587" WIDTH="68" HEIGHT="21" WC="0.93" CONTENT="yngre"/><SP WIDTH="16" VPOS="587" HPOS="810"/>
							<String ID="string_105" HPOS="826" VPOS="581" WIDTH="90" HEIGHT="27" WC="0.92" CONTENT="tjenste-"/>
						</TextLine>
						<TextLine ID="line_13" HPOS="168" VPOS="614" WIDTH="748" HEIGHT="29">
							<String ID="string_106" HPOS="168" VPOS="614" WIDTH="81" HEIGHT="29" WC="0.90" CONTENT="hjonen"/><SP WIDTH="21" VPOS="614" HPOS="249"/>
							<String ID="string_107" HPOS="270" VPOS="615" WIDTH="67" HEIGHT="21" WC="0.96" CONTENT="blifva"/><SP WIDTH="21" VPOS="615" HPOS="337"/>
							<String ID="string_108" HPOS="358" VPOS="615" WIDTH="90" HEIGHT="27" WC="0.96" CONTENT="bekant,"/><SP WIDTH="20" VPOS="615" HPOS="448"/>
							<String ID="string_109" HPOS="468" VPOS="617" WIDTH="30" HEIGHT="19" WC="0.96" CONTENT="att"/><SP WIDTH="21" VPOS="617" HPOS="498"/>
							<String ID="string_110" HPOS="519" VPOS="615" WIDTH="26" HEIGHT="21" WC="0.97" CONTENT="de"/><SP WIDTH="19" VPOS="615" HPOS="545"/>
							<String ID="string_111" HPOS="564" VPOS="615" WIDTH="19" HEIGHT="27" WC="0.96" CONTENT="ej"/><SP WIDTH="19" VPOS="615" HPOS="583"/>
							<String ID="string_112" HPOS="602" VPOS="621" WIDTH="51" HEIGHT="14" WC="0.96" CONTENT="vore"/><SP WIDTH="16" VPOS="621" HPOS="653"/>
							<String ID="string_113" HPOS="669" VPOS="615" WIDTH="159" HEIGHT="21" WC="0.96" CONTENT="underkastade"/><SP WIDTH="16" VPOS="615" HPOS="828"/>
							<String ID="string_114" HPOS="844" VPOS="615" WIDTH="72" HEIGHT="28" WC="0.96" CONTENT="någon"/>
						</TextLine>
						<TextLine ID="line_14" HPOS="168" VPOS="649" WIDTH="749" HEIGHT="30">
							<String ID="string_115" HPOS="168" VPOS="650" WIDTH="57" HEIGHT="28" WC="0.96" CONTENT="slags"/><SP WIDTH="21" VPOS="650" HPOS="225"/>
							<String ID="string_116" HPOS="246" VPOS="657" WIDTH="51" HEIGHT="21" WC="0.95" CONTENT="aga,"/><SP WIDTH="19" VPOS="657" HPOS="297"/>
							<String ID="string_117" HPOS="316" VPOS="650" WIDTH="23" HEIGHT="21" WC="0.96" CONTENT="så"/><SP WIDTH="19" VPOS="650" HPOS="339"/>
							<String ID="string_118" HPOS="358" VPOS="649" WIDTH="72" HEIGHT="22" WC="0.96" CONTENT="kunde"/><SP WIDTH="20" VPOS="649" HPOS="430"/>
							<String ID="string_119" HPOS="450" VPOS="649" WIDTH="26" HEIGHT="22" WC="0.96" CONTENT="de"/><SP WIDTH="18" VPOS="649" HPOS="476"/>
							<String ID="string_120" HPOS="494" VPOS="649" WIDTH="118" HEIGHT="29" WC="0.95" CONTENT="möjligtvis"/><SP WIDTH="19" VPOS="649" HPOS="612"/>
							<String ID="string_121" HPOS="631" VPOS="649" WIDTH="67" HEIGHT="22" WC="0.95" CONTENT="redan"/><SP WIDTH="21" VPOS="649" HPOS="698"/>
							<String ID="string_122" HPOS="719" VPOS="650" WIDTH="64" HEIGHT="27" WC="0.96" CONTENT="tidigt"/><SP WIDTH="18" VPOS="650" HPOS="783"/>
							<String ID="string_123" HPOS="801" VPOS="651" WIDTH="64" HEIGHT="28" WC="0.96" CONTENT="vänja"/><SP WIDTH="18" VPOS="651" HPOS="865"/>
							<String ID="string_124" HPOS="883" VPOS="650" WIDTH="34" HEIGHT="28" WC="0.96" CONTENT="sig"/>
						</TextLine>
						<TextLine ID="line_15" HPOS="167" VPOS="684" WIDTH="749" HEIGHT="29">
							<String ID="string_125" HPOS="167" VPOS="685" WIDTH="36" HEIGHT="20" WC="0.96" CONTENT="vid"/><SP WIDTH="20" VPOS="685" HPOS="203"/>
							<String ID="string_126" HPOS="223" VPOS="684" WIDTH="94" HEIGHT="29" WC="0.96" CONTENT="olydnad"/><SP WIDTH="18" VPOS="684" HPOS="317"/>
							<String ID="string_127" HPOS="335" VPOS="685" WIDTH="39" HEIGHT="20" WC="0.93" CONTENT="och"/><SP WIDTH="20" VPOS="685" HPOS="374"/>
							<String ID="string_128" HPOS="394" VPOS="684" WIDTH="110" HEIGHT="21" WC="0.90" CONTENT="sturskhet"/><SP WIDTH="16" VPOS="684" HPOS="504"/>
							<String ID="string_129" HPOS="520" VPOS="686" WIDTH="62" HEIGHT="25" WC="0.96" CONTENT="samt,"/><SP WIDTH="17" VPOS="686" HPOS="582"/>
							<String ID="string_130" HPOS="599" VPOS="684" WIDTH="26" HEIGHT="21" WC="0.97" CONTENT="då"/><SP WIDTH="16" VPOS="684" HPOS="625"/>
							<String ID="string_131" HPOS="641" VPOS="684" WIDTH="25" HEIGHT="21" WC="0.91" CONTENT="de"/><SP WIDTH="16" VPOS="684" HPOS="666"/>
							<String ID="string_132" HPOS="682" VPOS="685" WIDTH="67" HEIGHT="21" WC="0.91" CONTENT="varda"/><SP WIDTH="14" VPOS="685" HPOS="749"/>
							<String ID="string_133" HPOS="763" VPOS="685" WIDTH="70" HEIGHT="27" WC="0.96" CONTENT="äldre,"/><SP WIDTH="16" VPOS="685" HPOS="833"/>
							<String ID="string_134" HPOS="849" VPOS="685" WIDTH="67" HEIGHT="21" WC="0.96" CONTENT="blifva"/>
						</TextLine>
						<TextLine ID="line_16" HPOS="168" VPOS="719" WIDTH="748" HEIGHT="28">
							<String ID="string_135" HPOS="168" VPOS="719" WIDTH="132" HEIGHT="28" WC="0.88" CONTENT="vanvördiga"/><SP WIDTH="15" VPOS="719" HPOS="300"/>
							<String ID="string_136" HPOS="315" VPOS="719" WIDTH="40" HEIGHT="21" WC="0.93" CONTENT="och"/><SP WIDTH="16" VPOS="719" HPOS="355"/>
							<String ID="string_137" HPOS="371" VPOS="719" WIDTH="148" HEIGHT="28" WC="0.91" CONTENT="uppstudsiga."/><SP WIDTH="24" VPOS="719" HPOS="519"/>
							<String ID="string_138" HPOS="543" VPOS="719" WIDTH="49" HEIGHT="21" WC="0.91" CONTENT="Men"/><SP WIDTH="12" VPOS="719" HPOS="592"/>
							<String ID="string_139" HPOS="604" VPOS="719" WIDTH="6" HEIGHT="20" WC="0.91" CONTENT="i"/><SP WIDTH="11" VPOS="719" HPOS="610"/>
							<String ID="string_140" HPOS="621" VPOS="719" WIDTH="104" HEIGHT="22" WC="0.93" CONTENT="händelse"/><SP WIDTH="11" VPOS="719" HPOS="725"/>
							<String ID="string_141" HPOS="736" VPOS="720" WIDTH="97" HEIGHT="27" WC="0.91" CONTENT="husagan"/><SP WIDTH="11" VPOS="720" HPOS="833"/>
							<String ID="string_142" HPOS="844" VPOS="719" WIDTH="72" HEIGHT="22" WC="0.92" CONTENT="blefve"/>
						</TextLine>
						<TextLine ID="line_17" HPOS="167" VPOS="753" WIDTH="748" HEIGHT="30">
							<String ID="string_143" HPOS="167" VPOS="754" WIDTH="7" HEIGHT="21" WC="0.96" CONTENT="i"/><SP WIDTH="16" VPOS="754" HPOS="174"/>
							<String ID="string_144" HPOS="190" VPOS="754" WIDTH="64" HEIGHT="28" WC="0.96" CONTENT="lagen"/><SP WIDTH="16" VPOS="754" HPOS="254"/>
							<String ID="string_145" HPOS="270" VPOS="753" WIDTH="123" HEIGHT="22" WC="0.96" CONTENT="bibehållen"/><SP WIDTH="14" VPOS="753" HPOS="393"/>
							<String ID="string_146" HPOS="407" VPOS="753" WIDTH="34" HEIGHT="22" WC="0.96" CONTENT="för"/><SP WIDTH="16" VPOS="753" HPOS="441"/>
							<String ID="string_147" HPOS="457" VPOS="753" WIDTH="42" HEIGHT="22" WC="0.96" CONTENT="den"/><SP WIDTH="15" VPOS="753" HPOS="499"/>
							<String ID="string_148" HPOS="514" VPOS="754" WIDTH="67" HEIGHT="27" WC="0.96" CONTENT="ålder,"/><SP WIDTH="21" VPOS="754" HPOS="581"/>
							<String ID="string_149" HPOS="602" VPOS="761" WIDTH="46" HEIGHT="15" WC="0.95" CONTENT="som"/><SP WIDTH="21" VPOS="761" HPOS="648"/>
							<String ID="string_150" HPOS="669" VPOS="754" WIDTH="106" HEIGHT="22" WC="0.95" CONTENT="utskottet"/><SP WIDTH="21" VPOS="754" HPOS="775"/>
							<String ID="string_151" HPOS="796" VPOS="755" WIDTH="119" HEIGHT="28" WC="0.96" CONTENT="föreslagit,"/>
						</TextLine>
						<TextLine ID="line_18" HPOS="167" VPOS="788" WIDTH="750" HEIGHT="29">
							<String ID="string_152" HPOS="167" VPOS="796" WIDTH="51" HEIGHT="14" WC="0.96" CONTENT="vore"/><SP WIDTH="15" VPOS="796" HPOS="218"/>
							<String ID="string_153" HPOS="233" VPOS="788" WIDTH="37" HEIGHT="22" WC="0.96" CONTENT="det"/><SP WIDTH="15" VPOS="788" HPOS="270"/>
							<String ID="string_154" HPOS="285" VPOS="789" WIDTH="84" HEIGHT="21" WC="0.96" CONTENT="mindre"/><SP WIDTH="16" VPOS="789" HPOS="369"/>
							<String ID="string_155" HPOS="385" VPOS="789" WIDTH="47" HEIGHT="21" WC="0.96" CONTENT="skäl"/><SP WIDTH="15" VPOS="789" HPOS="432"/>
							<String ID="string_156" HPOS="447" VPOS="790" WIDTH="33" HEIGHT="20" WC="0.96" CONTENT="till"/><SP WIDTH="14" VPOS="790" HPOS="480"/>
							<String ID="string_157" HPOS="494" VPOS="789" WIDTH="71" HEIGHT="21" WC="0.96" CONTENT="denna"/><SP WIDTH="14" VPOS="789" HPOS="565"/>
							<String ID="string_158" HPOS="579" VPOS="789" WIDTH="119" HEIGHT="28" WC="0.93" CONTENT="förmodan,"/><SP WIDTH="17" VPOS="789" HPOS="698"/>
							<String ID="string_159" HPOS="715" VPOS="790" WIDTH="106" HEIGHT="27" WC="0.91" CONTENT="hvarföre,"/><SP WIDTH="14" VPOS="790" HPOS="821"/>
							<String ID="string_160" HPOS="835" VPOS="790" WIDTH="40" HEIGHT="21" WC="0.96" CONTENT="och"/><SP WIDTH="14" VPOS="790" HPOS="875"/>
							<String ID="string_161" HPOS="889" VPOS="790" WIDTH="28" HEIGHT="21" WC="0.96" CONTENT="då"/>
						</TextLine>
						<TextLine ID="line_19" HPOS="164" VPOS="824" WIDTH="753" HEIGHT="29">
							<String ID="string_162" HPOS="164" VPOS="824" WIDTH="40" HEIGHT="28" WC="0.95" CONTENT="jag"/><SP WIDTH="19" VPOS="824" HPOS="204"/>
							<String ID="string_163" HPOS="223" VPOS="830" WIDTH="68" HEIGHT="22" WC="0.92" CONTENT="gerna"/><SP WIDTH="20" VPOS="830" HPOS="291"/>
							<String ID="string_164" HPOS="311" VPOS="824" WIDTH="51" HEIGHT="28" WC="0.89" CONTENT="såge"/><SP WIDTH="16" VPOS="824" HPOS="362"/>
							<String ID="string_165" HPOS="378" VPOS="826" WIDTH="31" HEIGHT="19" WC="0.93" CONTENT="att"/><SP WIDTH="15" VPOS="826" HPOS="409"/>
							<String ID="string_166" HPOS="424" VPOS="824" WIDTH="97" HEIGHT="28" WC="0.92" CONTENT="husagan"/><SP WIDTH="19" VPOS="824" HPOS="521"/>
							<String ID="string_167" HPOS="540" VPOS="824" WIDTH="140" HEIGHT="28" WC="0.91" CONTENT="afskaffades,"/><SP WIDTH="13" VPOS="824" HPOS="680"/>
							<String ID="string_168" HPOS="693" VPOS="825" WIDTH="39" HEIGHT="28" WC="0.96" CONTENT="jag"/><SP WIDTH="20" VPOS="825" HPOS="732"/>
							<String ID="string_169" HPOS="752" VPOS="826" WIDTH="20" HEIGHT="27" WC="0.96" CONTENT="ej"/><SP WIDTH="19" VPOS="826" HPOS="772"/>
							<String ID="string_170" HPOS="791" VPOS="825" WIDTH="42" HEIGHT="21" WC="0.96" CONTENT="kan"/><SP WIDTH="17" VPOS="825" HPOS="833"/>
							<String ID="string_171" HPOS="850" VPOS="826" WIDTH="67" HEIGHT="20" WC="0.96" CONTENT="annat"/>
						</TextLine>
						<TextLine ID="line_20" HPOS="169" VPOS="859" WIDTH="501" HEIGHT="22">
							<String ID="string_172" HPOS="169" VPOS="860" WIDTH="26" HEIGHT="19" WC="0.96" CONTENT="än"/><SP WIDTH="17" VPOS="860" HPOS="195"/>
							<String ID="string_173" HPOS="212" VPOS="859" WIDTH="87" HEIGHT="21" WC="0.96" CONTENT="förorda"/><SP WIDTH="15" VPOS="859" HPOS="299"/>
							<String ID="string_174" HPOS="314" VPOS="859" WIDTH="117" HEIGHT="21" WC="0.96" CONTENT="utskottets"/><SP WIDTH="16" VPOS="859" HPOS="431"/>
							<String ID="string_175" HPOS="447" VPOS="859" WIDTH="111" HEIGHT="22" WC="0.96" CONTENT="utlåtande"/><SP WIDTH="16" VPOS="859" HPOS="558"/>
							<String ID="string_176" HPOS="574" VPOS="859" WIDTH="6" HEIGHT="21" WC="0.96" CONTENT="i"/><SP WIDTH="17" VPOS="859" HPOS="580"/>
							<String ID="string_177" HPOS="597" VPOS="859" WIDTH="73" HEIGHT="22" WC="0.96" CONTENT="saken."/>
						</TextLine>
					</TextBlock>
					<TextBlock ID="block_4" HPOS="167" VPOS="893" WIDTH="750" HEIGHT="90">
						<TextLine ID="line_21" HPOS="235" VPOS="893" WIDTH="682" HEIGHT="30">
							<String ID="string_178" HPOS="235" VPOS="893" WIDTH="32" HEIGHT="21" WC="0.95" CONTENT="På"/><SP WIDTH="20" VPOS="893" HPOS="267"/>
							<String ID="string_179" HPOS="287" VPOS="893" WIDTH="82" HEIGHT="28" WC="0.96" CONTENT="förslag"/><SP WIDTH="19" VPOS="893" HPOS="369"/>
							<String ID="string_180" HPOS="388" VPOS="893" WIDTH="24" HEIGHT="21" WC="0.96" CONTENT="af"/><SP WIDTH="16" VPOS="893" HPOS="412"/>
							<String ID="string_181" HPOS="428" VPOS="893" WIDTH="51" HEIGHT="22" WC="0.93" CONTENT="herr"/><SP WIDTH="17" VPOS="893" HPOS="479"/>
							<String ID="string_182" HPOS="496" VPOS="894" WIDTH="200" HEIGHT="21" WC="0.92" CONTENT="landtmarskalken"/><SP WIDTH="17" VPOS="894" HPOS="696"/>
							<String ID="string_183" HPOS="713" VPOS="896" WIDTH="49" HEIGHT="27" WC="0.93" CONTENT="togs"/><SP WIDTH="15" VPOS="896" HPOS="762"/>
							<String ID="string_184" HPOS="777" VPOS="895" WIDTH="11" HEIGHT="28" WC="0.78" CONTENT="$"/><SP WIDTH="15" VPOS="895" HPOS="788"/>
							<String ID="string_185" HPOS="803" VPOS="902" WIDTH="30" HEIGHT="14" WC="0.96" CONTENT="nu"/><SP WIDTH="14" VPOS="902" HPOS="833"/>
							<String ID="string_186" HPOS="847" VPOS="895" WIDTH="70" HEIGHT="21" WC="0.96" CONTENT="under"/>
						</TextLine>
						<TextLine ID="line_22" HPOS="168" VPOS="927" WIDTH="748" HEIGHT="30">
							<String ID="string_187" HPOS="168" VPOS="927" WIDTH="134" HEIGHT="28" WC="0.93" CONTENT="granskning"/><SP WIDTH="20" VPOS="927" HPOS="302"/>
							<String ID="string_188" HPOS="322" VPOS="928" WIDTH="112" HEIGHT="28" WC="0.90" CONTENT="punktvis,"/><SP WIDTH="17" VPOS="928" HPOS="434"/>
							<String ID="string_189" HPOS="451" VPOS="929" WIDTH="40" HEIGHT="20" WC="0.96" CONTENT="och"/><SP WIDTH="21" VPOS="929" HPOS="491"/>
							<String ID="string_190" HPOS="512" VPOS="929" WIDTH="84" HEIGHT="28" WC="0.96" CONTENT="yttrade"/><SP WIDTH="20" VPOS="929" HPOS="596"/>
							<String ID="string_191" HPOS="616" VPOS="929" WIDTH="33" HEIGHT="28" WC="0.96" CONTENT="sig"/><SP WIDTH="15" VPOS="929" HPOS="649"/>
							<String ID="string_192" HPOS="664" VPOS="929" WIDTH="8" HEIGHT="21" WC="0.96" CONTENT="i"/><SP WIDTH="16" VPOS="929" HPOS="672"/>
							<String ID="string_193" HPOS="688" VPOS="929" WIDTH="118" HEIGHT="28" WC="0.95" CONTENT="anledning"/><SP WIDTH="20" VPOS="929" HPOS="806"/>
							<String ID="string_194" HPOS="826" VPOS="930" WIDTH="24" HEIGHT="21" WC="0.93" CONTENT="af"/><SP WIDTH="13" VPOS="930" HPOS="850"/>
							<String ID="string_195" HPOS="863" VPOS="930" WIDTH="53" HEIGHT="21" WC="0.91" CONTENT="1:sta"/>
						</TextLine>
						<TextLine ID="line_23" HPOS="167" VPOS="963" WIDTH="120" HEIGHT="20">
							<String ID="string_196" HPOS="167" VPOS="963" WIDTH="120" HEIGHT="20" WC="0.96" CONTENT="momentet"/>
						</TextLine>
					</TextBlock>
					<TextBlock ID="block_5" HPOS="167" VPOS="997" WIDTH="749" HEIGHT="262">
						<TextLine ID="line_24" HPOS="235" VPOS="997" WIDTH="680" HEIGHT="29">
							<String ID="string_197" HPOS="235" VPOS="997" WIDTH="59" HEIGHT="21" WC="0.96" CONTENT="Herr"/><SP WIDTH="15" VPOS="997" HPOS="294"/>
							<String ID="string_198" HPOS="309" VPOS="1003" WIDTH="42" HEIGHT="15" WC="0.96" CONTENT="von"/><SP WIDTH="15" VPOS="1003" HPOS="351"/>
							<String ID="string_199" HPOS="366" VPOS="997" WIDTH="152" HEIGHT="22" WC="0.96" CONTENT="Bonsdorff:"/><SP WIDTH="21" VPOS="997" HPOS="518"/>
							<String ID="string_200" HPOS="539" VPOS="998" WIDTH="43" HEIGHT="28" WC="0.97" CONTENT="Jag"/><SP WIDTH="18" VPOS="998" HPOS="582"/>
							<String ID="string_201" HPOS="600" VPOS="998" WIDTH="70" HEIGHT="21" WC="0.96" CONTENT="skulle"/><SP WIDTH="19" VPOS="998" HPOS="670"/>
							<String ID="string_202" HPOS="689" VPOS="999" WIDTH="105" HEIGHT="21" WC="0.96" CONTENT="anmärka"/><SP WIDTH="15" VPOS="999" HPOS="794"/>
							<String ID="string_203" HPOS="809" VPOS="1001" WIDTH="58" HEIGHT="19" WC="0.93" CONTENT="emot"/><SP WIDTH="15" VPOS="1001" HPOS="867"/>
							<String ID="string_204" HPOS="882" VPOS="1006" WIDTH="33" HEIGHT="15" WC="0.91" CONTENT="re-"/>
						</TextLine>
						<TextLine ID="line_25" HPOS="168" VPOS="1031" WIDTH="746" HEIGHT="31">
							<String ID="string_205" HPOS="168" VPOS="1031" WIDTH="117" HEIGHT="22" WC="0.92" CONTENT="daktionen"/><SP WIDTH="16" VPOS="1031" HPOS="285"/>
							<String ID="string_206" HPOS="301" VPOS="1031" WIDTH="24" HEIGHT="22" WC="0.96" CONTENT="af"/><SP WIDTH="14" VPOS="1031" HPOS="325"/>
							<String ID="string_207" HPOS="339" VPOS="1031" WIDTH="146" HEIGHT="22" WC="0.96" CONTENT="betänkandet"/><SP WIDTH="13" VPOS="1031" HPOS="485"/>
							<String ID="string_208" HPOS="498" VPOS="1033" WIDTH="7" HEIGHT="20" WC="0.96" CONTENT="i"/><SP WIDTH="17" VPOS="1033" HPOS="505"/>
							<String ID="string_209" HPOS="522" VPOS="1033" WIDTH="70" HEIGHT="21" WC="0.96" CONTENT="denna"/><SP WIDTH="13" VPOS="1033" HPOS="592"/>
							<String ID="string_210" HPOS="605" VPOS="1033" WIDTH="41" HEIGHT="27" WC="0.96" CONTENT="del,"/><SP WIDTH="12" VPOS="1033" HPOS="646"/>
							<String ID="string_211" HPOS="658" VPOS="1035" WIDTH="31" HEIGHT="19" WC="0.96" CONTENT="att"/><SP WIDTH="11" VPOS="1035" HPOS="689"/>
							<String ID="string_212" HPOS="700" VPOS="1033" WIDTH="62" HEIGHT="22" WC="0.93" CONTENT="ordet"/><SP WIDTH="10" VPOS="1033" HPOS="762"/>
							<String ID="string_213" HPOS="772" VPOS="1027" WIDTH="16" HEIGHT="39" WC="0.81" CONTENT=",,"/><SP WIDTH="-2" VPOS="1027" HPOS="788"/>
							<String ID="string_214" HPOS="786" VPOS="1033" WIDTH="128" HEIGHT="23" WC="0.84" CONTENT="undervisa&quot;"/>
						</TextLine>
						<TextLine ID="line_26" HPOS="167" VPOS="1065" WIDTH="748" HEIGHT="31">
							<String ID="string_215" HPOS="167" VPOS="1066" WIDTH="35" HEIGHT="21" WC="0.93" CONTENT="må"/><SP WIDTH="20" VPOS="1066" HPOS="202"/>
							<String ID="string_216" HPOS="222" VPOS="1065" WIDTH="87" HEIGHT="29" WC="0.91" CONTENT="utbytas"/><SP WIDTH="22" VPOS="1065" HPOS="309"/>
							<String ID="string_217" HPOS="331" VPOS="1069" WIDTH="58" HEIGHT="18" WC="0.96" CONTENT="emot"/><SP WIDTH="21" VPOS="1069" HPOS="389"/>
							<String ID="string_218" HPOS="410" VPOS="1068" WIDTH="31" HEIGHT="19" WC="0.96" CONTENT="ett"/><SP WIDTH="20" VPOS="1068" HPOS="441"/>
							<String ID="string_219" HPOS="461" VPOS="1069" WIDTH="67" HEIGHT="20" WC="0.96" CONTENT="annat"/><SP WIDTH="19" VPOS="1069" HPOS="528"/>
							<String ID="string_220" HPOS="547" VPOS="1067" WIDTH="139" HEIGHT="28" WC="0.95" CONTENT="lämpligare;"/><SP WIDTH="16" VPOS="1067" HPOS="686"/>
							<String ID="string_221" HPOS="702" VPOS="1069" WIDTH="23" HEIGHT="27" WC="0.96" CONTENT="ty"/><SP WIDTH="20" VPOS="1069" HPOS="725"/>
							<String ID="string_222" HPOS="745" VPOS="1068" WIDTH="48" HEIGHT="21" WC="0.95" CONTENT="icke"/><SP WIDTH="14" VPOS="1068" HPOS="793"/>
							<String ID="string_223" HPOS="807" VPOS="1069" WIDTH="43" HEIGHT="21" WC="0.96" CONTENT="kan"/><SP WIDTH="15" VPOS="1069" HPOS="850"/>
							<String ID="string_224" HPOS="865" VPOS="1076" WIDTH="50" HEIGHT="14" WC="0.96" CONTENT="man"/>
						</TextLine>
						<TextLine ID="line_27" HPOS="168" VPOS="1100" WIDTH="747" HEIGHT="30">
							<String ID="string_225" HPOS="168" VPOS="1100" WIDTH="87" HEIGHT="28" WC="0.96" CONTENT="begära,"/><SP WIDTH="12" VPOS="1100" HPOS="255"/>
							<String ID="string_226" HPOS="267" VPOS="1102" WIDTH="31" HEIGHT="19" WC="0.96" CONTENT="att"/><SP WIDTH="12" VPOS="1102" HPOS="298"/>
							<String ID="string_227" HPOS="310" VPOS="1100" WIDTH="127" HEIGHT="22" WC="0.95" CONTENT="husbonden"/><SP WIDTH="17" VPOS="1100" HPOS="437"/>
							<String ID="string_228" HPOS="454" VPOS="1102" WIDTH="54" HEIGHT="21" WC="0.95" CONTENT="skall"/><SP WIDTH="16" VPOS="1102" HPOS="508"/>
							<String ID="string_229" HPOS="524" VPOS="1102" WIDTH="33" HEIGHT="21" WC="0.96" CONTENT="stå"/><SP WIDTH="14" VPOS="1102" HPOS="557"/>
							<String ID="string_230" HPOS="571" VPOS="1102" WIDTH="89" HEIGHT="21" WC="0.93" CONTENT="bredvid"/><SP WIDTH="15" VPOS="1102" HPOS="660"/>
							<String ID="string_231" HPOS="675" VPOS="1103" WIDTH="100" HEIGHT="27" WC="0.92" CONTENT="tjenaren"/><SP WIDTH="12" VPOS="1103" HPOS="775"/>
							<String ID="string_232" HPOS="787" VPOS="1103" WIDTH="39" HEIGHT="21" WC="0.93" CONTENT="och"/><SP WIDTH="11" VPOS="1103" HPOS="826"/>
							<String ID="string_233" HPOS="837" VPOS="1103" WIDTH="78" HEIGHT="21" WC="0.91" CONTENT="under-"/>
						</TextLine>
						<TextLine ID="line_28" HPOS="167" VPOS="1134" WIDTH="748" HEIGHT="31">
							<String ID="string_234" HPOS="167" VPOS="1134" WIDTH="47" HEIGHT="21" WC="0.96" CONTENT="visa"/><SP WIDTH="15" VPOS="1134" HPOS="214"/>
							<String ID="string_235" HPOS="229" VPOS="1134" WIDTH="86" HEIGHT="25" WC="0.96" CONTENT="honom,"/><SP WIDTH="16" VPOS="1134" HPOS="315"/>
							<String ID="string_236" HPOS="331" VPOS="1136" WIDTH="52" HEIGHT="20" WC="0.96" CONTENT="utan"/><SP WIDTH="17" VPOS="1136" HPOS="383"/>
							<String ID="string_237" HPOS="400" VPOS="1135" WIDTH="69" HEIGHT="22" WC="0.96" CONTENT="skulle"/><SP WIDTH="13" VPOS="1135" HPOS="469"/>
							<String ID="string_238" HPOS="482" VPOS="1137" WIDTH="40" HEIGHT="28" WC="0.96" CONTENT="jag"/><SP WIDTH="15" VPOS="1137" HPOS="522"/>
							<String ID="string_239" HPOS="537" VPOS="1136" WIDTH="88" HEIGHT="27" WC="0.96" CONTENT="föreslå,"/><SP WIDTH="15" VPOS="1136" HPOS="625"/>
							<String ID="string_240" HPOS="640" VPOS="1138" WIDTH="32" HEIGHT="19" WC="0.96" CONTENT="att"/><SP WIDTH="15" VPOS="1138" HPOS="672"/>
							<String ID="string_241" HPOS="687" VPOS="1137" WIDTH="36" HEIGHT="21" WC="0.96" CONTENT="det"/><SP WIDTH="15" VPOS="1137" HPOS="723"/>
							<String ID="string_242" HPOS="738" VPOS="1137" WIDTH="36" HEIGHT="21" WC="0.96" CONTENT="må"/><SP WIDTH="14" VPOS="1137" HPOS="774"/>
							<String ID="string_243" HPOS="788" VPOS="1138" WIDTH="61" HEIGHT="21" WC="0.93" CONTENT="heta:"/><SP WIDTH="16" VPOS="1138" HPOS="849"/>
							<String ID="string_244" HPOS="865" VPOS="1138" WIDTH="50" HEIGHT="21" WC="0.92" CONTENT="hus-"/>
						</TextLine>
						<TextLine ID="line_29" HPOS="167" VPOS="1168" WIDTH="749" HEIGHT="32">
							<String ID="string_245" HPOS="167" VPOS="1168" WIDTH="71" HEIGHT="21" WC="0.96" CONTENT="bonde"/><SP WIDTH="16" VPOS="1168" HPOS="238"/>
							<String ID="string_246" HPOS="254" VPOS="1175" WIDTH="52" HEIGHT="22" WC="0.93" CONTENT="eger"/><SP WIDTH="15" VPOS="1175" HPOS="306"/>
							<String ID="string_247" HPOS="321" VPOS="1169" WIDTH="134" HEIGHT="28" WC="0.91" CONTENT="tjenstehjon"/><SP WIDTH="15" VPOS="1169" HPOS="455"/>
							<String ID="string_248" HPOS="470" VPOS="1177" WIDTH="34" HEIGHT="14" WC="0.95" CONTENT="om"/><SP WIDTH="17" VPOS="1177" HPOS="504"/>
							<String ID="string_249" HPOS="521" VPOS="1171" WIDTH="48" HEIGHT="21" WC="0.95" CONTENT="dess"/><SP WIDTH="16" VPOS="1171" HPOS="569"/>
							<String ID="string_250" HPOS="585" VPOS="1171" WIDTH="81" HEIGHT="28" WC="0.96" CONTENT="sysslor"/><SP WIDTH="16" VPOS="1171" HPOS="666"/>
							<String ID="string_251" HPOS="682" VPOS="1171" WIDTH="40" HEIGHT="21" WC="0.96" CONTENT="och"/><SP WIDTH="16" VPOS="1171" HPOS="722"/>
							<String ID="string_252" HPOS="738" VPOS="1171" WIDTH="62" HEIGHT="22" WC="0.96" CONTENT="deras"/><SP WIDTH="11" VPOS="1171" HPOS="800"/>
							<String ID="string_253" HPOS="811" VPOS="1171" WIDTH="105" HEIGHT="29" WC="0.96" CONTENT="behöriga"/>
						</TextLine>
						<TextLine ID="line_30" HPOS="167" VPOS="1202" WIDTH="748" HEIGHT="25">
							<String ID="string_254" HPOS="167" VPOS="1202" WIDTH="134" HEIGHT="22" WC="0.92" CONTENT="förrättande"/><SP WIDTH="16" VPOS="1202" HPOS="301"/>
							<String ID="string_255" HPOS="317" VPOS="1203" WIDTH="133" HEIGHT="23" WC="0.95" CONTENT="underrätta."/><SP WIDTH="23" VPOS="1203" HPOS="450"/>
							<String ID="string_256" HPOS="473" VPOS="1205" WIDTH="43" HEIGHT="21" WC="0.96" CONTENT="Det"/><SP WIDTH="16" VPOS="1205" HPOS="516"/>
							<String ID="string_257" HPOS="532" VPOS="1207" WIDTH="23" HEIGHT="19" WC="0.96" CONTENT="är"/><SP WIDTH="16" VPOS="1207" HPOS="555"/>
							<String ID="string_258" HPOS="571" VPOS="1212" WIDTH="26" HEIGHT="14" WC="0.95" CONTENT="en"/><SP WIDTH="17" VPOS="1212" HPOS="597"/>
							<String ID="string_259" HPOS="614" VPOS="1207" WIDTH="44" HEIGHT="19" WC="0.96" CONTENT="stor"/><SP WIDTH="15" VPOS="1207" HPOS="658"/>
							<String ID="string_260" HPOS="673" VPOS="1205" WIDTH="86" HEIGHT="22" WC="0.96" CONTENT="skilnad"/><SP WIDTH="14" VPOS="1205" HPOS="759"/>
							<String ID="string_261" HPOS="773" VPOS="1206" WIDTH="92" HEIGHT="21" WC="0.93" CONTENT="emellan"/><SP WIDTH="12" VPOS="1206" HPOS="865"/>
							<String ID="string_262" HPOS="877" VPOS="1213" WIDTH="38" HEIGHT="14" WC="0.91" CONTENT="un-"/>
						</TextLine>
						<TextLine ID="line_31" HPOS="167" VPOS="1237" WIDTH="288" HEIGHT="22">
							<String ID="string_263" HPOS="167" VPOS="1237" WIDTH="86" HEIGHT="21" WC="0.92" CONTENT="dervisa"/><SP WIDTH="15" VPOS="1237" HPOS="253"/>
							<String ID="string_264" HPOS="268" VPOS="1238" WIDTH="40" HEIGHT="20" WC="0.96" CONTENT="och"/><SP WIDTH="15" VPOS="1238" HPOS="308"/>
							<String ID="string_265" HPOS="323" VPOS="1238" WIDTH="132" HEIGHT="21" WC="0.96" CONTENT="underrätta."/>
						</TextLine>
					</TextBlock>
					<TextBlock ID="block_6" HPOS="166" VPOS="1270" WIDTH="747" HEIGHT="132">
						<TextLine ID="line_32" HPOS="234" VPOS="1270" WIDTH="677" HEIGHT="32">
							<String ID="string_266" HPOS="234" VPOS="1270" WIDTH="58" HEIGHT="22" WC="0.96" CONTENT="Herr"/><SP WIDTH="21" VPOS="1270" HPOS="292"/>
							<String ID="string_267" HPOS="313" VPOS="1271" WIDTH="145" HEIGHT="22" WC="0.96" CONTENT="Molander:"/><SP WIDTH="25" VPOS="1271" HPOS="458"/>
							<String ID="string_268" HPOS="483" VPOS="1272" WIDTH="43" HEIGHT="28" WC="0.96" CONTENT="Jag"/><SP WIDTH="20" VPOS="1272" HPOS="526"/>
							<String ID="string_269" HPOS="546" VPOS="1274" WIDTH="44" HEIGHT="20" WC="0.96" CONTENT="tror"/><SP WIDTH="16" VPOS="1274" HPOS="590"/>
							<String ID="string_270" HPOS="606" VPOS="1275" WIDTH="31" HEIGHT="19" WC="0.96" CONTENT="att"/><SP WIDTH="16" VPOS="1275" HPOS="637"/>
							<String ID="string_271" HPOS="653" VPOS="1273" WIDTH="62" HEIGHT="21" WC="0.93" CONTENT="ordet"/><SP WIDTH="15" VPOS="1273" HPOS="715"/>
							<String ID="string_272" HPOS="730" VPOS="1275" WIDTH="78" HEIGHT="27" WC="0.86" CONTENT=",eger*"/><SP WIDTH="17" VPOS="1275" HPOS="808"/>
							<String ID="string_273" HPOS="825" VPOS="1274" WIDTH="39" HEIGHT="21" WC="0.93" CONTENT="här"/><SP WIDTH="15" VPOS="1274" HPOS="864"/>
							<String ID="string_274" HPOS="879" VPOS="1274" WIDTH="32" HEIGHT="22" WC="0.91" CONTENT="in-"/>
						</TextLine>
						<TextLine ID="line_33" HPOS="166" VPOS="1304" WIDTH="747" HEIGHT="32">
							<String ID="string_275" HPOS="166" VPOS="1304" WIDTH="103" HEIGHT="29" WC="0.96" CONTENT="begriper"/><SP WIDTH="16" VPOS="1304" HPOS="269"/>
							<String ID="string_276" HPOS="285" VPOS="1311" WIDTH="26" HEIGHT="14" WC="0.96" CONTENT="en"/><SP WIDTH="16" VPOS="1311" HPOS="311"/>
							<String ID="string_277" HPOS="327" VPOS="1305" WIDTH="103" HEIGHT="28" WC="0.96" CONTENT="rättighet"/><SP WIDTH="16" VPOS="1305" HPOS="430"/>
							<String ID="string_278" HPOS="446" VPOS="1306" WIDTH="33" HEIGHT="21" WC="0.96" CONTENT="för"/><SP WIDTH="20" VPOS="1306" HPOS="479"/>
							<String ID="string_279" HPOS="499" VPOS="1306" WIDTH="113" HEIGHT="22" WC="0.96" CONTENT="husbonde"/><SP WIDTH="19" VPOS="1306" HPOS="612"/>
							<String ID="string_280" HPOS="631" VPOS="1309" WIDTH="32" HEIGHT="19" WC="0.96" CONTENT="att"/><SP WIDTH="16" VPOS="1309" HPOS="663"/>
							<String ID="string_281" HPOS="679" VPOS="1308" WIDTH="115" HEIGHT="21" WC="0.93" CONTENT="undervisa"/><SP WIDTH="19" VPOS="1308" HPOS="794"/>
							<String ID="string_282" HPOS="813" VPOS="1309" WIDTH="100" HEIGHT="27" WC="0.91" CONTENT="tjenaren"/>
						</TextLine>
						<TextLine ID="line_34" HPOS="167" VPOS="1338" WIDTH="746" HEIGHT="34">
							<String ID="string_283" HPOS="167" VPOS="1338" WIDTH="39" HEIGHT="22" WC="0.96" CONTENT="och"/><SP WIDTH="16" VPOS="1338" HPOS="206"/>
							<String ID="string_284" HPOS="222" VPOS="1346" WIDTH="26" HEIGHT="14" WC="0.96" CONTENT="en"/><SP WIDTH="17" VPOS="1346" HPOS="248"/>
							<String ID="string_285" HPOS="265" VPOS="1339" WIDTH="124" HEIGHT="29" WC="0.96" CONTENT="skyldighet"/><SP WIDTH="16" VPOS="1339" HPOS="389"/>
							<String ID="string_286" HPOS="405" VPOS="1340" WIDTH="33" HEIGHT="22" WC="0.93" CONTENT="för"/><SP WIDTH="15" VPOS="1340" HPOS="438"/>
							<String ID="string_287" HPOS="453" VPOS="1342" WIDTH="99" HEIGHT="27" WC="0.92" CONTENT="tjenaren"/><SP WIDTH="16" VPOS="1342" HPOS="552"/>
							<String ID="string_288" HPOS="568" VPOS="1343" WIDTH="32" HEIGHT="19" WC="0.93" CONTENT="att"/><SP WIDTH="15" VPOS="1343" HPOS="600"/>
							<String ID="string_289" HPOS="615" VPOS="1342" WIDTH="12" HEIGHT="21" WC="0.92" CONTENT="å"/><SP WIDTH="16" VPOS="1342" HPOS="627"/>
							<String ID="string_290" HPOS="643" VPOS="1342" WIDTH="32" HEIGHT="21" WC="0.96" CONTENT="sin"/><SP WIDTH="17" VPOS="1342" HPOS="675"/>
							<String ID="string_291" HPOS="692" VPOS="1342" WIDTH="48" HEIGHT="22" WC="0.93" CONTENT="sida"/><SP WIDTH="16" VPOS="1342" HPOS="740"/>
							<String ID="string_292" HPOS="756" VPOS="1344" WIDTH="109" HEIGHT="28" WC="0.92" CONTENT="emottaga"/><SP WIDTH="10" VPOS="1344" HPOS="865"/>
							<String ID="string_293" HPOS="875" VPOS="1350" WIDTH="38" HEIGHT="15" WC="0.92" CONTENT="un-"/>
						</TextLine>
						<TextLine ID="line_35" HPOS="166" VPOS="1373" WIDTH="161" HEIGHT="29">
							<String ID="string_294" HPOS="166" VPOS="1373" WIDTH="161" HEIGHT="29" WC="0.91" CONTENT="dervisningen."/>
						</TextLine>
					</TextBlock>
					<TextBlock ID="block_7" HPOS="165" VPOS="1408" WIDTH="750" HEIGHT="68">
						<TextLine ID="line_36" HPOS="234" VPOS="1408" WIDTH="680" HEIGHT="32">
							<String ID="string_295" HPOS="234" VPOS="1408" WIDTH="103" HEIGHT="22" WC="0.96" CONTENT="Friherre"/><SP WIDTH="20" VPOS="1408" HPOS="337"/>
							<String ID="string_296" HPOS="357" VPOS="1410" WIDTH="140" HEIGHT="28" WC="0.95" CONTENT="Carpelan:"/><SP WIDTH="21" VPOS="1410" HPOS="497"/>
							<String ID="string_297" HPOS="518" VPOS="1410" WIDTH="49" HEIGHT="30" WC="0.96" CONTENT="Nog"/><SP WIDTH="19" VPOS="1410" HPOS="567"/>
							<String ID="string_298" HPOS="586" VPOS="1412" WIDTH="64" HEIGHT="28" WC="0.96" CONTENT="gillar"/><SP WIDTH="18" VPOS="1412" HPOS="650"/>
							<String ID="string_299" HPOS="668" VPOS="1413" WIDTH="40" HEIGHT="27" WC="0.96" CONTENT="jag"/><SP WIDTH="15" VPOS="1413" HPOS="708"/>
							<String ID="string_300" HPOS="723" VPOS="1413" WIDTH="51" HEIGHT="21" WC="0.96" CONTENT="herr"/><SP WIDTH="14" VPOS="1413" HPOS="774"/>
							<String ID="string_301" HPOS="788" VPOS="1420" WIDTH="42" HEIGHT="14" WC="0.93" CONTENT="von"/><SP WIDTH="16" VPOS="1420" HPOS="830"/>
							<String ID="string_302" HPOS="846" VPOS="1412" WIDTH="68" HEIGHT="22" WC="0.92" CONTENT="Bons-"/>
						</TextLine>
						<TextLine ID="line_37" HPOS="165" VPOS="1442" WIDTH="750" HEIGHT="34">
							<String ID="string_303" HPOS="165" VPOS="1442" WIDTH="66" HEIGHT="22" WC="0.92" CONTENT="dorffs"/><SP WIDTH="17" VPOS="1442" HPOS="231"/>
							<String ID="string_304" HPOS="248" VPOS="1444" WIDTH="151" HEIGHT="28" WC="0.95" CONTENT="anmärkning."/><SP WIDTH="25" VPOS="1444" HPOS="399"/>
							<String ID="string_305" HPOS="424" VPOS="1445" WIDTH="42" HEIGHT="29" WC="0.96" CONTENT="Jag"/><SP WIDTH="16" VPOS="1445" HPOS="466"/>
							<String ID="string_306" HPOS="482" VPOS="1446" WIDTH="133" HEIGHT="28" WC="0.96" CONTENT="förutsätter,"/><SP WIDTH="11" VPOS="1446" HPOS="615"/>
							<String ID="string_307" HPOS="626" VPOS="1449" WIDTH="31" HEIGHT="19" WC="0.93" CONTENT="att"/><SP WIDTH="14" VPOS="1449" HPOS="657"/>
							<String ID="string_308" HPOS="671" VPOS="1448" WIDTH="99" HEIGHT="28" WC="0.92" CONTENT="tjenaren"/><SP WIDTH="16" VPOS="1448" HPOS="770"/>
							<String ID="string_309" HPOS="786" VPOS="1448" WIDTH="39" HEIGHT="21" WC="0.96" CONTENT="bör"/><SP WIDTH="16" VPOS="1448" HPOS="825"/>
							<String ID="string_310" HPOS="841" VPOS="1448" WIDTH="74" HEIGHT="21" WC="0.95" CONTENT="kunna"/>
						</TextLine>
					</TextBlock>
				</ComposedBlock>
			</PrintSpace>
		</Page>
	</Layout>
</alto>
