1020 1709
796 129 27 24 25

104 203 43 21 gen
167 194 69 24 måste
251 202 53 16 vara
318 196 115 22 inskrifvet
447 196 7 21 i
470 195 137 29 sjömanshus
626 196 39 22 och
681 198 32 20 att
727 196 122 30 skepparen

105 230 54 21 skall
180 237 51 14 vara
251 237 27 15 en
298 230 141 23 examinerad
454 231 106 29 skeppare
576 232 40 20 och
631 232 42 20 alla
688 232 26 21 de
730 232 121 22 restriktio-

105 271 39 15 ner
163 264 34 22 för
215 265 66 29 öfrigt
296 266 119 28 iakttagas,
429 272 46 15 som
492 266 33 21 för
540 266 211 29 stadsmannafartyg
767 268 36 20 äro
815 266 36 22 be-

105 299 88 27 stämda,
210 300 23 20 så
248 300 98 21 kommer
361 300 49 20 hela
425 300 137 21 kustfrakten
578 302 32 19 att
625 301 27 27 gå
667 301 78 27 under;
758 303 22 25 ty
795 301 7 20 i
818 301 33 21 så-

105 333 52 22 dant
171 334 39 20 fall
226 335 68 21 måste
310 334 74 28 hvarje
400 334 212 29 landtmannafartyg
627 334 116 22 inskrifvas
759 336 6 20 i
780 335 72 29 någon

103 368 58 21 stads
182 369 143 27 sjömanshus.
355 369 44 21 Det
418 368 68 23 finnes
507 369 49 21 icke
577 371 30 19 ett
631 369 56 22 enda
704 370 82 28 fartyg,
804 377 47 15 som

103 403 96 21 derifrån
221 404 73 21 kunde
316 403 145 29 undantagas,
482 405 60 20 utom
564 404 119 28 möjligtvis
706 404 76 21 sådant
805 412 45 14 som

103 437 57 21 blott
174 437 62 22 förde
252 438 33 21 sin
300 445 77 21 egares
393 445 55 21 egen
463 438 64 27 afvel,
543 445 49 14 men
608 438 36 21 det
659 438 82 22 händer
757 439 50 27 ofta,
820 440 31 20 att

103 478 80 22 egaren
203 473 48 21 icke
271 473 43 21 kan
334 473 54 28 fylla
407 473 96 29 fartyget
522 473 51 21 med
593 472 32 22 sin
646 478 55 24 egen
718 473 65 27 afvel,
800 475 51 20 utan

104 507 69 21 måste
193 509 50 26 taga
263 507 78 21 andras
361 508 59 26 med,
436 508 40 21 och
495 508 33 20 till
544 506 66 22 sådan
627 508 101 21 fraktfart
743 514 50 15 vore
809 508 42 22 han

105 540 28 22 då
151 542 20 27 ej
188 542 129 28 berättigad.
348 541 41 21 Om
405 542 47 21 icke
468 542 41 21 den
525 542 124 28 föreslagna
663 542 188 28 inskränkningen

104 575 55 22 blott
175 576 57 21 afser
247 576 131 22 fraktfarten
393 577 28 28 på
436 576 149 27 utrikesorter,
597 577 70 21 såsom
677 576 109 21 härintills
797 577 56 21 varit

104 610 129 30 tillämpadt,
249 611 24 21 så
289 612 45 20 tror
349 611 64 22 äfven
426 612 45 28 jag,
482 612 32 20 att
530 611 36 21 det
581 613 23 19 är
620 612 76 26 bättre,
708 613 31 19 att
755 611 26 21 de
795 612 58 22 stad-

104 646 95 28 ganden,
215 653 46 14 som
277 646 78 21 hittills
375 646 55 28 gält,
450 646 134 22 fortfarande
599 646 68 22 blifva
681 646 128 28 bestående,
825 649 27 19 än

105 682 31 20 att
151 688 26 14 en
193 688 29 20 ny
237 680 160 29 inskränkning
416 681 31 20 uti
462 680 168 22 landtmannens
645 680 67 22 frakt-
727 681 40 21 och
783 681 69 28 segla-

104 715 102 21 tionsrätt
221 715 100 21 städerne
336 716 33 20 till
385 716 85 20 förmon
486 715 128 29 ytterligare
630 717 71 27 göras.

172 750 57 21 Herr
245 750 163 28 Furuhjelm,
424 750 28 21 H.
468 750 34 21 V.:
518 750 35 21 Då
568 750 24 21 af
603 750 42 21 alla
656 750 27 21 de
694 750 74 27 talare,
779 750 74 22 hvilka

104 786 67 27 yttrat
191 784 33 28 sig
239 784 8 21 i
262 786 83 26 ämnet,
360 784 125 29 medgifvits
500 786 32 20 att
547 784 42 22 den
604 784 72 29 fråga,
692 792 47 14 som
754 784 99 23 innehål-

104 820 32 21 les
151 820 7 20 i
174 821 119 19 momentet
308 820 20 28 e)
344 820 24 21 af
381 819 42 21 den
438 820 80 28 nådiga
529 819 172 29 propositionen,
712 820 7 20 i
729 820 124 29 väsendtlig

104 855 50 22 mån
174 856 37 20 rör
231 856 32 20 ett
283 854 83 28 stånds,
386 854 111 29 nemligen
515 854 191 29 borgareståndets
720 855 133 28 privilegier,

105 891 54 20 samt
179 889 164 29 ridderskapets
364 890 39 20 och
423 889 75 22 adelns
514 890 71 21 beslut
600 889 83 21 således
698 891 79 27 ytterst
792 890 60 21 kom-

105 932 46 14 mer
171 926 32 20 att
222 924 52 22 bero
289 925 29 28 på
332 924 193 29 borgareståndets
541 924 98 28 eftergift
654 924 24 21 af
691 924 59 22 detta
765 925 88 28 privile-

105 960 66 28 gium,
185 960 24 20 sä
223 959 52 22 ville
288 960 39 28 jag
341 959 121 27 hemställa,
476 959 107 22 huruvida
593 959 48 21 icke
652 959 151 28 ridderskapet
814 959 39 22 och

105 994 63 21 adeln
189 993 66 22 borde
275 994 44 21 låta
339 994 62 21 anstå
416 994 49 21 med
480 994 72 21 denna
567 994 73 28 frågas
656 994 87 28 slutliga
760 994 93 21 behand-

104 1029 53 28 ling,
172 1028 34 21 till
222 1029 49 21 dess
287 1029 36 21 det
338 1028 42 22 blir
394 1028 92 28 bekant,
498 1030 7 20 i
515 1028 57 22 hvad
582 1029 72 21 beslut
664 1028 75 22 härom
750 1029 103 27 borgare-

104 1063 87 21 ståndet
205 1065 95 19 stannar.
330 1063 39 21 Ett
384 1063 76 21 sådant
475 1063 92 22 anstånd
582 1063 69 21 skulle
667 1063 65 21 också
744 1063 109 21 öfverens-

105 1100 91 19 stämma
211 1098 49 21 med
275 1098 57 21 hvad
348 1104 45 14 som
410 1098 57 21 skett
482 1098 36 21 vid
533 1098 76 28 frågan
626 1104 35 15 om
677 1098 74 21 adelns
771 1097 81 21 uteslu-

106 1132 65 22 tande
193 1134 44 20 rätt
259 1134 32 20 att
313 1132 81 22 besitta
415 1132 117 29 frälsejord
552 1132 41 22 och
613 1132 102 22 befrielse
733 1132 50 21 från
797 1132 58 22 vissa

107 1168 114 28 personela
235 1167 119 28 utskylder.

174 1202 58 21 Herr
255 1202 175 21 Silfversvan:
456 1202 43 28 Jag
525 1203 24 19 är
572 1201 67 21 redan
661 1201 150 22 förekommen
835 1202 24 20 af

106 1236 51 22 herr
177 1236 128 28 Furuhjelm
322 1236 39 21 och
376 1242 63 16 anser
455 1236 36 21 det
506 1236 24 20 så
545 1235 86 29 mycket
646 1235 162 28 nödvändigare
825 1237 32 19 att

106 1271 55 21 först
181 1271 54 21 höra
254 1270 56 22 hvad
330 1270 180 29 borgareständet
530 1270 90 28 specielt
639 1270 102 26 besluter,
758 1276 47 14 som
818 1270 38 28 jag

106 1305 117 26 förmodar,
239 1307 32 19 att
289 1304 161 29 ridderskapets
471 1305 40 21 och
532 1304 75 21 adelns
625 1304 72 22 beslut
711 1304 98 20 kommer
825 1306 32 19 att

107 1338 151 28 väsendtligen
277 1338 63 21 deraf
353 1339 62 25 bero,
431 1340 23 26 ty
471 1345 34 13 om
521 1338 179 28 borgareständet
714 1338 49 20 icke
779 1338 39 26 går
833 1338 23 20 in

108 1373 57 27 uppä
186 1374 31 19 ett
237 1372 125 28 ovilkorligt
383 1371 163 29 medgifvande,
562 1372 24 20 sä
601 1378 64 14 anser
677 1372 40 27 jag
735 1371 121 21 ridderska-

107 1409 38 27 pet
161 1406 40 22 och
216 1406 64 22 adeln
296 1406 52 22 böra
364 1406 84 24 ansluta
464 1406 34 28 sig
513 1405 33 22 till
562 1406 41 23 den
618 1406 56 29 äsigt
684 1405 50 23 herr
744 1404 113 24 Weissen-

108 1442 53 30 berg
177 1442 84 23 uttalat,
