1025 1706
810 120 25 23 41

116 187 137 29 ningsmedel
273 188 34 21 för
327 190 32 19 att
378 188 42 21 öka
440 188 141 22 statsverkets
601 188 127 27 inkomster,
746 188 40 21 bör
801 187 64 22 äfven

116 222 137 28 observeras,
274 224 32 20 att
320 223 70 21 under
404 222 58 22 elfva
476 224 24 20 år
515 222 23 22 af
551 222 54 22 hans
620 222 112 29 regering,
746 222 48 22 från
812 223 53 20 1777

116 256 33 21 till
169 257 60 27 1788,
248 257 125 22 minskades
389 257 174 29 statsutgifterna
578 257 49 21 med
642 258 53 20 nära
711 264 26 15 en
754 256 111 29 fjerdedel.

116 290 128 22 Riksstaten
264 292 96 28 uppgick
380 292 110 28 nemligen
506 290 53 23 1777
575 292 34 21 till
624 292 113 26 4,661,274
752 291 113 27 riksdaler,

115 332 51 15 men
186 326 24 21 är
232 326 54 22 1788
308 326 33 21 till
362 326 56 21 blott
436 326 120 27 3,748,936.
589 326 121 28 Förgäfves
726 326 39 21 har
778 326 39 28 jag
832 326 33 20 till

114 360 41 21 och
175 360 50 21 med
245 360 8 21 i
273 361 26 21 de
321 360 170 22 Gustafvianska
511 367 110 22 papperen
637 360 49 22 sökt
701 360 110 29 upptäcka
826 367 38 15 ens

115 396 31 20 ett
161 395 74 21 försök
251 395 7 21 i
273 395 143 22 förenämnde
431 395 64 28 syfte.

185 429 40 22 Om
249 430 80 21 Gustaf
350 430 35 21 III
407 430 41 22 och
468 430 55 21 hans
543 429 151 28 efterträdare,
710 429 74 22 hvilka
799 430 66 21 oftast

114 471 53 15 voro
186 464 7 21 i
214 464 138 29 förlägenhet
371 465 34 21 för
424 465 123 28 penningar
566 465 33 21 till
614 464 81 29 nödiga
711 465 153 28 statsutgifter,

114 500 73 20 ansett
206 499 35 28 sig
260 506 41 21 ega
321 501 44 20 rätt
385 501 31 20 att
435 500 136 28 godtyckligt
584 499 102 22 beskatta
700 499 104 22 nationen
820 507 44 14 me-

114 533 56 22 delst
188 533 77 22 tullars
285 534 113 22 äsättande
417 535 29 28 på
464 535 79 28 nödiga
558 534 162 22 konsumtions-
736 534 40 21 och
791 535 73 21 mode-

114 568 97 27 artiklar,
226 569 56 21 hade
299 569 26 21 de
340 569 35 21 väl
390 569 71 28 aldrig
476 569 48 22 lätit
539 569 53 28 utgä
607 569 24 21 sä
641 569 80 28 mänga
731 569 78 22 förbud
820 571 45 20 mot

114 603 38 28 lyx
166 603 40 21 och
222 603 111 28 öfverflöd,
350 611 46 14 som
411 603 71 22 denna
496 604 31 21 tid
543 603 128 22 emanerade
683 617 25 3 —
721 603 33 21 till
766 604 38 21 och
815 604 50 21 med

114 639 46 20 mot
173 637 79 22 bruket
267 638 24 21 af
304 638 67 27 kaffe,
391 645 46 14 som
453 639 27 20 dä
494 639 67 21 redan
577 645 38 14 var
629 646 27 13 en
671 638 100 29 begärlig
786 638 77 29 dryck,

113 679 35 14 om
164 671 66 23 också
245 673 48 21 icke
309 679 45 15 som
371 680 39 20 nn,
426 675 32 19 ett
473 673 77 28 riktigt
565 673 110 21 lifselixir!

181 706 106 29 Nogsamt
303 707 83 22 känner
398 708 49 27 jag,
462 709 32 19 att
509 707 104 21 tulltaxor
628 707 84 21 fordom
726 707 94 22 likasom
834 714 29 14 nu

112 741 73 21 blifvit
200 741 114 22 utfärdade
330 744 52 19 utan
398 741 26 22 de
440 741 181 28 skattdragandes
636 741 104 28 hörande,
756 749 49 14 men
816 741 47 21 der-

112 776 48 21 före
179 777 25 20 är
223 776 49 21 icke
292 778 60 27 sagt,
368 778 31 19 att
414 775 78 22 sådant
507 776 58 21 skett
581 776 33 21 till
629 775 120 22 förökande
764 776 24 21 af
801 777 63 20 stats-

112 810 87 22 verkets
219 810 120 22 inkomster
360 811 40 21 och
421 812 31 20 att
471 811 27 21 de
516 810 139 22 beskattades
675 812 44 19 rätt
738 810 125 28 derigenom

113 845 72 21 blifvit
200 845 141 22 förminskad.
371 845 34 22 De
421 845 157 29 upplysningar
596 851 88 20 samme,
700 845 24 21 af
737 845 46 28 mig
797 844 67 23 redan

113 879 122 29 åberopade
251 880 69 21 talare
336 880 74 21 härom
426 880 116 26 meddelat,
556 880 75 21 bevisa
641 881 101 26 tvertom,
753 881 32 19 att
795 879 68 22 tullen

112 914 72 21 denna
199 914 31 21 tid
246 914 49 21 icke
311 914 138 29 begagnades
464 914 136 21 annorlunda
615 915 26 20 än
657 914 35 20 till
707 913 105 22 handelns
824 914 39 21 och

113 949 142 28 näringarnas
270 949 158 28 befrämjande.
457 949 44 21 För
517 950 31 19 ett
563 955 38 22 par
617 948 116 21 decennier
749 948 66 21 sedan
831 950 32 19 ut-

112 984 51 21 kom
179 983 65 22 också
259 983 39 21 hos
314 990 35 15 oss
364 991 27 14 en
407 985 51 20 taxa
474 984 12 21 å
502 983 117 28 stämpladt
634 989 90 22 papper,
739 989 49 15 men
801 982 62 22 Hans

113 1018 104 29 Majestät
236 1018 40 21 har
291 1018 67 21 likväl
373 1017 78 22 erkänt
465 1019 71 20 rätten
552 1019 33 19 att
599 1017 74 21 derom
690 1018 121 20 bestämma
826 1025 36 14 en-

111 1054 57 20 samt
189 1052 123 21 tillkomma
334 1052 86 21 landets
442 1052 94 21 ständer.
573 1052 242 27 Kartasigillata-taxan
830 1053 32 20 in-

112 1087 88 28 bringar
223 1087 133 21 statsverket
377 1087 68 28 något
468 1087 61 21 öfver
551 1086 181 21 etthundratusen
752 1086 62 21 rubel
829 1087 34 21 för

112 1121 56 27 året,
183 1121 41 21 den
241 1121 126 22 nuvarande
383 1121 108 22 tulltaxan
506 1121 99 22 deremot
620 1120 60 22 öfver
696 1121 36 21 två
747 1120 115 23 millioner.

112 1155 169 23 Reflexionerna
297 1157 54 27 göra
366 1156 34 28 sig
415 1155 87 29 sjelfva!

179 1190 58 21 Herr
257 1190 176 29 Gripenberg,
453 1190 20 21 J.
492 1189 27 22 U.
540 1189 29 27 8.,
589 1190 86 27 yttrade
691 1189 33 28 sig
739 1189 53 22 härä
804 1191 56 27 jem-

111 1225 35 22 väl
162 1225 123 28 skriftligen
301 1225 28 28 pä
344 1225 98 28 följande
458 1226 52 20 sätt:

179 1259 44 22 Det
238 1259 95 21 faktiska
349 1259 152 27 förhållandet,
516 1260 33 20 att
564 1258 117 22 ständerne
696 1259 40 20 allt
751 1259 67 21 sedan
828 1259 33 21 in-

111 1293 100 23 förandet
225 1294 23 21 af
263 1294 54 21 1772
333 1293 35 22 års
383 1293 170 29 regeringsform
569 1293 40 21 och
626 1293 53 21 1789
694 1293 34 20 års
739 1292 122 29 förenings-

111 1329 40 20 och
171 1328 172 25 säkerhets-akt,
363 1328 74 21 hvilka
457 1328 34 20 för
511 1328 36 20 det
565 1327 136 21 närvarande
716 1328 78 26 utgöra
809 1327 51 21 Fin-

110 1362 62 21 lands
188 1362 139 27 grundlagar,
344 1362 71 27 aldrig
430 1361 42 21 fätt
487 1361 86 27 deltaga
588 1361 32 20 uti
635 1360 225 29 tull-lagstiftningen,

112 1397 44 21 kan
171 1396 24 21 så
209 1396 88 29 mycket
312 1395 85 22 mindre
413 1395 108 27 förnekas,
537 1401 53 20 som,
605 1395 8 22 i
628 1395 104 22 händelse
743 1395 118 22 förhällan-

111 1432 37 23 det
167 1431 56 24 varit
243 1430 145 29 annorlunda,
405 1430 41 22 den
462 1437 29 15 nu
506 1429 166 34 ifrågavarande
687 1429 122 33 petitionen
825 1437 36 17 va-
