1017 1709
208 148 41 20 450

179 214 31 20 att
225 214 43 26 mö,
284 219 53 21 som,
354 212 68 21 ehuru
437 211 33 21 till
486 211 89 29 myndig
589 210 59 22 ålder
663 210 105 27 kommer,
785 209 95 23 önskade
896 210 31 20 åt-

179 248 61 27 njuta
256 246 200 30 förmyndarevård,
471 246 66 22 borde
553 246 74 21 derom
643 245 39 21 hos
697 246 72 20 rätten
784 244 93 27 anmäla,
889 245 39 27 jag

180 282 37 21 ber
232 284 32 19 att
280 289 28 14 nu
324 282 23 21 få
362 282 97 21 deremot
477 281 109 28 nedlägga
603 280 45 21 min
664 280 134 21 reservation
815 281 55 20 samt
885 279 43 21 för-

179 323 41 15 ena
235 317 45 28 mig
295 317 32 21 uti
343 316 41 21 den
401 316 24 21 af
438 315 160 28 prestaståndet
614 314 132 21 härutinnan
758 313 96 22 uttalade
865 313 63 29 åsigt.

178 351 76 28 Enligt
275 351 43 22 min
341 351 65 21 tanke
427 351 68 21 måste
516 350 36 21 det
567 349 109 28 nemligen
692 349 62 21 alltid
770 356 52 14 vara
837 347 91 22 sårande

177 385 35 22 för
227 393 27 15 en
270 386 80 29 qvinna
365 387 32 19 att
412 385 34 22 för
461 386 71 20 rätten
548 384 92 27 anmäla,
651 383 36 22 det
702 384 43 21 hon
759 384 35 21 väl
804 390 53 15 vore
868 390 61 21 myn-

178 421 38 28 dig
235 421 40 21 och
296 419 124 28 berättigad
440 422 32 19 att
492 419 51 28 sjelf
559 419 67 22 vårda
641 419 38 20 sitt
694 419 62 28 gods,
773 425 49 14 men
838 419 32 20 att
884 418 44 21 hon

179 454 73 22 dertill
268 455 94 22 saknade
377 455 105 27 förmåga.
508 454 43 27 Jag
566 460 70 19 anser,
652 455 32 19 att
699 460 26 14 en
738 453 79 28 qvinna
827 452 39 21 bör
877 459 52 14 vara

178 489 90 28 myndig
290 489 36 21 vid
346 489 96 28 tjuguett
461 489 35 20 års
517 488 67 27 ålder,
603 487 38 21 der
656 488 43 20 hon
716 487 77 21 sådant
808 487 33 20 för
856 488 73 20 rätten

179 525 104 26 anmäler,
306 530 50 15 men
375 523 7 20 i
402 525 89 19 motsatt
510 522 39 21 fall
569 521 135 22 fortfarande
724 521 111 22 betraktas
857 522 71 21 såsom

180 559 103 28 omyndig
308 558 40 21 och
368 560 52 19 utan
440 557 92 22 särskild
552 557 102 22 anhållan
674 557 85 28 åtnjuta
782 556 147 29 förmyndare-

179 593 63 28 vård,
258 593 24 22 så
297 593 87 28 mycket
404 599 47 15 mer
470 599 45 15 som
535 592 36 21 det
586 593 24 20 är
626 592 64 28 högst
705 591 81 29 troligt,
803 593 32 20 att
849 592 42 21 hon
909 592 20 27 ej

179 628 59 28 finge
262 628 72 28 någon
359 634 87 22 person,
466 634 46 14 som
535 626 69 22 under
627 627 217 28 förmyndareansvar
865 627 65 27 åtoge

180 663 33 27 sig
228 662 162 28 förvaltningen
406 662 24 21 af
442 662 83 21 hennes
544 661 62 28 gods,
623 663 56 19 samt
694 661 161 21 vederbörande
870 661 59 20 dom-

180 697 67 20 stolar
267 697 94 27 troligen
382 697 20 26 ej
424 696 69 20 heller
514 696 73 21 dertill
608 695 72 22 kunde
699 695 75 28 tvinga
788 696 79 27 någon.
898 695 32 20 På

180 730 26 21 de
230 731 23 20 af
273 731 45 27 mig
340 730 91 21 anförda
454 730 46 21 skäl
523 729 43 22 kan
584 731 39 27 jag
643 729 83 22 således
745 729 33 21 för
798 730 44 21 min
858 729 35 22 del
909 730 19 27 ej

179 765 70 20 heller
269 764 115 28 godkänna
404 764 118 21 utskottets
543 765 30 20 uti
592 763 143 22 förenämnde
754 763 35 22 del
805 764 23 21 af
840 763 91 22 ärendet

180 799 122 28 uppgjorda
314 799 216 28 jemkningsförslag.

248 833 58 21 Herr
326 840 42 15 von
388 833 152 28 Haartman,
562 833 37 22 V.:
622 833 44 21 För
686 833 44 20 min
752 833 35 22 del
803 833 127 22 hemställer

177 869 46 27 jag,
240 875 35 14 om
290 868 49 21 icke
354 868 151 28 ridderskapet
519 868 40 21 och
574 867 63 22 adeln
654 867 50 22 ville
714 868 116 27 godkänna
840 868 36 21 det
887 869 43 20 för-

180 903 57 28 slag,
258 910 46 15 som
324 903 24 21 af
366 903 107 20 utskottet
490 903 72 21 blifvit
578 902 126 29 framlagdt,
721 903 23 21 så
760 903 86 28 mycket
860 903 70 21 hellre

181 945 46 14 som
243 937 60 22 detta
318 937 82 29 förslag
414 937 7 21 i
437 938 83 27 ganska
536 938 62 28 ringa
613 944 51 14 mon
680 937 83 22 afviker
778 937 48 22 från
843 937 36 22 det
894 938 36 21 be-

181 973 52 26 slut,
250 979 46 15 som
311 972 152 29 ridderskapet
478 973 40 21 och
534 972 63 21 adeln
614 972 58 21 förut
688 971 70 28 fattat,
774 973 117 28 nemligen,
908 973 24 22 så

181 1007 46 21 vidt
244 1008 38 27 jag
303 1007 42 21 kan
366 1014 30 19 se,
412 1007 76 22 endast
504 1008 5 20 i
526 1007 42 21 den
584 1006 196 29 omständigheten,
796 1009 30 19 att
842 1008 90 27 qvinna,

182 1049 46 14 som
243 1042 93 28 uppnått
349 1042 97 27 tjuguett
461 1042 35 21 års
509 1037 72 39 ålder,
593 1041 46 27 bör,
655 1041 33 21 för
704 1043 32 20 att
752 1041 67 22 blifva
834 1042 97 28 myndig,

182 1075 73 22 derom
272 1077 53 27 göra
338 1076 102 21 anmälan
455 1076 57 21 inför
528 1077 77 20 rätten.
635 1075 63 22 Hvad
712 1076 68 28 angår
794 1076 41 21 den
854 1077 78 21 redak-

182 1110 196 28 tionsförändring,
400 1117 45 14 som
466 1111 50 20 herr
536 1110 106 21 Forsman
658 1110 122 28 föreslagit,
796 1111 24 20 så
835 1113 45 18 tror
893 1112 39 27 jag

182 1147 32 19 att
230 1145 85 21 ståndet
330 1145 68 20 borde
414 1147 51 26 taga
479 1145 33 20 för
527 1144 91 29 princip,
634 1146 32 19 att
683 1145 5 20 i
699 1145 233 29 sammanjemknings-

182 1179 74 28 frågor
271 1179 24 21 så
308 1179 46 21 vidt
372 1179 86 28 möjligt
474 1181 24 19 är
514 1179 94 21 undvika
624 1179 42 21 alla
681 1179 74 28 dylika
774 1179 158 30 förändringar,

184 1213 90 22 emedan
295 1213 37 22 det
352 1215 24 19 är
391 1213 83 28 ganska
490 1213 154 28 tvifvelaktigt,
663 1221 33 13 om
713 1213 27 21 de
756 1213 70 29 öfriga
841 1216 91 21 stånden

184 1248 77 21 stadna
283 1248 7 20 i
314 1255 80 13 samma
418 1248 78 25 beslut,
512 1248 39 20 och
574 1254 35 13 om
630 1248 23 19 så
669 1248 48 20 icke
733 1248 57 27 sker,
804 1249 70 21 skulle
890 1257 42 20 nya

184 1281 308 28 sammanjemkningsförslag
511 1281 62 20 deraf
591 1281 67 21 blifva
680 1289 26 13 en
727 1282 125 29 nödvändig
872 1283 60 28 följd.

252 1315 58 21 Herr
329 1315 163 28 Furuhjelm,
514 1315 25 21 O.
560 1314 37 22 V.:
620 1315 44 21 För
681 1315 44 22 min
746 1315 34 22 del
800 1316 42 23 kan
856 1318 40 29 jag
912 1319 21 28 ej

183 1351 54 26 inse,
252 1352 33 19 att
306 1351 32 20 ett
360 1349 161 29 förtydligande
542 1349 24 22 af
584 1351 31 20 ett
635 1351 87 27 uttryck
741 1351 73 22 kunde
830 1352 23 21 af
866 1353 67 28 något

184 1384 63 21 stånd
266 1384 86 28 ogillas,
373 1384 101 22 hvarföre
493 1384 39 21 och
552 1384 27 22 då
599 1384 36 22 det
654 1385 23 20 af
690 1385 50 21 herr
755 1385 106 23 Forsman
877 1387 56 22 före-

184 1419 76 27 slagna
280 1419 78 28 tillägg
377 1419 32 20 till
427 1420 9 19 I
454 1419 11 27 $
480 1421 23 19 är
518 1419 84 27 ganska
618 1419 34 21 väl
668 1419 90 22 betänkt
774 1423 55 19 samt
844 1422 33 20 till
893 1422 39 22 och

183 1453 49 21 med
248 1453 114 29 behöfligt,
376 1454 39 28 jag
430 1454 37 21 ber
483 1455 31 21 att
529 1454 22 22 få
566 1454 74 21 derom
657 1454 76 22 förena
748 1456 52 28 mig.
