998 1714
778 133 41 20 315

104 199 54 21 trots
178 198 41 22 den
240 198 78 22 största
341 198 92 28 aktning
453 198 34 22 för
507 199 37 21 sitt
564 198 62 22 lands
648 199 68 29 lagar,
739 206 52 14 anse
815 199 33 21 sin

103 232 74 27 heder,
198 233 31 20 sin
251 234 37 20 ära
306 233 21 27 ej
349 233 70 20 tillåta
444 232 121 22 afslåendet
587 233 23 21 af
631 240 26 14 en
680 234 114 27 utmaning
816 234 32 20 till

103 267 75 27 envig,
196 267 24 27 ja
235 267 33 20 till
283 267 40 21 och
339 267 49 21 med
403 267 78 28 sjelfva
496 267 30 21 bli
540 267 26 21 de
583 267 136 21 utmanande.
749 268 44 20 Det
809 268 40 27 gif-

102 308 38 13 ves
159 301 110 27 nemligen
289 301 38 21 fall
343 301 23 20 af
379 308 28 14 en
422 301 179 27 utomordentlig,
617 308 26 14 en
659 302 137 27 upprörande
812 302 36 20 be-

102 334 129 29 skaffenhet,
247 335 27 21 då
289 342 49 14 man
355 335 44 21 ofta
414 342 43 21 nog
473 336 20 27 ej
508 342 64 14 anser
588 335 40 21 den
645 336 124 28 borgerliga
783 336 65 28 lagen

102 369 60 28 gifva
176 370 119 28 tillräcklig
309 370 142 28 upprättelse,
465 370 39 21 fall
514 370 24 21 af
546 370 74 21 alltför
630 370 127 28 grannlaga,
768 377 33 14 om
811 371 38 27 jag

102 404 24 21 så
145 404 33 21 får
198 406 61 26 säga,
281 404 73 22 alltför
374 404 59 28 helig
453 406 70 25 natur,
544 404 26 21 då
586 412 50 13 man
651 404 68 21 hellre
735 406 28 19 än
778 406 32 19 att
825 412 23 13 se

100 445 116 22 personers
238 446 73 20 namn,
333 439 75 21 hvilka
428 441 36 19 äro
481 446 26 14 en
523 439 74 21 alltför
616 439 100 28 dyrbara,
732 439 117 22 nedsölade

100 473 58 21 inför
174 480 27 14 en
216 474 100 27 domstol,
329 486 23 3 —
365 474 69 21 hellre
449 474 126 28 föredrager
591 474 202 28 sjelfbestraffning,
807 474 41 22 den
865 476 4 2 '

101 508 35 20 mä
152 508 66 21 sedan
232 509 28 27 gä
274 508 29 29 pä
317 508 28 21 lif
358 508 39 21 och
413 508 48 21 död.
488 508 39 21 Att
542 508 135 21 förekomma
691 508 82 22 dueller
788 509 7 21 i
811 508 38 29 dy-

100 542 46 22 lika
165 542 39 22 fall
224 543 55 21 skall
299 543 66 28 ingen
385 543 36 28 lag
439 543 79 27 förmä,
539 542 41 22 den
601 543 35 21 mä
652 543 66 21 sedan
733 543 52 21 hota
799 544 50 20 med

100 577 42 21 död
158 578 54 20 eller
227 578 91 21 tuktkus.
341 578 50 20 Men
407 578 28 28 pä
449 578 36 20 det
501 578 83 20 dueller
600 578 20 28 ej
637 578 35 20 mä
687 580 73 19 urarta
774 578 33 20 till
818 580 31 19 ett

101 611 118 29 sjelfsväld,
235 619 27 14 en
278 612 58 27 osed,
353 613 31 20 ett
395 612 195 28 donguichotterie,
602 612 38 21 der
650 619 50 14 man
711 612 34 21 för
755 619 27 15 en
793 613 56 21 smä-

101 646 39 22 sak
160 646 61 22 leker
240 646 50 22 med
308 646 37 22 det
360 654 49 14 man
426 647 20 27 ej
463 654 51 21 eger
528 648 43 20 rätt
586 648 32 20 att
633 647 50 21 leka
698 646 59 28 med,
773 647 75 21 nemli-

101 688 43 22 gen
164 681 71 27 lifvet,
256 682 24 21 sä
300 682 39 20 bör
358 682 64 28 lagen
439 682 75 28 stadga
530 683 31 20 ett
576 681 70 27 straff,
663 682 39 20 och
718 682 35 20 mä
768 682 35 21 det
819 682 30 20 bli

101 718 94 26 strängt,
217 723 50 14 men
287 716 20 28 ej
329 716 86 28 nesligt.
445 716 43 22 Det
506 717 8 21 i
534 716 41 22 den
590 716 80 28 nädiga
685 716 164 28 propositionen

102 751 123 29 föreslagna
241 752 84 20 straffet
340 758 64 15 anser
417 752 40 28 jag
471 758 52 14 vara
538 751 50 21 fullt
603 751 133 29 tillräckligt,
751 752 98 28 isynner-

101 786 37 21 het
153 786 7 21 i
176 788 32 19 ett
228 786 61 27 land,
309 786 38 22 der
363 786 86 21 duellen
465 786 83 28 knappt
562 793 44 21 nog
621 786 33 21 till
670 788 89 19 namnet
774 787 75 28 tyckes

101 828 51 14 vara
175 821 64 21 känd.
276 820 43 29 Jag
341 822 52 26 tror,
413 822 32 20 att
466 821 36 21 det
523 822 23 20 är
566 820 149 29 lagstiftarens
739 821 56 28 pligt
817 823 32 19 att

102 856 117 28 öfverväga
234 856 27 20 de
276 856 123 28 menskliga
412 856 148 28 passionerna,
572 861 45 15 som
628 856 59 28 ligga
699 856 70 20 såsom
780 856 70 28 grund

101 891 53 20 eller
170 890 64 21 orsak
249 890 33 21 till
298 897 26 15 en
340 890 111 28 handling,
468 897 27 14 en
510 890 112 27 förseelse,
639 892 30 19 ett
685 890 64 27 brott,
765 902 25 4 —
809 891 40 21 och

100 925 8 21 i
129 925 226 21 öfverensstämmelse
378 925 89 21 dermed
490 926 82 20 utsätta
595 924 89 21 straffet.
721 924 129 22 Emellertid

100 960 40 21 har
155 960 142 28 lagutskottet
312 960 24 20 af
347 959 88 22 fruktan
450 960 33 20 för
494 960 142 28 möjligheten
647 959 24 21 af
680 959 65 29 envig
759 960 90 21 alldeles

100 994 102 21 förbisett
223 994 42 21 den
288 994 106 28 ofantliga
417 994 85 21 skilnad
524 994 80 21 mellan
624 994 121 21 motiverna
764 994 34 21 för
819 996 31 19 ett

101 1029 62 21 mord
181 1029 39 21 och
241 1036 27 14 en
287 1028 58 22 duell
363 1029 40 21 och
423 1028 34 22 för
477 1029 62 21 dessa
558 1028 59 22 olika
632 1028 37 21 fall
685 1030 67 20 utsatt
767 1036 82 14 samma

102 1063 66 22 straff.
199 1063 32 21 De
251 1064 60 20 förra
329 1063 105 21 innebära
449 1064 102 28 vanligen
567 1063 37 21 det
619 1063 98 28 djupaste
732 1064 117 21 moraliska

101 1098 90 27 förderf,
206 1098 25 21 de
247 1098 70 28 lägsta
332 1098 119 28 passioner,
467 1098 26 22 de
509 1098 91 22 sednare
613 1110 23 3 —
648 1099 31 20 ett
689 1098 54 28 högt
753 1098 95 28 begrepp

102 1140 35 14 om
153 1135 59 25 äran,
227 1132 88 22 hvilken
331 1140 50 14 man
397 1133 60 21 ställt
472 1134 68 28 högre
555 1134 27 20 än
599 1132 66 22 lifvet.
688 1133 11 21 I
715 1133 58 21 förra
788 1133 62 21 fallet

101 1168 113 28 intränger
229 1167 155 27 missdådaren,
400 1168 49 20 ledd
465 1168 23 21 af
498 1168 66 28 begär
575 1169 32 19 att
617 1167 98 28 plundra,
725 1168 62 21 röfva
797 1168 52 21 eller

101 1202 101 27 hämnas,
222 1202 117 21 förrädiskt
359 1202 23 21 in
403 1209 34 14 om
457 1204 75 19 natten
552 1202 34 21 till
601 1202 38 21 sitt
653 1202 54 21 offer
722 1202 53 21 eller
790 1202 59 21 lurar

101 1238 43 19 han
160 1237 28 27 på
203 1237 80 20 honom
297 1236 80 21 lömskt
393 1243 28 14 en
436 1237 62 20 mörk
514 1237 59 20 afton
588 1236 36 21 vid
640 1243 26 14 en
681 1238 51 26 väg,
754 1249 12 2 —
781 1237 7 20 i
802 1236 47 21 sed-

102 1278 52 14 nare
169 1271 61 20 fallet
245 1273 99 19 utmanar
360 1271 41 20 den
417 1271 148 28 förolämpade
581 1271 33 20 sin
630 1271 77 26 fiende,
721 1271 38 20 ber
769 1271 80 20 honom

102 1305 121 21 bestämma
238 1307 41 25 ort,
294 1305 37 27 tid,
347 1312 76 21 vapen,
439 1312 39 21 ger
493 1305 79 21 honom
588 1305 32 20 tid
634 1306 31 19 att
679 1306 54 26 göra
746 1312 43 21 upp
801 1305 48 20 räk-

102 1340 54 27 ning
175 1340 50 19 med
247 1339 60 20 detta
326 1339 34 26 lif,
383 1351 23 3 —
428 1339 41 20 den
495 1339 116 20 utmanade
634 1339 77 20 hinner
734 1341 57 18 ännu
814 1337 35 29 fy,

103 1373 53 21 söka
179 1373 69 28 skydd
270 1374 39 20 hos
331 1374 70 27 lagen,
422 1374 43 26 (om
481 1373 55 20 hans
555 1374 37 19 ära
608 1372 79 21 tillåter
703 1373 79 20 honom
798 1372 51 27 det),

104 1407 40 22 och
166 1407 28 22 då
215 1408 26 21 de
264 1409 80 26 mötas,
367 1407 50 22 sker
438 1407 36 22 det
493 1407 7 21 i
515 1407 24 22 af
552 1407 55 22 båda
622 1408 101 27 parterne
739 1406 111 21 bestämda

103 1443 95 23 vittnens
213 1445 102 29 närvaro;
332 1443 39 22 och
387 1443 7 23 i
410 1451 27 15 en
453 1443 53 22 strid
522 1443 28 28 på
564 1442 27 22 lif
605 1443 39 21 och
660 1442 42 22 död
717 1441 81 22 händer
814 1441 37 22 det
