1006 1706
772 132 41 21 689

94 194 119 30 anledning
234 195 24 22 af
276 196 172 28 prestaståndets
468 196 33 21 till
521 196 182 29 borgareståndet
718 197 78 29 gjorda
811 198 32 21 in-

93 230 106 28 bjudning
219 232 32 20 att
271 230 76 21 förena
362 231 33 27 sig
410 231 30 21 uti
457 231 37 21 det
508 232 135 27 högvördiga
658 231 97 21 ståndets
771 232 72 22 beslut

92 264 114 28 angående
221 264 100 28 lydelsen
336 264 24 21 af
374 266 12 19 2
402 265 11 27 $
429 265 7 20 i
452 265 40 21 den
504 265 124 27 föreslagna
638 265 158 29 författningen
808 272 34 15 om

93 297 95 29 ändring
202 298 8 20 i
225 306 29 14 nu
268 298 101 28 gällande
388 298 135 28 stadganden
540 306 34 14 om
590 299 128 29 kyrkoplikt
732 300 41 21 och
789 307 54 21 upp-

93 332 108 22 häfvande
221 332 24 22 af
258 333 42 21 den
315 332 34 22 för
364 333 58 21 vissa
437 333 59 21 brott
511 333 110 29 påbjudna
637 334 65 28 afgift
717 334 33 21 till
766 335 77 28 kyrka,

93 367 71 21 såsom
185 367 40 21 ock
240 368 7 20 i
262 367 120 29 anledning
398 368 24 20 af
434 368 170 22 bondeståndets
620 368 130 28 inbjudning
765 371 32 19 att
813 369 30 21 bi-

93 402 62 20 träda
175 401 59 21 detta
255 402 75 21 stånds
345 402 79 27 beslut,
440 404 32 19 att
487 403 109 27 allmogen
611 402 8 21 i
634 402 112 22 Kuusamo
761 403 81 21 socken

93 436 67 21 borde
176 435 35 21 vid
227 435 142 29 erläggandet
384 436 24 21 af
421 436 216 29 mantalspenningar
651 437 85 28 åtnjuta
747 437 97 29 lindring

92 471 34 20 till
144 470 82 21 hälften
244 473 59 19 emot
318 470 84 22 landets
418 470 70 29 öfriga
503 471 139 28 befolkning;
660 471 94 22 hvarhos
769 474 74 26 proto-

92 505 146 28 kollsutdrag,
253 505 151 22 innefattande
424 505 191 28 borgareständets
635 506 151 29 ifrägakomne
806 507 37 21 be-

92 540 49 27 slut,
152 540 182 22 öfverlemnades.

162 575 162 28 Deputationen
341 575 102 22 tackades
459 574 39 22 och
514 574 105 23 afträdde.

160 644 58 22 Herr
232 645 144 21 Molander:
391 645 58 22 Lika
463 645 51 21 med
528 644 183 31 nästföregäende
726 644 68 22 talare
808 647 34 20 rö-

92 681 45 19 star
152 680 40 27 jag
211 679 34 21 för
265 679 62 21 bifall
343 678 33 21 till
392 679 41 21 den
449 679 79 28 nädiga
543 679 165 28 propositionen
723 679 92 22 rörande
831 681 11 26 &

94 714 19 25 1,
128 713 89 22 hvilken
236 713 106 22 utskottet
361 713 64 22 äfven
445 715 72 20 ansett
532 713 53 22 böra
600 713 131 22 oförändrad
744 716 99 26 antagas.

93 747 64 22 Hvad
174 748 40 28 jag
233 747 34 22 till
280 748 48 21 stöd
344 747 87 22 härföre
445 748 58 21 velat
522 747 85 28 anföra,
620 747 40 22 har
674 748 24 21 af
710 748 133 29 föregäende

92 782 68 21 talare
176 783 68 21 redan
259 782 72 22 blifvit
346 782 131 28 framhället,
492 782 101 22 hvarföre
606 783 40 28 jag
660 782 78 22 endast
752 783 39 22 vill
806 783 36 21 be-

93 818 59 21 möta
172 817 68 28 nägra
260 817 74 21 inkast
350 817 24 21 af
387 817 26 21 de
429 817 75 28 talare,
520 824 46 14 som
581 817 49 21 icke
646 817 96 28 godkänt
758 817 84 22 utskot-

92 853 44 20 tets
150 851 140 22 betänkande
306 852 7 21 i
328 852 71 21 denna
414 851 42 22 del.
480 852 43 21 Det
538 851 38 22 har
591 851 72 22 blifvit
678 851 69 28 sagdt,
763 853 33 20 att
806 852 37 21 be-

93 887 138 28 stämningen
252 886 24 21 af
292 887 122 27 ersättning
429 886 33 21 till
478 887 27 21 50
520 887 91 28 procent
625 885 87 22 utöfver
727 886 54 22 fulla
796 888 47 20 vär-

93 922 37 21 det
148 921 71 21 skulle
234 921 105 21 innebära
354 923 31 19 ett
400 921 145 21 misstroende
560 921 33 21 till
609 921 234 28 värderingsmännens

94 956 98 28 förmäga
210 958 32 20 att
260 956 77 28 riktigt
356 956 123 28 uppskatta,
494 955 56 22 hvad
565 962 47 14 som
631 956 64 28 utgör
710 955 40 22 full
765 957 78 21 ersätt-

94 992 60 27 ning.
184 990 43 28 Jag
246 991 34 21 för
299 990 45 21 min
364 990 35 22 del
415 992 51 25 tror,
482 992 32 20 att
528 990 27 21 de
570 990 7 20 i
593 990 42 20 den
650 989 81 29 nädiga
745 991 99 28 proposi-

94 1026 74 21 tionen
187 1025 125 29 föreslagna
331 1024 95 28 grunder
447 1024 33 22 för
500 1024 162 28 ersättningens
680 1024 164 22 bestämmande

94 1060 128 28 verkeligen
248 1059 61 21 skola
338 1059 125 21 underlätta
490 1059 233 27 värderingsmännens
750 1060 94 28 uppgift.

96 1094 144 29 Stadgandet,
256 1096 32 20 att
304 1094 41 21 den
364 1094 60 28 jord,
440 1101 45 14 som
500 1093 102 27 afträdes,
617 1093 39 22 bör
671 1093 103 22 värderas
789 1094 56 22 efter

96 1130 49 21 dess
164 1129 124 22 dåvarande
304 1129 58 21 skick
377 1129 40 21 och
433 1128 55 22 efter
502 1128 106 30 gångbart
620 1129 47 28 pris
682 1130 56 20 samt
752 1128 44 22 den
812 1129 33 21 sä-

94 1164 67 22 lunda
176 1163 98 21 erhällna
289 1170 99 14 summan
404 1164 53 20 ökas
471 1164 49 20 med
536 1164 27 20 50
577 1164 99 27 procent,
693 1162 58 22 afser
762 1163 83 21 onekli-

96 1206 41 20 gen
154 1198 117 27 afböjande
286 1197 24 22 af
324 1197 39 21 allt
378 1197 108 29 godtycke
502 1197 40 21 och
557 1196 63 22 deraf
633 1196 136 29 härflytande
784 1198 62 20 miss-

96 1233 98 21 troende.
223 1232 60 21 Böra
302 1231 233 28 värderingsmännen,
558 1232 53 20 utan
634 1230 72 22 denna
727 1238 62 14 norm
811 1231 34 21 till

96 1268 132 25 rättesnöre,
244 1266 120 21 bestämma
382 1266 150 27 ersättningen
552 1266 55 21 efter
626 1265 44 21 alla
687 1265 27 21 de
730 1265 60 21 olika
808 1272 37 14 an-

97 1300 66 29 språk
178 1300 28 28 pä
221 1299 87 29 förhöjd
328 1299 150 29 godtgörelse,
493 1306 45 14 som
554 1298 23 22 af
590 1298 138 22 afträdarene
744 1298 103 22 framhäl-

97 1335 43 25 las,
159 1334 87 20 befarar
263 1334 47 27 jag,
326 1335 31 19 att
372 1340 80 20 genom
472 1334 72 19 denna
558 1332 150 21 obestämdhet
722 1332 125 28 grunderna

96 1368 35 21 för
145 1367 153 27 värderingen,
310 1367 40 21 och
365 1366 7 21 i
388 1366 55 28 följd
454 1366 62 22 deraf
524 1366 64 21 äfven
600 1365 78 28 sjelfva
689 1366 158 28 ersättningen,

97 1402 89 22 komma
201 1402 31 21 att
249 1400 69 22 blifva
333 1400 86 28 mycket
437 1400 59 22 olika
514 1399 40 22 och
572 1399 49 22 icke
636 1399 7 21 i
656 1399 76 29 hvarje
750 1399 39 22 fall
803 1400 45 22 lika

98 1435 238 23 Ofverensstämmande
349 1435 49 22 med
409 1435 56 22 hvad
476 1434 128 29 billigheten
616 1435 56 20 samt
682 1434 36 21 det
728 1434 121 21 allmännas

145 1477 52 22 Högl.
211 1477 52 17 Ridd.
277 1477 30 16 och
319 1476 64 17 Adelns
396 1475 56 18 Prtok.
758 1474 24 18 44
