1017 1711
190 133 28 23 40

230 198 45 22 För
295 200 32 20 att
346 198 77 22 utreda
443 198 60 22 detta
523 198 66 22 beder
607 198 39 28 jag
665 198 32 20 att
716 198 23 21 få
753 197 77 21 anföra
845 197 68 29 några

162 232 119 23 historiska
296 233 59 21 fakta
371 232 48 22 från
435 232 89 22 Gustafs
540 232 157 29 regeringstid:

231 267 96 22 Sålunda
347 267 96 22 berättar
461 267 77 28 biskop
553 267 128 28 Wallqvist,
697 266 55 22 huru
768 273 49 14 man
833 267 34 21 för
882 268 32 20 att

162 302 22 23 få
200 302 186 29 oppositionsmän
402 302 63 21 valda
480 301 33 22 till
531 303 53 20 1786
600 301 35 22 års
649 301 90 29 riksdag
752 301 119 28 utspridde,
882 303 33 20 att

163 337 118 29 konungen
305 337 65 22 bland
392 339 67 20 annat
481 337 92 22 ämnade
595 337 120 28 regalisera
735 337 76 26 tobak,
832 337 83 28 socker,

163 373 85 21 salt'm.
264 379 27 14 m.
307 385 29 4 —
351 372 63 21 Hade
429 372 118 29 konungen
563 373 73 20 ansett
651 372 33 28 sig
699 379 41 21 ega
753 373 44 20 rätt
808 373 31 20 att
849 372 65 29 lägga

162 407 213 22 konsumtionsskatt
389 407 28 28 på
433 414 82 15 samma
530 407 97 26 artiklar,
643 407 54 21 hade
713 407 44 21 han
772 407 36 21 väl
816 407 50 22 icke
877 407 36 21 be-

163 441 48 22 höft
235 441 120 29 regalisera
380 442 56 21 dem.
476 442 11 21 1
509 442 38 21 sitt
570 441 96 22 throntal
688 441 86 28 yttrade
796 441 118 29 konungen

162 477 105 20 tvertom:
291 476 55 27 ,Det
368 477 24 20 är
415 477 20 27 ej
458 478 32 19 att
513 476 52 21 äska
587 483 44 21 nya
651 475 85 29 gärder,
754 476 37 21 det
806 477 24 20 är
846 477 20 28 ej
882 478 33 19 att

162 510 78 22 kräfva
254 517 44 22 nya
312 511 90 28 pålagor
415 511 40 28 jag
469 511 68 21 kallat
553 510 58 21 eder.
641 510 45 29 Jag
701 513 26 19 är
741 511 54 28 nöjd
808 511 47 21 med
869 511 45 22 dem

158 547 14 26 j
187 546 42 27 mig
246 545 81 29 gifven.
356 545 51 21 Med
424 545 135 29 försigtighet
581 545 98 22 använde
703 545 74 22 kunna
795 545 24 22 de
838 545 76 22 under-

163 579 71 29 stödja
255 580 65 21 rikets
343 579 94 29 tarfvor;
460 581 63 25 etc.*,
544 579 40 21 och
604 578 68 22 under
686 579 153 21 diskussionen
855 580 61 21 öfver

162 613 161 30 bevillningen,
343 614 88 21 hvilken
447 614 119 29 konungen
582 614 95 21 önskade
693 614 72 21 skulle
780 614 68 22 blifva
863 614 53 22 den-

163 655 83 15 samma
266 656 45 14 som
333 648 68 27 förut,
422 649 79 21 citerar
522 656 25 14 en
562 648 92 22 medlem
670 648 24 21 af
707 648 151 29 ridderskapet
874 649 40 22 och

162 683 65 22 adeln
247 683 97 28 följande
365 684 88 27 uttryck
467 684 7 20 i
490 691 27 14 en
532 684 81 28 Kongl.
628 683 74 28 Maj:ts
718 690 56 21 egen
790 684 124 22 skrifvelse:

162 734 10 12 n
176 718 38 22 Att
236 718 96 22 beskatta
355 719 31 28 sig
409 718 60 29 sjelft
489 722 26 18 är
533 718 75 22 ibland
625 721 28 19 ett
666 718 53 27 fritt
731 718 63 29 folks
812 723 102 25 yppersta

162 752 122 29 rättigheter
304 752 37 22 och
353 752 106 28 frihetens
479 753 65 21 säkra
563 753 151 27 kännetecken;
730 752 29 23 dä
775 753 22 21 vi
811 753 105 23 återställt

162 787 40 21 den
218 787 88 22 sednare
321 789 23 20 ät
357 789 49 20 värt
421 787 164 28 fädernesland,
601 787 64 28 hafve
679 788 24 20 vi
716 787 66 29 äfven
796 787 64 30 gifvit
875 789 39 21 den

158 821 67 29 förra
240 823 23 20 ät
277 824 51 20 väre
343 825 72 25 trogne
429 822 146 22 undersätare.
605 821 38 22 Att
657 821 103 23 bibehålla
776 823 45 20 dem
841 823 74 22 dervid

162 856 64 28 hafve
245 856 24 21 vi
285 856 9 21 i
307 856 67 22 näder
389 856 117 28 bekräftat,
523 857 66 21 ehuru
604 864 25 13 en
644 856 69 22 sädan
724 856 122 29 försäkran
862 857 51 22 kun-

161 894 40 18 nat
219 898 55 14 vara
293 890 135 30 öfverflödig,
450 891 28 22 dä
497 892 22 20 vi
535 891 38 21 vid
586 890 45 22 alla
647 890 101 29 tillfällen
763 892 57 21 velat
834 892 57 27 visa,
906 894 10 20 i

162 925 58 22 hvad
233 925 96 22 orubbad
343 925 61 29 helgd
418 925 70 22 denna
503 926 94 28 dyrbara
608 926 91 28 förmån
715 926 29 29 af
751 934 33 14 oss
795 926 120 29 bibehålles;

162 960 36 22 och
214 960 56 22 skole
285 961 23 21 vi
321 960 44 22 icke
380 960 63 22 heller
454 961 91 28 förgäta
562 964 31 18 att
610 961 126 22 underrätta
746 963 40 20 vår
798 962 116 22 kär-älske-

162 994 40 30 lige
217 1002 37 14 son
270 1002 33 14 om
318 995 34 21 det
367 1003 81 13 ansvar
463 995 67 22 Sveas
541 995 51 29 folk
607 996 30 28 af
648 996 73 21 honom
737 996 39 22 har
786 1000 32 18 att
824 997 91 28 fordra,

162 1036 32 15 om
210 1030 67 21 under
291 1030 54 21 hans
360 1031 94 27 regering
469 1032 64 27 något
543 1030 78 29 försök
631 1030 93 22 häremot
734 1031 67 21 skulle
812 1032 102 22 tillåtas".

161 1064 35 21 Då
216 1064 47 21 åter
283 1063 182 29 bränvinsfrågan
485 1064 85 22 förevar
585 1065 7 20 i
608 1064 92 22 stånden
719 1065 95 28 begärde
830 1066 84 22 konun-

162 1104 52 22 gen,
231 1100 32 19 att
283 1098 117 21 ständerna
415 1098 26 22 de
457 1099 30 26 år,
504 1099 27 21 då
546 1099 136 27 bränningen
698 1099 34 21 till
747 1100 54 28 följe
816 1100 24 20 af
853 1101 61 21 miss-

162 1134 52 19 vext
234 1133 69 20 måste
323 1132 110 27 inställas,
453 1133 8 20 i
480 1133 84 21 hvilket
584 1133 39 21 fall
638 1133 118 28 konungen
773 1134 51 21 ville
839 1135 76 28 afsäga

163 1167 35 28 sig
219 1165 74 22 halfva
315 1166 263 30 bränvinsbevillningen,
597 1167 70 21 skulle
687 1167 81 22 bereda
784 1168 133 22 statsverket

161 1208 27 15 en
211 1200 123 29 ersättning
357 1201 86 21 derföre
467 1209 80 20 genom
569 1209 28 14 en
617 1201 217 29 konsumtionsafgift
849 1203 24 21 af
886 1204 28 21 24

161 1235 114 28 skillingar
297 1235 35 21 för
354 1235 75 28 hvarje
452 1243 89 21 person,
562 1243 46 14 som
631 1236 95 21 brukade
745 1237 65 21 kaffe.
840 1231 73 28 Äfven

162 1269 60 20 detta
241 1269 93 26 afslogs;
350 1279 27 6 —
392 1275 51 15 men
463 1276 35 14 om
518 1270 117 27 konungen
651 1271 73 20 ansett
739 1270 35 27 sig
788 1271 74 20 kunna
877 1271 37 21 be-

161 1302 64 27 lägga
241 1301 58 22 kaffe
315 1302 50 21 med
380 1302 68 28 högre
463 1303 50 27 tull,
529 1303 70 21 skulle
615 1303 42 22 han
673 1304 35 20 väl
723 1303 49 22 icke
785 1305 86 27 begärt,
882 1307 32 20 att

160 1335 117 22 ständerna
300 1336 71 22 skulle
391 1337 81 28 bevilja
492 1344 26 15 en
534 1338 103 29 personel
652 1337 213 24 konsumtionsskatt
880 1340 34 22 för

160 1369 79 22 bruket
254 1371 23 20 af
291 1377 83 15 samma
388 1378 59 15 vara.

228 1404 44 22 Till
294 1405 128 28 ytterligare
445 1406 60 21 bevis
526 1407 68 28 uppå,
610 1409 31 19 att
657 1407 80 22 Gustaf
750 1407 35 22 III
800 1408 48 21 icke
863 1409 51 22 med

160 1438 165 29 ifrågavarande
348 1440 137 31 uteslutning
507 1441 98 29 åsyftade
628 1443 33 21 att
680 1442 67 23 vinna
768 1444 31 21 ett
817 1442 97 25 beskatt-
