1003 1714
754 142 42 22 385

75 205 67 29 yngel
164 206 48 21 utaf
232 206 37 22 lax
291 206 40 31 och
352 205 34 23 sik
405 206 7 21 i
432 206 68 22 forsar
520 207 40 21 och
576 207 161 30 elfmynningar
752 205 72 51 skalle

75 240 46 22 tills
135 240 74 22 vidare
224 234 119 35 förbjudas,
359 242 77 26 antogs
452 241 146 22 oförändradt.

144 274 103 22 Härefter
263 275 98 21 tillsades
377 275 62 21 ordet
453 276 28 28 på
495 276 95 27 begäran

144 309 57 21 Herr
221 317 43 14 von
284 309 121 27 Gertten,
428 317 46 14 som
494 310 95 28 yttrade:
611 310 44 22 Det
675 311 69 22 finnes
765 313 57 24 ännu

77 346 31 20 ett
123 344 48 28 slag
186 344 23 21 af
222 344 140 29 fiskbragder,
379 344 74 22 hvilka
467 344 90 22 alldeles
567 344 49 22 icke
627 347 126 20 omnämnas
763 346 7 21 i
780 346 46 25 för

77 379 121 28 ordningen
214 380 38 20 och
269 386 46 14 som
330 380 29 28 på
374 380 44 21 min
434 379 83 21 hemort
533 379 72 21 blifvit
619 386 79 22 genom
714 381 110 28 ingången

76 413 176 29 fiskeriförening
273 413 37 22 vid
331 414 173 21 sockenstämma
523 413 117 29 förbjudna
657 416 32 20 att
704 415 121 27 användas;

77 449 37 21 det
129 450 24 20 är
167 448 89 29 katsjor.
282 448 44 28 Jag
340 450 37 20 vet
392 448 47 22 icke
455 456 34 14 om
505 449 26 21 de
547 448 110 29 begagnas
668 449 7 21 i
685 450 67 21 andra
766 450 59 23 delar

77 483 24 22 af
114 483 100 27 Finland,
229 491 50 14 men
294 484 8 20 i
317 484 44 20 min
377 483 109 28 hembygd
501 490 51 14 voro
569 482 26 22 de
610 483 58 22 förut
683 484 88 28 mycket
786 485 39 21 all-

77 520 80 20 männa
177 518 35 21 vid
232 518 42 22 den
295 518 60 22 tiden
375 518 27 21 då
424 518 68 21 fisken
507 518 68 27 leker,
591 524 49 15 men
656 518 26 22 de
698 518 22 22 få
735 526 91 14 numera

78 553 48 22 icke
147 553 119 28 användas,
287 553 91 22 emedan
398 553 144 31 fiskrommen
557 553 37 30 vid
611 553 106 29 fiskarnes
733 556 93 27 upptag-

78 589 54 28 ning
152 588 55 22 ifrän
228 588 78 21 katsan
325 588 104 21 förstöres
448 587 45 22 helt
508 587 40 22 och
563 588 68 21 hället
646 587 133 30 derigenom,
795 591 32 20 att

79 624 41 21 den
136 623 114 22 inblandas
266 622 50 23 med
330 624 80 27 gyttja,
427 623 52 22 sand
495 617 42 28 och
547 623 74 28 jord.
613 613 11 42 .

147 658 57 22 Herr
226 657 164 28 Ehrnrooth,
413 658 28 21 K.
463 659 37 20 A.:
523 657 63 22 Hvad
606 650 50 29 herr
677 665 40 15 von
734 658 92 22 Gertten

79 693 73 22 anfört
174 700 34 14 om
231 693 85 21 katsors
336 693 109 22 förmenta
464 693 130 28 skadlighet
602 699 68 16 anser
682 693 40 28 jag
737 694 20 27 ej
776 694 53 25 böra

79 727 113 22 föranleda
213 727 34 22 till
269 727 67 28 nägot
357 727 79 22 förbud
459 729 45 20 mot
526 725 74 32 dylika
619 727 89 22 stäende
728 727 99 29 bragder,

80 763 73 20 hvilka
173 762 48 21 icke
242 762 74 21 kunna
335 769 51 14 vara
405 761 109 29 skadliga,
529 761 56 22 blott
600 769 50 14 man
666 762 115 28 iakttager,
796 764 33 19 att

79 797 110 21 afständet
204 797 94 21 emellan
312 796 111 29 spjelorna
433 796 48 21 icke
491 797 78 21 blifver
580 796 84 22 mindre
674 798 28 19 än
713 797 116 21 mäskorna

80 832 33 22 för
128 831 86 22 tillätna
230 831 92 28 bragder
337 831 7 21 i
360 831 125 22 allmänhet.

148 866 102 22 Friherre
271 866 141 28 Carpelan:
434 866 43 27 Jag
497 866 69 21 skulle
587 866 100 28 upplysa,
707 868 32 19 att
754 866 75 21 katsor

81 901 111 28 begagnas
212 901 90 21 allmänt
317 901 7 20 i
339 893 48 28 Åbo
403 897 115 32 skärgård,
533 907 50 15 men
599 900 50 21 med
664 900 49 29 dem
728 901 33 21 fås
777 907 52 22 gan-

81 936 40 21 ska
140 935 49 21 litet
209 935 50 26 fisk,
280 935 39 21 och
339 935 72 21 blåser
431 935 36 21 det
485 935 48 22 icke
549 935 91 28 lämplig
654 927 61 36 vind,
731 935 33 22 får
780 942 49 14 man

81 966 116 32 ingenting
212 969 49 22 med
277 970 55 27 dem,
348 969 24 30 så
387 971 31 20 att
431 969 40 29 jag
485 969 48 22 icke
546 970 43 21 kan
600 976 52 15 anse
663 951 52 40 dem
723 969 33 22 för
767 969 63 22 skad-

81 1005 45 28 liga
146 1004 141 28 fiskbragder,
307 997 51 28 utan
380 1004 120 34 tillstyrker
519 1006 33 20 att
571 1004 26 22 de
616 1004 35 22 må
666 1004 22 22 få
700 1003 131 30 bibehållas.

150 1039 58 21 Herr
223 1039 150 28 Forselles,
389 1039 24 21 P.
429 1038 36 22 E.:
481 1033 71 28 Äfven
565 1040 39 28 jag
615 1039 33 22 för
658 1036 45 32 min
714 1040 35 20 del
760 1039 70 21 skulle

82 1075 92 27 upplysa
195 1075 30 20 att
245 1074 13 21 å
277 1074 45 21 min
342 1074 95 26 hemort,
457 1074 72 22 Elimä
549 1074 87 27 socken,
652 1066 80 35 brukas
747 1074 84 28 katsjor

83 1108 83 29 ganska
187 1108 87 28 mycket
294 1108 40 22 och
346 1108 40 28 jag
400 1108 39 22 har
455 1109 70 28 aldrig
539 1108 59 28 hört,
614 1110 32 20 att
660 1108 26 22 de
701 1104 52 26 vore
769 1108 62 22 skad-

83 1144 45 27 liga
143 1143 7 21 i
166 1143 36 21 det
218 1143 102 21 afseende
336 1150 46 14 som
398 1141 50 23 herr
463 1150 42 15 von
521 1143 92 21 Gertten
628 1143 124 22 framhållit.

151 1178 58 21 Herr
229 1185 42 14 von
291 1178 80 26 Born,
392 1177 20 22 J.
432 1178 38 21 A.:
492 1178 35 21 Då
546 1178 66 21 redan
628 1178 52 21 flere
694 1179 68 20 talare
778 1184 54 22 upp-

84 1212 58 22 trädt
164 1212 34 21 till
220 1212 124 28 katsjornas
364 1212 91 26 försvar,
472 1212 23 21 sä
509 1212 38 21 vill
562 1212 48 28 jag,
627 1219 45 14 som
688 1212 56 21 hade
760 1214 73 20 ämnat

85 1248 58 27 yttra
158 1250 82 18 samma
256 1246 56 28 äsigt
328 1253 46 14 som
389 1246 26 22 de
431 1246 101 22 sednaste
547 1246 74 27 talare,
637 1246 48 22 icke
700 1247 50 21 med
765 1248 67 26 ytter-

85 1281 69 28 ligare
175 1280 137 28 andragande
328 1280 7 22 i
350 1280 59 22 detta
425 1282 63 20 ämne
503 1275 97 35 upptaga
615 1280 163 30 ridderskapets
793 1282 40 20 och

87 1316 75 20 adelns
177 1315 38 21 tid.
834 1337 2 2 N

153 1349 59 21 Herr
226 1350 211 20 landtmarskalkens
453 1350 52 20 härä
520 1350 33 20 till
569 1348 85 22 ständet
668 1349 79 21 ställda
762 1349 71 27 fräga,

87 1390 34 14 om
142 1383 36 21 det
198 1383 51 21 ville
268 1383 94 21 hänföra
379 1383 85 27 katsjor
485 1383 33 21 till
538 1383 140 27 fiskbragder,
696 1383 86 21 hvilkas
797 1383 36 21 be-

87 1417 114 29 gagnande
222 1417 66 21 borde
308 1417 171 29 allmänneligen
499 1416 122 29 förbjudas,
640 1418 47 20 blef
699 1417 50 21 med
764 1418 70 26 öfver-

86 1451 99 28 vägande
200 1452 40 28 nej
252 1452 110 21 besvarad.

133 1492 52 22 Högl,
199 1492 50 18 Ridd.
263 1493 29 16 och
305 1492 63 17 Adelns
382 1493 64 16 Protok,
746 1493 22 16 25
