1000 1703
781 126 37 21 141

100 191 82 23 ändrad
201 191 108 22 efterbild.
338 190 117 30 Utgående
474 192 48 22 från
542 191 42 22 den
605 191 64 23 äfven
689 191 81 29 riktiga
785 191 63 30 åsigt,

100 230 32 18 att
152 233 27 15 en
198 228 43 20 viss
262 227 35 20 del
317 227 25 21 af
358 227 191 28 rörelsekapitalet
566 227 63 21 alltid
643 227 70 20 måste
728 226 67 21 blifva
809 227 39 21 hos

98 261 146 22 allmänheten
269 261 138 27 utestående,
427 261 132 26 bestämdes,
575 263 32 20 att
627 261 152 21 sedelstocken
799 261 50 21 med

98 296 65 27 högst
178 296 27 21 30
221 296 100 27 miljoner
337 295 106 22 riksdaler
459 296 69 21 skulle
544 295 22 21 få
579 295 136 21 öfverskrida
726 295 122 22 metalliska

98 330 92 21 kassans
214 330 86 28 belopp,
323 330 84 20 hvilket
427 331 46 20 åter
494 329 131 22 fastställdes
645 329 35 21 till
702 331 26 19 10
748 330 101 28 miljoner

98 364 107 21 riksdaler
225 365 70 20 såsom
313 364 123 27 minimum,
453 365 7 20 i
475 364 54 28 följd
549 364 78 21 hvaraf.
645 364 100 27 valutan,
761 364 27 21 då
806 364 42 21 den

99 399 60 21 stode
180 400 28 27 på
224 399 32 21 sin
272 399 71 28 lägsta
358 399 40 21 och
419 399 149 21 sedelstocken
588 400 27 27 på
634 399 32 20 sin
683 399 78 27 högsta
776 399 72 21 stånd-

97 434 81 28 punkt,
193 434 87 20 komme
299 435 31 19 att
347 435 78 27 utgöra
441 435 26 19 25
483 435 90 27 procent
589 433 23 21 af
625 433 49 21 hela
690 433 158 21 sedelstocken.

96 469 60 21 Herr
176 476 41 14 von
236 468 133 22 Haartmans
384 469 82 28 förslag
481 469 84 21 medför
580 468 47 22 icke
643 468 27 21 de
685 468 101 28 fördelar,
802 476 45 14 som

98 504 42 20 den
156 503 93 21 svenska
264 502 232 30 banklagstiftningen.
527 503 66 22 Utom
609 503 36 21 det
661 504 31 20 att
707 503 105 29 förslaget
825 505 24 19 är

98 538 108 28 grundadt
220 538 28 28 på
264 545 26 14 en
307 538 133 27 sedelstock,
456 546 45 14 som
517 546 50 14 man
583 538 49 21 icke
647 538 118 21 återfinner
781 538 69 21 under

97 573 42 21 den
160 572 30 22 tid
206 572 189 29 silfverutvexling
411 573 54 28 egde
481 580 57 20 rum,
555 575 23 19 är
593 572 147 22 förhållandet
755 573 93 21 emellan

97 608 78 27 högsta
191 608 87 21 valutan
295 607 40 22 och
351 608 78 27 högsta
444 608 150 21 sedelstocken
609 607 6 21 i
627 607 105 28 förslaget
747 607 48 22 icke
811 607 37 22 be-

97 642 81 21 stämdt
192 644 32 19 att
239 649 52 14 vara
307 642 70 21 såsom
394 643 26 20 25
437 643 32 21 till
487 643 39 21 100
542 643 54 21 eller
611 641 88 22 valutan
714 643 26 20 25
755 644 92 27 procent

97 677 23 20 af
142 677 156 21 sedelstocken.
333 676 77 28 Enligt
430 677 105 27 förslaget
557 677 86 20 komme
666 677 71 27 lägsta
759 677 87 21 valutan

97 713 31 19 att
144 711 34 21 stå
193 710 33 21 till
241 711 78 27 högsta
335 710 151 22 sedelstocken
501 711 8 21 i
523 710 36 22 det
574 710 136 22 förhållande
726 718 45 14 som
791 711 12 20 2
814 711 34 21 till

96 747 12 19 6
129 746 54 22 eller
204 747 78 27 utgöra
302 746 41 28 331
363 748 91 26 procent
474 746 23 21 af
515 746 78 28 högsta
609 745 153 27 sedelmassan,
778 745 68 21 ehuru

96 779 157 23 ofvananförda
267 780 122 28 grundsats,
401 782 32 19 att
445 783 31 18 ett
491 780 63 22 lands
569 780 217 27 omsättningsmedel
798 780 49 21 icke

96 816 42 21 kan
160 815 78 29 sjunka
258 815 68 21 under
347 822 26 14 en
394 815 43 21 viss
453 817 74 27 gräns,
543 815 49 21 icke
608 814 99 29 påkallar
722 816 32 19 ett
769 814 77 22 sådant

94 853 46 18 mot
159 850 40 21 den
220 850 94 21 svenska
335 850 226 28 banklagstiftningen
583 849 64 22 äfven
670 849 110 21 stridande
802 850 44 20 för-

95 884 108 22 hållande.

163 919 57 21 Herr
236 919 125 28 Törngrens
377 919 35 21 vid
429 920 58 20 förra
503 918 169 23 sammanträdet
688 918 40 22 och
741 918 51 22 herr
803 926 42 14 von

94 954 128 21 Bonsdorffs
244 961 30 14 nu
295 954 135 21 framställda
449 954 92 28 förslag,
561 955 96 20 närmast
678 954 167 20 öfverensstäm-

95 988 77 22 mande
189 988 48 21 med
254 988 36 21 det
305 988 93 22 svenska
414 991 111 26 systemet,
536 991 37 19 äro
588 988 41 22 ock
643 988 113 28 grundade
771 989 28 27 på
814 990 32 19 ett

94 1022 136 29 godtyckligt
252 1023 123 28 antagande
394 1023 24 21 af
435 1023 41 21 den
495 1023 142 26 sedelmassa,
656 1029 46 14 som
724 1022 37 21 bör
781 1029 64 14 anses

94 1057 148 28 oundgänglig
262 1057 34 21 för
316 1057 97 21 rörelsen
435 1058 40 21 och
495 1057 85 22 derföre
597 1057 48 21 icke
661 1057 94 20 behöfva
770 1056 7 21 i
792 1057 52 21 ban-

93 1092 44 21 ken
156 1091 65 22 hafva
241 1099 27 14 en
289 1093 152 20 motsvarande
456 1092 118 29 klingande
591 1091 79 22 valuta.
700 1091 11 21 I
726 1091 119 22 allmänhet

94 1127 43 21 kan
152 1127 123 26 anmärkas,
291 1129 32 19 att
338 1129 52 19 enär
406 1127 73 22 valuta
494 1127 48 22 icke
558 1127 98 21 kommer
671 1126 8 21 i
692 1126 62 28 fråga
764 1127 33 20 för
808 1127 37 20 det

93 1161 95 22 fixerade
209 1161 173 28 sedelbeloppet,
399 1169 46 14 som
464 1162 70 21 skulle
550 1163 108 20 motsvara
674 1161 170 21 cirkulationens

94 1196 130 28 ovilkorliga
241 1195 76 28 behof,
333 1196 40 21 och
388 1196 33 21 för
437 1197 38 21 allt
490 1195 57 22 hvad
561 1195 127 22 derutöfver
702 1195 8 21 i
726 1195 70 22 sedlar
812 1197 32 19 ut-

93 1231 70 28 gifves
181 1231 39 20 full
237 1231 73 21 valuta
324 1231 39 21 bör
380 1231 83 28 ställas,
480 1231 37 21 det
532 1231 43 20 kan
591 1230 67 21 blifva
673 1230 59 21 svårt
748 1232 31 19 att
794 1229 50 22 med

92 1266 73 27 någon
185 1265 102 21 säkerhet
307 1265 34 21 för
359 1266 135 21 närvarande
513 1265 121 21 bestämma
649 1265 37 20 det
702 1265 78 28 belopp
797 1264 47 21 sed-

92 1299 40 27 lar,
147 1299 101 22 hvarföre
264 1299 74 22 valuta
353 1301 51 20 utan
420 1299 46 22 risk
481 1300 33 21 för
529 1299 87 22 banken
632 1306 63 14 anses
709 1299 49 21 icke
769 1299 75 21 behöf-

92 1334 37 27 lig.
159 1327 21 27 Å
194 1339 41 15 ena
250 1333 62 21 sidan
328 1333 33 21 får
377 1334 70 20 denna
464 1340 83 14 summa
562 1333 49 21 icke
627 1333 68 21 blifva
710 1333 34 21 för
759 1333 50 27 hög,
820 1335 23 25 ty

93 1367 27 20 då
136 1367 124 27 äfventyras
275 1367 98 21 bankens
390 1367 103 21 säkerhet
508 1367 39 21 och
564 1367 12 21 å
591 1366 68 21 andra
675 1367 61 21 sidan
752 1367 39 20 bör
802 1367 41 20 den

92 1401 20 29 ej
133 1401 69 22 heller
222 1401 67 22 blifva
309 1401 34 22 för
362 1401 43 29 låg,
422 1402 90 21 emedan
529 1401 81 22 silfrets
625 1401 110 22 räntelösa
750 1401 94 28 innelig-

92 1437 70 28 gande
178 1437 7 21 i
202 1437 85 22 banken
303 1437 34 21 för
353 1437 41 21 den
411 1437 69 28 öfriga
495 1437 145 21 sedelmassan
658 1436 71 21 blefve
745 1436 7 21 i
766 1436 76 22 sådant
