1003 1706
202 139 41 21 388

174 203 43 28 Jag
240 203 81 21 önskar
333 202 106 27 derföre,
455 204 32 19 att
506 203 36 21 det
564 202 66 22 måtte
653 202 21 21 få
694 202 52 22 bero
764 202 28 28 på
813 201 110 29 pröfning,

173 238 56 20 huru
244 237 46 21 vidt
306 237 130 27 föreningen
452 236 55 22 skall
523 236 85 22 sträcka
624 236 40 28 sig.

240 271 68 28 Herr;
325 266 84 37 Munck,
435 270 27 22 K.
477 271 36 21 F.:
528 271 62 21 Efter
605 270 56 21 hvad
674 271 40 27 jag
729 271 43 21 kan
788 271 64 27 finna,
863 271 61 20 inne-

174 306 70 21 häller
263 306 176 28 propositionen,
455 308 32 18 att
507 306 115 28 guvernör,
638 305 53 21 hvar
710 306 8 20 i
737 306 38 20 sitt
790 305 47 27 län,
853 305 71 21 skulle

177 340 77 28 bringa
276 340 34 21 till
334 340 66 21 enhet
419 339 64 22 dessa
502 339 184 29 hufvudgrunder.
720 340 11 21 I
752 346 27 15 en
799 339 96 29 följande
916 341 11 27 &

174 375 146 21 förekommer
342 374 119 28 stadgande
481 381 35 15 om
531 375 56 21 huru
602 374 103 22 förhällas
721 374 65 27 skall,
802 376 40 20 när
857 374 67 22 saken

173 409 69 28 gäller
257 410 53 20 flere
325 409 47 21 läns
388 409 139 21 innevänare.

240 444 58 21 Herr
321 443 93 28 Späre,
433 443 28 21 K.
481 444 46 20 W.:
551 444 43 27 Jag
616 444 24 20 är
662 444 149 20 förekommen
832 444 24 20 af
873 444 50 20 herr

174 478 86 21 Munck.
290 478 104 20 Friherre
417 478 109 28 Carpelan
547 478 39 20 har
608 484 79 21 genom
710 478 38 21 sitt
769 478 101 28 yttrande
891 478 32 21 in-

173 513 87 21 kräktat
274 512 28 28 pä
315 513 63 19 nästa
394 512 29 28 $:s
439 512 95 20 område.

241 546 32 22 På
294 546 75 21 derom
393 546 23 21 af
436 546 50 21 herr
506 546 201 22 landtmarskalken
728 546 63 28 gjord
811 546 112 29 förfrågan

173 583 77 26 antogs
266 580 48 21 8:de
329 580 98 28 punkten
443 582 52 19 utan
511 580 98 28 ändring.

240 615 50 21 Den
309 615 23 21 af
350 615 107 21 utskottet
477 614 125 30 föreslagna
622 615 114 21 redaktion
753 616 24 20 af
790 615 46 23 9:de
851 616 71 28 punk-

171 652 37 20 ten
224 650 127 28 godkändes
366 650 24 21 af
403 650 86 21 ståndet
505 652 52 18 utan
573 649 130 22 diskussion.

240 684 104 22 Rörande
361 684 61 22 10:de
437 684 106 28 punkten,
558 684 89 22 hvilken
663 686 23 19 är
702 684 24 21 af
739 684 107 22 utskottet
857 685 65 21 alter-

172 720 70 21 nativt
256 719 134 29 föreslagen,
405 719 86 28 yttrade

239 750 103 26 Friherre
358 754 138 28 Carpelan:
513 754 42 28 Jag
571 754 71 21 skulle
656 760 52 15 anse
718 754 111 28 uttrycket
839 755 82 27 ,bättre

171 789 100 27 fiskslag*
288 796 51 14 vara
357 788 84 28 ganska
456 788 127 21 obestämdt.
613 788 230 28 Fiskeriinspektören
859 788 39 22 har
913 789 8 20 i

172 823 37 21 sitt
224 823 82 28 förslag
321 822 116 29 uppgifvit,
453 824 31 19 att
500 829 26 15 en
543 823 47 26 fisk,
605 829 45 14 som
667 822 24 21 af
704 823 93 28 mången
812 830 64 14 anses
887 823 34 21 för

171 865 27 13 en
214 858 82 26 raritet,
312 864 27 14 en
355 857 23 21 af
392 858 26 20 de
433 857 72 21 bättre
520 857 104 26 fiskarne,
640 857 110 27 nemligen
766 858 71 26 laken,
853 857 68 21 borde

171 894 90 24 utrotas,
277 894 22 26 ty
315 892 43 20 han
374 892 39 20 har
428 892 92 20 kommit
533 892 34 20 till
577 891 41 21 den
630 891 161 28 erfarenheten,
801 894 32 19 att
844 892 41 20 den
896 893 24 19 är

171 934 27 14 en
209 927 79 28 glupsk
298 926 48 21 fisk.
362 926 76 21 Laken
449 927 24 20 är
483 926 55 21 dock
549 926 33 20 till
593 926 33 20 sin
638 927 63 19 natur
712 926 86 28 mycket
809 926 112 28 senfärdig

171 961 40 21 och
229 961 63 28 lugn,
312 961 48 21 icke
381 961 80 20 förstör
481 960 41 22 den
543 961 24 20 så
585 960 89 28 mycket
688 960 117 29 fiskyngel;
822 961 98 21 deremot

171 995 97 22 förordar
283 996 43 20 han
341 995 87 28 mycket
443 996 32 21 ett
490 996 66 20 annat
571 994 95 28 fiskslag,
682 1001 46 15 som
744 997 24 19 är
783 996 22 20 af
817 995 26 21 de
857 996 63 27 glup-

171 1030 83 28 skaste,
270 1030 110 28 nemligen
403 1029 91 29 gäddan.
524 1030 49 20 Den
589 1036 41 14 ena
644 1030 77 27 tycker
736 1031 33 19 att
784 1030 96 20 abboren
896 1032 24 19 är

171 1065 82 26 bättre,
269 1064 42 21 den
326 1064 68 21 andra
408 1064 76 27 tycker
499 1066 32 19 att
547 1063 84 28 gäddan
647 1065 23 20 är
686 1064 46 27 det;
748 1064 37 20 det
800 1063 67 22 borde
883 1064 36 21 be-

171 1100 111 25 stämmas,
298 1098 56 21 hvad
370 1105 45 14 som
435 1105 74 14 menas
525 1097 50 22 med
588 1098 110 27 uttrycket
713 1098 83 27 ,bättre
811 1098 107 28 fiskslag*.

170 1132 44 22 För
234 1132 66 28 öfrigt
320 1132 70 21 skulle
407 1132 40 28 jag
467 1132 53 28 vilja
539 1131 115 28 godkänna
670 1132 36 21 det
721 1132 23 21 af
757 1131 161 30 ridderskapets

170 1167 39 21 och
225 1167 75 21 adelns
315 1168 56 19 samt
386 1166 170 21 bondeståndets
571 1166 133 27 deputerade
720 1166 118 28 tillstyrkta
853 1167 66 21 alter-

169 1202 92 26 nativet;
278 1201 36 20 det
328 1202 24 19 är
367 1201 110 27 nemligen
493 1200 74 27 kändt,
578 1201 32 20 att
625 1207 35 14 om
675 1201 39 20 not
728 1200 49 21 icke
788 1200 33 21 får
831 1200 86 29 dragas,

171 1236 23 19 så
208 1235 33 20 fås
260 1235 6 20 i
282 1235 79 26 många
375 1235 83 20 trakter
473 1235 124 26 ingenting,
613 1235 132 20 åtminstone
761 1235 23 20 är
800 1234 118 22 förhållan-

170 1268 36 21 det
226 1268 77 21 sådant
322 1267 49 21 med
391 1268 89 21 braxen.
510 1267 43 28 Jag
572 1267 39 21 har
631 1268 49 20 hört
702 1274 26 14 en
749 1268 53 20 värd
822 1268 96 21 ledamot

170 1303 39 20 här
224 1304 59 25 säga,
299 1303 32 19 att
346 1301 41 21 den
402 1301 43 21 kan
461 1301 77 28 fångas
553 1301 7 20 i
575 1302 89 27 ryssjor,
680 1307 50 15 men
746 1301 31 20 uti
792 1302 84 27 grunda
888 1303 30 20 vi-

169 1337 39 21 kar
223 1337 75 20 kunna
312 1335 48 22 icke
376 1336 82 28 ryssjor
473 1336 118 28 begagnas,
606 1335 28 22 då
648 1335 99 22 deremot
762 1337 65 20 noten
843 1338 24 19 är
881 1337 37 20 det

170 1371 55 21 enda
240 1370 82 21 medlet
336 1369 104 22 hvarmed
455 1377 50 14 man
521 1370 42 21 kan
575 1370 110 21 åtkomma
695 1370 72 21 denna
777 1370 47 21 fisk.
850 1371 67 28 Ryss-

168 1407 39 27 jan
230 1407 24 19 är
272 1405 24 20 så
316 1404 123 27 beskaffad,
455 1406 32 19 att
502 1404 95 21 fiskarne
612 1404 48 21 icke
676 1411 68 22 gerna
758 1405 72 28 hoppa
845 1405 7 21 i
868 1405 49 28 den,

170 1441 57 20 helst
246 1439 28 22 då
293 1439 42 21 den
355 1439 45 22 står
420 1439 47 21 litet
487 1439 60 21 öfver
567 1439 163 28 vattenbrynet;
754 1440 49 21 med
821 1442 38 19 not
875 1440 42 22 kan
