998 1706
184 148 40 20 338

154 212 58 27 ligen
228 213 32 19 ett
275 212 124 28 förkastligt
413 212 207 28 jordbrukssystem,
637 219 49 14 men
698 210 36 24 det
744 211 69 23 finnes
824 211 79 29 många

154 246 76 27 andra,
252 253 45 14 som
321 248 36 19 äro
381 247 90 20 alldeles
490 247 44 21 lika
554 246 138 28 förkastliga,
708 247 40 21 och
764 247 74 21 hvilka
853 254 50 14 man

154 280 64 27 dock,
234 281 27 21 då
277 280 26 22 de
319 282 86 27 engång
422 282 75 20 vunnit
512 282 51 20 häfd
578 282 6 20 i
601 283 31 19 ett
647 281 60 27 land,
724 282 20 28 ej
761 282 23 20 så
798 282 38 20 der
847 283 57 19 tvert

154 315 87 28 igenom
262 317 32 19 ett
314 316 80 28 lagbud
414 316 42 20 kan
475 316 97 21 afskaffa.
603 316 28 20 Vi
651 316 65 21 hafva
737 316 6 21 i
764 316 93 21 Finland
873 318 31 19 ett

154 352 67 19 annat
241 352 43 19 sätt
304 352 32 19 att
353 350 70 22 bruka
440 351 86 27 jorden,
546 358 46 14 som
612 350 39 21 har
670 350 97 29 ödelagt,
788 358 35 14 om
838 351 67 21 också

154 385 20 27 ej
191 385 44 20 lika
250 387 59 19 stora
324 386 97 20 sträckor
434 386 50 26 jord
500 392 45 14 som
562 385 161 28 svedjebruket,
738 386 24 20 så
772 386 132 20 åtminstone

154 419 82 28 ganska
262 419 121 28 betydliga;
406 420 36 21 det
465 422 24 19 är
512 420 26 21 de
560 420 24 21 så
604 420 86 21 kallade
715 420 188 21 hafverländerna.

154 453 60 21 Hvar
235 454 40 21 och
294 461 27 14 en
341 461 44 14 som
407 455 84 20 försökt
510 456 32 19 att
562 454 91 21 försätta
674 455 72 27 gamla
766 455 139 20 hafreländer

154 489 6 20 i
176 489 85 28 verklig
276 489 81 27 kultur,
372 489 33 21 lär
420 490 20 27 ej
457 489 59 22 finna
531 489 37 21 det
578 489 118 28 påstående
708 489 153 28 oberättigadt,
872 491 32 19 att

154 523 60 21 detta
233 523 56 22 bruk
309 523 43 22 kan
374 524 110 21 förderfva
502 524 79 29 jorden
595 524 45 21 lika
655 524 87 28 mycket
758 531 45 14 som
820 523 83 29 svedje-

154 558 87 27 bruket,
262 559 39 20 och
318 558 55 22 dock
388 560 45 19 tror
446 559 39 28 jag
501 559 28 28 ej,
544 560 32 20 att
592 559 93 28 mången
702 559 51 21 ville
769 559 87 21 förorda
872 560 32 20 ett

154 595 57 19 tvert
232 593 39 21 och
292 593 86 22 absolut
393 593 78 21 förbud
487 596 58 19 emot
560 593 236 28 hafverlands-bruket,
812 593 91 22 emedan

154 627 60 22 detta
234 628 70 21 skulle
325 627 116 22 framkalla
456 628 74 21 alltför
546 630 58 19 stora
619 628 135 28 rubbningar
769 629 7 20 i
792 629 26 20 de
832 628 72 21 lands-

155 664 68 20 orters
239 663 109 26 ekonomi,
359 663 38 21 der
409 663 59 21 detta
479 663 164 28 brukningssätt
654 663 55 21 varit
719 663 97 21 allmänt.
840 663 64 21 Hvad

154 697 37 21 det
207 697 109 28 beträffar,
332 699 31 20 att
378 697 155 28 svedjebruket
548 698 20 27 ej
585 698 70 21 skulle
670 697 64 22 hafva
745 698 56 21 varit
812 705 26 14 en
849 698 54 28 följd

154 732 32 26 af,
201 734 52 19 utan
269 739 26 14 en
317 731 63 22 orsak
399 732 83 27 dertill,
497 734 33 19 att
545 733 7 20 i
568 733 58 20 vissa
641 733 59 20 delar
716 733 24 20 af
752 733 74 20 landet
841 733 63 20 åker-

154 766 78 21 vidden
253 768 24 19 är
297 766 34 21 för
351 767 63 27 ringa
435 767 33 21 för
489 767 164 27 befolkningen,
674 767 23 21 så
715 769 45 19 tror
773 767 39 28 jag
827 768 28 27 ej,
872 769 32 19 att

154 801 41 20 den
216 802 73 20 satsen
305 801 42 21 kan
363 801 12 25 i
386 801 43 20 allo
445 801 94 27 bevisas,
554 801 68 21 ehuru
638 801 66 22 också
719 801 59 22 detta
793 801 43 21 kan
852 808 52 15 vara

153 835 61 21 fallet
229 835 28 28 på
272 835 79 28 många
366 835 89 21 trakter.
485 835 29 22 Vi
529 835 65 22 hafva
610 835 82 22 trakter
707 835 7 21 i
730 836 48 21 vårt
793 836 57 27 land,
866 836 37 22 der

154 871 77 19 nästan
253 869 29 22 all
303 869 41 22 den
357 870 60 27 jord,
433 877 46 14 som
495 870 49 21 med
564 871 71 27 någon
651 870 70 21 fördel
736 870 43 21 kan
794 871 60 20 odlas
871 871 33 21 till

154 904 85 28 verklig
261 904 60 27 åker,
341 904 67 22 redan
429 907 24 18 är
473 905 64 21 odlad
552 906 40 20 och
608 905 6 20 i
631 905 74 22 hvilka
720 905 84 21 trakter
819 905 84 22 befolk-

154 939 81 28 ningen
259 939 86 21 derföre
366 939 39 21 har
428 939 102 29 tillgripit
552 940 164 27 svedjebruket,
733 940 34 21 för
783 942 31 19 att
829 941 75 21 kunna

153 973 79 21 lifnära
247 973 39 28 sig.
311 973 49 21 Den
376 973 59 27 åker,
451 981 45 14 som
513 974 38 21 der
566 974 76 27 finnes,
656 974 43 21 kan
710 975 128 28 visserligen
849 976 54 27 möj-

154 1007 74 28 ligtvis
251 1007 125 28 uppdrifvas
400 1008 32 20 till
455 1015 26 14 en
503 1009 23 21 så
546 1009 44 27 hög
609 1009 53 27 grad
682 1009 24 20 af
719 1009 80 27 kultur,
815 1011 32 19 att
861 1010 42 21 den

154 1042 44 20 kan
213 1041 79 22 lifnära
308 1049 27 14 en
350 1042 45 21 lika
410 1044 45 19 stor
473 1042 138 28 befolkning,
627 1050 46 13 som
688 1050 28 14 nu
732 1043 69 21 finnes
817 1044 7 20 i
840 1043 63 22 dessa

154 1076 89 27 trakter,
266 1083 51 14 men
339 1076 60 21 detta
420 1078 23 19 är
464 1079 58 19 ännu
538 1077 47 21 icke
606 1077 61 21 fallet
683 1077 40 21 och
738 1077 42 22 kan
797 1079 19 26 ej
834 1078 69 21 heller

154 1110 160 21 åstadkommas
333 1111 59 20 inom
407 1111 69 27 några
492 1111 21 22 få
528 1112 30 26 år,
574 1111 100 21 hvarföre
688 1112 39 27 jag
743 1113 19 26 ej
778 1112 42 21 kan
836 1115 67 18 annat

154 1146 27 19 än
197 1152 51 13 anse
264 1144 37 21 det
316 1146 79 26 ytterst
414 1145 83 28 vådligt
512 1148 31 19 att
558 1145 74 21 alltför
648 1147 56 20 tvert
720 1147 53 26 göra
788 1146 114 21 inskränk-

153 1179 78 27 ningar
253 1179 7 20 i
283 1179 42 20 den
347 1179 104 28 rättighet
467 1180 33 20 till
516 1179 137 28 svedjebruk,
670 1186 45 14 som
732 1180 77 21 hittills
824 1181 56 20 varit
895 1181 8 20 i

153 1212 73 21 landet
245 1212 132 28 medgifven.
407 1213 43 28 Jag
470 1214 65 27 yrkar
554 1213 84 21 således
652 1214 36 27 på,
705 1215 32 20 att
752 1214 150 29 ridderskapet

153 1247 40 20 och
213 1247 63 20 adeln
296 1247 20 27 ej
333 1247 34 20 må
383 1247 56 20 fästa
455 1248 67 27 något
538 1247 102 21 afseende
655 1248 36 20 vid
707 1248 50 21 herr
772 1255 42 14 von
830 1249 72 20 Weis-

152 1280 105 27 senbergs
272 1281 195 27 petitionsförslag.

220 1314 58 21 Herr
294 1314 90 29 Spåre,
400 1314 27 21 K.
443 1315 46 21 W.:
509 1315 58 22 Utan
583 1317 32 20 att
631 1316 68 21 inlåta
714 1316 45 29 mig
774 1316 7 21 i
796 1316 37 22 det
848 1324 53 22 gan-

152 1349 39 21 ska
210 1349 145 29 äfventyrliga
374 1350 100 21 försöket
494 1352 32 19 att
546 1350 46 21 lösa
612 1351 83 28 frågan,
715 1351 107 22 huruvida
840 1352 62 22 sved-

149 1384 77 29 jandet
247 1386 23 20 är
292 1384 113 29 gagneligt
424 1385 53 21 eller
493 1385 30 28 ej,
539 1385 37 21 vill
589 1386 39 27 jag
643 1385 58 22 hålla
716 1386 45 29 mig
777 1387 76 21 endast
868 1388 33 21 till

152 1419 41 21 den
209 1419 139 28 författning,
364 1427 46 14 som
426 1421 96 20 närmast
537 1421 61 20 rörer
608 1422 80 19 ämnet.
713 1421 99 22 1851-ärs
826 1422 75 29 skogs-

150 1454 128 30 förordning
298 1454 95 29 stadgar,
413 1456 32 19 att
465 1455 37 21 det
522 1456 19 28 ej
562 1455 34 22 får
612 1455 85 30 svedjas
712 1457 28 28 pä
755 1457 67 23 sådan
838 1460 63 29 berg-
