992 1725
767 127 42 22 203

224 194 7 23 i
247 194 58 29 3:dje
321 194 29 22 kl.
366 194 49 23 med
431 196 27 21 23
468 196 29 28 ja
513 195 40 22 och
569 195 12 21 9
596 196 42 29 nej.

225 247 8 10 »
253 230 84 27 2dra,
386 248 9 9 »
442 232 43 26 8,
527 248 8 10 »
568 232 13 20 3
611 249 9 9 »

226 283 8 9 ,
255 266 84 26 Iista,
387 282 8 10 »
443 266 43 26 I,
527 283 8 9 »,
568 266 12 21 4
612 284 8 8 &

155 300 92 22 Jemlikt
263 301 111 28 utgången
390 301 24 21 af
427 300 72 22 denna
513 301 107 28 votering,
636 301 45 21 deri
690 302 25 28 ja
725 302 59 22 inom
795 304 43 21 alla

86 337 34 20 tre
136 335 113 21 klasserna
265 337 83 27 segrat,
364 342 38 16 var
417 335 148 22 betänkandet
580 336 6 20 i
603 336 71 22 denna
690 336 34 22 del
740 337 23 21 af
779 338 58 21 stån-

86 370 37 22 det
138 370 118 29 godkändt.

153 405 60 22 Enär
229 413 28 14 nu
274 406 48 22 med
337 406 119 28 anledning
471 406 24 21 af
508 406 26 21 de
550 405 78 29 gjorda
639 406 198 30 anmärkningarne

86 442 59 20 emot
165 440 144 22 redaktionen
329 440 23 22 af
371 442 121 20 momentet
514 440 135 30 proposition
672 441 76 22 härom
768 443 69 21 skulle

86 475 127 29 uppställas,
230 475 75 21 anhöll

155 510 58 22 Herr
231 510 136 22 Molander
388 518 35 14 om
444 511 62 21 ordet
526 511 40 21 och
586 511 96 28 yttrade:
706 512 43 28 Jag
767 513 70 21 skulle

59 577 5 2 —
86 546 91 27 föreslå,
201 547 31 19 att
254 546 8 20 i
284 546 73 21 stället
379 546 34 21 för
433 546 63 22 ordet
512 546 114 27 ,utlånas",
642 546 70 22 skulle
729 547 110 30 begagnas

86 581 110 29 uttrycket
213 581 82 28 ,under
311 588 27 15 en
354 581 53 22 eller
423 589 73 14 annan
511 581 56 22 form
582 581 153 22 försträckas*.

154 616 11 22 I
181 617 53 28 följd
255 617 63 21 häraf
337 617 68 21 erhöll
427 617 41 22 den
484 617 24 21 af
521 617 51 21 herr
587 617 202 22 landtmarskalken
805 619 32 21 till

86 652 88 22 ståndet
189 652 78 22 ställda
282 653 165 28 propositionen
463 652 97 29 följande
575 652 92 28 lydelse:

156 687 145 27 »Godkänner
321 687 152 29 ridderskapet
491 687 40 21 och
552 687 63 22 adeln
637 687 41 22 den
694 688 24 21 af
731 688 107 22 utskottet

86 723 125 28 föreslagna
227 722 115 22 redaktion
358 723 24 20 af
395 722 167 29 ifrågavarande
573 724 97 19 moment
681 723 93 22 rörande
785 723 53 29 hög-

86 759 34 20 sta
138 757 108 29 beloppet,
263 765 45 14 som
324 757 33 22 får
372 757 33 21 till
422 764 26 15 en
464 765 80 21 person
560 757 108 28 utgifvas?

155 793 49 21 Den
227 800 45 14 som
296 793 127 28 godkänner
446 792 143 23 redaktionen
607 799 73 15 svarar
694 793 33 28 ja;
743 793 41 22 den
801 793 38 22 det

87 828 48 22 icke
152 830 39 26 gör
207 835 74 14 svarar
294 829 44 27 nej.

155 863 84 21 Vinner
262 864 47 27 nej,
333 863 86 27 utbytes
443 862 61 22 ordet
526 863 110 27 ,utlänas*
660 864 45 20 mot
728 864 110 28 uttrycket

88 916 8 10 ,
101 898 69 22 under
185 905 27 14 en
229 898 53 22 eller
297 905 72 15 annan
385 898 56 21 form
457 898 154 22 försträckas."

157 933 46 22 Och
223 940 46 15 som
290 933 70 22 denna
379 933 136 29 proposition
532 933 46 21 blef
590 933 50 21 med
656 933 112 22 obestridd
783 936 55 19 röst-

86 969 113 29 pluralitet
221 968 100 22 nekande
345 968 114 28 besvarad;
480 968 70 22 skulle
570 970 119 20 momentet
704 968 134 29 redigeras
827 964 15 38 i

87 1004 98 28 enlighet
200 1004 49 21 med
264 1003 251 29 kontrapropositionen.

155 1038 130 29 Päföljande
300 1040 127 25 momentet,
437 1038 150 22 innefattande
598 1038 136 22 föreskrifter
745 1040 93 21 rörande

86 1074 124 22 inrättande
226 1074 24 20 af
263 1080 42 21 nya
326 1073 170 22 vexelanstalter
516 1074 40 20 och
572 1075 124 27 agenturer,
711 1074 127 28 godkändes

87 1111 52 19 utan
155 1108 135 28 föregängen
306 1108 129 21 diskussion.

155 1143 50 22 Den
224 1144 7 21 i
252 1143 147 22 betänkandet
418 1143 124 29 föreslagna
562 1143 132 22 instruktion
715 1144 34 21 för
771 1144 67 21 bank-

86 1179 138 28 fullmäktige
244 1180 49 27 togs
313 1178 69 21 under
400 1179 136 28 granskning
554 1179 40 21 och
608 1179 91 28 gillades
714 1179 124 28 punkterne

89 1215 18 25 1,
124 1215 19 25 2,
159 1214 20 26 3,
194 1215 13 19 4
222 1213 39 20 och
278 1215 12 19 5
306 1213 63 20 deraf
382 1215 53 18 utan
451 1213 99 28 ändring.

156 1281 114 28 Emottogs
281 1289 27 13 en
319 1281 119 28 behörigen
448 1281 87 21 anmäld
544 1281 126 28 deputation
680 1281 48 20 frän
736 1281 103 28 borgare-

88 1317 93 26 ständet,
204 1316 89 21 hvilken
316 1316 68 20 under
405 1315 119 22 anförande
545 1316 25 21 af
587 1315 165 27 borgmästaren
773 1315 66 21 Holm

87 1351 162 25 underrättade,
266 1352 32 18 att
313 1350 86 20 ständet
410 1350 21 26 a)
442 1350 84 27 antagit
539 1349 161 27 ridderskapets
713 1350 40 19 och
764 1349 75 20 adelns

87 1384 132 27 inbjudning
241 1386 32 18 att
296 1389 79 21 genom
397 1389 26 14 en
447 1384 128 27 deputation
596 1383 24 20 af
639 1383 42 20 tolf
697 1383 142 20 medlemmar

88 1418 179 21 nästkommande
291 1416 82 29 onsdag
396 1418 111 27 uppvakta
532 1417 227 28 generalguvernören
783 1419 57 18 samt

88 1453 39 21 hos
143 1453 80 21 honom
239 1452 94 27 anhälla,
349 1451 37 22 det
400 1452 128 23 ständernas
544 1451 149 28 underdäniga
703 1451 136 30 lyckönskan
