1009 1703
800 131 27 21 69

174 193 58 21 Herr
252 193 146 28 Törngren:
419 193 44 28 Jag
481 193 70 22 skulle
571 195 45 26 tro,
634 196 32 19 att
685 195 42 21 den
747 196 107 29 ifrågava-

106 228 67 21 rande
191 227 121 28 petitionen
328 227 48 20 icke
391 227 106 21 behöfver
512 227 139 28 bordläggas,
667 236 49 14 men
733 237 35 14 om
783 231 72 27 någon

106 262 64 28 yrkat
185 261 74 28 derpå,
274 261 43 20 kan
330 261 39 27 jag
384 261 137 28 naturligtvis
537 261 48 22 icke
601 264 52 27 säga
669 263 66 28 något
751 264 103 22 deremot.

109 297 49 20 Man
179 296 70 21 skulle
270 295 55 21 dock
345 295 74 27 tycka,
435 297 32 19 att
482 295 71 22 denna
568 297 93 27 petition
677 297 39 21 har
731 298 51 28 föga
797 299 58 28 hopp

108 332 32 19 att
162 330 65 21 vinna
250 329 126 26 understöd,
399 329 131 21 åtminstone
555 330 65 21 bland
642 331 151 28 ridderskapet
816 333 40 21 och

107 364 70 26 adeln,
193 365 22 27 ty
231 370 34 14 om
282 363 64 21 äfven
362 363 159 22 marknaderna
536 364 69 22 skulle
622 365 113 27 afskaffas,
751 366 42 22 kan
808 367 48 21 icke

108 398 69 22 folket
192 398 88 21 hindras
295 399 33 19 att
343 397 87 21 komma
446 398 32 21 till
494 398 102 22 städerna
612 400 27 27 på
655 399 26 21 de
693 400 66 28 dagar
770 401 27 21 de
807 402 48 20 från

108 433 60 21 ålder
188 434 52 20 vant
259 432 34 29 sig
313 432 42 21 vid.
385 432 50 21 Man
457 432 38 22 har
515 434 43 20 sett
573 434 99 27 exempel
688 434 68 28 derpå
770 436 7 20 i
793 435 63 21 Tam-

108 467 101 27 merfors,
225 466 96 22 derifrån
341 466 66 22 också
422 466 41 22 den
479 467 64 21 ärade
559 468 146 28 petitionären
721 470 24 20 är
761 469 95 28 hemma;

108 503 38 21 der
162 502 113 27 existerar,
291 508 34 14 om
338 502 40 27 jag
393 502 43 20 rätt
451 502 114 28 påminner
580 502 52 28 mig,
643 503 36 21 två
694 504 81 28 lagliga
786 504 71 21 mark-

108 537 75 27 nader,
198 544 50 14 men
264 536 49 28 fyra
327 536 102 28 olagliga.
460 537 221 21 Guvernörsembetet
695 538 39 20 har
750 539 59 27 gjort
819 540 39 20 allt

108 572 34 20 för
158 573 31 19 att
205 570 78 22 hindra
297 570 27 22 de
339 570 96 28 olagliga
450 571 165 27 marknaderna,
627 578 48 15 men
687 572 26 20 de
724 573 37 21 äro
773 573 85 21 ändock

109 607 78 20 nästan
207 605 43 21 alla
269 604 104 22 talrikare
393 604 90 22 besökta
502 606 27 20 än
548 605 26 21 de
590 605 87 29 lagliga.
707 606 44 21 Det
765 607 70 29 ligger
851 608 7 20 i

109 642 74 19 ortens
202 638 157 22 förhållanden.
389 638 79 22 Folket
485 639 104 22 behöfver
604 640 87 21 komma
708 641 149 22 tillsammans.

110 675 39 20 Att
165 675 46 20 åter
226 673 41 21 den
283 673 242 21 marknadsbesökande
537 674 147 21 allmänheten
696 675 93 28 mången
800 676 58 28 gång

110 709 39 20 bär
165 709 32 27 sig
213 707 132 28 oordentligt
361 707 40 22 och
417 708 92 27 osedligt
525 708 28 27 åt,
569 709 23 20 är
609 708 53 21 visst
677 711 74 26 sannt;
762 717 49 14 men
823 711 36 20 det

111 745 23 19 är
151 751 25 13 en
193 749 73 15 annan
282 741 46 28 sak,
344 749 46 14 som
406 742 75 27 tyckes
496 749 78 21 genom
590 742 95 29 kraftiga
700 744 158 28 polisåtgärder

110 778 54 21 böra
186 777 73 22 kunna
282 776 85 29 stäfjas,
391 776 84 21 hvilket
495 777 38 21 allt
553 777 62 21 torde
636 777 67 22 blifva
722 779 52 28 föga
794 780 65 26 svårt,

110 812 127 29 isynnerhet
252 819 36 20 nu,
299 811 28 21 då
342 818 26 14 en
385 818 28 21 ny
427 812 36 27 lag
473 811 113 28 angående
597 812 159 29 misshandling
766 813 24 21 af
798 813 62 22 krea-

111 849 35 19 tur
166 847 99 21 kommer
280 847 33 20 att
327 846 24 21 af
365 846 116 21 ständerna
497 848 96 27 antagas.
623 847 160 22 Marknaderna
799 849 61 21 torde

112 882 48 21 icke
178 881 74 21 kunna
267 881 112 26 afskaffas,
396 881 89 27 sålänge
501 881 19 28 ej
536 881 87 21 tillfälle
639 881 90 22 beredes
744 883 33 20 för
792 883 69 21 folket

113 919 32 19 att
160 917 27 28 på
202 918 67 19 annat
285 917 42 19 sätt
343 915 76 28 utbyta
435 915 47 21 sina
497 915 124 28 produkter.
647 916 102 21 Handeln
764 917 40 21 har
819 917 41 21 den

113 950 150 28 egenskapen,
283 951 33 20 att
336 949 185 29 reglementering
539 950 6 20 i
562 949 41 22 den
619 951 69 26 vägen
704 950 51 28 föga
770 951 90 28 hjelper.

114 986 34 21 Då
164 985 68 20 folket
247 984 104 21 behöfver
366 983 55 28 sälja
437 984 53 21 eller
505 985 66 27 köpa,
588 985 69 20 måste
673 984 36 21 det
725 985 80 27 träffas,
821 986 40 21 och

115 1021 49 20 sker
185 1019 36 21 det
240 1019 49 21 icke
309 1018 32 22 uti
360 1019 78 27 sjelfva
452 1019 85 26 staden,
553 1019 24 20 så
592 1019 49 21 sker
657 1019 37 21 det
709 1020 28 28 på
752 1021 109 20 närmaste

114 1058 72 25 öppna
200 1054 55 28 plats
271 1055 60 19 utom
347 1053 83 21 staden.

182 1088 58 22 Herr
256 1087 163 27 Furuhjelm,
435 1087 27 21 H.
479 1088 37 21 V.:
533 1087 43 28 Jag
591 1087 38 21 vill
644 1088 77 21 endast
731 1088 77 21 förena
818 1088 45 28 mig

115 1124 49 20 med
187 1124 49 20 herr
259 1122 114 28 Törngren
396 1123 32 19 att
450 1122 91 21 ärendet
562 1121 49 22 icke
635 1122 66 21 borde
726 1122 136 28 bordläggas.

114 1152 73 27 Äfven
200 1157 39 28 jag
254 1156 94 22 förutser
362 1156 35 21 för
412 1156 43 20 min
473 1156 40 27 del,
529 1157 32 20 att
576 1156 120 28 petitionen
708 1156 7 21 i
727 1156 58 22 detta
801 1156 63 22 stånd

116 1193 38 20 har
170 1193 51 26 föga
235 1192 69 27 utsigt
318 1190 34 21 till
367 1190 124 22 understöd.

184 1226 59 21 Herr
262 1232 43 14 von
320 1224 78 27 Born,
414 1224 27 20 K.
461 1225 35 20 F.:
517 1224 96 21 Säframt
633 1224 47 21 icke
700 1225 71 27 någon
791 1232 73 14 annan

116 1261 66 27 yrkar
202 1260 27 28 på
250 1258 101 22 ärendets
373 1258 165 28 bordläggning,
555 1259 23 21 så
593 1258 88 28 frångår
694 1259 40 27 jag
749 1259 50 21 med
814 1260 50 26 nöje

117 1295 45 21 min
182 1294 96 28 begäran
299 1292 85 28 derom,
400 1292 57 21 helst
477 1293 63 21 äfven
557 1293 40 28 jag
617 1294 52 25 tror,
684 1294 33 18 att
734 1292 77 28 frågan
826 1293 39 21 har

117 1329 52 27 föga
184 1329 58 26 hopp
259 1328 32 19 att
306 1326 65 20 vinna
386 1326 119 21 understöd
520 1327 59 20 inom
595 1326 59 21 detta
669 1326 70 20 stånd.

186 1362 34 19 Då
239 1360 67 28 ingen
326 1360 69 20 talare
416 1360 73 21 vidare
509 1360 95 21 anmälte
625 1360 42 27 sig,
687 1360 113 27 tillsporde
815 1358 51 22 herr

118 1394 200 26 landtmarskalken
342 1393 95 29 ståndet,
457 1401 34 15 om
511 1393 36 22 det
566 1393 51 22 ville
636 1395 81 26 antaga
733 1394 133 28 prestastän-
