1003 1709
188 151 42 21 542

159 219 52 25 tror,
226 218 32 20 att
273 216 36 21 det
324 215 71 29 aldrig
408 216 43 21 kan
465 216 53 21 falla
532 216 72 27 någon
619 216 24 20 in
657 216 32 21 att
704 216 79 21 tilltala
793 222 27 14 en
830 215 75 22 läkare

158 252 35 21 för
207 253 15 19 t.
238 258 34 14 ex.
288 257 28 15 en
331 250 170 28 excerebration,
516 257 46 14 som
578 250 49 27 han,
638 250 33 21 för
685 251 32 20 att
727 250 68 21 rädda
804 250 101 22 modrens

159 285 33 28 lif,
213 283 105 30 vidtager.
349 284 42 29 Jag
409 284 91 21 föreslår
514 284 87 21 derföre
617 286 31 19 att
663 284 67 22 orden
746 285 18 26 ,i
779 284 126 28 rättsvidrig

159 320 77 29 afsigt"
254 320 70 21 såsom
340 319 129 21 förvillande
485 319 67 21 måtte
567 325 25 14 ur
607 320 12 27 $
634 319 59 28 utgå.

226 354 58 22 Herr
303 353 99 29 Spåre,
417 353 28 22 K.
460 353 44 22 W.:
524 353 49 22 Den
589 353 24 22 af
625 353 51 22 herr
691 361 42 14 von
749 353 157 28 Weissenberg

159 389 93 22 berörda
266 389 112 28 pleonasm
393 388 51 22 ville
460 388 63 22 äfven
536 389 40 28 jag
586 389 65 21 hafva
661 389 55 27 bort,
727 390 23 27 ty
761 389 63 21 söker
835 388 72 28 någon

159 427 32 19 att
209 423 104 23 fördrifva
333 423 54 22 eller
407 423 55 22 döda
483 425 31 20 ett
529 423 69 22 foster
616 425 52 20 utan
687 423 101 22 modrens
802 423 64 28 vilja,
882 423 23 20 så

159 459 68 22 måste
242 458 38 22 det
294 458 34 21 väl
344 464 51 15 vara
410 457 6 21 i
432 457 128 29 rättsvidrig
574 457 72 30 afsigt.

224 493 103 22 Friherre
343 492 139 29 Carpelan:
504 493 127 21 Tvertemot
650 492 58 22 hvad
726 493 132 28 föregående
874 494 31 19 ta-

157 529 46 21 lare
223 527 111 27 anmärkt,
354 534 64 15 anser
434 528 41 27 jag
494 527 67 22 orden
580 527 22 28 ,i
622 527 126 28 rättsvidrig
767 527 79 28 afsigt*
865 527 40 21 här

158 570 52 15 vara
224 561 134 28 fullkomligt
372 562 29 27 på
414 561 33 21 sin
462 561 64 29 plats.
551 561 45 22 Det
610 561 147 22 förekommer
772 562 44 27 fall,
832 561 28 22 då
874 561 31 21 lä-

158 597 68 22 karen
248 596 34 22 för
301 597 32 20 att
353 595 67 22 rädda
436 596 89 21 modren
541 597 69 20 måste
625 597 101 28 uppoffra
741 597 83 26 barnet,
840 597 15 20 t.
871 603 34 14 ex.

158 632 27 21 då
207 631 37 21 det
264 630 111 21 såkallade
396 630 151 28 kejsarsnittet
569 631 69 20 måste
659 631 116 21 användas.
804 631 101 21 Läkaren

156 666 44 21 kan
220 666 20 28 ej
257 672 51 14 vara
323 664 147 22 underkastad
485 665 67 28 något
567 672 78 15 ansvar
660 665 93 28 derföre,
767 667 32 19 att
813 666 43 21 han
872 665 33 21 för

157 703 32 19 att
208 699 68 22 rädda
295 699 90 22 modren
404 700 112 29 uppoffrar
536 700 84 21 fostret.
649 700 44 22 Det
709 700 124 29 föreslagna
848 701 56 21 stad-

157 735 81 28 gandet
252 734 57 23 afser
324 735 98 21 deremot
438 741 26 15 en
481 735 100 28 brottslig
597 735 72 28 afsigt.

224 770 59 21 Herr
302 769 203 28 Pippingsköld:
526 769 34 22 En
582 769 86 22 skilnad
688 769 69 22 finnes
777 769 36 23 det
830 770 75 22 likväl.

156 804 11 21 I
183 803 235 29 förlossningskonsten
440 804 69 27 gäller
529 804 36 21 det
584 804 8 21 i
607 804 120 21 allmänhet
747 805 69 21 såsom
837 805 68 28 regel,

157 840 32 20 att
209 839 38 22 der
267 839 95 28 qvinnan
382 839 24 20 är
425 838 33 28 sig
478 839 52 28 sjelf
547 838 84 29 mäktig
649 839 40 21 och
704 839 134 28 resignerad,
853 840 52 21 eska

157 873 82 22 hennes
259 873 122 28 utlåtande,
401 880 35 14 om
455 873 44 22 hon
520 873 37 22 vill
576 873 7 21 i
599 874 32 20 ett
649 873 58 22 svårt
725 873 38 22 fall
781 876 32 19 att
828 874 77 22 fostret

157 908 56 22 skall
233 907 111 30 uppoffras
365 907 53 33 eller
438 909 32 20 att
490 908 44 21 hon
555 908 52 28 sjelf
620 908 132 21 blottställes
768 909 34 21 för
817 916 27 15 en
859 909 45 21 lifs-

157 943 65 29 farlig
237 943 121 28 operation.
387 935 33 28 Är
435 943 36 21 det
486 943 28 21 då
529 943 30 28 så,
573 944 32 19 att
621 943 95 28 qvinnan
731 943 79 28 tydligt
825 944 81 21 uttalar

156 978 33 21 sin
210 978 97 28 mening,
328 977 24 21 så
367 977 43 22 kan
426 977 40 21 och
485 977 39 22 bör
539 977 90 22 läkaren
644 977 55 29 följa
712 978 84 21 hennes
811 978 93 28 önskan,

156 1013 105 28 antingen
280 1012 44 21 hon
344 1012 38 21 vill
402 1012 100 28 uppoffra
522 1012 34 29 sig
576 1012 52 28 sjelf
645 1013 55 21 eller
720 1013 40 21 ock
780 1015 32 20 att
826 1014 79 21 fostret

157 1054 78 21 genom
253 1054 28 15 en
299 1046 90 29 förtidig
403 1046 133 29 förlossning
550 1046 104 23 afdrifves
670 1047 54 22 eller
739 1055 35 14 om
790 1048 23 21 så
828 1048 77 29 nödigt

156 1084 24 19 är
196 1081 92 29 styckas.
311 1081 51 22 Men
377 1088 34 15 om
427 1089 30 14 nu
471 1082 161 21 accoucheuren
643 1082 70 21 skulle
724 1083 98 28 företaga
832 1083 34 28 sig
876 1090 27 15 en

155 1116 43 21 slik
212 1115 114 29 operation
341 1117 59 20 emot
418 1116 106 28 qvinnans
540 1116 78 28 tydligt
633 1117 95 21 uttalade
744 1117 62 28 vilja,
822 1118 24 21 så
860 1117 43 22 kan

155 1150 54 22 hans
224 1150 105 28 handling
343 1157 63 14 anses
421 1157 51 14 vara
487 1151 112 27 straffbar;
610 1151 24 21 så
648 1153 32 19 att
694 1153 52 20 utan
759 1152 39 21 allt
808 1152 47 21 skäl
866 1153 37 20 äro

155 1184 67 21 orden
244 1184 20 27 ,i
284 1184 126 28 rättsvidrig
425 1185 81 27 afsigt*
520 1185 49 21 icke
584 1185 39 21 här
638 1185 101 29 tillagde,
754 1193 35 14 om
804 1186 72 22 denna
891 1187 12 27 $

155 1218 56 21 skall
231 1218 46 22 afse
297 1218 65 22 äfven
379 1219 98 21 läkaren.
506 1219 105 22 Deremot
626 1227 64 14 anser
702 1220 41 28 jag
757 1222 76 25 ,utan"
849 1221 54 21 böra

154 1253 92 20 ersättas
261 1252 50 21 med
327 1252 62 21 ordet
403 1255 92 24 ,emot”,
510 1253 84 20 hvilket
609 1254 88 27 uttryck
710 1255 24 20 är
744 1260 60 15 mera
814 1260 89 22 expres-

154 1286 48 21 sivt.
232 1286 12 21 I
262 1285 42 22 den
324 1285 59 21 förra
402 1286 34 27 S:n
456 1286 47 21 åter
523 1286 55 21 talas
597 1293 33 14 om
647 1287 52 27 den,
715 1294 46 14 som
777 1287 49 22 med
842 1288 60 28 gvin-

154 1326 54 15 nans
224 1320 53 28 vilja
292 1319 139 29 uppsätligen
446 1319 68 22 dödar
529 1320 53 22 eller
597 1320 117 23 fördrifver
729 1321 82 23 hennes
826 1322 75 22 foster.

153 1353 47 23 Der
214 1355 43 21 kan
272 1355 67 28 ingen
355 1354 136 22 säbeskaffad
505 1355 119 28 rättsfräga
638 1356 86 28 uppstå,
740 1357 90 21 emedan
845 1357 57 22 hvad

153 1395 47 15 som
215 1389 50 22 sker
281 1391 64 26 göres
360 1389 49 21 med
425 1389 106 29 gvinnans
546 1390 136 28 begifvande.

221 1424 58 21 Herr
294 1424 90 28 Späre,
399 1423 27 21 K.
443 1424 43 21 W.:
502 1424 43 28 Jag
560 1424 117 28 förmodar,
687 1427 32 20 att
730 1426 80 28 läkare,
822 1433 34 14 om
868 1426 33 27 de,

153 1457 34 22 för
206 1459 31 21 att
252 1458 66 22 rädda
334 1458 99 27 modren,
449 1458 129 22 föreskrifva
594 1459 98 22 dödande
708 1460 23 21 af
745 1463 30 18 ett
791 1461 74 26 foster,
882 1462 18 26 ej
