1003 1720
780 141 40 22 537

102 208 108 22 melserna
230 208 33 21 för
283 206 135 30 delaktighet
436 208 7 22 i
460 208 57 22 brott
533 207 64 22 äfven
612 208 39 21 här
666 214 51 15 vara
733 208 116 29 tillfyllest-

103 242 103 29 görande.

168 276 102 22 Friherre
286 277 24 21 af
323 277 137 21 Schultön:
481 276 43 23 Det
542 284 38 14 var
599 277 66 21 ocksä
678 277 120 22 detsamma
809 278 40 28 jag

103 311 105 27 åsyftade,
219 312 49 20 icke
284 311 92 22 allenast
391 311 7 21 i
414 312 102 22 afseende
532 312 13 21 &
559 312 78 26 denna,
651 313 52 20 utan
718 312 133 22 beträffande

101 345 42 22 den
163 345 96 30 följande
279 346 19 28 &,
319 346 36 22 vid
374 346 63 22 hvars
458 346 133 30 behandling
609 346 40 29 jag
668 346 117 24 kanhända
801 347 48 21 icke

101 380 98 22 kommer
214 383 33 19 att
263 388 51 15 vara
330 382 140 22 närvarande.

168 415 58 22 Herr
240 423 43 14 von
298 416 80 26 Born,
395 417 20 21 J.
431 417 36 20 A.:
489 417 11 20 I
520 418 90 20 motsats
627 416 33 21 till
676 417 26 21 de
718 417 131 28 föregäende

100 451 97 22 talarene
213 451 119 28 tillstyrker
345 451 40 29 jag
400 451 61 22 bifall
477 451 32 22 till
525 451 153 22 betänkandet.

169 485 57 22 Herr
241 486 104 28 Munck,
361 485 28 23 K.
404 486 32 21 F.:
452 486 11 21 I
478 486 69 22 likhet
562 486 49 22 med
626 486 51 22 herr
692 494 42 15 von
750 487 66 27 Born,
827 487 20 21 J.

101 521 34 27 A.,
151 521 127 28 godkänner
290 522 40 27 jag
345 521 64 22 äfven
425 521 120 28 principen.

169 556 44 21 Till
233 556 55 29 följd
308 556 24 21 af
350 556 72 22 denna
437 556 122 22 diskussion
575 555 77 23 ställde
668 557 50 21 herr
733 557 117 22 landtmar-

102 591 91 22 skalken
207 591 32 22 till
255 591 87 22 ständet
356 591 98 29 följande
468 591 147 30 proposition:

169 626 144 27 yGodkänner
328 626 151 29 ridderskapet
494 627 40 21 och
550 627 63 21 adeln
629 626 91 22 sednare
732 628 119 20 momentet

100 661 25 22 af
140 661 8 21 1
166 662 11 27 8
193 661 7 21 i
216 661 118 21 utskottets
350 661 150 22 betänkande?

169 696 49 21 Den
238 703 45 14 som
305 695 127 30 godkänner
454 697 129 27 momentet,
606 703 74 14 svarar
697 697 33 27 ja;
751 696 41 22 den
813 696 37 22 det

101 731 48 22 icke
165 731 46 28 gör,
226 738 74 15 svarar
315 732 44 27 nej.

169 766 84 22 Vinner
268 766 46 29 nej,
329 767 63 28 utgår
408 766 140 22 momentet."

170 801 46 22 Och
230 809 47 14 som
293 801 99 28 votering
408 801 112 30 begärdes,
536 801 118 22 anställdes
670 801 74 28 sådan,
760 801 90 22 hvarvid

101 837 99 22 rösterna
215 837 87 21 utföllo:

264 871 7 21 i
287 871 58 29 3:dje
360 871 30 21 kl.
405 872 49 20 med
471 872 26 20 18
507 873 29 27 ja
552 871 40 21 och
608 872 12 20 6
635 872 42 28 nej,

259 922 9 10 »
284 906 148 27 208.
375 902 15 36 »
417 902 24 36 n»
484 907 173 26 ÅAR
558 902 24 36 »
600 902 21 36 1
642 902 18 36 n

262 941 80 27 slstä
371 957 9 11 »
425 958 9 10 s
473 942 56 26 114
566 957 9 11 »
606 942 12 20 2
648 957 9 11 %

170 976 92 22 Jemlikt
282 976 71 22 denna
373 976 110 28 votering,
499 975 75 22 dervid
589 976 25 28 ja
628 976 7 20 i
651 976 37 21 tvä
703 975 83 21 klasser
801 982 48 21 seg-

101 1014 43 25 rat,
165 1018 37 14 var
222 1011 85 21 således
327 1010 91 22 sednare
439 1011 120 21 momentet
579 1011 24 21 af
623 1011 8 19 1
653 1011 11 27 8
680 1010 7 21 i
703 1009 148 22 betänkandet

101 1047 96 27 antaget,
208 1046 41 21 och
264 1045 33 22 till
312 1046 54 28 följe
382 1046 24 21 af
419 1046 56 21 hvad
489 1044 90 23 sålunda
594 1045 104 28 förelupit
713 1044 49 22 hela
780 1045 8 21 1
805 1045 12 27 $
828 1044 24 21 af

101 1082 121 21 detsamma
236 1082 53 20 utan
304 1080 72 28 nägon
392 1080 93 29 ändring
499 1080 24 22 af
537 1079 87 22 ständet
639 1079 107 28 godkänd.

170 1115 174 22 Vidkommande
364 1115 11 28 $
394 1116 13 20 2
426 1116 23 21 af
463 1115 118 22 utskottets
596 1114 148 27 betänkande,
760 1120 45 15 som
820 1120 30 14 nu

101 1154 48 25 togs
165 1150 7 21 i
187 1150 171 29 öfvervägande,
373 1150 85 29 yttrade

170 1185 57 21 Herr
242 1185 110 26 Munck,
368 1185 27 21 K.
411 1186 36 19 F.:
465 1186 12 20 I
495 1185 123 21 motiverna
637 1184 33 21 till
685 1184 165 28 propositionen

101 1219 157 22 förekommer:
280 1219 129 27 ,Härunder
429 1220 24 20 är
473 1219 90 22 sälunda
583 1218 128 29 inbegripen
728 1218 64 21 äfven
809 1217 42 22 den

101 1253 115 28 händelse,
231 1254 27 21 dä
274 1254 96 29 gvinnan
384 1254 139 29 uppsätligen
538 1253 84 22 lemnar
638 1253 36 21 sitt
690 1253 68 21 foster
773 1252 7 21 i
796 1251 55 29 skog

102 1289 41 21 och
158 1288 62 22 mark
235 1289 54 21 eller
304 1289 8 20 i
327 1289 119 21 allmänhet
461 1289 13 21 &
489 1288 77 21 sädant
581 1287 73 28 ställe,
670 1287 38 21 der
724 1287 48 21 dess
788 1286 63 21 rädd-

102 1323 54 28 ning
171 1324 21 27 ej
208 1323 50 21 med
274 1323 54 21 sken
344 1323 24 22 af
380 1323 139 21 sannolikhet
534 1322 44 22 kan
593 1323 94 21 väntas.*
718 1321 44 28 Jag
776 1321 43 21 kan
829 1321 21 27 ej

102 1359 33 19 tro
155 1359 65 19 annat
239 1359 27 19 än
285 1359 33 19 att
333 1357 98 27 domare,
447 1364 46 14 som
509 1357 62 21 skola
585 1357 99 27 tillämpa
700 1357 11 25 &
727 1356 66 20 sädan
809 1354 42 21 den

102 1391 24 21 af
139 1391 106 21 utskottet
260 1392 41 20 och
311 1391 7 21 i
328 1391 164 28 propositionen
508 1390 71 22 blifvit
593 1389 121 29 redigerad,
725 1389 48 21 icke
784 1394 67 22 gerna

102 1426 75 22 kunna
195 1426 92 22 hänföra
307 1426 146 28 nyssnämnda
472 1425 38 22 fall
526 1425 68 22 under
609 1426 18 27 $
657 1424 49 22 Den
722 1422 66 24 borde
803 1422 48 23 der-

102 1461 47 23 före
164 1461 29 30 på
207 1461 67 31 något
289 1462 43 22 sätt
347 1460 153 30 omredigeras.
