1009 1706
780 126 40 22 715

166 192 58 22 Herr
240 200 41 14 von
296 194 80 26 Born,
392 192 20 22 J.
428 193 36 21 A.:
485 192 43 30 Jag
542 194 88 21 förenar
646 193 43 28 mig
704 193 7 21 i
726 193 57 22 hvad
796 194 51 21 herr

99 226 81 22 Munck
200 228 76 27 yttrat,
291 228 57 21 helst
363 228 42 20 den
422 227 78 28 nådiga
515 227 174 29 propositionen,
705 230 51 19 utan
773 230 31 19 att
820 229 28 27 gå

98 261 74 21 alltför
187 261 87 28 mycket
288 262 8 20 i
309 262 74 29 detalj,
399 262 66 20 likväl
480 262 93 28 antyder
587 263 31 20 att
628 262 55 28 gode
694 264 93 20 männen
798 262 49 22 icke

98 296 53 22 böra
164 302 52 15 vara
231 296 86 21 bosatte
332 296 28 28 på
375 296 74 21 alltför
464 298 56 19 stort
535 296 93 22 afstånd.

166 330 58 22 Herr
239 338 41 14 von
296 330 80 28 Born,
391 330 27 22 K.
433 330 33 22 F.:
482 330 72 22 Också
566 331 40 27 jag
621 330 33 21 för
670 332 45 20 min
732 332 33 20 del
782 332 65 21 biträ-

98 366 39 21 der
152 365 43 21 den
210 366 80 28 nådiga
305 365 170 29 propositionen.
500 366 41 21 Om
555 365 118 21 utskottets
684 366 81 28 förslag
776 366 72 21 blefve

98 400 122 28 godkändt,
242 401 23 21 så
285 400 73 21 kunde
378 406 50 15 man
448 402 50 26 taga
519 400 178 28 värderingsmän
717 400 48 22 från
781 400 67 22 andra

97 434 100 29 socknar,
213 435 39 22 och
266 435 39 28 jag
321 434 76 29 tycker
412 434 38 22 det
464 442 52 15 vore
532 434 84 21 mindre
632 434 106 29 lämpligt.

166 469 102 22 Friherre
284 469 125 22 Aminoff:
426 469 107 28 Orsaken,
548 469 102 22 hvarföre
664 470 106 21 utskottet
781 472 67 21 utsatt

98 507 32 20 ett
145 505 53 21 visst
213 504 95 27 afstånd,
325 504 53 21 eller
393 505 13 21 6
421 505 47 26 mil,
484 505 49 20 från
551 504 226 29 förrättningsstället,
788 505 60 22 inom

97 539 83 22 hvilket
202 539 222 28 värderingsmännen
440 539 67 22 borde
523 539 77 28 väljas,
620 539 39 21 har
678 539 56 22 varit
748 539 52 28 den,
816 542 32 20 att

98 574 117 27 utskottet,
235 574 34 21 för
290 573 41 22 den
352 573 103 22 händelse
475 575 32 20 att
527 580 49 14 man
597 573 48 22 icke
661 574 66 21 funne
744 575 104 29 lämpliga

97 611 105 27 synemän
223 609 12 21 &
255 609 42 21 den
317 609 43 26 ort,
375 608 39 21 der
429 608 145 28 värderingen
593 607 85 22 komme
694 610 32 19 att
741 609 107 30 försiggå,

98 646 72 20 ansett
190 643 37 22 det
246 644 8 21 i
274 643 78 22 sådant
372 643 38 22 fall
431 643 52 22 böra
498 650 51 14 vara
564 643 163 22 vederbörande
743 644 105 29 sakegare

99 680 66 28 öppet
184 678 96 23 lemnadt
297 680 31 19 att
348 678 33 21 till
402 678 95 21 nämnda
516 677 99 29 uppdrag
636 678 59 28 välja
710 680 59 19 utom
786 681 61 20 orten

98 714 85 21 bosatte
203 720 111 22 personer,
330 714 56 20 samt
404 714 41 25 att,
461 713 33 20 till
510 712 138 27 undvikande
663 713 63 21 deraf
740 714 31 20 att
787 713 62 22 dessa

98 749 49 22 icke
162 747 74 22 valdes
251 748 29 28 på
294 749 32 20 ett
341 747 73 22 alltför
431 749 55 20 stort
500 747 97 27 afstånd,
614 749 31 20 ett
661 747 53 22 visst
730 748 118 22 maximum

98 784 8 21 i
121 783 66 29 sagde
207 782 103 22 afseende
331 783 53 21 böra
403 784 99 19 utsättas.
532 781 34 23 På
585 782 63 22 dessa
666 782 48 21 skäl
733 789 63 15 anser
809 783 40 28 jag

98 818 65 21 äfven
184 817 33 22 för
237 818 45 20 min
302 817 36 21 del
358 817 151 28 ifrågakomna
529 817 78 28 tillägg
622 824 52 14 vara
688 817 105 28 behöfligt
809 818 40 21 och

99 852 98 22 förordar
213 851 86 22 derföre
315 851 123 29 antagande
453 851 24 21 af
490 852 118 21 utskottets
622 851 145 22 betänkande.

166 887 59 21 Enär
240 887 66 28 ingen
324 886 68 22 talare
406 886 75 21 vidare
497 886 73 22 anhöll
586 893 35 15 om
636 886 68 27 ordet,
715 886 133 22 framställde

98 923 50 21 herr
164 921 202 23 landtmarskalken
382 929 30 13 nu
428 922 176 27 propositionen:

168 951 144 32 »Godkänner
334 955 150 29 ridderskapet
503 956 41 22 och
562 956 64 21 adeln
641 955 117 22 utskottets
775 956 74 21 betän-

98 991 72 22 kande
184 991 94 22 rörande
293 990 165 29 ifrågavarande
476 991 26 21 14
516 991 25 27 8?

167 1026 50 21 Den
237 1033 45 14 som
303 1025 128 29 godkänner
448 1025 156 26 betänkandet,
620 1032 73 15 svarar
706 1026 34 27 ja;
757 1025 41 22 den
814 1025 36 22 det

99 1061 48 21 icke
163 1061 47 28 gör,
225 1067 74 15 svarar
315 1060 43 28 nej.

167 1095 85 22 Vinner
275 1095 44 28 nej,
342 1096 90 26 antages
454 1095 25 20 14
499 1096 12 26 &
532 1095 23 20 af
569 1094 40 21 den
625 1094 80 29 nådiga
720 1095 130 28 propositio-

100 1131 63 21 nen".

168 1164 47 22 Och
231 1171 45 14 som
293 1163 71 22 denna
378 1164 136 29 proposition
531 1163 106 22 obestridt
652 1165 79 26 ansågs
747 1163 49 21 med
814 1164 35 27 nej

100 1199 116 27 besvarad,
239 1198 124 22 förklarade
384 1198 52 21 herr
458 1197 202 22 landtmarskalken
685 1199 25 20 14
733 1199 11 26 8
767 1197 24 21 af
808 1197 42 22 den

100 1233 80 29 nådiga
194 1233 164 29 propositionen
374 1240 52 14 vara
442 1233 24 21 af
478 1232 87 22 ståndet
580 1232 107 28 godkänd.

412 1279 24 28 8$
453 1279 90 21 15—18.

168 1320 11 22 I
199 1319 43 22 den
262 1319 80 27 nådiga
361 1319 164 28 propositionen
546 1318 72 21 blefvo
634 1318 115 26 likaledes,
765 1318 28 27 på
808 1319 45 20 sätt

100 1354 108 22 utskottet
219 1352 83 29 jemväl
318 1352 120 28 föreslagit,
454 1351 144 22 oförändrade
613 1353 101 26 antagne.

446 1399 12 26 s
475 1398 33 21 19.

168 1439 45 24 Vid
228 1438 164 31 granskningen
408 1439 64 23 häraf
488 1437 87 31 yttrade
