992 1709
757 131 41 23 293

80 198 64 22 lande
164 198 100 30 fängelse
283 199 53 21 eller
356 199 68 22 böter.
454 199 43 29 Jag
510 200 34 21 får
559 199 84 22 således
658 199 110 22 vördsamt
783 199 43 22 till-

82 234 84 28 styrka,
186 235 32 20 att
237 234 7 20 i
263 233 53 21 sista
329 234 117 28 meningen
462 234 23 21 af
497 234 60 22 2:dra
573 235 12 27 8
600 234 67 21 måtte
682 234 7 21 i
705 234 74 22 stället
793 234 35 22 för

83 268 175 26 »tukthusstraff"
275 269 66 20 sättas
357 284 10 10 ,
371 268 119 28 fängelse".

149 302 58 21 Herr
223 302 103 26 Munck,
345 302 26 21 K.
390 302 35 21 F.:
449 302 43 21 Det
506 302 42 22 kan
564 302 69 21 finnas
649 302 106 28 vållande,
772 303 54 21 hvil-

80 337 38 21 ket
141 338 23 19 är
187 336 23 21 så
232 336 59 28 groft
310 336 41 21 och
371 343 46 14 som
438 335 108 23 dessutom
566 336 145 28 ådagalägger
726 337 24 21 så
764 337 63 28 ringa

80 371 93 28 aktning
188 371 33 20 för
236 370 136 21 menniskors
387 371 32 26 lif,
435 372 32 20 att
482 371 36 21 det
532 371 67 21 borde
615 370 112 22 bestraffas
742 372 28 27 på
783 372 44 20 sätt

81 406 52 20 sista
148 406 120 20 momentet
283 405 7 21 i
306 405 70 21 denna
392 406 11 26 8
418 405 130 27 innehåller;
563 405 39 22 och
615 406 39 27 jag
665 405 66 28 yrkar
741 406 85 21 derföre

80 442 32 19 att
128 440 60 21 detta
203 441 97 19 moment
313 439 39 21 bör
368 440 93 28 qvarstå.

148 474 12 21 I
175 474 119 28 anledning
308 474 24 20 af
345 474 55 21 hvad
416 481 29 13 nu
460 475 77 27 yttrats
552 474 135 21 framställde
697 474 50 21 herr
757 474 70 22 landt-

81 509 138 21 marskalken
236 508 33 21 till
284 508 85 21 ståndet
384 508 71 21 denna
469 508 144 29 proposition:

150 542 143 27 »Godkänner
310 542 151 29 ridderskapet
481 543 40 21 och
541 542 64 22 adeln
625 544 13 20 2
656 543 11 27 8
683 543 24 21 af
720 543 106 29 ifrågava-

82 577 66 21 rande
166 577 135 21 betänkande
317 577 143 21 oförändrad?

149 612 50 20 Den
214 618 45 14 som
276 611 126 29 godkänner
418 612 11 27 8
445 612 129 21 oförändrad
594 618 74 14 svarar
685 612 34 28 ja;
735 612 41 21 den
791 612 36 21 det

81 647 48 21 icke
145 649 39 26 gör
200 654 74 14 svarar
288 646 44 28 nej.

149 682 85 21 Vinner
255 681 43 28 nej,
321 680 87 28 utbytes
430 681 60 21 ordet
513 680 173 28 ,tukthusstraff*"
709 680 7 22 i
737 681 90 21 sednare

82 718 119 20 momentet
217 717 45 20 mot
277 715 61 21 ordet
354 715 126 28 ,fängelse*.
755 721 3 1 :

150 751 47 21 Och
217 758 46 13 som
278 750 165 29 propositionen
459 750 45 21 blef
517 749 49 22 med
581 749 104 22 blandadt
696 750 25 28 ja
737 750 39 21 och
791 750 36 28 nej

83 786 115 26 besvarad,
213 787 52 19 utan
281 786 31 19 att
328 785 71 27 nägon
414 784 100 21 bestämd
532 784 158 28 röstpluralitet
705 784 72 22 kunde
793 792 35 14 ur-

82 820 84 28 skiljas,
182 820 75 20 skreds
272 819 34 21 till
321 818 106 28 votering,
443 819 89 21 hvarvid
546 820 100 20 rösterna
661 819 87 21 utföllo:

247 854 7 21 i
270 853 56 29 3:dje
342 853 28 22 kl.
386 853 49 22 med
452 854 26 20 12
488 855 29 27 ja
531 853 41 22 och
589 854 23 20 11
629 854 42 28 nej,

246 888 118 27 i2:dra
361 884 23 36 ,
409 906 9 9 »
464 889 45 26 4,
549 904 9 11 »
603 889 51 26 6»

247 924 116 25 ilsta
362 920 20 34 ,
411 939 9 10 »
464 924 45 26 6,
548 939 9 10 n»
602 924 13 20 3
644 939 9 10 »

83 961 6 20 i
104 959 56 29 följd
179 958 83 27 hvaraf,
283 958 40 21 och
343 958 27 20 dä
389 958 164 28 propositionen
573 957 91 21 sålunda
684 956 72 22 blifvit
771 957 58 21 inom

84 996 53 20 1:sta
154 994 39 21 och
208 993 58 28 3:dje
281 992 87 22 klassen
384 992 50 21 med
450 992 157 28 öfvervägande
619 992 24 28 ja
656 991 115 27 besvarad,
786 992 43 20 för-

83 1029 88 21 klarade
187 1028 49 21 herr
254 1026 199 22 landtmarskalken
468 1028 12 26 8
495 1034 51 14 vara
561 1026 24 21 af
598 1026 87 21 ståndet
700 1026 130 22 oförändrad

84 1063 106 29 godkänd.

152 1096 139 22 Beträffande
307 1097 11 27 $
334 1097 13 20 3
362 1096 86 28 yttrade

152 1132 58 21 Herr
225 1138 42 14 von
282 1130 142 28 Knorring:
441 1131 12 20 2
469 1131 11 27 $
496 1130 26 21 39
538 1130 49 27 kap.
603 1129 56 21 M.B.
675 1129 70 28 lyder:
765 1129 65 27 ,Var-

84 1168 38 20 der
142 1167 71 27 någon
230 1166 23 20 så
269 1168 99 25 stungen,
384 1164 70 27 sårad,
469 1165 74 27 slagen
559 1164 54 20 eller
627 1163 98 27 krossad,
741 1165 32 19 att
787 1164 43 21 han

85 1202 39 20 dör
139 1201 66 21 innan
226 1201 47 19 natt
292 1199 40 21 och
350 1199 30 26 år,
396 1198 39 22 och
451 1199 87 27 pröfvas
553 1198 27 21 då
595 1198 94 27 ljusliga,
705 1199 32 20 att
751 1198 42 21 han
809 1198 24 20 af

85 1236 41 20 den
149 1234 153 22 handaverkan
326 1233 41 21 död
389 1233 53 27 blef;
466 1233 58 27 gifve
545 1232 49 26 den,
615 1238 45 14 som
675 1232 86 27 sårade,
777 1232 54 21 eller

85 1270 53 27 slog,
159 1269 27 20 lif
204 1269 33 20 för
257 1268 31 20 lif.
318 1268 35 20 Nu
374 1267 42 21 kan
436 1274 67 14 annor
519 1266 99 28 sjukdom
634 1266 127 27 tillkomma,
777 1266 54 20 eller

85 1304 100 21 läkarens
208 1302 144 26 vårdslöshet,
380 1301 53 21 eller
459 1303 65 19 annat
547 1300 62 28 ofall;
631 1306 51 15 vare
705 1300 27 21 då
753 1300 78 21 fällder

86 1338 32 20 till
144 1338 36 19 hel
206 1328 53 28 eller
284 1336 48 20 half
357 1335 108 26 mansbot,
488 1335 39 20 allt
549 1342 46 12 som
617 1334 215 26 omständigheterna

85 1373 37 18 äro
136 1370 52 20 till”.

153 1404 74 21 Under
250 1403 96 21 tidernas
372 1402 50 28 lopp
447 1402 39 20 har
505 1402 42 20 den
565 1400 92 29 tydning
675 1400 40 22 och
738 1401 94 28 tillämp-

86 1439 53 30 ning
159 1438 23 21 af
200 1445 30 14 nu
249 1438 101 30 upplästa
370 1437 84 29 lagrum
474 1437 59 29 gjort
546 1436 33 28 sig
594 1435 108 29 gällande,
717 1437 32 19 att
764 1435 69 23 under
