995 1703
762 157 41 20 339

82 218 80 30 grund,
179 219 140 30 stenhölstrig
335 222 62 20 mark
416 218 40 24 och
472 219 99 29 sandmo,
587 221 37 21 der
639 221 139 21 vextkraften
793 228 38 21 ge-

82 262 50 14 nom
152 254 128 28 svedjandet
300 245 51 42 kan"
356 245 129 42 förstöras.
506 255 49 21 Den
574 255 87 28 stadgar
682 255 71 21 tillika
773 255 57 21 vissa

81 288 77 28 vilkor,
179 289 123 21 hvarunder
322 289 119 28 svedjande
459 290 29 28 på
505 289 136 21 annorlunda
654 288 112 22 beskaffad
779 289 51 28 jord

81 322 34 21 får
130 322 72 28 idkas,
217 324 112 21 äfvensom
344 330 26 15 en
387 324 43 21 viss
447 325 97 27 terräng,
560 330 46 15 som
622 324 7 20 i
645 324 26 21 de
686 323 91 27 trakter,
792 324 39 20 der

81 357 154 28 svedjebruket
251 360 24 19 är
290 358 89 27 tillåtet,
398 358 34 21 får
452 358 72 21 dertill
539 358 84 29 årligen
639 358 117 22 användas.
787 357 43 29 Jag

80 391 83 28 tycker,
179 394 31 19 att
229 392 157 29 författningen
407 392 112 29 dervidlag
534 393 39 21 har
589 393 101 28 fullgjort
705 393 57 21 allan
778 394 52 19 rätt-

79 425 119 30 färdighet,
214 427 40 21 och
269 427 28 28 på
313 427 42 21 den
371 427 70 28 grund
456 427 109 28 afstyrker
577 428 40 27 jag
631 427 130 28 petitionen.

149 461 58 21 Herr
222 469 42 14 von
280 461 199 28 Weissenberg:
498 462 101 21 Friherre
611 462 108 29 Carpelan
731 462 39 21 och
782 462 47 21 sed-

80 498 48 19 nast
139 496 50 21 herr
200 496 155 28 Björkenheim
367 497 65 20 hafva
443 497 107 21 försvarat
561 497 116 21 utskottets
691 496 138 22 betänkande

81 531 27 28 på
129 530 41 22 den
191 531 80 28 grund,
292 533 32 19 att
343 531 36 22 det
397 538 51 14 vore
468 531 82 28 vådligt
566 533 31 19 att
613 539 30 14 nu
657 533 58 20 tvert
730 531 100 28 förbjuda

81 565 137 28 svedjebruk.
249 565 43 30 Jag
307 566 125 21 hemställer
448 566 33 21 till
497 566 86 22 ståndet
599 573 34 14 om
649 566 37 21 det
697 568 23 20 är
731 568 32 19 ett
774 567 57 20 tvert

81 599 86 28 förbud,
191 607 46 14 som
257 601 39 28 jag
320 601 90 28 åsyftat,
431 600 27 21 då
474 601 40 28 jag
534 600 113 29 föreslagit
662 601 131 28 vidtagande
809 601 24 20 af

81 634 79 22 sådane
183 635 109 28 åtgärder,
315 636 32 20 att
370 635 153 29 svedjebruket
546 635 136 29 småningom
702 636 35 21 må
756 635 74 22 kunna

81 669 136 21 inskränkas.

149 704 34 21 Då
202 704 69 28 några
290 704 53 22 flere
364 704 68 22 talare
452 704 48 22 icke
520 705 95 21 anmälte
635 705 44 29 sig,
695 704 134 23 framställde

81 738 50 22 herr
149 738 201 22 landtmarskalken
366 739 72 21 denna
453 740 143 28 proposition:

150 791 8 9 n
163 773 133 22 Godkänner
316 774 152 28 ridderskapet
484 774 38 22 och
538 774 64 22 adeln
617 774 100 22 enskilda
732 774 97 22 besvärs-

81 807 118 22 utskottets
223 808 136 22 betänkande
379 809 7 21 i
407 809 117 29 anledning
543 809 24 21 af
583 810 50 20 herr
653 816 43 15 von
717 808 112 22 Weissen-

81 843 64 27 bergs
160 842 127 22 memorial?

149 877 48 22 Den
217 884 45 15 som
282 877 127 29 godkänner
428 878 147 22 betänkandet
595 886 74 14 svarar
686 879 34 27 ja;
736 878 41 22 den
793 879 36 20 det

80 912 48 22 icke
144 913 39 27 gör
199 919 73 15 svarar
286 913 45 28 nej.

150 946 84 22 Vinner
258 948 46 27 nej,
328 948 106 28 upptages
458 947 166 29 ifrågavarande
642 931 189 45 petitionsförslag

81 982 24 21 af
123 982 86 21 ståndet
230 982 41 21 och
289 982 143 21 medstånden
447 982 101 28 inbjudas
564 984 31 20 att
610 989 35 14 om
660 982 121 29 petitionen
797 983 33 29 sig

82 1016 94 21 förena."

149 1049 47 23 Och
212 1057 46 14 som
273 1050 164 29 propositionen
456 1051 48 21 blef
516 1050 50 22 med
580 1051 105 21 blandadt
697 1051 24 28 ja
737 1050 40 22 och
792 1051 37 28 nej

82 1086 105 21 besvarad
198 1087 56 19 samt
265 1085 99 28 votering
376 1085 97 28 eskades,
485 1085 75 22 skreds
571 1086 34 21 till
615 1086 136 28 omröstning
762 1085 68 22 klass-

81 1121 40 26 vis,
136 1120 90 22 hvarvid
241 1127 78 14 svaren
334 1119 87 22 utföllo:

249 1155 7 21 i
272 1154 56 29 3:dje
344 1154 28 22 kl.
388 1154 51 22 med
455 1155 25 21 19
491 1156 28 28 ja
535 1155 40 22 och
590 1156 23 20 11
631 1157 41 28 nej,

251 1188 112 28 sg
412 1206 8 10 a
466 1190 47 25 LR
550 1205 10 10 RR
603 1190 52 26 Sa

251 1224 114 26 nlistä
360 1220 21 35 »
410 1240 9 10 »
464 1224 60 26 10
518 1220 20 35 »
562 1239 9 11 »
603 1224 12 20 4
645 1240 9 10 >

82 1259 7 21 i
109 1258 56 29 följd
187 1240 73 44 häraf,
279 1258 40 21 och
337 1258 27 20 då
382 1258 164 38 propositionen
566 1258 58 21 inom
647 1259 54 21 1:sta
719 1259 40 21 och
775 1236 57 51 8:dje

83 1293 112 21 klasserna
211 1292 71 21 blifvit
297 1292 49 21 med
365 1292 159 28 öfvervägande
538 1292 24 28 ja
577 1292 115 28 besvarad,
708 1293 125 21 förklarade

82 1327 51 21 herr
148 1326 201 21 landtmarskalken
364 1326 210 28 petitionsförslaget
589 1334 51 13 vara
655 1327 24 20 af
687 1308 91 40 ståndet
788 1328 44 20 för-

84 1360 93 22 kastadt.

152 1394 57 22 Herr
228 1393 69 22 Rein
317 1392 85 30 yttrade
417 1393 62 22 härå:
499 1393 51 22 Som
563 1394 39 29 jag
617 1393 93 29 befarar,
725 1395 32 21 att
771 1394 61 22 detta

84 1430 71 22 beslut
175 1428 76 23 länder
271 1428 32 22 till
324 1429 84 22 förderf
425 1429 33 21 för
473 1428 85 23 landets
574 1431 58 20 östra
648 1429 44 28 del,
708 1429 24 22 så
747 1429 33 22 får
793 1430 42 29 jag

83 1465 109 30 nedlägga
207 1464 44 22 min
267 1465 84 28 protest
366 1465 104 21 deremot.
