992 1706
750 128 40 23 299

72 202 39 15 nes
126 195 7 21 i
149 194 43 22 nöd
212 194 73 28 stadd,
301 194 55 22 efter
373 196 24 27 ty
412 195 59 21 förut
486 195 62 29 sagdt
564 196 31 26 är,
610 202 50 16 vare
676 196 40 21 ock
731 195 33 22 för
779 194 38 23 ho-

72 237 51 14 nom
145 230 46 28 lag,
210 237 46 14 som
278 229 56 21 hade
356 229 43 21 han
420 230 53 28 sjelf
492 230 7 21 i
522 230 41 21 den
584 230 43 21 nöd
648 230 33 28 sig
700 230 119 22 befunnit.”

72 264 80 21 Denna
167 265 11 27 $
194 265 23 20 är
237 264 64 21 äfven
321 264 83 21 citerad
422 264 7 20 i
445 264 41 21 den
503 264 60 21 10:de
577 264 39 21 och
633 264 83 21 således
732 266 23 19 är
771 264 48 27 den,

73 306 46 14 som
139 298 78 22 inlåter
237 299 34 28 sig
286 299 7 20 i
309 300 32 20 ett
359 298 103 28 slagsmål
477 298 55 22 blott
547 298 33 22 för
596 300 32 19 att
642 299 57 21 bistå
714 306 27 14 en
757 299 63 21 verk-

72 334 60 28 ligen
148 333 118 27 nödställd,
282 333 69 28 enligt
366 334 30 27 $:s
411 333 84 29 tydliga
510 333 134 28 ordalydelse
660 333 86 21 straffri.
776 333 44 21 För

74 369 67 27 öfrigt
156 370 37 20 äro
210 368 285 22 ansvarsbestämmelserna
510 368 7 21 i
532 368 42 21 den
591 368 60 21 10:de
666 369 12 27 $
693 368 7 21 i
716 368 105 28 förslaget

74 405 66 26 tagna
159 404 23 20 sä
197 403 50 21 vida
267 403 40 21 och
328 402 137 22 strafframen
481 403 23 21 sä
523 402 53 22 bred
594 403 46 27 just
654 402 49 22 med
720 402 102 22 afseende

74 438 60 27 derä,
151 439 32 20 att
201 438 24 21 sä
245 438 78 28 mänga
339 437 121 22 olikartade
475 437 38 22 fall
528 437 74 21 kunna
617 437 135 21 förekomma
757 433 13 37 i
790 438 32 21 ett

75 473 109 28 slagsmäl.

142 507 58 21 Herr
221 507 90 27 Späre,
332 506 27 21 K.
378 507 46 21 W.:
440 507 43 21 Till
498 506 56 22 hvad
569 507 50 21 herr
635 507 124 21 Grotenfelt
775 507 47 21 sed-

73 543 49 20 nast
136 543 68 26 yttrat
219 541 38 21 vill
270 541 39 28 jag
325 541 110 27 anmärka,
450 543 31 19 att
499 541 61 21 27:de
576 542 12 27 8
603 541 56 21 blott
669 542 39 20 har
719 541 102 21 afseende

74 577 28 27 på
117 576 103 22 nödvärn.

142 610 57 22 Herr
214 610 154 21 Edelsköld:
388 610 44 21 För
451 610 44 21 min
511 610 35 21 del
562 611 44 20 tror
619 611 48 27 jag,
684 611 32 20 att
732 610 26 21 de
774 610 48 21 stri-

74 645 51 28 diga
144 645 112 28 åsigterna
275 645 41 20 lätt
337 643 68 22 skulle
426 644 74 21 kunna
518 644 87 21 förenas
624 651 79 21 genom
723 646 31 19 ett
774 645 48 20 litet

75 680 77 27 tillägg
172 679 33 21 till
225 679 36 21 det
281 679 53 20 sista
353 681 127 19 momentet.
509 679 44 21 Det
571 679 71 20 kunde
658 680 16 19 t.
690 685 33 15 ex.
738 679 39 21 här
791 679 32 21 in-

75 715 62 27 flyta:
161 715 38 26 tog
219 714 83 27 någon,
323 715 51 19 utan
395 715 32 19 att
447 713 53 22 söka
520 713 41 22 den
580 713 55 21 döde
656 713 53 21 eller
728 713 94 22 skadade

75 749 70 27 värja,
162 748 34 21 del
211 748 7 21 i
235 748 76 21 sådant
331 747 58 28 groft
409 748 102 28 slagsmål
529 749 41 20 etc.
600 747 132 28 Derigenom
753 748 69 21 skulle

76 790 50 14 man
146 782 95 29 påpeka,
257 784 31 19 att
308 782 59 21 detta
386 784 97 19 moment
498 782 20 28 ej
535 782 72 21 kunde
622 782 109 28 tillämpas
746 783 28 27 på
790 783 32 20 så-

76 817 55 22 dana
151 817 47 28 fall,
215 824 46 14 som
281 817 50 20 herr
352 817 69 28 Späre
441 817 108 21 förutsatt.
578 817 166 28 Lagutskottets
766 817 57 28 åsigt

75 852 39 21 har
134 851 139 28 naturligtvis
293 851 66 27 varit,
380 853 32 19 att
433 852 42 21 den
490 858 46 14 som
552 851 71 28 värjer
637 858 27 14 en
680 851 7 21 i
702 851 44 21 nöd
761 851 62 21 stadd

76 886 55 21 skall
148 886 27 27 gå
190 886 48 21 från
254 893 79 14 ansvar
348 886 34 21 fri.

144 920 102 21 Friherre
269 920 139 28 Carpelan:
428 920 44 21 För
491 920 45 21 min
556 921 35 20 del
612 920 42 21 kan
672 921 40 27 jag
732 921 20 27 ej
771 920 52 28 god-

76 955 72 22 känna
167 957 30 19 ett
213 955 77 21 sådant
305 955 83 28 tillägg.
420 955 51 21 Man
486 955 42 21 kan
545 955 66 20 tänka
626 955 34 28 sig
676 956 30 19 ett
722 955 102 27 slagsmål

77 990 92 22 emellan
190 991 52 20 flere
260 990 29 29 på
306 990 107 21 hvardera
428 990 67 21 sidan.
525 989 69 22 Alltid
609 990 69 21 finnes
694 989 36 22 det
745 990 78 28 någon,

77 1032 46 14 som
139 1025 54 28 tagit
209 1024 42 21 den
267 1024 86 28 slagnes
368 1024 63 28 parti.

145 1059 58 22 Herr
221 1065 43 15 von
284 1059 83 26 Born,
388 1058 20 21 J.
429 1059 36 20 A.:
487 1058 43 29 Jag
550 1058 43 21 kan
610 1058 19 27 ej
645 1058 85 21 biträda
745 1058 41 21 den
802 1059 23 20 af

77 1095 92 20 friherre
191 1093 108 29 Carpelan
314 1093 97 21 uttalade
426 1093 65 28 åsigt,
508 1093 69 28 enligt
592 1091 88 22 hvilken
696 1099 26 14 en
738 1099 86 22 person,

78 1136 46 14 som
144 1135 34 14 ser
198 1135 27 14 en
246 1135 71 14 annan
335 1134 52 14 vara
402 1128 95 21 anfallen
512 1129 57 20 samt
584 1127 94 28 skyndar
694 1127 33 21 till
743 1127 82 22 dennes

77 1164 71 27 hjelp,
164 1163 69 21 skulle
253 1169 52 15 vara
323 1169 60 14 mera
397 1162 119 27 straffvärd,
533 1163 27 20 än
576 1168 34 14 om
626 1161 43 21 han
684 1161 93 22 afhåller
792 1163 33 27 sig

78 1197 96 22 derifrån
196 1197 40 21 och
255 1197 63 27 lugnt
337 1197 48 20 åser
402 1197 55 20 huru
472 1197 41 20 den
529 1196 67 21 andra
611 1195 149 22 misshandlas.
791 1196 33 21 En

79 1232 66 21 sådan
164 1232 56 27 åsigt
239 1238 64 14 anser
320 1232 39 27 jag
377 1231 48 21 icke
445 1231 98 28 grundad
560 1231 29 27 på
608 1230 81 28 riktiga
708 1231 117 28 principer.

79 1266 43 28 Jag
136 1266 88 21 förenar
239 1266 46 27 mig
302 1265 84 21 således
402 1272 33 14 om
453 1267 31 20 ett
498 1265 77 28 tillägg
590 1265 7 20 i
613 1264 77 21 sådant
704 1265 64 28 syfte,
779 1272 46 14 som

78 1301 51 21 herr
144 1299 118 22 Edelsköld
277 1299 120 28 föreslagit.

146 1334 103 21 Friherre
265 1334 140 27 Carpelan:
421 1334 49 20 Den
485 1340 46 13 som
546 1333 69 20 under
630 1333 37 20 det
682 1333 24 20 af
718 1334 50 20 herr
783 1341 42 14 von

79 1369 70 26 Born,
165 1367 20 22 J.
205 1368 34 26 A.,
256 1367 105 28 uppgifna
381 1367 135 21 förhållande
536 1367 64 21 söker
616 1367 82 27 afstyra
712 1369 32 18 ett
760 1367 66 28 slags-

79 1403 44 22 mål
146 1402 39 21 och
206 1401 67 22 rädda
295 1408 27 15 en
345 1401 95 22 anfallen
461 1401 67 22 borde
548 1401 35 22 väl
602 1401 48 21 icke
671 1401 73 22 kunna
763 1403 63 27 sägas

79 1437 65 22 hafva
160 1437 91 30 deltagit
265 1437 8 20 i
289 1437 132 28 slagsmålet.
447 1437 50 21 Men
513 1437 39 20 har
567 1437 43 20 han
626 1436 47 22 från
689 1436 77 29 början
782 1436 44 21 del-
