1011 1720
770 135 38 20 521

92 199 49 22 ieke
162 199 85 22 ståndet
267 200 37 21 vill
324 202 79 25 antaga
424 200 40 21 den
485 200 79 28 nådiga
584 201 174 28 propositionens
779 202 25 20 14
827 202 12 27 $

93 235 41 21 och
149 235 26 20 de
191 235 117 28 principer,
324 242 45 13 som
386 235 38 20 der
440 237 36 18 äro
493 235 103 27 uttalade,
612 236 86 20 ståndet
708 233 131 24 åtminstone

92 269 68 21 måtte
175 269 75 21 förena
266 269 34 28 sig
314 269 7 21 i
336 269 51 21 herr
403 269 133 22 Grotenfelts
552 270 83 27 afgifna
651 270 141 21 reservation.

160 303 58 22 Herr
232 311 41 14 von
290 304 198 28 Weissenberg:
503 304 140 21 Beträffande
660 305 25 20 14
701 305 11 26 &
727 305 37 20 vill
778 305 38 27 jag
831 305 8 20 i

91 338 44 21 allo
155 339 76 20 förena
250 339 45 27 mig
318 339 30 20 uti
369 339 41 20 den
432 339 140 26 reservation,
587 339 50 20 herr
657 339 132 27 Grotenfelt,
804 339 36 26 A.,

89 373 70 27 jemte
179 373 75 21 herrar
274 373 123 28 Jägerhorn
418 373 38 21 och
478 373 114 28 Grönberg
610 375 45 19 mot
670 373 118 21 utskottets
803 374 37 21 be-

91 407 110 21 tänkande
216 408 8 20 i
240 408 71 20 denna
332 407 33 21 del
386 407 92 27 afgifvit.
508 408 76 21 Ehuru
602 408 39 26 jag
661 408 119 27 omöjligen
795 407 45 22 kan

91 441 52 28 ingå
164 443 28 26 på
215 442 117 20 utskottets
355 442 89 27 mening
466 442 55 27 deri,
542 444 32 19 att
593 442 128 28 lönskaläge
742 449 50 15 vore
812 450 27 14 en

91 476 131 28 osedlighet,
239 484 46 13 som
304 476 23 21 af
344 476 36 21 det
396 476 109 21 allmänna
520 476 209 29 rättsmedvetandet
744 477 7 20 i
766 477 75 21 landet

91 511 103 27 stämplas
216 514 68 19 såsom
304 511 63 26 brott,
387 511 39 21 vill
446 511 63 21 äfven
528 512 39 27 jag
587 518 67 21 gerna
673 511 119 29 medgifva,
808 514 32 18 att

91 545 71 21 denna
185 546 121 27 osedlighet
329 547 58 19 ännu
408 546 40 20 hos
468 553 35 13 oss
524 553 63 14 anses
606 553 52 14 vara
677 552 27 14 en
724 546 115 28 förseelse,

92 586 55 21 som,
164 580 38 21 der
222 580 41 22 den
279 580 69 21 oftare
364 588 118 20 upprepas,
498 581 106 28 förtjenar
619 582 32 20 att
666 580 67 22 blifva
748 581 92 21 bestraf-

91 615 46 28 fad;
148 626 28 5 —
191 623 49 13 men
256 615 134 29 påståendet,
402 617 32 19 att
449 615 208 22 rättsmedvetandet
672 616 70 21 skulle
758 616 82 28 kräfva,

91 651 32 19 att
141 650 65 21 också
221 650 41 21 den
278 658 58 20 unga
352 650 139 21 obefläckade
507 651 106 28 qvinnan,
628 657 45 14 som
690 650 67 22 dukat
771 651 69 21 under

91 684 34 21 för
145 684 25 21 de
186 687 63 19 tusen
266 685 124 21 förförelse-
407 685 39 21 och
461 685 174 27 lockelsemedel,
651 691 104 21 mannen,
770 686 70 20 under

91 719 108 28 inflytelse
216 720 22 20 af
252 720 34 20 sin
302 720 94 27 sinnliga
412 720 63 26 lusta,
488 720 116 26 använder,
616 720 66 20 borde
698 720 142 21 underkastas

91 754 105 28 verdsligt
215 755 70 26 straff,
301 755 60 20 torde
377 755 34 20 för
426 755 66 27 ingen
511 755 35 21 del
561 755 74 21 kunna
650 762 63 14 anses
729 755 109 28 befogadt.

91 789 38 21 Ett
145 790 104 27 verdsligt
267 789 62 21 straff
343 796 50 14 vore
409 790 40 20 ock
464 790 113 27 härvidlag
591 790 7 20 i
614 790 78 27 högsta
706 790 68 21 måtto
788 790 51 21 obe-

91 824 111 28 rättigadt,
218 826 22 26 ty
256 824 48 21 dess
319 824 111 28 oförmåga
446 826 32 18 att
493 824 80 21 afhålla
589 824 95 28 qvinnan
697 824 48 21 från
757 824 83 21 otukts-

92 859 104 20 förseelse
212 859 33 20 lär
260 860 20 26 ej
296 859 73 20 kunna
385 858 107 21 bestridas
507 859 40 20 och
563 859 41 20 den
621 865 77 21 genom
715 859 83 20 straffet
808 860 31 19 af-

91 893 67 20 sedda
172 893 142 28 försoningen
330 893 92 20 förlorar
438 893 40 21 ock
493 893 7 21 i
515 893 26 21 de
557 893 62 21 flesta
635 893 38 20 fall
687 893 29 20 all
727 893 112 28 betydelse

89 928 47 27 just
151 928 7 20 i
173 928 55 27 följd
248 928 23 21 af
290 928 101 21 böternas
411 927 63 28 ringa
494 928 85 28 belopp.
609 927 44 22 För
673 928 44 20 min
738 928 35 21 del
794 930 46 19 tror

88 963 40 27 jag
149 962 40 21 den
211 963 84 27 blygsel
315 963 40 20 och
375 962 41 21 den
438 963 73 27 ånger,
527 970 26 13 en
574 962 67 21 fallen
657 962 89 28 gvinna,
762 964 78 26 genast

91 997 56 21 efter
162 997 36 20 det
214 997 133 21 sinnesruset
362 997 88 28 förgått,
466 997 143 28 ovilkorligen
625 997 68 20 måste
709 997 83 27 känna,
807 997 32 21 in-

91 1032 81 21 nebära
194 1033 31 19 ett
244 1039 46 13 mer
310 1033 27 19 än
359 1031 128 28 tillräckligt
502 1032 63 21 straff
578 1031 34 21 för
627 1031 83 21 hennes
726 1031 112 22 förseelse.

92 1066 75 21 Skulle
187 1066 43 22 hon
250 1066 73 20 dertill
343 1068 59 18 ännu
422 1066 77 28 dragas
520 1067 57 20 inför
595 1067 68 25 rätta,
679 1066 34 20 för
728 1068 33 19 att
776 1066 63 21 fällas

91 1101 33 20 till
141 1101 26 20 de
182 1101 7 20 i
205 1101 35 27 lag
255 1101 33 20 för
304 1101 67 20 första
388 1107 63 14 resan
467 1101 126 27 lönskaläge
604 1100 103 27 stadgade
717 1100 43 21 fem
772 1101 68 26 daler,

92 1135 69 20 skulle
182 1135 59 21 detta
262 1135 112 28 offentliga
390 1135 131 21 utställande
537 1135 76 21 endast
633 1135 60 27 tjena
709 1135 83 27 dertill,
808 1137 32 19 att

92 1169 49 20 med
157 1177 37 13 ens
210 1170 46 20 lära
272 1170 94 27 gvinnan
382 1171 32 19 att
429 1170 101 28 fördraga
545 1170 50 20 hela
609 1170 96 27 tyngden
722 1169 24 21 af
756 1170 84 21 hennes

92 1206 80 19 vanära
192 1207 56 18 samt
268 1205 118 20 såmedelst
404 1205 41 20 ock
463 1205 92 20 förlama
569 1204 161 27 verkningarne
746 1205 24 20 af
783 1212 56 13 sam-

91 1239 221 21 vetsförebråelserna
328 1239 39 20 och
383 1239 34 20 för
432 1239 71 21 henne
518 1239 54 20 lätta
588 1238 148 28 öfvergängen
746 1239 33 20 till
790 1246 49 20 pro-

91 1272 139 20 stitutionens
250 1272 127 27 lättfärdiga
397 1272 64 20 klass.
492 1272 42 27 Jag
553 1272 72 27 frågar
641 1272 46 26 ock,
703 1272 74 20 hvilka
792 1274 47 18 tan-

91 1306 40 20 kar
149 1306 56 20 skall
225 1313 27 13 en
272 1313 45 20 ung
336 1306 80 28 qvinna
436 1306 21 21 få
473 1313 34 13 om
523 1306 115 26 rättvisan,
654 1306 27 21 då
696 1306 43 22 hon
756 1313 34 13 ser
805 1307 35 27 sig

91 1340 34 22 för
145 1340 33 20 sin
194 1340 77 25 första,
284 1340 46 27 just
345 1340 8 20 i
368 1340 55 26 följd
438 1340 24 20 af
474 1340 82 20 hennes
575 1340 77 20 oskuld
670 1340 82 24 kanske
771 1341 68 25 något

91 1373 125 27 oförsigtigt
231 1373 101 21 utöfvade
348 1373 187 26 otuktsförseelse,
551 1373 78 27 dragas
645 1373 57 20 inför
713 1374 63 25 rätta,
787 1380 50 14 men

91 1407 27 21 de
136 1408 78 27 många
230 1407 98 28 qvinnor,
345 1414 45 14 som
406 1408 7 20 i
430 1407 89 21 otukten
535 1407 64 21 hafva
614 1407 33 21 sin
662 1407 119 28 bergning,
797 1407 41 22 säl-

91 1442 35 22 lan
150 1449 34 15 om
207 1442 107 28 någonsin
337 1441 92 22 drabbas
450 1442 23 20 af
490 1442 117 21 rättvisans
632 1441 121 22 hämnande
779 1441 61 28 arm?
