1064 1681
214 105 40 21 106
463 110 23 16 R.
500 114 16 12 o.
529 110 22 17 A.
565 110 54 17 1897.
644 110 13 16 8
669 110 58 16 Febr.

185 177 152 26 beskaffenhet,
359 180 31 18 att
412 177 26 21 de
460 178 121 20 successiva
601 177 161 27 bestämningar,
776 184 77 20 genom
868 176 73 21 hvilka
956 184 48 13 man

184 210 48 24 steg
246 206 35 20 för
295 209 47 24 steg
358 206 48 20 sökt
421 208 72 18 närma
508 206 32 26 sig
555 205 70 26 mälet,
640 205 111 21 efterhand
767 205 45 21 ledt
822 205 32 20 till
866 204 138 28 slutpunkten

184 234 35 21 för
241 234 62 21 dessa
324 234 161 25 förberedelser,
507 234 24 20 sä
552 237 32 17 att
605 241 48 13 man
674 233 92 21 omsider
784 233 42 21 kan
841 235 61 26 säga:
919 240 28 14 nu
963 232 41 21 kan

184 262 52 22 allas
255 264 42 20 rätt
313 262 67 21 blifva
394 262 86 21 likstäld
496 262 40 21 och
551 262 58 21 detta
625 262 38 20 bör
677 261 87 22 fastsläs
778 269 77 20 genom
871 269 25 13 en
913 261 40 28 lag,
968 260 37 22 vid

184 291 63 22 hvars
272 291 98 28 gällande
395 290 58 22 kraft
477 290 123 22 nuvarande
625 290 40 22 och
687 290 127 22 kommande
836 290 82 28 slägten
934 290 71 20 kunna

184 323 76 25 trygga
275 320 34 28 sig
324 320 40 20 och
380 327 45 13 som
440 320 43 28 just
497 319 121 28 derigenom
635 319 53 21 blott
703 320 42 20 kan
762 319 67 21 blifva
844 326 25 14 en
881 319 124 28 expression

185 356 11 13 af
222 351 31 19 att
265 356 48 13 man
329 348 47 21 nätt
390 348 106 20 slutmälet
511 348 7 20 i
534 348 57 21 detta
606 348 214 27 utvecklingsarbete.
849 347 42 28 Jag
901 353 45 15 tror
957 347 48 21 icke

185 379 31 19 att
231 376 70 28 någon
319 376 96 21 forskare
431 376 109 28 angående
556 376 36 21 det
606 377 6 20 i
629 376 47 21 vårt
690 376 49 21 land
756 376 88 21 likasom
860 376 5 20 i
882 375 24 22 sä
921 375 86 29 mänget

184 409 66 17 annat
272 405 50 21 land
345 412 43 20 nog
403 405 61 21 svära
480 406 70 20 ämnet
566 404 130 22 beträffande
712 407 90 25 gränsen
816 404 88 21 emellan
917 404 90 21 admini-

185 434 75 21 strativ
278 433 197 27 förordningsmakt
497 433 40 21 och
555 434 76 20 allmän
647 433 204 27 lagstiftningsmakt
866 432 54 22 skall
935 432 72 22 kunna

185 462 84 21 komma
293 462 33 20 till
349 462 36 20 det
404 462 94 25 resultat,
513 464 31 18 att
559 461 160 28 lagstiftningen
733 461 109 27 angäende
858 461 151 27 medborgares

185 490 126 28 rättigheter
326 493 31 18 att
371 490 23 20 få
410 491 46 19 sina
471 490 177 28 angelägenheter
664 490 22 20 af
700 490 125 28 myndighet
840 488 134 22 behandlade
983 489 28 29 pä

186 520 37 20 sitt
245 522 48 24 eget
307 518 65 28 spräk
387 518 69 21 skulle
471 518 71 21 kunna
557 526 50 13 vara
623 521 31 18 ett
669 518 88 21 stäende
773 518 80 28 kapitel
868 518 35 20 för
918 518 93 27 lagstift-

185 548 86 26 ningen,
294 554 50 14 vare
366 548 32 26 sig
413 546 28 28 pä
456 546 42 21 den
514 554 39 14 ena
569 546 51 22 eller
635 546 65 21 andra
716 547 61 20 sidan
793 546 22 21 af
830 546 99 21 strecket.
958 546 53 21 Med

185 576 27 21 de
227 575 64 21 ärade
306 576 165 27 petitionärerne
487 577 23 19 är
526 576 34 27 jag
576 575 61 21 alltsä
652 575 49 21 fullt
716 582 51 14 ense
782 575 79 26 derom,
878 578 30 18 att
923 574 88 22 tidsför-

185 603 127 22 hällandena
334 604 106 27 allvarligt
462 611 62 14 mana
546 607 30 18 att
599 604 45 21 lösa
657 603 70 22 denna
740 603 60 28 fråga
815 604 28 27 pä
858 606 30 18 ett
904 603 107 21 bindande

185 633 42 21 och
241 632 107 21 definitivt
362 634 47 19 sätt.

254 661 36 21 Nu
306 663 23 18 är
344 661 37 20 det
395 661 125 28 visserligen
536 661 66 26 fallet,
617 664 31 18 att
664 661 36 21 vid
717 661 61 21 sidan
794 660 22 22 af
826 660 42 21 den
879 660 90 28 äsigten,
980 663 31 18 att

186 689 261 28 likställighetsprincipen
470 691 23 19 är
516 689 40 22 den
580 692 54 19 rätta
657 691 6 20 i
687 689 79 26 landet,
786 690 70 27 nägon
874 689 57 28 gäng
946 689 66 21 fram-

185 718 61 21 träda
272 720 74 23 röster,
362 725 45 14 som
432 718 104 28 uppställa
561 721 30 18 ett
613 721 64 18 annat
690 726 104 20 program,
814 718 82 21 hvilket
911 717 100 22 omfattar

186 747 70 21 såsom
279 746 79 21 idealet
380 747 34 20 för
434 750 31 17 ett
486 747 46 20 folk
552 750 31 17 att
597 747 48 21 hela
660 747 100 20 nationen
776 747 39 21 bör
829 746 65 21 hafva
910 746 55 21 blott
981 749 30 18 ett

186 775 71 28 spräk,
279 775 40 21 och
343 783 45 13 som
411 775 72 21 derför
501 783 61 13 anser
585 778 30 18 att
636 775 139 28 uppnäendet
790 775 22 21 af
827 775 59 21 detta
901 774 56 21 ideal
973 775 38 21 bör

186 811 51 14 vara
260 803 113 26 slutmälet,
387 811 48 13 men
454 804 48 21 icke
518 804 115 21 ernäendet
648 804 22 20 af
686 811 25 13 en
724 804 76 20 allmän
816 804 40 27 lag,
872 811 45 13 som
936 803 75 21 erkän-

186 839 39 14 ner
245 831 189 29 tväspräkigheten
456 833 6 20 i
485 831 47 22 värt
554 832 49 21 land
619 831 70 22 säsom
705 835 31 18 ett
751 831 146 22 beständande
920 831 89 22 faktum.

186 860 32 22 Vi
241 864 49 18 veta
312 863 32 18 att
368 861 112 21 doktrinen
506 861 40 21 och
570 861 147 27 verkligheten
741 861 48 21 icke
814 861 59 20 alltid
899 861 110 20 öfverens-

186 891 95 24 stämma,
304 892 31 18 att
356 892 30 18 ett
407 889 62 26 ideal,
491 897 44 14 som
551 890 76 27 hägrar
641 889 35 21 för
692 889 110 26 tankarna,
818 889 87 23 hvilken
930 889 80 22 vacker

187 918 68 28 grund
281 918 36 21 det
340 920 25 19 än
389 918 33 21 mä
445 919 57 20 hvila
524 918 34 29 pä,
580 919 56 20 dock
659 918 40 21 kan
722 926 51 13 vara
796 918 94 29 omöjligt
913 920 31 19 att
966 918 44 21 för-

187 947 101 27 verkliga.
318 947 109 21 Historien
451 948 57 20 visar
528 947 65 22 ocksä
614 950 30 18 att
668 947 36 21 vid
727 947 60 21 sidan
810 947 22 21 af
847 947 102 26 nationer,
964 954 45 13 som

188 983 39 20 ega
247 975 54 22 blott
324 978 31 18 ett
377 975 69 28 språk,
461 976 67 21 finnas
548 975 72 27 andra,
636 977 56 20 inom
710 976 74 21 hvilka
800 976 56 21 olika
872 975 139 22 folkclement

188 1004 27 21 bo
236 1004 140 21 tillsammans
391 1004 41 21 och
447 1004 59 21 bilda
521 1011 26 14 en
563 1004 55 21 enda
633 1005 86 27 politisk
735 1005 79 20 nation.
844 1003 85 22 Sådana
944 1004 67 27 fakta,

188 1040 46 13 som
256 1032 68 21 under
349 1033 107 20 seklernas
478 1033 50 28 lopp
544 1033 80 25 danats,
640 1033 72 20 tillhör
727 1033 37 20 det
778 1033 48 20 icke
841 1032 170 28 lagstiftningen,

188 1061 47 21 icke
259 1061 70 27 någon
351 1061 137 27 tvängsmakt
504 1064 30 18 att
550 1061 52 21 söka
616 1061 116 28 upphäfva.
761 1061 65 21 Hvad
843 1061 114 21 framtiden
975 1062 36 20 bär

189 1090 6 19 i
211 1090 38 19 sitt
270 1089 68 26 sköte,
353 1092 35 17 vet
403 1097 48 12 man
468 1089 54 21 icke.
550 1089 93 21 Huruvida
680 1090 131 20 litteraturen
827 1089 39 21 hos
882 1096 34 14 oss
932 1089 28 28 pä
975 1089 36 21 det

189 1125 40 13 ena
251 1117 87 28 spräket
361 1117 53 21 skall
437 1117 145 28 uppblomstra
597 1118 69 21 rikare
682 1119 26 19 än
724 1118 28 27 pä
767 1117 37 22 det
818 1117 72 26 andra,
906 1117 105 22 huruvida

189 1153 25 14 en
238 1146 37 21 allt
296 1148 67 19 större
385 1146 77 27 mängd
486 1146 22 21 af
523 1154 100 20 personer
638 1147 57 20 inom
710 1146 48 21 värt
772 1146 46 21 folk
834 1146 54 21 skall
904 1146 56 21 finna
975 1147 37 20 sitt

189 1175 90 20 intresse
294 1174 74 21 fordra
383 1177 31 18 att
429 1175 101 28 adoptera
546 1175 36 21 det
597 1175 65 20 andra
678 1175 87 21 spräket
780 1175 69 21 säsom
865 1175 37 21 sitt
917 1175 95 20 moders-

189 1203 42 20 mäl
244 1216 27 2 —
283 1204 21 20 vi
321 1203 66 20 hafva
401 1204 21 26 ju
438 1206 42 17 sett
495 1204 6 19 i
517 1203 59 21 detta
590 1203 121 21 hänseende
722 1203 149 28 förändringar
879 1203 58 21 säväl
946 1203 23 20 ät
976 1203 36 20 det

189 1238 40 13 ena
244 1238 46 13 som
305 1231 22 20 ät
342 1231 36 20 det
392 1231 66 20 andra
474 1231 99 20 hället
554 1227 12 36 —
582 1231 38 20 allt
634 1231 58 20 detta
707 1233 23 18 är
745 1231 78 27 frägor,
838 1238 45 14 som
899 1231 33 20 stä
946 1231 65 20 främ-

189 1258 76 21 mande
288 1259 34 20 för
346 1259 168 27 lagstiftningen.
543 1259 43 20 Det
610 1261 23 18 är
655 1259 41 20 den
711 1259 41 20 fria
767 1259 163 27 utvecklingens
946 1259 67 20 banor

189 1287 128 21 förbehället
342 1289 31 18 att
395 1287 52 26 visa,
470 1288 7 20 i
498 1287 82 21 hvilket
599 1287 133 21 förhällande
747 1288 7 20 i
770 1295 26 13 en
812 1287 86 21 framtid
914 1287 27 21 de
957 1287 55 21 bäda

190 1315 184 28 spräkelementen
390 1315 51 21 eller
456 1316 183 20 nationaliteterna
655 1315 60 21 skola
730 1315 33 21 stä
778 1316 32 20 till
824 1315 128 27 hvarandra;
965 1316 48 20 huf-

190 1343 111 22 vudsaken
316 1344 36 20 för
366 1343 48 22 värt
428 1344 150 21 fädernesland
594 1346 29 24 är,
638 1347 31 18 att
684 1344 42 21 alla
740 1345 6 20 i
762 1344 59 21 detta
837 1344 49 21 land
898 1344 70 22 känna
981 1345 32 27 sig

190 1372 43 21 lika
248 1372 132 26 solidariska,
395 1372 43 21 lika
454 1372 43 22 fast
512 1373 164 21 sammanslutna
690 1373 34 21 till
735 1380 25 14 en
777 1373 54 21 enda
846 1374 80 25 nation,
941 1373 26 21 de
978 1373 35 21 mä

190 1401 43 21 tala
255 1401 38 21 det
315 1409 40 13 ena
378 1401 50 21 eller
450 1401 66 21 andra
531 1402 92 28 språket.
653 1401 10 21 I
683 1402 58 20 detta
757 1402 56 28 syfte
829 1404 23 19 är
867 1402 42 26 det,
924 1410 46 13 som
985 1402 27 21 de

190 1430 126 28 patriotiska
332 1430 151 21 sträfvandena
499 1430 50 21 böra
563 1430 27 28 gå
606 1430 46 26 och,
668 1438 32 13 om
717 1430 61 22 dessa
790 1430 138 22 sträfvanden
941 1431 72 21 kuuna

191 1459 72 21 stödas
285 1466 77 21 genom
386 1466 26 14 en
434 1458 184 29 lagstiftningsakt
633 1466 45 14 som
694 1459 41 21 den
750 1467 28 13 nu
794 1459 126 28 föreslagna,
936 1458 24 22 sä
975 1459 39 21 bör

191 1488 34 22 väl
248 1488 47 21 icke
318 1488 28 28 pä
368 1488 66 27 nägot
454 1488 44 21 häll
520 1488 80 21 tvekan
622 1488 78 28 uppstä
722 1491 31 18 att
777 1488 28 28 gä
819 1488 32 21 till
866 1490 68 20 mötes
950 1495 26 14 en
991 1488 23 21 af
