1073 1689
221 105 26 20 80
467 109 25 16 R.
505 113 17 12 o.
535 109 22 17 A.
570 109 56 17 1897.
650 109 27 16 30
689 108 46 17 Jan.

191 177 227 21 landskommunernas
439 177 90 27 utgifter
544 177 54 20 varit
613 179 108 26 upptagen
737 176 31 21 till
784 176 109 26 5,249,000
909 175 66 26 mark,
990 174 25 21 sä

191 205 63 21 faller
278 205 69 21 under
369 205 100 21 rubriken
492 205 69 27 öfriga
583 206 94 27 utgifter,
698 204 20 22 d.
739 212 20 13 v.
781 211 16 14 s.
813 204 89 28 utgifter
917 206 51 19 utan
983 205 32 18 att

192 233 62 21 deras
277 233 98 22 ändamäl
397 234 93 27 framgär
512 233 22 21 af
556 233 123 26 tabellerna,
701 233 48 21 icke
763 232 83 21 mindre
861 234 26 19 än
904 232 110 27 2,377,000

192 262 59 21 mark
271 262 41 21 och
334 262 65 21 bland
414 262 27 22 de
456 262 94 28 utgifter,
566 270 45 14 som
626 265 105 26 upptagas
747 261 159 29 specificerade,
920 261 57 20 finna
993 261 23 20 vi

193 290 87 21 endast:
303 291 281 28 kommunalförvaltningen
607 291 49 21 med
677 291 96 25 391,000,
795 289 152 22 skolväsendet
966 288 49 22 med

193 320 90 25 803,000
300 322 55 18 samt
370 319 198 28 skjutshällningen,
583 319 179 28 gästgifverierna
777 319 40 21 och
826 317 190 30 vägaunderhället

192 347 49 22 med
264 349 96 25 869,000,
382 348 70 21 helso-
475 348 41 21 och
539 348 130 28 sjukvärden
691 347 48 22 med
763 348 95 27 379,000,
880 349 73 19 räntor
975 345 41 22 och

192 376 239 29 kapitalafbetalningar
445 377 13 20 å
473 376 35 21 län
524 377 47 21 med
587 378 90 26 437,000
693 376 66 26 mark;
770 383 55 18 men,
835 383 45 14 som
889 375 68 28 sagdt,
965 378 51 17 utan

192 405 148 28 specifikation
359 407 24 19 är
397 405 37 21 det
449 408 58 18 stora
523 405 101 29 beloppet
639 405 23 21 af
677 405 109 26 2,377,000
802 405 65 21 mark.
897 403 67 22 Hvad
979 403 38 21 allt

192 433 60 22 detta
267 433 60 22 afser
341 434 104 21 inhemtas
461 433 84 22 säledes
560 434 49 21 icke
624 434 66 21 häraf.
720 433 52 22 Men
789 433 34 21 väl
838 433 68 22 finner
920 441 49 13 man
986 434 32 19 att

193 469 27 14 en
241 463 24 21 sä
289 462 120 29 betydande
431 470 80 14 summa
535 470 45 14 som
603 464 89 25 869,000
712 462 60 22 mark
787 462 61 28 ingär
863 462 34 21 för
913 460 104 27 ändamäl,

193 490 73 22 hvilka
288 491 48 22 ieke
357 491 50 22 höra
422 491 281 28 kommunalförvaltningen
719 491 38 27 till,
773 491 106 28 nämligen
896 493 65 26 väga-
977 489 41 22 och

193 520 238 28 skjutsningsbesväret,
453 529 45 13 som
517 521 125 28 visserligen
664 521 56 28 gälla
741 520 78 28 frägor,
834 520 73 21 hvilka
923 518 95 23 behand-

193 549 31 20 las
240 549 57 22 inom
312 549 135 27 kommunen,
461 557 49 14 men
526 549 56 22 dock
597 552 37 19 äro
649 549 112 29 utskylder
775 549 32 21 till
823 552 75 19 staten.
920 549 42 28 Jag
973 551 45 18 tror

193 580 32 19 att
247 586 48 13 man
317 579 8 20 i
347 585 26 14 en
395 578 78 28 mängd
494 578 220 29 lagstiftningsfrägor
729 579 41 21 och
785 578 48 21 icke
848 579 65 20 minst
928 579 38 20 när
981 577 37 21 det

192 607 67 27 gäller
275 607 158 28 beskattnings-
449 607 51 21 eller
514 607 117 22 finansiella
646 607 73 28 frägor
734 607 68 21 skulle
817 607 66 21 hafva
898 607 68 20 starkt
981 606 36 21 be-

193 635 39 20 hof
255 635 22 21 af
298 643 26 14 en
346 635 126 28 fullständig
493 636 120 22 kännedom
629 643 34 14 om
679 635 225 22 landskommunernas
920 635 97 22 finanser.

193 663 48 22 Vill
263 672 49 13 man
336 664 49 22 icke
407 665 100 21 bearbeta
528 665 245 21 kommunalstatistiken
796 665 7 20 i
825 664 72 28 öfrigt,
912 665 23 21 sä
950 663 68 22 borde

193 692 130 23 åtminstone
344 694 164 21 kommunernas
533 694 118 21 finansiella
673 693 93 22 statistik
789 693 24 22 sä
835 693 79 21 ordnas
930 695 31 19 att
976 693 41 21 den

194 721 48 28 läge
267 721 35 22 för
323 724 70 27 öppen
415 722 41 28 dag
471 722 47 21 med
534 723 79 28 nödiga
629 722 178 29 specifikationer.
837 722 44 21 Det
895 729 63 21 synes
975 723 43 27 mig

196 749 73 22 derför
284 758 46 14 som
346 751 68 22 skulle
430 751 37 21 det
481 751 105 29 föreligga
601 751 116 28 anledning
732 751 34 22 för
781 751 237 22 Kommunalutskottet

195 781 32 18 att
249 780 6 20 i
277 779 130 23 Ständernas
427 781 175 21 svarsskrifvelse
625 780 29 28 pä
673 779 69 22 denna
757 780 48 21 näd.
821 787 59 22 prop.
895 779 80 22 föreslä
991 787 26 14 en

196 807 157 30 framställning
375 809 79 28 derom,
476 812 31 18 att
529 817 78 21 genom
622 809 147 28 Regeringens
784 809 90 28 försorg,
890 809 128 28 förslagsvis

196 836 63 22 hvart
279 838 68 28 tredje
362 838 29 27 är,
411 845 25 14 en
453 838 216 22 kommunalstatistik
685 838 34 21 för
734 838 222 27 landskommunerna,
973 845 45 14 om-

196 865 97 22 fattande
313 867 130 22 ätminstone
465 867 42 21 den
522 868 118 21 finansiella
661 867 60 21 sidan
743 867 24 21 af
781 867 62 22 deras
858 866 26 22 lif
899 867 41 21 och
956 867 62 21 verk-

196 895 88 26 samhet,
299 895 73 22 blefve
388 895 114 23 bearbetad
519 897 41 20 och
575 896 104 28 utgifven.

264 952 57 22 Frih.
344 961 43 14 von
408 953 127 22 Kothen:
560 954 37 22 Uti
621 955 12 26 $
654 954 25 21 10
695 961 62 14 mom.
772 955 12 20 2
801 953 52 22 står:
872 953 55 22 »För
942 953 76 28 fastig-

195 981 43 25 het,
264 989 50 14 vare
344 983 33 27 sig
405 982 41 21 den
470 983 72 20 tillhör
560 983 87 26 kronan,
670 982 77 21 allmän
770 983 117 27 inrättning
909 982 51 21 eller
982 989 37 14 en-

196 1009 55 21 skild
274 1017 84 21 person,
380 1013 57 19 röste
459 1011 161 26 innehafvaren,
641 1011 72 21 derest
734 1011 48 21 icke
803 1019 76 20 egaren
895 1011 67 21 sådan
977 1013 42 19 rätt

196 1039 33 26 sig
250 1038 143 22 förbehällits.
423 1039 83 22 Genom
529 1040 59 21 detta
610 1041 12 19 2
644 1047 62 13 mom.
721 1039 38 21 har
775 1047 25 13 en
817 1040 53 20 brist
885 1040 72 20 blifvit
971 1039 47 28 fyld

195 1067 32 20 uti
249 1074 28 13 nu
291 1068 99 27 gällande
409 1068 141 28 lagstiftning,
566 1070 30 26 ity
612 1071 31 18 att
657 1071 58 18 utom
731 1068 128 21 kommunen
875 1068 72 21 bosatt
961 1068 57 28 jord-

196 1102 69 20 egare,
288 1103 45 14 som
355 1096 28 28 pä
405 1097 88 21 arrende
515 1097 92 29 upplätit
622 1098 32 20 sin
670 1096 47 29 jord
733 1096 22 22 ät
769 1096 139 27 landbönder,
923 1097 38 21 har
976 1097 42 21 till-

196 1123 86 22 erkänts
297 1126 44 20 rätt
355 1128 37 24 att,
407 1125 72 21 derest
493 1125 41 21 han
550 1128 57 19 ännu
623 1126 24 21 sä
661 1125 84 27 önskar,
761 1125 23 21 fä
799 1125 74 21 utöfva
883 1127 88 20 rösträtt
982 1125 37 21 vid

196 1152 217 23 kommunalstämma.
449 1154 38 22 Uti
517 1156 12 26 8
554 1156 26 20 18
609 1154 52 22 står:
693 1154 108 22 »Kallelse
828 1154 33 21 till
886 1154 132 22 kommunal-

196 1182 96 26 stämma,
314 1190 46 13 som
382 1182 96 22 utfärdas
494 1184 23 20 af
532 1183 144 21 ordföranden
692 1183 41 21 och
748 1183 39 20 bör
801 1182 108 22 innehälla
921 1182 97 22 bestämd

196 1210 85 26 uppgift
302 1218 35 13 om
352 1210 32 21 tid
399 1212 39 20 och
455 1212 60 20 ställe
530 1211 35 21 för
580 1214 104 18 stämman
700 1212 111 20 äfvensom
827 1218 34 14 om
877 1211 27 21 de
919 1211 100 26 ärenden,

196 1236 73 21 hvilka
292 1238 84 20 komma
392 1241 31 18 att
438 1239 110 21 derstädes
563 1239 131 27 föredragas,
709 1238 71 22 ansläs
800 1239 2 19 i
818 1238 200 28 kommunalstugan

196 1264 51 20 eller
269 1265 13 21 å
304 1273 69 13 annan
397 1266 87 28 lämplig
504 1267 56 27 plats
581 1269 55 18 samt
651 1267 106 27 kungöres
773 1267 7 20 i
795 1266 140 22 kommunens
951 1267 67 27 kyrka

195 1292 52 21 eller
269 1293 79 29 kyrkor
370 1294 64 22 minst
455 1296 80 20 tvänne
559 1294 126 28 söndagar».
714 1295 42 28 Jag
777 1294 68 22 skulle
860 1294 111 22 hemställa
986 1295 32 21 till

195 1320 162 24 vederbörande
379 1323 89 27 utskott,
482 1323 105 22 huruvida
607 1324 48 21 icke
670 1326 31 19 ett
715 1324 78 21 sädant
807 1323 124 22 förfarande
946 1324 72 22 kunde

195 1349 87 29 bringas
297 1352 32 20 till
345 1351 64 22 ständ
424 1355 32 18 att
471 1352 162 22 vederbörande
645 1352 247 29 kommunalmyndighet
902 1352 73 22 älades
988 1356 32 18 att

195 1378 29 28 pä
246 1380 66 22 sådan
335 1384 59 18 utom
416 1381 128 22 kommunen
567 1382 72 21 bosatt
657 1382 101 21 medlems
778 1381 121 22 bekostnad
915 1382 40 22 och
971 1382 48 22 med

195 1407 53 23 hans
271 1410 110 28 samtycke
403 1410 6 21 i
432 1410 49 22 bref
495 1410 32 22 till
543 1410 77 22 honom
636 1410 86 22 utfärda
737 1411 88 21 kallelse
840 1410 33 22 till
888 1411 132 22 kommunal-

196 1438 95 26 stämma,
312 1439 117 29 hvarjemte
448 1439 67 21 borde
537 1440 109 21 meddelas
668 1440 87 28 uppgift
778 1440 62 21 öfver
854 1439 32 22 tid
902 1440 40 21 och
957 1440 61 22 ställe

194 1464 36 22 för
251 1468 104 20 stämman
374 1467 112 22 äfvensom
507 1468 27 21 de
550 1468 100 26 ärenden,
665 1476 46 13 som
725 1468 86 22 komma
826 1470 31 19 att
872 1468 75 22 dervid
962 1468 57 22 före-

194 1493 83 29 dragas.
307 1496 85 22 Samma
413 1497 142 29 anmärkning
577 1498 51 21 ville
648 1498 36 27 jag
705 1499 52 27 göra
778 1497 36 22 vid
831 1498 12 26 $
859 1498 33 25 84,
907 1500 32 18 att
953 1497 64 21 äfven
