1045 1684
311 99 110 17 Antellska
433 100 145 19 samlingarna.
787 95 40 20 253

103 167 34 21 Hr
156 167 25 21 L.
203 167 152 22 Mechelin:
385 168 35 20 Då
441 169 35 27 jag
498 167 89 29 deltagit
608 168 31 21 uti
661 168 42 21 den
719 168 137 27 Delegations

39 196 93 25 arbeten,
153 196 64 22 hvars
238 196 113 21 berättelse
367 196 40 21 och
422 196 80 28 förslag
516 196 38 21 här
568 196 109 28 föreligga,
692 196 62 22 utber
767 197 35 28 jag
815 197 42 27 mig

36 225 24 20 få
82 225 74 20 beröra
179 232 26 14 en
220 224 69 28 punkt
303 226 23 19 af
341 224 26 21 de
383 225 81 27 många,
480 232 44 14 som
541 225 41 21 den
597 228 84 18 senaste
697 225 65 21 ärade
776 226 81 20 talaren

37 252 46 21 dels
98 255 95 19 närmare
209 253 74 27 belyst,
298 253 45 20 dels
360 253 113 21 kriticerat.
496 253 34 21 Hr
540 253 123 21 Grotenfelt
673 254 111 20 anmärker
793 254 63 20 bland

37 284 64 18 annat
122 283 30 19 att
172 280 37 22 det
224 281 67 28 ligger
306 288 25 14 en
347 281 111 27 obillighet
473 284 57 18 emot
545 281 27 21 de
587 281 114 21 historiska
716 282 141 27 samlingarna

36 310 31 19 uti
90 309 37 21 det
149 309 86 27 förslag,
256 317 45 13 som
323 309 22 21 af
360 310 154 26 Delegationen
530 309 123 26 framstälts,
668 310 130 20 beträffande
813 310 44 21 för-

36 337 114 28 delningen
172 337 23 21 af
215 337 144 21 räntemedlen
381 338 48 21 från
451 337 166 28 Rosenbergska
637 338 88 26 fonden,
739 339 7 19 i
761 338 37 21 det
812 338 44 21 för-

37 366 68 28 slaget
126 366 38 28 går
180 369 23 18 ut
218 366 66 28 derpä
298 368 32 19 att
344 367 28 26 3/;
387 366 23 21 af
425 366 91 22 fondens
532 368 72 19 räntor
619 366 68 22 skulle
702 366 107 22 användas
824 366 33 22 till

36 394 66 29 inköp
117 395 23 21 af
155 395 116 21 konstverk
288 395 39 21 och
342 398 70 18 resten
428 395 32 21 till
476 396 66 27 inköp
552 395 35 21 för
597 394 26 22 de
633 395 69 28 öfriga
711 396 145 27 samlingarna.

35 424 43 27 Jag
93 424 38 21 ber
145 423 23 21 få
182 424 112 21 framhålla
307 424 36 20 för
358 424 36 20 det
405 424 75 26 första,
500 427 32 18 att
547 423 124 27 konstverk,
686 424 122 28 isynnerhet
823 424 33 21 så-

37 452 60 26 dana,
113 460 45 14 som
173 452 65 22 hafva
254 452 36 22 det
305 452 65 22 värde
385 455 36 27 att
431 452 27 21 de
474 454 36 20 äro
526 452 102 28 förtjenta
643 452 23 21 af
681 456 32 17 att
731 453 39 20 med
781 448 76 38 offent-

37 482 30 27 lig
81 481 90 28 samling
186 481 127 27 införlifvas,
328 481 87 28 betinga
430 482 32 27 sig
478 484 32 18 ett
525 480 51 23 vida
591 481 65 28 högre
672 482 43 28 pris
731 483 25 19 än
768 481 89 21 flertalet

36 510 23 20 af
74 510 26 21 de
116 510 94 25 föremål,
225 518 45 13 som
286 510 32 21 stå
333 512 32 19 att
379 510 68 21 köpas
462 510 34 21 för
511 510 26 21 de
548 510 113 21 historiska
669 510 140 28 samlingarna
816 510 40 21 och

36 539 184 28 myntsamlingen.
241 538 48 22 Vill
303 546 49 14 man
368 546 32 13 med
424 538 70 22 denna
502 538 177 22 donationsfonds
686 540 72 19 räntor
768 538 89 28 kraftigt

38 568 65 20 verka
118 568 34 20 för
169 567 189 22 åstadkommande
373 567 23 21 af
411 570 31 18 ett
456 568 166 25 konstmuseum,
637 567 24 21 så
676 568 38 20 bör
729 575 46 13 man
791 567 66 21 hafva

38 596 62 21 dessa
116 596 181 28 omständigheter
311 597 6 20 i
333 597 54 27 sigte
403 596 40 21 och
454 596 72 21 derför
533 596 154 28 jemförelsevis
696 596 94 28 rundligt
797 596 60 21 anslå

37 625 69 21 medel
121 625 34 21 för
170 625 58 21 detta
244 625 103 21 ändamål.
375 625 44 21 För
434 624 36 22 det
485 625 66 21 andra
567 624 37 22 har
619 624 36 22 det
669 626 65 27 tagits
749 626 7 20 i
772 625 84 21 betrak-

38 654 65 21 tande
119 657 31 18 att
164 656 70 19 staten
249 654 65 21 redan
330 654 28 28 på
373 654 37 20 sitt
425 661 97 21 program
538 654 98 28 upptagit
651 653 157 22 omvårdnaden
821 661 34 13 om

37 682 27 22 de
79 683 161 28 vetenskapliga
256 682 141 28 samlingarna
412 682 41 21 och
468 682 61 21 deras
545 682 123 27 förökande,
677 682 76 21 medan
762 682 94 21 deremot

37 712 66 27 något
117 712 159 20 konstmuseum
292 711 33 21 för
340 714 80 18 statens
436 711 90 27 räkning
541 712 56 20 ännu
609 711 48 21 icke
668 706 72 37 blifvit
748 706 107 37 inrättadt.

37 740 34 21 De
88 740 132 28 delegerade,
236 740 63 21 bland
314 740 73 20 hvilka
402 743 98 25 nogsamt
514 739 64 22 äfven
594 740 99 20 intresset
707 740 34 20 för
756 739 26 21 de
790 739 65 21 histo-

37 769 58 21 riska
117 769 140 28 samlingarne
280 769 55 21 varit
356 768 177 28 representeradt,
551 768 39 21 har
604 768 73 21 derför
692 768 101 28 enhälligt
807 768 48 20 från

39 798 67 20 första
129 798 91 20 stunden
243 797 98 22 omfattat
357 797 41 21 den
414 797 86 26 tanken,
514 799 32 19 att
561 804 26 14 en
603 798 67 20 större
686 796 35 22 del
736 797 23 21 af
773 796 83 21 årsrän-

37 829 62 19 torna
114 826 66 22 borde
195 828 84 19 komma
294 826 146 21 konstmuseet
454 826 32 21 till
502 825 62 29 godo.

103 885 35 20 Då
160 885 63 27 ingen
244 891 70 14 annan
330 883 23 21 af
367 883 26 22 R.
409 891 18 13 o.
443 884 37 21 A:s
496 883 137 22 medlemmar
648 882 94 21 önskade
757 883 7 20 i
779 882 76 28 frågan

37 915 56 26 yttra
115 914 38 27 sig,
176 913 68 21 beslöt
265 913 26 21 R.
313 919 19 14 o.
353 912 26 21 A.
399 913 108 20 remittera
526 911 69 22 denna
610 911 114 21 berättelse
739 911 32 21 till
787 911 68 21 Stats-

38 941 109 26 utskottet,
169 941 75 28 åtföljd
267 941 23 21 af
311 941 107 28 protokoll
441 941 61 21 öfver
523 940 27 21 de
570 939 36 22 vid
625 939 86 28 frågans
728 939 127 28 behandling

37 970 82 27 afgifna
133 969 133 29 yttrandena.

103 1113 71 21 Sedan
196 1113 34 20 Hr
244 1112 207 22 Landtmarskalken
467 1112 167 28 tillkännagifvit
649 1114 32 19 att
695 1113 60 20 nästa
770 1111 85 28 plenum

37 1141 84 22 komme
140 1144 31 18 att
185 1141 66 22 hållas
266 1141 112 28 Fredagen
395 1141 41 21 den
452 1142 26 20 26
495 1141 79 21 dennes
590 1141 27 21 kl.
633 1141 12 20 6
661 1147 16 14 e.
692 1148 32 18 m.,
739 1140 116 21 afslutades

39 1170 86 28 plenum
139 1170 28 21 kl.
183 1171 11 20 9
212 1177 16 14 e.
243 1177 27 14 m.

659 1226 20 17 In
691 1226 62 17 fidem:

613 1271 20 22 O.
652 1271 116 22 Cronstedt.
