1053 1684
218 104 41 36 388
463 113 25 17 R.
501 117 17 12 o.
530 112 22 18 A.
566 112 54 17 1897.
645 112 25 17 23
682 112 62 16 Mars.

258 180 71 22 Sedan
345 183 84 19 senaste
445 180 85 29 plenum
545 180 55 21 hade
615 180 76 28 pollett
705 179 108 21 äterstälts
827 178 35 22 för

257 237 80 28 Adliga
352 238 58 20 ätten
425 237 41 21 N:o
482 237 34 26 98,
564 236 192 28 Wadenstjerna,
771 235 23 22 af
808 235 67 21 fullm.
890 234 57 22 Herr
961 234 48 22 Jalo

190 266 94 23 William
300 265 154 27 Järnefelt,
468 265 58 23 Vice
540 265 177 28 häradshöfding;

259 320 54 19 samt
328 318 88 27 uttagits

258 369 35 22 för
308 376 79 15 samma
403 371 31 18 ätt
448 369 23 20 af
478 369 67 21 fullm.
555 368 58 21 Herr
623 367 96 23 Wolmar
729 367 59 22 Onni
799 367 121 27 Schildt,
930 367 80 22 Landt-

192 398 115 27 bruksräd;
322 397 111 22 äfvensom
448 397 34 21 för

259 427 80 28 Adliga
361 428 81 20 ätterna
464 426 42 21 N:o
529 427 47 25 156,
594 425 185 28 Segersträle,
794 425 23 21 af
831 425 67 22 fullm.
912 425 99 22 Friherre

191 457 85 26 August
290 455 111 28 Benjamin
417 454 26 21 af
458 455 145 26 Schult6n,
617 454 65 21 Filos.
697 454 91 26 Doktor,
803 454 94 26 Docent;
912 454 41 21 och

258 484 42 21 N:o
317 484 46 26 196,
379 491 50 14 von
445 483 165 26 Heideman,
625 483 22 21 af
662 482 57 21 Herr
729 483 66 28 Hugo
806 483 71 21 Oskar
888 482 122 22 Alexander

191 513 93 28 Magnus
299 519 50 15 von
365 511 163 28 Heideman,
544 511 129 28 Godsegare.

260 642 199 28 Protokollsutdrag
480 642 62 22 öfver
563 642 26 22 R.
612 650 18 13 o.
651 642 39 22 A:s
706 642 36 22 vid
758 642 85 29 plenum
858 642 42 22 den
917 644 25 20 19
958 642 52 22 den-

192 679 37 14 nes
244 671 82 21 fattade
341 671 70 21 beslut
425 671 109 29 upplästes
549 671 33 21 till
596 671 103 28 justering
714 671 41 21 och
769 671 131 28 godkändes.

544 802 115 23 Utskotten.

260 860 70 22 Sedan
351 860 152 21 Ordföranden
526 861 7 20 i
556 860 162 22 Statsutskottet
739 860 34 21 Hr
795 861 24 21 L.
835 860 174 26 Mechelin,
996 856 16 35 i

192 889 106 21 anseende
320 889 70 21 dertill
413 892 31 18 att
466 897 26 13 en
507 889 23 21 af
543 889 26 21 R.
585 896 18 14 o.
618 889 38 21 A:s
671 889 137 28 suppleanter
822 890 7 20 i
844 889 117 27 Utskottet,
976 889 35 22 Hr

192 917 136 28 Segersträle,
350 918 55 21 varit
427 917 41 22 och
490 918 83 21 komme
595 920 32 18 att
641 925 50 14 vara
706 917 126 22 förhindrad
846 921 32 18 att
893 918 37 21 vid
945 918 66 21 behof

193 946 84 28 deltaga
300 947 7 20 i
327 946 123 21 Utskottets
474 946 93 27 arbeten,
582 946 99 21 hemstält
696 953 34 14 om
745 946 103 21 utseende
864 947 22 21 af
901 954 27 14 en
942 947 67 21 tredje

193 975 113 28 suppleant
319 975 7 20 i
342 975 118 26 Utskottet,
475 975 40 21 och
530 975 25 21 R.
571 982 19 14 o.
605 975 26 20 A.
646 974 71 22 härtill
732 975 83 26 bifallit,
830 975 133 28 uppmanade
1000 983 11 14 Hr

192 1003 205 21 Landtmarskalken
420 1003 101 22 Ständets
544 1003 84 22 valmän
644 1006 31 18 att
689 1006 47 19 utse
753 1011 25 14 en
793 1003 68 29 tredje
876 1004 113 28 suppleant
1003 1005 8 20 i

193 1027 168 36 Statsutskottet.
880 1052 2 2 .

259 1162 58 22 Frän
339 1162 226 28 Justeringsutskottet
586 1163 55 22 hade
663 1163 70 29 ingätt
754 1164 97 21 anmälan
874 1166 31 19 att
920 1164 90 22 Utskot-

192 1193 32 19 tet
237 1192 32 20 till
285 1192 32 20 sin
334 1191 128 21 ordförande
476 1194 67 19 utsett
557 1192 35 21 Hr
606 1193 26 20 A.
647 1192 120 29 Ramsay.

506 1322 189 28 Postsparbanken.

259 1378 43 22 Till
317 1378 59 22 detta
391 1379 85 28 plenum
492 1379 54 21 hade
561 1380 109 28 bordlagts
686 1380 41 22 och
741 1380 111 29 föredrogs
970 1398 6 6 E

260 1436 174 22 Statsutskottets
455 1436 133 22 betänkande
610 1438 42 21 N:o
675 1439 11 20 1
709 1439 7 20 i
731 1438 115 28 anledning
861 1439 23 21 af
898 1439 112 28 Postspar-

192 1464 183 21 banksstyrelsens
390 1465 31 20 till
437 1464 120 22 Ständerna
572 1466 82 27 afgifna
668 1466 89 21 relation
771 1474 34 13 om
815 1467 194 28 postsparbankens

190 1493 79 21 tillstånd
302 1493 40 22 och
357 1493 131 29 förvaltning
502 1494 68 21 under
585 1494 50 21 åren
651 1495 61 27 1893,
729 1496 54 21 1894
799 1495 40 22 och
855 1497 61 20 1895.
