1064 1681
320 107 83 18 Vården
415 113 32 12 om
461 108 158 20 kyrkoarkiven.
826 103 12 20 9

59 175 41 23 och
122 176 46 21 blef
190 176 70 21 denna
280 177 96 28 petition,
397 177 66 21 sedan
483 178 140 26 petitionären
641 177 35 21 Hr
693 176 101 22 Lindelöf
813 176 69 22 föror-

60 205 37 21 dat
119 205 49 21 dess
186 206 74 20 remiss
282 205 33 21 till
337 205 115 21 Allmänna
474 205 218 27 Petitionsutskottet,
712 205 122 22 remitterad
849 205 32 21 till

59 233 93 21 nämnda
166 233 96 22 Utskott.

124 375 34 21 På
179 376 157 27 framställning
359 377 23 20 af
404 376 33 21 Hr
459 376 206 22 Landtmarskalken
688 375 146 22 remitterades
848 375 34 21 till

58 403 166 22 Statsutskottet
245 404 41 21 den
309 405 33 20 till
363 405 120 21 Ständerna
499 405 83 28 afgifna
597 405 138 22 relationen
756 410 38 16 om
810 404 71 22 stats-

58 433 97 22 verkets
173 433 123 28 tillstånd,
312 433 87 22 hvilken
415 434 90 21 relation
522 433 117 22 emellertid
655 433 72 22 blifvit
742 432 65 21 bland
821 432 26 21 R.
862 439 19 14 o.

57 461 38 22 A:s
110 461 137 22 medlemmar
262 461 93 22 utdelad.

300 608 80 24 Vården
396 615 33 17 om
446 609 158 28 kyrkoarkiven.

125 678 35 21 Hr
180 678 208 22 Landtmarskalken
410 678 142 29 tillkännagaf
574 681 31 18 att
626 678 33 21 till
674 678 26 21 R.
716 686 18 13 o.
754 678 26 21 A.
799 679 23 20 af
836 678 44 21 Hrr

58 706 26 21 O.
97 706 198 29 Wasastjerna
310 707 41 21 och
366 707 26 21 A.
408 707 106 21 Wallen
525 707 83 21 sköld
623 709 54 19 samt
686 707 56 21 Frih.
757 706 17 21 T.
785 706 95 29 Carpe-

57 735 42 21 lan
125 736 113 20 inlemnats
265 738 31 18 ett
321 736 212 28 petitionsmemorial
554 735 112 28 angående
686 735 151 22 öfverförande
858 735 24 21 af

57 763 169 28 kyrkoarkivens
249 763 58 22 äldre
327 763 126 29 handlingar
467 764 33 21 till
515 764 146 25 statsarkivet,
676 763 82 22 hvilket
773 764 109 21 memorial

57 792 35 21 Hr
107 792 148 23 Wallensköld
273 792 51 21 härä
339 793 105 28 nppläste.

125 855 99 28 (Bihang.
253 856 47 21 Pet.
315 855 41 22 N:o
373 857 25 25 5).

125 919 35 20 Hr
180 925 42 14 von
241 918 165 21 Bonsdorff
420 918 93 28 yttrade:
536 919 11 21 I
562 918 38 21 det
614 926 28 13 nu
658 918 99 29 upplästa
772 919 110 20 memoria-

60 947 29 21 let
106 947 66 21 hafva
193 946 27 21 de
236 947 63 21 ärade
315 947 165 28 petitionärerne
495 947 67 21 fästat
578 946 101 22 Ständets
695 946 187 29 uppmärksamhet

61 975 37 22 vid:
121 979 31 18 ett
167 975 192 27 missförhällande,
374 983 46 14 som
440 976 62 28 länge
518 976 61 21 känts
597 975 40 22 och
653 975 117 28 beklagats,
785 978 51 19 utan
852 978 31 19 att

58 1004 158 22 verksammare
238 1004 100 28 ätgärder
359 1004 104 28 vidtagits
485 1004 35 21 för
541 1007 32 18 att
587 1004 94 29 afhjelpa
696 1003 122 22 detsamma.
848 1004 34 21 De

59 1033 67 26 arkiv,
147 1041 45 13 som
207 1033 97 22 förvaras
319 1034 8 20 i
342 1033 119 28 kyrkornas
477 1033 112 22 sakristior
605 1033 40 21 och
660 1033 110 28 väggskäp
786 1035 54 19 samt
854 1033 28 28 pä

59 1061 170 30 prestgärdarna,
244 1064 75 25 utgöra
335 1065 31 18 ett
381 1061 116 22 värdefullt
506 1061 112 22 historiskt
630 1061 41 22 och
682 1061 124 28 biografiskt
816 1064 66 19 mate-

59 1091 46 26 rial,
126 1090 89 27 hvilket,
237 1091 70 20 säsom
327 1091 165 28 petitionärerne
507 1090 80 29 tydligt
602 1090 118 28 ädagalagt,
735 1090 100 21 befunnit
850 1091 33 27 sig

58 1120 8 20 i
89 1122 31 19 ett
141 1119 99 22 kroniskt
254 1119 237 28 upplösningstillständ
515 1119 40 22 och
578 1118 133 23 fortfarande
729 1121 24 18 är
767 1121 67 19 utsatt
848 1119 35 20 för

58 1147 71 22 vädan
146 1150 31 18 att
191 1147 99 22 förfaras.
316 1148 40 20 Att
370 1147 67 21 rädda
453 1147 59 22 detta
526 1147 96 22 material
637 1147 73 21 undan
725 1147 123 21 förstörelse
859 1149 24 19 är

60 1184 27 14 en
109 1175 68 29 fräga,
199 1184 45 14 som
267 1176 103 28 förtjenar
387 1176 107 28 allvarligt
513 1175 126 27 beaktande,
655 1175 41 22 och
711 1175 41 21 den
768 1175 115 22 historiska

59 1205 41 21 och
115 1204 151 29 genealogiska
281 1204 152 28 forskningens
448 1204 74 22 idkare
538 1204 41 22 och
595 1206 80 20 vänner
689 1204 51 21 böra
751 1204 73 21 derför
833 1204 49 21 med

59 1235 79 19 största
153 1233 188 21 tillfredsställelse
351 1233 60 21 helsa
425 1234 40 20 den
481 1241 29 13 nu
525 1233 99 28 upplästa
639 1233 124 27 petitionen.
792 1232 90 22 Petitio-

60 1263 90 19 närerne
173 1262 90 28 upplysa
284 1269 40 19 om,
343 1264 31 18 att
389 1261 42 21 den
446 1262 48 20 utaf
509 1261 48 21 dem
573 1260 121 28 föreslagna
709 1260 104 28 ätgärden
828 1261 56 21 varit

62 1289 90 29 pätänkt
173 1297 65 14 redan
260 1290 97 28 tidigare,
379 1297 48 14 men
449 1289 42 21 fätt
505 1289 88 22 förfalla
607 1290 28 28 pä
649 1289 70 28 grund
734 1289 24 21 af
772 1292 45 18 mot
831 1288 52 22 den-

59 1325 81 14 samma
160 1318 75 27 gjorda
254 1318 163 26 invändningar.
447 1318 40 20 Att
501 1318 158 26 invändningar
674 1317 65 21 äfven
754 1324 29 14 nu
798 1317 85 21 komma

60 1348 31 18 att
113 1348 70 26 göras,
205 1346 41 21 kan
268 1346 36 28 jag
326 1346 89 25 förutse,
437 1353 48 13 men
505 1346 36 27 jag
557 1345 38 21 vill
610 1345 48 21 icke
673 1344 28 28 gä
716 1345 48 21 dem
779 1346 7 20 i
801 1345 82 27 förväg.

60 1374 42 28 Jag
124 1374 38 22 vill
184 1374 76 22 endast
281 1374 97 28 begagna
397 1374 95 21 tillfället
509 1377 32 18 att
565 1373 74 22 beröra
661 1373 67 28 nägra
751 1373 132 29 synpunkter

60 1404 7 20 i
90 1402 102 22 afseende
220 1403 12 21 å
257 1402 100 22 arkivens
385 1402 116 27 ordnande,
520 1401 149 23 öfverlätande
692 1402 23 21 ät
736 1401 37 22 det
795 1402 88 26 utskott,

60 1439 47 15 som
129 1432 95 22 kommer
247 1435 31 19 ett
300 1431 105 23 behandla
429 1432 123 28 petitionen,
573 1434 31 18 att
626 1431 80 27 afgöra,
728 1431 105 21 huruvida
856 1430 27 22 de

61 1461 73 21 kunna
149 1460 112 22 föranleda
282 1461 33 21 till
338 1460 70 28 nägon
428 1460 74 28 ätgärd
522 1460 53 22 eller
593 1460 67 28 nägot
674 1459 100 29 yttrande
788 1459 48 22 frän
852 1462 32 19 ut-

61 1490 93 22 skottets
169 1489 52 22 sida.

804 1528 11 17 7
