1045 1684
226 100 41 20 322
476 105 24 17 R.
513 110 16 12 0.
542 106 22 16 A.
578 105 54 17 1897.
657 105 12 16 9
682 105 62 16 Mars.

196 172 101 26 medeltid
313 173 33 20 för
361 172 98 26 Finland,
474 172 22 22 så
513 172 65 22 borde
594 173 40 21 den
650 172 76 21 räknas
742 172 47 20 från
805 179 26 13 en
847 172 109 24 meridian,
970 179 47 13 som

195 201 69 28 ligger
284 201 90 28 ungefär
394 200 54 22 midt
463 201 88 21 emellan
567 201 68 26 dessa,
650 200 40 22 och
705 201 6 20 i
728 200 77 21 sådant
819 200 102 22 afseende
936 202 24 18 är
974 199 43 21 den

195 230 24 21 af
240 230 141 28 petitionären
403 230 122 27 föreslagna
548 229 65 27 tiden,
635 230 20 20 d.
677 236 19 14 v.
716 236 16 14 s.
747 228 204 28 Helsingforstiden,
966 230 51 19 utan

195 258 78 22 tvifvel
281 258 41 21 den
330 258 140 28 lämpligaste.

264 286 48 21 Min
334 286 64 28 afsigt
420 288 24 20 är
466 294 27 13 nu
516 286 47 21 icke
586 289 31 18 att
639 287 101 20 motsätta
755 286 44 28 mig
813 285 167 28 godkännandet
994 285 24 21 af

195 314 141 22 förevarande
352 316 95 27 petition,
462 314 66 21 ehuru
542 315 36 27 jag
592 315 34 21 för
640 316 44 19 min
700 314 35 21 del
750 314 48 21 icke
813 316 23 19 är
851 314 24 21 sä
890 314 127 28 öfvertygad

195 341 46 24 som
257 343 81 21 kanske
353 343 92 28 mången
460 351 68 13 annan
544 350 34 14 om
594 346 73 26 nyttan
684 343 40 21 och
740 343 187 27 nödvändigheten
942 343 22 20 af
974 342 43 22 den

195 372 121 27 föreslagna
330 372 113 21 reformen.
465 371 66 21 Hvad
546 371 69 22 denna
630 372 89 28 petition
735 371 105 27 beträffar,
856 372 37 20 vill
907 372 36 28 jag
952 378 65 21 gerna

195 401 94 20 erkänna
306 402 32 19 att
354 400 42 21 den
410 400 39 21 har
464 402 30 19 ett
510 400 105 21 bestämdt
630 400 106 21 företräde
751 400 90 21 framför
856 400 48 26 den,
920 408 44 13 som
980 400 37 21 vid

196 430 55 20 1888
273 428 35 21 ärs
330 428 103 29 landtdag
454 428 134 22 framstäldes
603 429 7 20 i
625 436 79 14 samma
720 430 61 19 ämne
796 429 57 20 inom
869 429 58 21 detta
943 428 76 27 Ständ,

194 459 31 27 ity
241 460 32 19 att
287 457 41 21 den
344 457 63 21 ärade
423 458 139 27 petitionären
577 458 53 26 tagit
645 457 81 29 hänsyn
742 457 77 28 jemväl
829 457 33 21 till
870 457 42 21 den
920 457 97 28 rättsliga

195 486 61 21 sidan
277 486 23 21 af
322 486 72 25 saken,
416 487 6 20 i
446 486 56 21 hvad
525 485 40 22 den
589 486 62 21 berör
671 485 107 29 fataljetid
793 485 37 22 vid
846 485 116 22 domstolar
977 486 41 21 och

195 514 141 27 embetsverk,
358 514 41 21 och
421 514 89 22 sälunda
532 515 75 20 erkänt
622 514 187 29 nödvändigheten
825 515 46 20 utaf
886 515 131 21 Ständernas

194 544 130 21 medverkan
347 543 34 21 för
403 543 117 21 reformens
538 543 173 28 genomförande.
741 545 9 19 I
765 543 72 28 hvarje
853 543 38 21 fall
906 551 62 14 anser
982 544 36 28 jag

195 572 37 21 det
253 580 50 13 vara
324 571 47 21 skäl
392 575 32 17 att
446 572 75 27 frågan
536 572 67 21 hälles
619 574 68 26 öppen
703 572 65 21 äfven
783 572 39 21 hos
838 579 41 19 oss,
894 573 123 27 isynnerhet

194 608 46 13 som
256 600 41 21 den
312 600 133 21 fortfarande
464 602 23 19 är
502 601 66 20 under
584 600 120 21 diskussion
721 601 7 20 i
743 601 49 20 flere
807 600 79 21 länder.
915 601 44 20 För
973 602 44 20 min

195 629 34 21 del
244 636 35 14 ser
293 630 35 27 jag
343 629 62 20 alltså
420 629 48 21 icke
483 629 70 28 någon
568 629 113 28 olägenhet
696 629 51 27 deri,
762 632 31 18 att
808 636 26 14 en
849 630 89 27 petition
953 629 65 22 fram-

195 658 71 21 ställes
290 657 48 21 med
360 657 98 21 anhållan
480 665 33 13 om
534 657 48 22 nåd.
604 665 58 21 prop.
677 659 8 19 i
701 659 70 20 ämnet
786 657 32 22 till
833 659 61 20 nästa
909 658 109 28 landtdag.

263 709 35 21 Då
318 710 64 27 ingen
401 716 69 13 annan
486 709 23 21 af
523 709 26 21 R.
565 717 18 14 o.
598 709 39 21 A:s
652 709 137 21 medlemmar
804 709 94 21 önskade
913 712 56 25 yttra
984 711 34 26 sig

195 737 132 22 beträffande
344 737 142 22 förevarande
501 737 140 26 betänkande,
655 737 124 22 framstälde
795 738 34 21 Hr
843 737 175 22 Landtmarskal-

195 766 41 21 ken
253 766 75 21 endast
343 767 133 28 proposition
491 773 34 14 om
536 767 49 21 dess
595 766 163 29 godkännande.
774 767 79 21 Härtill
862 767 60 20 biföll
930 767 25 21 R.
964 774 18 14 o.
991 767 27 21 A.

195 795 65 22 äfven
276 795 140 28 enstämmigt.

261 892 123 28 Föredrogs
399 892 40 21 och
454 892 125 28 godkändes
594 895 51 19 utan
661 892 120 22 diskussion

263 949 114 20 Allmänna
401 948 221 22 Petitionsutskottets
639 949 134 21 betänkande
795 950 41 21 N:o
852 951 12 20 3
880 951 5 20 i
901 950 116 28 anledning

194 977 23 21 af
238 979 31 19 ett
289 977 32 21 till
343 977 162 21 Bondeståndet
527 978 116 20 inlemnadt
665 977 183 29 petitionsförslag
869 980 7 19 i
891 978 57 29 syfte
963 980 53 20 att
1004 973 15 38 i

193 1005 74 22 landet
281 1005 99 22 vistande
395 1006 113 27 zigenare
519 1006 71 21 ålades
606 1006 57 21 skol-
679 1006 41 21 och
735 1006 143 29 arbetstvång.

262 1102 68 22 Bland
346 1102 26 22 R.
388 1110 18 14 o.
422 1103 38 21 A:s
475 1102 136 22 medlemmar
626 1103 55 21 hade
696 1103 93 21 utdelats
805 1104 40 21 och
858 1104 112 21 bordlades
983 1104 33 21 till

193 1134 62 19 nästa
277 1131 92 29 plenum,
391 1138 45 14 som
459 1131 34 21 Hr
508 1131 206 22 Landtmarskalken
730 1132 141 28 tillkännagaf
885 1133 85 21 komma
985 1136 32 18 att

195 1168 38 20 ega
247 1168 47 14 rum
308 1159 113 28 Fredagen
437 1160 40 21 den
494 1161 26 20 12
536 1160 80 21 dennes
632 1160 27 21 kl.
676 1161 46 27 1/,
711 1155 15 37 7
740 1168 16 14 e.
772 1168 32 20 m.,

262 1217 113 20 Allmänna
396 1217 221 20 Petitionsutskottets
640 1217 135 21 betänkande
794 1218 41 20 N:o
850 1219 14 19 4
878 1219 7 19 i
900 1218 116 27 anledning

193 1244 23 21 af
230 1246 78 19 tvänne
324 1244 58 20 inom
396 1244 26 20 R.
438 1252 18 13 o.
472 1244 26 21 A.
509 1247 54 18 samt
573 1244 163 21 Presteståndet
745 1245 78 21 väckta
833 1246 183 27 petitionsförslag

193 1273 7 20 i
222 1272 57 28 syfte
294 1274 32 19 att
340 1272 219 22 läraretjensterna
574 1272 9 21 i
597 1273 72 27 tyska
684 1273 47 22 och
746 1273 99 22 franska
858 1273 104 29 språken
978 1273 37 23 vid

192 1300 106 22 klassiska
317 1301 71 28 lyceer
402 1308 26 13 och
459 1301 152 29 normallyceer
625 1301 66 22 mätte
706 1301 86 22 förenas
808 1302 39 21 och
863 1303 109 27 ombildas,
988 1303 29 22 de

192 1329 58 22 förra
265 1330 32 21 till
315 1329 174 29 kollegatjenster
504 1330 41 21 och
560 1329 27 22 de
602 1337 74 14 senare
691 1331 32 20 till
738 1331 174 28 lektorstjenster.

261 1429 89 21 Plenum
365 1427 118 23 afslutades
498 1428 28 22 kl.
542 1429 26 27 1/,
578 1429 25 21 10
619 1435 17 15 e.
651 1436 26 14 m.

812 1464 21 18 In
845 1464 60 17 fidem:

779 1499 22 21 O.
821 1499 119 22 Oronstedt.
