1084 1686
322 102 160 18 Vårdanstalter
494 103 32 17 för
538 103 119 21 lungsjuka.
822 97 43 20 483

74 171 41 21 och
130 170 24 22 så
169 170 76 29 många
259 171 146 28 gratisplatser
420 171 60 22 skola
496 171 38 22 der
548 172 94 21 inrättas.
671 171 66 21 Detta
749 173 112 26 argument
873 172 23 20 är

74 199 70 22 såsom
165 199 63 29 sagdt
243 199 81 29 ganska
339 201 83 27 vigtigt,
438 200 40 21 och
494 200 66 21 ehuru
576 199 37 22 det
627 199 65 22 redan
708 201 23 20 är
745 200 24 21 af
785 199 112 22 Utskottet

74 228 97 26 uttaladt,
194 228 24 21 så
240 229 41 20 kan
297 228 37 21 det
349 236 51 13 vara
414 229 47 20 skäl
477 231 32 18 att
524 228 101 21 särskildt
639 230 57 19 ännu
710 228 112 21 framhålla
837 228 60 21 detta

73 257 32 20 till
121 256 48 21 stöd
184 256 35 21 för
232 256 156 28 godkännande
404 256 24 21 af
442 256 121 21 Utskottets
580 256 140 21 betänkande.

142 323 34 21 Hr
191 323 81 21 Arthur
287 323 27 21 af
328 324 152 20 Forselles:
496 324 57 20 Frih.
569 330 42 14 von
628 323 132 22 Willebrand
775 323 39 21 har
823 323 72 21 anfört

74 354 32 18 att
119 352 36 28 jag
170 352 68 21 skulle
253 352 65 22 hafva
334 352 73 28 begått
422 354 30 19 ett
467 352 29 21 fel
512 354 44 19 mot
571 352 91 28 logiken,
677 351 28 22 då
719 352 36 28 jag
765 351 88 22 anförde
864 354 31 18 att

74 380 134 29 Lojoboarne
230 380 117 28 nedhuggit
374 382 33 20 sin
432 380 54 28 skog
510 380 35 22 för
569 382 31 20 att
623 380 76 21 hindra
714 380 143 28 uppförandet
872 380 23 21 af

74 412 31 18 ett
127 410 133 21 sanatorium.
289 410 42 27 Jag
351 409 42 21 kan
414 409 48 21 icke
480 410 46 20 inse
540 411 32 19 att
587 409 36 21 det
638 409 47 21 icke
701 409 68 21 skulle
783 416 112 21 argumen-

74 441 45 18 tera
139 439 43 20 min
198 438 132 29 ståndpunkt
344 438 6 21 i
366 438 81 28 frågan,
462 438 44 28 just
519 438 35 21 för
569 440 31 19 att
615 438 46 21 visa
676 438 53 21 huru
744 437 61 29 långt
819 437 76 22 frågan

74 466 38 22 har
127 469 119 20 avancerat.
276 467 48 21 Den
340 467 55 21 enda
409 467 84 28 logiska
507 466 82 30 följden
604 474 52 14 vore
671 469 32 19 att
717 474 49 14 man
781 467 7 20 i
803 466 37 22 det
865 466 30 22 fal-

74 496 30 21 let
126 495 66 22 borde
215 496 126 28 petitionera
363 496 39 21 hos
416 496 136 28 Regeringen
568 503 34 14 om
617 495 56 29 plats
688 495 28 29 på
731 495 115 28 kronojord
860 495 35 21 för

75 527 30 19 ett
126 526 134 20 sanatorium.
290 524 52 22 Men
362 525 36 28 jag
420 527 50 24 tror,
492 527 31 19 att
537 532 49 14 man
601 524 68 21 skulle
683 524 28 28 gå
725 524 48 21 litet
787 524 34 21 för
835 523 60 29 långt

75 556 31 18 att
128 553 70 21 såsom
220 553 124 22 Utskottets
365 553 108 28 pluralitet
495 554 126 28 petitionera
643 560 35 14 om
692 553 35 20 för
741 553 78 27 många
833 553 62 21 saker

74 582 28 28 på
117 589 26 14 en
161 582 57 28 gång
232 585 51 18 utan
298 582 118 28 trängande
431 582 166 28 nödvändighet.
626 581 43 29 Jag
683 581 42 22 kan
739 581 48 21 icke
803 582 46 20 inse
864 583 32 19 att

74 610 48 22 icke
139 612 159 20 reservationen
314 611 68 21 skulle
396 611 105 21 innefatta
516 611 41 21 alla
572 610 27 22 de
614 610 57 22 olika
685 610 211 28 petitionsklämmar,

75 647 45 13 som
135 639 117 22 innehällas
268 640 6 20 i
289 639 123 22 Utskottets
423 639 140 21 betänkande.
579 639 47 21 Här
638 639 80 21 lemnas
728 638 23 22 åt
760 638 135 28 Regeringen

74 668 48 21 fritt
136 671 32 19 att
182 671 50 25 taga
247 669 91 21 initiativ
353 668 32 21 till
400 676 26 13 en
442 668 78 21 anstalt
535 668 34 21 för
583 668 135 28 lungsigtiga,
733 667 46 21 ifall
791 675 26 13 en
828 667 66 21 sådan

74 697 48 21 icke
143 697 95 21 kommer
258 697 33 21 till
312 696 63 22 stånd
396 704 77 20 genom
494 696 93 22 enskildt
601 697 98 26 initiativ,
715 696 40 22 och
770 695 124 23 äfvenledes

75 726 79 21 lemnas
170 726 28 28 på
212 726 70 28 grund
296 726 24 21 af
334 733 74 14 senare
424 726 62 21 delen
502 726 22 21 af
539 726 106 21 klämmen
659 725 135 28 Regeringen
805 724 46 22 fritt
864 727 32 19 att

76 754 87 29 vidtaga
186 755 40 21 alla
248 754 105 29 åtgärder,
375 762 45 14 som
436 756 36 20 äro
487 754 78 28 nödiga
580 755 7 20 i
602 754 116 28 anledning
733 754 23 21 af
771 753 123 21 tuberkulo-

74 791 49 13 sens
143 783 129 29 utbredning
294 784 6 20 i
326 783 79 27 landet,
420 783 41 22 och
476 783 115 21 innefattar
606 782 59 22 detta
679 782 135 28 naturligtvis
829 781 67 23 också

74 814 32 19 att
120 812 136 28 Regeringen
271 812 65 21 måtte
351 812 75 28 främja
441 812 125 28 spridandet
581 811 23 22 af
619 812 66 27 insigt
699 818 34 14 om
744 810 152 29 skyddsmedel

74 843 46 19 mot
142 840 130 27 tuberkulos,
295 840 69 22 såsom
383 840 123 22 Utskottets
521 840 108 29 pluralitet
644 840 94 28 uttryckt
753 840 32 27 sig
800 840 7 20 i
823 839 74 22 betän-

74 869 86 21 kandet.

142 897 58 22 Hela
222 897 75 30 frågan
312 897 113 22 reducerar
439 898 34 27 sig
487 897 90 22 sålunda
591 897 42 21 till:
649 897 61 21 skola
724 896 120 22 Ständerna
859 903 37 14 an-

74 929 50 26 taga
145 934 26 14 en
186 927 123 28 lämpligare
332 927 51 21 eller
406 926 82 21 mindre
508 926 87 28 lämplig
613 926 77 25 kläm?,
705 925 40 22 och
760 925 29 21 då
803 927 44 19 tror
863 925 33 28 jag

75 958 31 18 att
121 955 37 22 det
172 955 48 22 icke
236 955 53 22 skall
304 955 51 21 falla
370 956 34 27 sig
420 955 59 21 svårt
493 955 35 21 för
563 971 4 5 R.
583 962 18 14 o.
616 955 27 21 A.
658 957 31 18 att
704 953 96 27 bedöma,
815 953 82 22 hvilket

75 991 51 15 vore
141 984 130 28 lämpligare,
287 991 27 14 en
329 984 62 27 kläm,
406 991 46 14 som
467 983 28 29 på
510 986 30 19 ett
555 983 90 28 kraftigt
659 984 42 20 sätt
715 983 110 21 uttrycker
839 981 58 23 hvad

74 1020 49 14 man
144 1014 84 25 önskar,
248 1013 51 21 eller
320 1013 48 28 fyra
389 1013 57 21 olika
469 1012 102 21 klämmar
593 1019 34 14 om
642 1019 80 14 samma
737 1019 23 14 sak
791 1011 51 21 eller
857 1011 40 21 lik-

75 1041 70 22 nande
167 1041 67 22 saker.
263 1041 42 29 Jag
325 1041 37 22 vill
378 1041 28 28 på
420 1041 63 21 dessa
497 1040 94 29 grunder
613 1040 41 22 och
669 1040 33 27 de,
717 1047 45 14 som
777 1040 67 21 finnas
860 1047 38 14 an-

75 1070 62 22 förda
152 1071 8 20 i
174 1071 166 26 reservationen,
354 1070 88 21 förorda
457 1070 41 21 den
514 1069 131 22 sistnämnda
659 1069 33 22 till
703 1068 126 29 antagande.

144 1144 34 22 Hr
193 1144 204 23 Wallensköld:
413 1144 52 21 Man
480 1144 38 21 har
532 1144 57 29 gjort
603 1142 164 29 anmärkningar
779 1142 23 22 af
813 1142 84 22 formell

76 1173 148 22 beskaffenhet
246 1176 44 19 mot
312 1173 121 22 Utskottets
450 1172 141 27 betänkande,
606 1172 41 21 och
661 1179 49 14 man
725 1171 38 22 har
775 1172 67 28 prisat
856 1171 42 21 den

76 1203 36 21 väl
134 1201 119 22 stiliserade
275 1202 63 26 kläm,
358 1209 46 14 som
424 1204 161 19 reservanterne
600 1201 89 20 kommit
703 1200 56 21 fram
773 1199 54 22 med.
857 1199 42 28 Jag

76 1233 60 26 tager
156 1231 44 28 mig
221 1230 116 21 emellertid
359 1230 92 21 friheten
467 1229 88 29 påpeka,
570 1231 32 20 att
616 1231 171 19 reservanternes
802 1228 57 21 kläm
873 1228 26 21 li-

77 1259 38 22 der
136 1259 23 21 af
180 1266 26 14 en
221 1259 51 22 vida
293 1260 81 27 vägnar
388 1260 67 19 större
472 1259 52 20 brist
538 1260 26 19 än
581 1257 122 22 Utskottets
719 1257 57 22 olika
791 1257 108 20 klämmar.

77 1288 31 21 Af
128 1287 58 22 hvad
206 1287 39 22 här
266 1288 7 20 i
296 1287 60 22 afton
377 1289 77 26 yttrats
477 1287 111 22 äfvensom
603 1286 23 21 af
641 1287 154 26 motiveringen
810 1286 6 20 i
831 1292 68 14 reser-

77 1317 101 20 vationen
200 1315 93 28 framgår
315 1318 98 25 nogsamt
434 1315 57 21 hvad
513 1317 162 18 reservanterne
692 1321 68 18 mena,
782 1321 48 13 men
845 1314 56 19 läser

77 1351 49 14 man
149 1343 76 22 endast
247 1343 106 21 klämmen
374 1345 51 19 utan
441 1345 31 19 att
486 1343 57 21 fästa
558 1343 33 48 sig
606 1342 37 21 vid
658 1341 117 28 nägonting
790 1343 71 24 annat,
875 1341 25 21 sä

78 1372 67 21 mäste
168 1380 48 13 man
239 1372 85 21 komma
340 1371 33 22 till
389 1374 31 19 ett
434 1372 7 20 i
456 1372 91 27 sanning
562 1370 167 22 öfverraskande
744 1370 95 26 resultat,
854 1377 46 13 som

78 1401 69 21 skulle
171 1402 69 21 vittna
261 1408 35 14 om
318 1408 27 14 en
360 1400 37 22 bra
412 1402 45 20 stor
472 1399 111 29 obillighet
597 1399 48 21 från
661 1401 172 19 reservanternes
849 1397 52 22 sida.

79 1430 44 21 Det
137 1430 45 22 står
196 1430 112 28 nämligen,
320 1432 44 19 »att
378 1429 135 28 Regeringen
528 1428 66 22 måtte
609 1428 78 21 inrätta
702 1430 31 19 ett
747 1426 154 23 företrädesvis

78 1459 35 21 för
128 1458 138 23 obemedlade
281 1458 129 29 lungsigtiga
425 1458 71 21 afsedt
511 1457 223 22 mönstersanatorium
749 1457 52 21 eller
816 1456 37 22 ock
864 1463 37 21 ge-

79 1496 49 14 nom
151 1488 127 28 tillräckliga
300 1486 223 30 penningeunderstöd
545 1486 100 22 befordra
667 1486 142 29 uppkomsten
833 1485 22 21 af
875 1492 27 14 en
