1048 1681
362 89 189 33 Postsparbanken.
761 109 3 3 s
799 91 40 20 191

115 163 77 22 Denna
210 165 275 35 omröstningsproposition
501 165 127 22 besvarades
643 162 48 24 med
707 165 160 22 öfvervägande

46 193 40 28 nej,
102 192 40 22 och
157 192 55 21 hade
226 193 26 21 R.
268 201 18 14 o.
302 194 26 21 A.
343 193 63 22 alltså
417 193 88 22 beslutit
517 197 30 18 att
558 193 141 22 förevarande
709 193 158 28 framställning

46 221 47 21 icke
109 221 69 21 skulle
192 221 32 20 till
240 221 91 22 särskild
346 221 74 28 åtgärd
436 222 117 21 föranleda.

111 387 71 21 Bland
196 386 26 23 R.
238 395 18 14 0.
272 387 38 22 A:s
326 387 136 22 medlemmar
477 387 54 22 hade
547 387 92 22 utdelats
656 387 40 22 och
712 387 113 22 bordlades
833 387 32 21 till

44 417 61 20 nästa
120 416 94 28 plenum:

110 478 100 22 Relation
226 479 31 20 till
272 478 103 21 Finlands
391 478 23 21 år
426 480 52 20 1897
490 478 131 22 församlade
632 478 97 27 Ständer,
740 479 125 28 angående

43 507 222 28 postsparbankens
280 506 113 23 tillstånd
410 507 46 23 och
470 507 153 28 förvaltning
637 507 80 22 under
729 507 60 22 åren
797 507 68 28 1893,

42 535 62 22 1894
118 535 48 22 och
180 535 65 24 1895.

111 697 70 21 Jemte
201 696 205 28 tillkännagifvande
428 699 31 18 att
473 698 62 19 nästa
551 697 85 28 plenum
652 696 84 21 komme
751 698 32 19 att
797 696 68 22 hållas

42 725 120 28 måndagen
181 725 41 21 den
243 726 26 20 15
290 724 80 22 dennes
388 725 28 21 kl.
432 725 12 21 6
460 733 16 13 e.
492 733 32 18 m.,
539 725 135 29 uppmanade
689 724 34 21 Hr
738 724 127 22 Landtmar-

43 754 89 21 skalken
148 753 100 22 Ständets
263 753 117 22 ledamöter
395 756 31 19 att
441 753 54 22 efter
510 756 31 19 ett
555 754 81 21 afbrott
650 753 24 22 af
689 754 12 20 5
717 754 92 21 minuter
819 753 46 22 äter

42 782 157 22 sammanträda
213 782 34 21 för
262 782 130 28 behandling
406 782 23 21 af
444 785 30 18 ett
489 783 72 21 sekret
573 782 84 26 ärende,
668 782 88 21 hvilken
769 782 96 22 behand-

42 811 45 29 ling
101 811 85 22 komme
201 814 31 18 att
247 811 38 21 ske
300 811 57 21 inför
372 811 70 21 slutna
456 811 78 22 dörrar.

113 973 89 21 Plenum
218 972 116 22 afslutades
350 972 27 22 kl.
393 973 27 27 1/,
428 973 26 21 10
470 981 17 13 e.
502 981 27 13 m.

667 1029 21 18 In
700 1030 62 17 fidem:

635 1075 21 22 O.
676 1076 118 22 Cronstedt.
