1067 1681
323 103 110 18 Införande
445 104 23 17 af
479 105 142 21 civilregister.
824 98 26 21 91

54 169 44 21 N:o
113 171 33 20 86.
175 170 152 28 Lagermarck,
348 172 23 20 af
392 172 57 21 Herr
471 173 86 27 August
577 172 50 22 Carl
642 172 71 22 Adam
727 173 153 27 Lagermarck,

175 198 248 23 Vicelandssekreterare
428 209 6 18 ;

74 252 10 10 >
102 244 47 20 151.
178 251 44 13 von
246 244 92 28 Konow,
360 245 23 20 af
405 245 58 21 Herr
484 245 69 21 Adolf
573 245 123 21 Ferdinand
718 253 43 13 von
787 246 92 25 Konow,

173 272 139 28 Godsegare;

72 319 10 11 »
100 312 47 20 154.
177 311 29 27 af
224 311 122 28 Enehjelm,
368 312 23 20 af
413 312 57 22 Herr
491 312 81 22 Gustaf
593 312 88 22 Ekhard
702 313 134 21 Maximilian
854 313 29 27 af

172 340 121 28 Enehjelm,
309 340 204 29 Ofverstelöjtnant
504 336 13 37 ;

72 394 9 11 »
98 386 48 20 211.
175 386 29 28 af
222 386 74 26 Ursin,
311 386 22 21 at
348 386 57 21 Herr
420 386 47 22 Nils
482 387 82 21 Robert
579 388 29 27 af
621 388 72 26 Ursin,
708 387 65 21 Filos.
788 387 91 27 Doktor,

173 414 90 27 Lektor;
279 414 40 22 och

70 469 10 11 »
98 460 46 21 258.
174 460 90 25 Ekbom,
277 460 23 20 af
309 460 67 21 fullm.
384 460 57 22 Herr
449 461 86 21 Krister
543 460 86 28 Ludvig
640 460 88 23 Edvard
737 461 141 28 Jägerskiöld,

172 488 74 21 Andre
262 488 84 22 Kassör
361 490 6 19 i
382 489 103 21 Finlands
501 489 68 26 Bank,
585 489 150 28 Stabskapten.

124 631 200 28 Protokollsutdrag
347 632 62 21 öfver
425 632 26 21 R.
467 640 18 13 o.
502 633 37 20 A:s
555 631 35 22 vid
606 632 85 29 plenum
707 631 42 22 den
765 633 12 20 3
796 632 81 21 dennes

53 659 84 22 fattade
153 660 70 21 beslut
237 660 124 28 justerades.

310 808 109 23 Införande
435 809 26 22 af
473 809 144 28 civilregister.

123 877 43 21 Till
189 877 59 22 detta
270 878 86 28 plenum
378 878 55 21 hade
455 878 110 29 bordlagts
588 878 40 21 och
647 878 112 28 föredrogs
780 878 57 21 Herr
852 877 24 22 C.

54 906 98 28 Boijes
171 907 210 27 petitionsmemorial
396 907 105 22 rörande
516 907 142 22 införandet
673 907 27 22 af
712 907 165 28 eivilregister

53 934 70 23 öfver
138 935 90 28 odöpta
244 935 61 22 barn
320 935 41 22 till
376 935 128 23 lutherska
518 936 132 22 föräldrar.

124 991 97 29 (Bihang.
250 992 47 21 Pet.
312 992 41 21 N:o
370 993 25 25 1).

123 1055 35 21 Hr
172 1055 127 28 Pipping
315 1055 71 21 anhöll
401 1055 54 21 först
471 1063 34 14 om
520 1055 61 21 ordet
596 1055 40 21 och
651 1055 94 27 yttrade:
768 1055 42 28 Jag
817 1058 61 25 tager

52 1083 37 21 för
110 1083 70 28 gifvet
200 1086 31 18 att
253 1083 42 21 den
317 1084 95 27 petition,
426 1091 46 13 som
487 1084 112 21 inlemnats
615 1083 22 21 af
652 1083 33 21 Hr
700 1083 67 28 Boije,
783 1083 95 22 kommer

53 1115 33 18 att
100 1113 118 20 remitteras
234 1112 32 21 till
279 1112 157 27 Lagutskottet,
448 1112 77 21 liksom
535 1113 35 27 jag
581 1115 60 24 tager
653 1112 34 20 för
696 1112 69 27 gifvet
777 1115 32 18 att
819 1111 58 22 detta

54 1140 85 21 utskott
159 1142 95 19 kommer
273 1143 32 18 att
319 1147 54 21 egna
388 1141 129 28 petitionens
533 1140 129 27 behandling
677 1140 41 21 den
733 1141 52 20 allra
801 1142 77 19 största

54 1176 92 20 omsorg.
175 1169 43 20 Det
239 1169 62 21 torde
324 1169 48 21 icke
394 1177 50 12 vara
467 1169 138 27 öfverflödigt
623 1171 32 18 att
669 1168 66 21 redan
751 1177 28 12 nu
795 1168 83 29 päpeka

55 1205 26 13 en
104 1197 48 21 icke
174 1197 88 21 alldeles
286 1198 81 27 ovigtig
390 1197 163 28 omständighet,
572 1205 45 13 som
637 1199 51 18 nära
703 1197 175 27 sammanhänger

54 1225 48 22 med
125 1225 70 22 denna
214 1225 67 27 fräga.
311 1225 52 21 Man
379 1225 41 21 kan
436 1227 93 20 närmast
543 1226 66 20 tänka
624 1226 33 27 sig
671 1227 78 19 tvänne
765 1227 71 26 vägar,
852 1226 26 27 pä

54 1254 74 21 hvilka
150 1254 37 21 det
207 1253 22 22 af
247 1254 34 21 Hr
295 1254 62 28 Boije
372 1254 111 28 päpekade
498 1253 195 22 missförhällandet
708 1254 72 21 kunde
795 1253 83 22 ordnas.

55 1283 53 20 Man
124 1282 42 21 kan
181 1282 65 21 tänka
262 1283 33 27 sig
310 1285 30 18 att
353 1282 37 21 det
402 1283 109 20 lutherska
523 1282 159 29 presterskapet
694 1282 55 27 finge
761 1283 6 20 i
780 1282 99 28 uppdrag

54 1314 32 16 att
106 1311 48 19 föra
176 1311 43 19 bok
242 1311 62 19 öfver
327 1311 78 19 sädana
429 1311 79 26 odöpta
532 1311 50 19 barn
598 1311 31 19 till
645 1311 108 19 lutherska
768 1311 111 24 föräldrar,

53 1338 74 21 hvilka
149 1338 48 20 icke
220 1338 6 20 i
249 1338 66 27 nägot
338 1340 64 18 annat
423 1338 98 20 samtund
537 1338 67 20 finnas
621 1337 110 21 bokförda.
762 1338 52 20 Men
830 1345 49 13 man

54 1366 72 21 kunde
149 1366 66 20 ocksä
237 1366 66 20 tänka
325 1366 33 28 sig
377 1368 32 18 att
428 1373 26 13 en
476 1366 90 20 särskild
581 1366 137 26 förteckning
733 1365 68 21 skulle
818 1365 62 21 öfver

54 1394 63 22 dessa
140 1394 79 28 odöpta
243 1394 51 21 barn
317 1396 110 26 upprättas
449 1394 40 21 och
509 1394 57 21 föras
587 1394 22 20 af
628 1394 106 28 borgerlig
749 1394 130 28 myndighet.

55 1423 52 21 Med
122 1423 83 29 hänsyn
220 1423 33 21 till
263 1422 216 22 rättsförhällandena
491 1424 7 20 i
511 1422 77 23 landet,
599 1423 279 28 värnepligtsinstitutionen

54 1460 27 14 m.
92 1460 32 19 m.,
135 1466 27 2 —
173 1452 208 28 öfverhufvudtaget
390 1452 48 21 med
445 1452 52 20 hänsyn
533 1452 32 20 till
571 1454 81 18 statens
663 1451 82 21 direkta
753 1453 89 19 intresse
853 1464 24 3 —

54 1481 61 21 torde
140 1481 36 21 det
198 1488 51 14 vara
272 1480 82 28 ganska
377 1481 107 27 likgiltigt,
497 1460 90 42 hvilken
602 1482 66 26 utväg
683 1488 45 14 som
743 1480 73 28 väljes,
830 1488 48 13 men
