1073 1686
225 104 41 20 476
473 109 25 17 R.
510 113 18 12 o.
540 109 23 16 A.
576 109 55 17 1897.
652 108 27 17 30
689 109 63 17 Mars.

197 177 87 21 förorda
302 177 152 28 hufvudsyftet
471 177 7 20 i
496 177 129 25 densamma,
642 177 89 20 hvarför
748 176 89 21 ärendet
854 177 8 20 i
877 177 70 20 denna
962 177 56 20 form

198 205 95 21 kommer
312 205 33 21 till
367 205 87 21 fortsatt
475 205 131 27 behandling
627 205 40 21 och
691 204 89 21 sälunda
801 205 81 21 kanske
897 205 121 28 lämpligast

198 235 56 19 ännu
272 233 48 21 icke
336 233 39 21 bör
390 233 68 21 blifva
472 233 88 21 föremäl
576 233 34 21 för
625 233 134 28 behandling.
789 233 63 21 Dock
867 233 38 21 vill
919 233 35 28 jag
970 233 48 21 icke

197 261 111 21 underläta
324 264 31 18 att
370 261 116 25 framhälla,
502 262 100 21 hurusom
617 269 48 13 man
681 261 81 21 kanske
773 262 42 27 just
826 261 39 21 här
875 261 39 21 har
924 264 31 18 att
965 261 53 21 söka

198 289 42 21 den
262 290 200 27 hufvudsakligaste
485 290 150 25 smittokällan,
656 289 41 21 och
715 292 32 18 att
761 289 83 21 säledes
860 289 71 21 denna
946 289 33 21 del
995 289 23 21 af

197 318 148 28 föreliggande
360 318 61 27 fräga
436 318 82 20 kanske
533 318 54 20 hade
603 318 55 21 varit
672 317 89 28 förtjent
775 318 23 20 af
807 318 66 27 nägot
884 319 68 19 större
963 325 55 21 upp-

197 346 143 21 märksamhet
354 348 26 19 än
396 346 57 21 hvad
469 346 112 22 Utskottet
596 349 64 25 egnat
675 346 128 21 densamma.

265 374 35 22 Dä
316 375 37 21 det
364 374 83 22 säledes
463 375 47 21 icke
526 382 63 20 synes
604 375 43 27 mig
663 382 50 14 vara
728 377 31 19 ett
774 374 94 22 särdeles
883 374 89 29 lyckligt
982 374 36 22 val

196 403 116 22 Utskottet
326 403 72 21 träffat
412 411 76 20 genom
504 406 32 18 att
546 403 49 21 dela
605 403 88 21 ärendet
703 404 8 20 i
721 403 63 21 dessa
795 403 104 21 särskilda
910 403 109 26 klämmar,

198 432 68 21 skulle
280 432 36 28 jag
331 432 26 21 be
372 434 37 24 att,
424 432 48 21 med
488 432 41 21 den
545 432 130 21 reservation
690 432 36 28 jag
740 432 78 20 uttalat
832 431 132 21 beträffande
976 431 41 21 den

197 461 53 20 sista
269 460 105 22 klämmen
394 460 110 28 angäende
525 460 206 29 djurtuberkulosen,
749 460 23 21 fä
787 460 86 22 förorda
888 460 130 28 antagandet

198 488 22 22 af
235 490 165 25 reservationen,
413 489 71 21 säsom
495 489 81 21 kanske
587 492 54 18 mest
651 488 149 22 motsvarande
812 489 133 28 syftemälets
956 488 62 29 prak-

197 517 57 22 tiska
268 517 179 28 förverkligande.

266 574 57 21 Frih.
339 582 53 14 von
407 574 188 22 Willebrand:
625 574 58 21 Frih.
698 582 42 14 von
756 574 91 21 Alfthan
862 576 62 26 säger
939 577 37 24 att,
990 574 28 22 dä

199 603 37 21 det
252 603 108 21 »säledes»
378 603 48 21 icke
438 604 56 20 varit
503 603 66 28 något
578 603 91 28 lyckligt
679 603 34 21 val
723 603 24 21 af
757 603 113 21 Utskottet
880 606 32 18 att
922 603 96 29 särskilja

197 632 106 20 klämmen
324 632 7 20 i
354 634 31 18 tre
408 631 64 26 delar,
490 632 24 21 sä
531 631 98 21 förordar
647 632 41 20 han
704 632 172 21 reservationens
891 632 126 28 antagande.

197 660 42 28 Jag
260 660 39 21 har
321 660 57 21 dock
400 660 48 22 icke
467 660 82 21 kunnat
568 668 125 20 uppsnappa
708 660 66 29 nägot
789 660 55 22 enda
858 662 67 20 motiv
940 661 6 21 i
961 660 57 22 Frih.

197 696 43 14 von
262 688 102 22 Alfthans
386 689 110 21 uttalande
517 689 34 21 för
566 692 31 18 att
612 689 37 21 det
664 689 68 21 skulle
748 690 55 20 varit
818 692 30 18 ett
864 689 68 29 däligt
946 690 35 21 val
996 690 24 21 af

198 718 112 21 Utskottet
332 720 32 18 att
386 718 47 21 dela
456 718 106 21 klämmen
577 719 7 20 i
599 720 32 19 tre
653 718 64 21 delar.
747 718 44 21 Det
806 718 81 21 skedde
903 718 76 22 endast
994 726 25 14 ur

196 746 97 29 praktisk
308 746 89 29 hänsyn,
411 746 35 22 för
460 749 32 18 att
506 746 72 22 kunna
594 746 68 22 bättre
677 754 106 21 gruppera
798 750 144 24 argumenten.
970 747 48 21 Den

197 775 153 27 väsentligaste
368 775 111 21 skilnaden
496 776 89 20 emellan
599 775 58 21 hvad
674 775 111 22 Utskottet
800 776 90 21 föreslär
905 776 41 21 och
960 776 58 21 hvad

197 806 161 19 reservanterne
380 804 80 21 föreslä
481 806 29 24 är,
531 807 31 18 att
585 804 111 22 Utskottet
711 812 62 14 anser
788 804 119 22 Ständerna
922 812 29 14 nu
968 805 50 21 böra

212 832 66 28 åyrka
298 832 139 27 vidtagandet
458 832 23 21 af
503 832 70 22 direkt
595 832 74 28 åtgärd
689 832 49 21 från
756 833 152 21 statsmaktens
924 833 46 21 sida
984 833 35 22 för

198 861 200 20 ästadkommandet
413 861 23 20 af
450 861 221 28 lungsotssanatorier,
687 861 76 22 medan
775 864 160 19 reservanterne
947 862 71 21 funnit

198 889 33 28 sig
245 889 65 21 hafva
326 889 46 21 skäl
387 892 37 23 att,
438 890 6 20 i
460 889 223 22 öfverensstämmelse
692 889 48 22 med
751 889 57 22 hvad
820 891 54 20 1891
886 890 34 21 ärs
928 890 91 22 Utskott

197 917 80 28 gjorde,
297 917 93 26 förorda,
405 920 31 19 att
450 917 136 28 Regeringen
601 917 128 22 ätminstone
745 919 109 20 eventuelt
868 919 99 21 inväntar
981 926 37 14 en-

198 945 66 22 skildt
281 947 99 20 initiativ.
410 945 79 22 Skälen
508 947 35 20 för
560 946 121 22 Utskottets
697 947 80 28 förslag
793 949 37 19 äro
845 948 6 20 i
867 947 151 26 betänkandet,

197 975 67 27 enligt
284 975 43 20 min
350 974 70 27 tanke,
442 975 33 20 till
493 975 53 21 fullo
565 975 130 27 framstälda,
710 975 25 22 sä
749 978 37 24 att,
802 975 28 21 dä
844 977 68 27 nägra
925 976 93 21 motskäl

196 1003 48 21 icke
267 1003 73 21 blifvit
361 1003 132 26 framstälda,
514 1004 36 28 jag
564 1003 47 22 icke
627 1003 38 22 har
680 1004 115 28 anledning
810 1007 32 18 att
856 1012 29 13 nu
900 1005 119 28 anticipera

197 1031 86 22 sådana.
312 1031 58 22 Frih.
385 1039 42 14 von
438 1032 91 21 Alfthan
539 1032 84 29 yttrade
635 1032 131 22 beträffande
777 1033 41 21 den
829 1033 67 28 tredje
907 1033 111 27 klämmen,

196 1067 45 14 som
258 1060 70 28 lyder:
346 1063 44 18 »att
404 1060 135 29 Regeringen
554 1061 66 20 måtte
636 1061 76 28 främja
727 1061 126 29 spridandet
868 1062 22 21 af
906 1063 65 27 insigt
983 1069 35 15 om

196 1088 168 28 skyddsmedlen
380 1091 44 18 mot
438 1089 146 27 tuberkulos»,
599 1092 32 18 att
646 1089 37 21 det
697 1090 48 21 icke
760 1097 52 14 vore
828 1090 47 21 skäl
886 1093 31 18 att
928 1090 90 22 omfatta

196 1116 59 21 detta
276 1117 88 27 förslag.
392 1117 42 27 Jag
456 1118 80 20 tilläter
558 1119 43 26 mig
621 1118 118 21 emellertid
754 1118 91 28 päpeka,
860 1121 32 18 att
907 1121 30 18 ett
952 1119 23 20 af
990 1119 27 21 de

195 1144 61 22 bästa
276 1145 83 22 medlen
380 1145 35 22 för
429 1148 31 19 att
474 1146 77 28 främja
567 1153 26 14 en
607 1146 44 27 god
666 1146 38 21 sak
719 1148 24 20 är
757 1149 32 19 att
803 1148 76 20 anvisa
893 1147 57 28 goda
965 1154 52 22 pen-

194 1174 145 27 ningeanslag.
368 1174 136 28 Regeringen
527 1175 38 20 har
587 1175 72 25 ocksä,
680 1175 71 21 säsom
766 1175 23 21 af
804 1175 123 22 Utskottets
943 1176 74 21 betän-

194 1201 70 22 kande
279 1202 100 28 framgär,
394 1203 84 20 anvisat
492 1203 74 28 anslag
579 1203 35 21 för
625 1203 128 28 främjandet
763 1203 23 22 af
795 1203 106 22 särskilda
911 1204 105 28 ätgärder,

194 1237 46 12 som
261 1230 73 20 sprida
356 1231 66 26 insigt
443 1238 35 13 om
500 1231 167 27 skyddsmedlen
683 1235 44 17 mot
741 1232 132 20 tuberkulos.
903 1232 113 21 Utskottet

194 1264 63 14 anser
292 1257 105 21 Ständerna
411 1258 66 21 hafva
492 1258 46 21 skäl
553 1261 32 18 att
599 1259 122 27 ytterligare
737 1262 129 25 uppmuntra
879 1260 135 28 Regeringen

193 1287 33 19 att
245 1285 72 28 fortgå
336 1286 29 28 pä
386 1285 41 22 den
442 1288 48 27 väg,
505 1293 46 15 som
566 1286 71 21 denna
652 1287 55 21 kläm
723 1288 86 21 utvisar.
839 1287 45 22 Det
897 1288 118 22 förnämsta

192 1313 80 22 medlet
287 1314 69 22 skulle
370 1314 134 22 fortfarande
519 1315 68 22 blifva
602 1316 210 29 penningeanslaget.
842 1316 70 23 Jemte
928 1317 37 22 det
978 1318 36 28 jag

192 1343 117 28 tillstyrker
331 1343 131 29 antagandet
483 1344 23 21 af
527 1344 125 22 Utskottets
676 1345 141 27 betänkande,
836 1346 68 21 finner
920 1347 36 28 jag
972 1347 43 28 mig

192 1371 118 22 tillsvidare
326 1372 72 21 kunna
412 1372 116 22 inskränka
543 1374 44 27 mig
601 1374 6 20 i
623 1373 102 22 debatten
740 1374 77 22 härtill.

260 1429 34 22 Hr
308 1430 82 21 Arthur
410 1430 29 22 af
459 1430 159 22 Forselles:
645 1431 124 23 Utskottets
784 1432 108 29 pluralitet
908 1440 62 15 anser
980 1436 33 27 sig

190 1458 66 21 hafva
278 1459 114 21 motiverat
413 1460 46 20 sina
474 1458 103 22 klämmar
591 1460 181 28 hufvudsakligen
788 1460 87 22 dermed
890 1464 38 24 att,
942 1462 70 22 såsom

191 1486 114 22 Utskottet
319 1488 8 20 i
342 1486 146 23 betänkandet
502 1488 28 28 på
545 1488 40 21 sid.
601 1489 12 21 3
629 1490 67 26 säger,
711 1490 13 20 6
739 1488 25 22 år
777 1489 67 22 hafva
858 1490 92 21 förflutit
961 1496 50 18 utan
