1064 1686
401 84 127 38 Banklagen.
800 85 46 38 445

53 162 118 29 godkänna
192 163 124 23 Utskottets
335 165 7 20 i
360 164 128 22 skrifvelsen
508 164 74 29 gjorda
599 164 187 27 framställningar,
801 170 74 14 senare

57 192 106 22 klämmen
179 192 56 22 dock
249 192 49 22 med
313 193 75 28 tillägg
402 196 32 18 att
454 194 41 21 den
511 193 92 22 afsedda
620 193 102 21 rättelsen
738 194 7 20 i
755 192 42 21 den
808 191 68 21 finska

56 224 73 18 texten
151 220 66 22 borde
235 221 38 21 ske
288 221 48 22 med
352 222 136 28 iakttagande
504 222 67 27 deraf,
585 225 32 18 att
631 222 72 21 orden:
721 229 50 14 »sen
787 220 85 21 kautta»

56 249 72 22 blefve
144 250 108 28 inskjutna
267 250 28 28 pä
310 252 31 19 ett
354 250 8 20 i
378 250 104 29 språkligt
497 250 102 22 afseende
614 250 97 28 lämpligt
725 249 67 22 ställe.

400 409 126 28 Banklagen.

123 449 122 28 Föredrogs

123 506 180 22 Bankutskottets
327 507 135 21 betänkande
477 507 43 21 N:o
536 509 11 20 1
563 507 7 22 i
586 506 116 29 anledning
716 506 24 21 af
754 506 48 21 nåd.
817 513 59 22 prop.

55 535 42 21 N:o
113 536 27 20 10
155 535 110 27 angående
286 535 82 21 ändrad
383 535 82 28 lydelse
480 535 23 21 af
518 535 104 22 särskilda
637 536 26 26 8$
678 536 7 20 i
700 535 79 27 nådiga
793 535 83 21 förord-

56 563 79 50 ningen
152 563 23 20 af
195 563 42 21 den
253 565 26 20 10
295 563 45 28 Maj
357 565 61 26 1886,
432 564 110 27 angående
559 563 142 26 bankrörelse,
716 571 45 13 som
777 563 22 21 af
813 562 64 28 bolag

55 599 69 24 idkas,

123 648 84 22 hvilket
221 647 135 22 betänkande
371 649 56 21 varit
441 648 32 21 till
489 649 59 21 detta
563 648 86 29 plenum
665 648 118 28 bordlagdt.

124 705 109 22 Debatten
248 707 8 20 i
271 705 70 22 denna
355 705 65 29 fråga
434 706 110 28 öppnades
560 705 23 22 af

124 763 58 21 Frih.
204 763 29 21 H.
255 763 161 26 Molander,
432 770 46 14 som
500 763 94 28 yttrade:
620 762 168 22 Bankutskottet
809 762 39 21 har
870 763 7 20 i

56 791 125 22 hufvudsak
199 791 99 22 omfattat
313 791 42 22 den
370 791 49 22 nåd.
434 799 59 21 prop.
509 791 131 22 beträffande
655 791 41 21 den
712 791 104 26 säkerhet,
831 797 58 18 som.

58 820 159 29 privatbanker,
239 820 73 22 hvilka
334 820 86 22 utfärda
441 820 155 22 räntebärande
614 820 196 28 låneobligationer,
826 819 52 22 böra

58 849 63 21 ställa
136 849 35 21 för
185 848 63 22 dessa
262 848 201 29 låneobligationers
478 849 88 21 inlösen.

125 877 104 22 Deremot
248 878 39 20 har
307 877 169 22 Bankutskottet
498 878 76 20 uttalat
593 885 26 13 en
641 877 115 21 afvikande
772 876 56 21 åsigt
844 879 34 19 be-

56 906 105 22 träffande
177 906 41 22 den
234 906 86 28 statliga
334 906 100 28 tillsynen
450 906 62 22 öfver
527 906 146 22 bankrörelses
688 905 142 22 bedrifvande
840 905 38 22 vid

59 934 27 22 de
101 935 84 28 privata
200 935 115 21 bankerna.
345 934 170 22 Bankutskottet
529 942 63 14 anser
605 934 143 22 anställandet
762 934 24 21 af
800 941 26 14 en
841 941 37 21 ge-

58 970 94 16 mensam
175 964 169 28 bankinspektör
367 963 48 21 icke
437 971 52 14 vara
503 964 33 20 till
550 971 64 21 gagn,
628 966 51 18 utan
694 962 98 22 förordar
806 963 8 20 i
829 962 49 22 dess

57 992 63 21 ställe
137 995 32 18 att
184 992 42 21 den
241 999 29 14 nu
285 992 95 21 rådande
395 992 153 28 anordningen,
562 995 32 18 att
609 992 37 21 vid
661 992 73 28 hvarje
750 991 129 29 privatbank

57 1020 101 22 anställes
175 1023 31 19 ett
220 1021 85 28 publikt
319 1020 85 26 ombud,
415 1021 69 22 skulle
494 1021 123 21 bibehållas.
639 1020 168 21 Bankutskottet
817 1021 63 20 anför

58 1049 71 22 såsom
149 1049 49 22 stöd
212 1049 35 21 för
262 1049 71 22 denna
348 1050 34 20 sin
396 1049 56 29 åsigt
467 1049 37 22 det
519 1049 51 27 skäl,
586 1051 32 19 att
633 1056 26 13 en
674 1056 122 21 gemensam
812 1048 66 22 bank-

59 1078 110 29 inspektör
193 1078 48 21 icke
263 1079 77 21 hinner
361 1077 24 22 så
407 1079 46 21 ofta
468 1086 45 13 som
529 1078 94 27 önskligt
637 1085 52 14 vore
704 1077 80 22 besöka
799 1078 81 28 privat-

59 1107 109 21 bankerna
190 1107 41 21 och
252 1106 141 29 regelbundet
416 1107 79 21 bivista
510 1107 186 25 årsrevisionerna,
711 1106 83 22 hvilket
807 1106 73 21 Bank-

59 1135 105 22 utskottet
179 1143 63 13 anser
256 1136 64 28 högst
334 1134 81 30 nödigt.

126 1164 107 21 Häremot
254 1164 43 21 kan
319 1172 29 13 nu
371 1164 111 21 anmärkas
504 1167 32 18 att
556 1164 37 21 det
608 1163 48 21 med
672 1163 206 28 bankinspektionen

59 1192 99 28 åsyftade
180 1192 112 22 resultatet
313 1192 53 22 eller
388 1193 92 21 effekten
503 1193 47 21 icke
573 1193 75 21 vinnes
664 1192 24 22 så
703 1192 86 28 mycket
803 1199 77 21 genom

59 1222 68 20 tätare
143 1221 66 21 besök
225 1228 45 14 som
285 1228 58 14 mera
354 1221 123 28 derigenom
488 1224 32 18 att
530 1221 208 27 bankinspektionen
749 1220 40 22 blir
800 1220 80 28 grund-

59 1249 72 29 ligare.
160 1250 34 20 En
217 1257 121 21 gemensam
359 1249 173 29 bankinspektör,
553 1256 46 14 som
614 1250 24 20 är
653 1249 121 28 sakkunnig
788 1249 42 21 och
844 1249 37 21 be-

59 1278 54 22 kant
127 1278 48 22 med
191 1278 225 27 bankförhållandena,
431 1278 39 21 bör
485 1278 68 22 bättre
568 1280 27 18 än
611 1285 26 14 en
652 1285 69 14 annan
737 1285 84 21 person,
835 1285 46 13 som

59 1307 49 20 icke
130 1309 23 18 är
176 1306 25 21 så
223 1307 95 20 förfaren
340 1307 7 20 i
369 1307 63 20 dessa
453 1306 67 27 saker,
538 1307 72 20 kunna
624 1306 71 21 utföra
710 1307 34 19 sin
758 1306 122 27 inspektion

61 1334 41 21 och
116 1334 124 22 konstatera
255 1334 95 21 bankens
366 1334 101 28 ställning
480 1334 40 22 och
532 1334 162 21 bankrörelsens
709 1333 103 28 laglighet
826 1336 56 18 samt

60 1362 35 22 för
109 1362 65 28 öfrigt
188 1364 52 26 göra
255 1362 143 28 iakttagelser,
413 1370 45 13 som
474 1363 72 20 kunna
561 1369 51 13 vara
626 1362 33 20 till
674 1369 62 21 gagn.
765 1362 116 20 Dessutom

60 1392 42 21 kan
118 1391 42 22 den
175 1398 157 21 gemensamma
347 1390 195 29 bankinspektören
556 1390 33 21 till
605 1390 83 22 biträde
703 1390 73 22 ställas
792 1398 26 13 en
833 1390 49 21 sak-

61 1420 82 28 kunnig
158 1419 130 22 funktionär.

128 1449 171 21 Bankutskottet
320 1449 124 21 framhåller
466 1448 73 22 vidare
561 1447 72 22 vådan
650 1447 61 21 deraf
726 1451 31 18 att
772 1447 109 29 Styrelsen

61 1477 72 23 kunde
155 1478 39 22 vid
217 1478 58 21 valet
296 1477 23 22 af
340 1477 41 22 den
396 1484 157 22 gemensamma
568 1476 197 29 bankinspektören
780 1477 102 28 misstaga
