1059 1686
229 105 41 21 138
476 111 25 16 R.
513 115 18 13 o.
544 111 22 16 A.
579 111 55 17 1897.
658 110 23 17 10
692 109 59 18 Febr.

534 206 151 28 Lagutskottet.

268 264 58 21 Frän
350 263 101 22 Ständets
473 264 85 21 valmän
578 263 55 21 hade
656 262 69 28 ingätt
746 265 31 18 ett
798 262 107 28 protokoll
926 262 22 21 af
963 263 59 20 inne-

199 292 44 21 håll
265 295 31 18 att
318 292 32 21 till
372 292 122 28 ytterligare
506 290 79 23 tvänne
604 291 137 28 suppleanter
757 292 8 20 i
783 290 153 29 Lagutskottet
952 290 71 22 blifvit

200 321 91 22 utsedde
312 321 46 21 Hrr
373 321 55 21 Axel
453 321 185 28 Charpentier
663 320 48 21 med
727 321 27 20 21
778 319 40 22 och
840 319 109 22 Johannes
972 327 51 14 von

200 349 150 22 Haartman
365 349 49 22 med
430 350 25 21 11
471 351 74 20 röster.

355 485 103 37 Ätgärder
473 494 57 23 emot
544 493 180 28 skogssköflingen
740 493 5 22 i
761 492 110 23 Savolaks.

268 552 42 20 Till
333 551 59 21 detta
412 552 86 28 plenum
520 551 56 21 hade
598 551 108 27 bordlagts
730 550 41 22 och
793 550 111 28 föredrogs
923 549 57 22 Frih.
997 549 26 21 G.

200 580 142 22 Aminoffs
350 580 211 28 petitionsmemorial
569 580 110 28 angående
687 578 86 29 ätgärds
782 578 131 29 vidtagande
921 578 34 21 för
960 578 64 21 främ-

199 609 64 29 jande
286 609 23 21 af
330 616 26 14 en
372 609 150 28 förmänligare
538 608 176 29 virkesafyttring
728 608 8 20 i
750 607 110 22 trakterna
875 608 63 27 kring
954 606 70 22 Saima

200 640 160 26 vattensystem.

269 694 97 29 (Bihang.
396 695 46 21 Pet.
457 694 43 22 N:o
516 695 26 26 8).

269 752 34 21 Hr
320 752 24 22 L.
359 752 139 22 Mechelin
513 752 72 22 anhöll
599 752 56 21 först
670 759 34 13 om
719 750 61 22 ordet
796 750 40 22 och
850 750 95 28 yttrade:
976 750 48 22 Den

200 781 64 21 ärade
286 782 143 27 petitionären
452 781 38 21 har
512 782 7 20 i
535 782 37 20 sitt
587 780 109 22 memorial
711 780 117 21 framhållit
842 778 183 29 hufvudsakligen

200 812 80 19 tvänne
302 810 187 27 omständigheter,
512 817 45 14 som
577 810 31 20 uti
626 809 75 21 socialt
716 808 41 22 och
772 808 136 21 ekonomiskt
924 807 101 22 afseende

200 840 37 19 äro
260 838 22 21 af
304 838 41 21 den
369 838 115 28 betydelse,
506 841 32 18 att
560 838 26 21 de
609 838 125 27 visserligen
756 837 84 29 påkalla
860 836 97 28 allvarlig
971 844 55 21 upp-

200 867 148 21 märksamhet.

268 895 53 22 Med
342 895 42 21 den
399 903 40 13 ena
454 895 58 22 afser
526 896 36 27 jag
577 895 27 22 de
619 896 31 20 uti
665 894 233 29 petitionsmemorialet
913 893 111 29 päpekade

201 924 37 21 allt
260 924 128 28 fortgäende
403 924 134 21 öfverdrifna
552 924 249 28 skogsförsäljningarna,
816 923 73 21 hvilka
905 922 67 21 mäste
988 923 37 20 be-

200 953 81 21 traktas
296 953 71 21 säsom
382 961 138 20 ogynsamma
534 953 36 21 för
585 953 27 21 de
624 953 163 27 ifrägavarande
798 951 107 29 nejderna,
919 951 46 22 dels
978 951 47 22 der-

200 981 35 22 för
250 985 32 18 att
296 981 169 29 skogskapitalet
480 982 34 21 för
529 982 81 27 hastigt
624 982 118 27 försvagas,
758 981 45 21 dels
819 980 72 21 derför
906 984 32 17 att
948 980 77 28 mänga

202 1011 50 20 med
267 1010 76 21 affärer
360 1010 82 21 mindre
457 1011 109 28 förtrogna
580 1010 250 28 lägenhetsinnehafvare
846 1009 34 21 för
895 1009 72 22 alltför
982 1009 44 28 lägt

202 1041 50 27 pris,
274 1039 82 28 hvarpä
378 1039 64 22 äfven
465 1039 23 22 af
509 1040 141 28 petitionären
671 1039 81 22 anförts
768 1038 103 29 exempel,
886 1038 91 29 föryttra
992 1039 34 20 sin

202 1069 92 27 dyrbara
316 1067 110 28 egendom.
456 1068 48 21 Den
527 1068 66 21 andra
615 1069 81 27 vigtiga
716 1067 164 28 omständighet,
900 1075 46 13 som
961 1067 64 21 fram-

202 1097 72 20 hällits
294 1098 3 19 i
313 1097 137 26 memorialet,
465 1099 23 18 är
502 1099 32 18 att
550 1097 26 21 de
591 1097 48 20 med
655 1097 67 21 sädan
737 1097 57 20 ifver
808 1096 127 28 fortgäende
950 1096 76 27 skogs-

202 1125 182 27 afverkningarna
404 1125 88 28 bidraga
508 1128 32 18 att
554 1125 42 21 öka
611 1125 42 21 den
668 1125 65 21 redan
748 1125 59 21 förut
821 1125 31 21 uti
869 1124 105 22 Savolaks
985 1124 41 22 och

202 1154 96 21 Karelen
313 1161 43 20 nog
372 1153 66 29 dryga
453 1156 117 26 procenten
586 1154 22 21 af
623 1154 42 21 löst
680 1154 51 21 folk.

271 1182 52 21 Men
339 1189 34 14 om
388 1190 49 13 man
452 1182 67 21 mäste
535 1190 51 13 vara
602 1182 49 21 fullt
666 1190 50 13 ense
727 1182 48 21 med
784 1177 58 38 Frih.
859 1177 86 38 Aminoff
953 1181 73 21 derom

203 1213 31 18 att
256 1210 125 21 företeelser
400 1211 23 20 af
444 1211 58 20 detta
517 1211 47 27 slag
578 1213 36 19 äro
630 1211 102 28 förtjenta
747 1211 23 20 af
785 1211 127 24 beaktande,
927 1210 24 21 sä
966 1210 61 21 faller

203 1239 37 20 det
258 1240 32 25 sig
310 1238 84 21 svårare
414 1241 33 18 att
465 1239 75 20 förena
556 1240 33 25 sig
605 1245 34 14 om
654 1240 153 26 petitionärens
823 1238 56 27 äsigt
894 1238 133 21 beträffande

203 1266 27 21 de
245 1265 75 26 medel,
336 1273 46 13 som
397 1265 71 22 kunde
484 1265 41 22 och
540 1266 67 21 borde
623 1266 108 21 användas
747 1266 34 20 för
796 1268 32 19 att
839 1266 119 27 förebygga
974 1265 53 21 fort-

202 1293 100 22 farandet
321 1293 23 22 af
359 1294 63 21 dessa
436 1294 208 22 missförhällanden.
674 1295 40 20 Att
728 1293 148 22 ästadkomma
892 1301 26 14 en
934 1294 95 27 stegring

202 1323 23 21 af
247 1323 134 28 skogspriset
401 1331 78 20 genom
500 1322 106 29 åtgärder,
625 1323 103 28 vidtagna
746 1323 48 21 från
816 1326 80 19 statens
915 1322 52 26 sida,
982 1323 46 21 är
1017 1318 15 38 i

203 1352 41 21 och
264 1351 34 22 för
313 1352 33 28 sig
362 1359 25 14 en
403 1359 43 21 nog
461 1351 25 22 sä
500 1352 100 29 vansklig
614 1353 39 20 sak
669 1352 40 21 och
724 1351 61 22 torde
801 1353 66 20 sällan
882 1353 82 20 kunnat
979 1351 49 22 med

202 1381 113 27 framgäng
336 1381 104 21 försökas.
470 1380 45 23 Väl
538 1381 42 21 kan
603 1389 48 13 man
674 1383 51 25 säga
748 1384 37 24 att,
807 1383 39 19 när
864 1381 79 21 medlet
957 1381 71 21 härtill

203 1409 69 21 skulle
294 1411 76 27 utgöra
392 1412 31 18 ett
444 1411 48 27 nytt
514 1409 57 29 slags
594 1410 280 26 kommunikationsanstalt,
894 1417 46 14 som
959 1409 69 22 skulle

202 1438 121 21 underlätta
343 1438 100 21 stockens
458 1438 188 28 transporterande
662 1438 65 22 äfven
742 1438 33 22 till
790 1438 67 22 andra
874 1441 57 19 orter
946 1440 26 19 än
986 1438 42 22 hit-

202 1466 43 21 tills
260 1467 57 21 varit
331 1466 138 28 tillgängliga,
484 1466 24 21 sä
523 1468 24 20 är
561 1468 22 28 ju
598 1467 60 21 detta
673 1474 26 14 en
714 1467 85 28 analogi
814 1466 88 22 dermed
917 1469 31 19 att
958 1469 70 19 staten

202 1495 89 21 inrättar
312 1496 113 28 jernvägar
447 1495 41 21 och
508 1496 66 21 andra
590 1496 304 26 kommunikationsanstalter,
909 1495 73 21 hvilka
997 1496 32 20 bi-
