1045 1681
205 103 42 21 220
446 107 25 17 R.
483 111 18 13 o.
513 106 22 18 A.
548 106 55 17 1897.
627 106 23 16 18
661 105 58 17 Febr.

177 175 95 28 vändigt,
294 182 44 14 som
360 174 59 21 detta
438 173 47 28 djur
506 173 67 22 under
593 174 58 21 vissa
666 173 147 22 förhällanden
828 173 97 28 tillfogar
940 173 56 22 jord-

178 204 105 21 brukaren
305 211 25 13 en
354 202 72 26 skada,
447 202 88 21 hvilken
559 202 18 27 ej
601 201 60 22 ailtid
676 201 42 21 kan
735 202 83 21 bevisas
834 201 42 21 och
890 203 107 20 värderas.

178 232 41 28 Jag
239 232 83 28 hoppas
344 233 31 18 att
394 231 105 20 utskottet
513 230 54 21 skall
583 230 71 21 kunna
669 229 89 22 uttänka
773 232 31 19 ett
818 237 59 14 mera
891 230 108 29 praktiskt

178 262 43 19 sätt
235 263 32 18 att
281 259 66 22 ordna
362 259 116 28 elgfrägan.

247 289 35 20 Då
298 289 35 28 jag
346 287 24 22 sä
385 288 61 27 länge
462 288 54 27 tagit
531 287 37 22 det
582 287 122 28 Höglofliga
720 287 101 22 Ständets
836 287 163 28 uppmärksam-

178 317 36 22 het
233 318 6 20 i
255 317 98 28 anspräk,
368 318 23 19 är
404 317 36 28 jag
454 315 85 29 skyldig
554 315 86 30 utbedja
656 317 43 26 mig
713 315 75 29 tillgift
801 315 35 22 för
850 319 32 18 att
894 317 37 28 jag
941 317 57 20 ännu

178 346 68 21 mäste
257 346 75 21 beröra
347 353 25 13 en
388 345 61 28 fräga
464 346 6 19 i
486 345 148 28 kungörelsen,
649 345 105 28 nämligen
770 344 42 22 den
827 353 35 13 om
877 345 124 28 godtgörel-

179 383 37 14 sen
233 375 22 20 ät
269 375 45 28 jagt
330 374 40 22 och
385 373 266 30 jagtvärdsföreningarna.

248 403 72 22 Sedan
342 403 120 28 jagtfrägan
482 403 7 20 i
510 402 48 22 vårt
579 402 48 21 land
651 401 73 22 blifvit
738 401 89 22 föremål
842 403 35 20 för
891 402 109 22 tänkande

179 432 149 26 medborgares
348 432 96 25 intresse,
463 431 65 22 hafva
549 431 196 28 jagtföreningarna
766 431 55 22 varit
837 431 73 22 bärare
926 431 23 21 af
963 439 36 14 ar-

179 461 60 21 betet
260 461 34 21 för
308 460 91 29 höjande
414 460 24 21 af
451 460 84 21 landets
549 459 99 29 jagtvärd
663 459 40 22 och
719 459 47 22 med
783 461 47 20 sina
844 459 46 22 små
904 467 98 14 resurser

180 489 64 22 äfven
267 489 135 21 ekonomiskt
422 489 75 20 verkat
512 489 34 21 för
561 490 37 20 sitt
613 488 47 21 mäl.
690 488 29 21 Sä
734 489 86 28 mycket
834 489 35 21 för
884 489 116 21 allmänhe-

178 521 37 18 ten
239 520 23 19 är
281 517 85 26 bekant,
386 517 65 22 hafva
473 517 62 22 dessa
554 517 123 28 föreningar
692 520 158 25 samvetsgrant
864 517 41 22 och
921 525 79 21 oegen-

180 548 78 27 nyttigt
277 546 89 29 fullföljt
380 547 38 20 sitt
432 546 48 21 mäl.
510 546 131 27 Härigenom
656 546 67 21 hafva
738 546 26 21 de
779 547 57 28 gjort
850 547 33 27 sig
897 546 103 28 förtjente

180 575 65 22 äfven
263 575 23 21 af
305 575 146 28 Regeringens
467 575 130 25 förtroende,
615 574 84 22 hvilket
714 574 85 23 bevisas
814 575 62 21 deraf
891 577 32 19 att
937 575 63 22 deras

180 604 110 21 utlåtande
311 604 40 21 och
372 603 39 22 råd
432 603 37 21 vid
483 603 141 22 förefallande
640 603 67 22 behof
721 603 73 22 blifvit
808 603 129 22 infordrade.
967 603 35 22 Då

180 633 135 28 Regeringen
336 633 75 21 saknat
434 640 25 13 en
479 632 124 29 myndighet
618 633 52 20 eller
684 639 65 21 organ
766 633 48 20 med
830 632 125 29 kompetens
971 633 31 21 uti

180 662 123 29 jagtfrågor,
319 661 65 22 hafva
400 661 63 22 dessa
477 661 122 29 föreningar
614 661 86 29 uppfylt
715 669 26 14 en
754 661 62 22 lucka
826 662 31 21 uti
868 661 134 22 administra-

181 692 80 25 tionen,
283 698 46 14 som
348 691 50 28 eljes
414 691 55 20 varit
484 691 49 20 svår
548 694 31 17 att
593 689 58 29 fylla.
680 690 136 28 Regeringen
832 690 38 21 har
885 691 64 21 äfven
965 691 38 21 be-

182 720 64 27 våget
267 719 29 28 på
326 727 74 13 senare
422 718 32 22 tid
482 723 57 17 emot
561 719 272 28 redovisningsskyldighet
852 719 79 21 lemnat
948 719 54 28 jagt-

182 749 150 26 föreningarna
353 747 189 29 penningebidrag,
563 747 72 22 hvilka
657 747 108 22 sannolikt
786 747 91 29 uppgått
897 748 32 21 till
944 748 59 21 cirka

183 777 61 28 5,000
259 777 60 21 mark
334 783 34 14 om
384 776 51 21 året.

251 805 52 21 Med
319 805 121 21 kännedom
455 812 33 13 om
504 805 63 22 dessa
582 805 147 21 förhållanden
745 805 54 21 skall
814 805 37 22 det
861 808 52 19 utan
925 805 78 22 tvifvel

182 835 48 21 icke
252 833 90 22 förvåna
362 833 77 28 någon,
461 841 34 13 om
511 833 63 22 dessa
593 841 80 14 samma
687 834 123 28 föreningar
824 834 61 21 skola
899 834 56 21 finna
971 835 32 28 sig

184 865 122 19 smärtsamt
320 862 90 21 berörda
426 862 40 21 och
482 862 102 29 oförtjent
597 862 146 21 tillbakasatta
753 869 76 21 genom
840 862 162 22 bestämmelsen

184 893 8 19 i
213 892 12 27 8
248 893 10 19 7
281 891 23 21 af
318 891 148 27 kungörelsen.
495 891 42 28 Jag
552 890 33 22 mä
600 891 56 20 dock
670 893 76 26 genast
762 891 97 21 bekänna
874 891 70 22 såsom
960 893 43 20 min

185 919 149 29 öfvertygelse,
350 922 31 18 att
395 919 136 28 Regeringen
546 919 115 28 ingalunda
676 919 66 22 afsett
756 922 32 19 att
804 920 84 21 minska
902 920 101 28 anslagen

186 949 21 21 åt
222 949 202 28 jagtföreningarna,
439 948 87 21 oaktadt
540 948 42 21 den
602 956 41 20 nya
665 948 163 21 bestämmelsen
843 949 91 21 faktiskt
948 950 7 20 i
970 949 32 21 sin

184 977 134 29 tillämpning
339 977 68 21 måste
429 976 47 22 leda
500 976 86 27 derhän,
610 976 70 22 såsom
703 978 35 28 jag
764 980 77 26 genast
862 977 55 22 skall
938 977 66 23 hafva

184 1014 50 13 äran
249 1013 52 14 visa.

252 1034 75 28 Enligt
342 1033 40 22 den
399 1042 41 20 nya
456 1034 160 21 bestämmelsen
633 1034 68 22 skulle
717 1035 150 27 föreningarna
883 1035 78 21 erhålla
973 1038 32 18 ett

184 1063 64 27 årligt
267 1063 75 28 bidrag
363 1062 150 22 motsvarande
534 1062 81 22 hälften
632 1063 23 20 af
669 1064 37 20 det
721 1063 84 29 belopp,
820 1071 45 14 som
881 1064 34 21 för
929 1063 74 29 hvarje

185 1092 23 20 år
229 1091 118 28 bevisligen
370 1091 104 21 användts
490 1091 31 21 till
537 1091 125 29 utgifvande
678 1092 23 21 af
716 1092 124 28 belöningar
855 1092 34 21 för
903 1100 102 14 sommar-

184 1120 39 26 räf,
244 1122 44 26 örn,
309 1120 83 28 berguf,
410 1119 89 27 dufhök,
522 1120 97 26 hafstrut,
635 1120 52 29 korp
704 1120 40 22 och
759 1120 72 22 kråka.
860 1120 36 22 Nu
912 1122 43 25 äro,
969 1121 35 22 så-

186 1156 45 14 som
246 1149 36 27 jag
296 1148 90 28 tidigare
402 1148 99 28 antydde,
517 1148 63 22 dessa
595 1149 133 28 föreningars
743 1156 95 14 resurser
854 1150 86 27 mycket
954 1150 52 26 små,

185 1177 42 21 och
241 1176 66 29 några
322 1176 78 22 fonder
414 1176 66 22 hafva
495 1177 27 21 de
537 1177 48 21 icke
599 1177 82 21 kunnat
697 1178 63 21 bilda.
783 1178 33 21 De
832 1180 78 19 största
921 1178 23 22 af
956 1178 49 22 dem

186 1206 112 28 disponera
313 1205 81 28 årligen
409 1205 62 21 öfver
486 1213 26 13 en
527 1213 81 14 summa
623 1206 24 21 af
660 1206 64 28 högst
739 1206 121 22 sexhundra
873 1207 66 25 mark,
950 1207 55 21 hvil-

185 1234 41 20 ken
247 1234 182 26 sammanbringas
449 1240 78 20 genom
543 1234 195 27 medlemsafgifter.
763 1235 87 27 Antaga
865 1234 22 22 vi
902 1237 32 18 att
948 1235 58 21 före-

185 1262 115 27 ningarnas
315 1261 58 21 antal
388 1263 24 19 är
426 1261 43 21 lika
485 1264 54 18 stort
553 1269 45 13 som
613 1261 74 22 länens
703 1262 51 21 eller
770 1262 44 21 åtta
829 1265 55 19 samt
899 1265 32 19 att
944 1262 62 22 dessa

185 1290 123 28 föreningar
328 1289 101 22 använda
447 1290 40 21 alla
504 1290 45 21 sina
565 1289 120 29 disponibla
700 1290 114 29 tillgångar
828 1290 35 22 för
878 1291 128 29 premiering

186 1318 22 22 af
231 1318 162 28 ifrågavarande
418 1318 120 28 skadedjur,
559 1318 24 22 så
603 1319 68 21 skulle
695 1320 69 21 denna
784 1320 222 28 premieringssumma

186 1348 72 20 kunna
279 1347 130 29 uppbringas
429 1347 32 21 till
480 1347 63 29 högst
561 1348 62 26 4,800
643 1348 60 22 mark
723 1356 25 21 pr
768 1348 29 22 år.
819 1348 45 22 Det
881 1348 76 30 högsta
975 1349 31 22 bi-

186 1376 52 28 drag
257 1376 23 22 af
294 1379 70 19 staten
382 1376 67 21 skulle
465 1376 83 22 således
564 1376 67 22 blifva
646 1378 61 26 2,400
723 1377 59 22 mark
798 1381 57 18 emot
870 1378 59 22 cirka
945 1379 61 26 5,000

186 1406 59 20 mark
260 1405 68 22 under
342 1405 42 22 den
399 1405 70 29 gamla
483 1407 99 20 regimen.
606 1405 91 23 Hvilket
711 1406 125 22 hämmande
850 1407 116 22 inflytande
978 1407 28 30 pä

187 1434 204 29 jagtföreningarnas
414 1434 135 22 verksamhet
571 1435 68 21 denna
664 1436 158 28 omständighet
844 1411 69 58 skulle
934 1436 71 27 hafva,

201 1463 89 21 ehöfver
304 1463 35 22 väl
355 1464 18 28 ej
389 1463 74 21 vidare
477 1463 128 22 framhällas..
635 1464 42 28 Jag
691 1464 67 28 vågar
776 1464 72 22 derför
860 1464 70 22 såsom
941 1465 65 21 önsk-

186 1491 105 29 ningsmål
306 1492 67 21 uttala
388 1492 42 21 den
444 1492 146 29 förhoppning
604 1495 32 19 att
651 1493 75 29 anslag
737 1493 71 22 såsom
818 1493 105 22 härintills
935 1493 72 23 blefve
