<?xml version="1.0" encoding="UTF-8"?>
<alto xmlns="http://www.loc.gov/standards/alto/ns-v3#" xmlns:xlink="http://www.w3.org/1999/xlink" xmlns:xsi="http://www.w3.org/2001/XMLSchema-instance" xsi:schemaLocation="http://www.loc.gov/standards/alto/ns-v3# http://www.loc.gov/alto/v3/alto-3-0.xsd">
	<Description>
		<MeasurementUnit>pixel</MeasurementUnit>
		<sourceImageInformation>
			<fileName>/tmp/tess_dsydwxk6_input.PNG</fileName>
		</sourceImageInformation>
		<OCRProcessing ID="OCR_0">
			<ocrProcessingStep>
				<processingSoftware>
					<softwareName>tesseract 5.3.4</softwareName>
				</processingSoftware>
			</ocrProcessingStep>
		</OCRProcessing>
	</Description>
	<Layout>
		<Page WIDTH="1053" HEIGHT="1686" PHYSICAL_IMG_NR="0" ID="page_0">
			<PrintSpace HPOS="0" VPOS="0" WIDTH="1053" HEIGHT="1686">
				<ComposedBlock ID="cblock_0" HPOS="313" VPOS="92" WIDTH="524" HEIGHT="34">
					<TextBlock ID="block_0" HPOS="313" VPOS="92" WIDTH="524" HEIGHT="34">
						<TextLine ID="line_0" HPOS="313" VPOS="92" WIDTH="524" HEIGHT="34">
							<String ID="string_0" HPOS="313" VPOS="92" WIDTH="279" HEIGHT="34" WC="0.89" CONTENT="Maltårycksförordningen."/><SP WIDTH="205" VPOS="92" HPOS="592"/>
							<String ID="string_1" HPOS="797" VPOS="94" WIDTH="40" HEIGHT="21" WC="0.96" CONTENT="381"/>
						</TextLine>
					</TextBlock>
				</ComposedBlock>
				<GraphicalElement ID="cblock_1" HPOS="65" VPOS="126" WIDTH="800" HEIGHT="5"></GraphicalElement >
				<ComposedBlock ID="cblock_2" HPOS="41" VPOS="165" WIDTH="825" HEIGHT="1089">
					<TextBlock ID="block_1" HPOS="43" VPOS="165" WIDTH="823" HEIGHT="59">
						<TextLine ID="line_1" HPOS="43" VPOS="165" WIDTH="823" HEIGHT="31">
							<String ID="string_2" HPOS="43" VPOS="165" WIDTH="43" HEIGHT="22" WC="0.96" CONTENT="kan"/><SP WIDTH="15" VPOS="165" HPOS="86"/>
							<String ID="string_3" HPOS="101" VPOS="165" WIDTH="101" HEIGHT="22" WC="0.96" CONTENT="förnekas"/><SP WIDTH="16" VPOS="165" HPOS="202"/>
							<String ID="string_4" HPOS="218" VPOS="167" WIDTH="29" HEIGHT="25" WC="0.96" CONTENT="är,"/><SP WIDTH="15" VPOS="167" HPOS="247"/>
							<String ID="string_5" HPOS="262" VPOS="168" WIDTH="32" HEIGHT="20" WC="0.96" CONTENT="att"/><SP WIDTH="14" VPOS="168" HPOS="294"/>
							<String ID="string_6" HPOS="308" VPOS="166" WIDTH="44" HEIGHT="22" WC="0.96" CONTENT="ölet"/><SP WIDTH="14" VPOS="166" HPOS="352"/>
							<String ID="string_7" HPOS="366" VPOS="166" WIDTH="39" HEIGHT="22" WC="0.96" CONTENT="hos"/><SP WIDTH="16" VPOS="166" HPOS="405"/>
							<String ID="string_8" HPOS="421" VPOS="166" WIDTH="48" HEIGHT="22" WC="0.96" CONTENT="vårt"/><SP WIDTH="14" VPOS="166" HPOS="469"/>
							<String ID="string_9" HPOS="483" VPOS="166" WIDTH="47" HEIGHT="23" WC="0.96" CONTENT="folk"/><SP WIDTH="14" VPOS="166" HPOS="530"/>
							<String ID="string_10" HPOS="544" VPOS="168" WIDTH="8" HEIGHT="20" WC="0.96" CONTENT="i"/><SP WIDTH="14" VPOS="168" HPOS="552"/>
							<String ID="string_11" HPOS="566" VPOS="167" WIDTH="82" HEIGHT="29" WC="0.96" CONTENT="ganska"/><SP WIDTH="14" VPOS="167" HPOS="648"/>
							<String ID="string_12" HPOS="662" VPOS="167" WIDTH="42" HEIGHT="28" WC="0.96" CONTENT="hög"/><SP WIDTH="14" VPOS="167" HPOS="704"/>
							<String ID="string_13" HPOS="718" VPOS="167" WIDTH="54" HEIGHT="29" WC="0.93" CONTENT="grad"/><SP WIDTH="15" VPOS="167" HPOS="772"/>
							<String ID="string_14" HPOS="787" VPOS="167" WIDTH="79" HEIGHT="28" WC="0.92" CONTENT="begag-"/>
						</TextLine>
						<TextLine ID="line_2" HPOS="43" VPOS="194" WIDTH="686" HEIGHT="30">
							<String ID="string_15" HPOS="43" VPOS="202" WIDTH="39" HEIGHT="14" WC="0.95" CONTENT="nas"/><SP WIDTH="15" VPOS="202" HPOS="82"/>
							<String ID="string_16" HPOS="97" VPOS="195" WIDTH="48" HEIGHT="21" WC="0.96" CONTENT="icke"/><SP WIDTH="16" VPOS="195" HPOS="145"/>
							<String ID="string_17" HPOS="161" VPOS="194" WIDTH="69" HEIGHT="22" WC="0.96" CONTENT="såsom"/><SP WIDTH="16" VPOS="194" HPOS="230"/>
							<String ID="string_18" HPOS="246" VPOS="198" WIDTH="30" HEIGHT="18" WC="0.93" CONTENT="ett"/><SP WIDTH="15" VPOS="198" HPOS="276"/>
							<String ID="string_19" HPOS="291" VPOS="195" WIDTH="121" HEIGHT="27" WC="0.91" CONTENT="födoämne,"/><SP WIDTH="14" VPOS="195" HPOS="412"/>
							<String ID="string_20" HPOS="426" VPOS="198" WIDTH="51" HEIGHT="18" WC="0.96" CONTENT="utan"/><SP WIDTH="16" VPOS="198" HPOS="477"/>
							<String ID="string_21" HPOS="493" VPOS="196" WIDTH="70" HEIGHT="22" WC="0.96" CONTENT="såsom"/><SP WIDTH="15" VPOS="196" HPOS="563"/>
							<String ID="string_22" HPOS="578" VPOS="204" WIDTH="26" HEIGHT="13" WC="0.91" CONTENT="en"/><SP WIDTH="15" VPOS="204" HPOS="604"/>
							<String ID="string_23" HPOS="619" VPOS="196" WIDTH="110" HEIGHT="28" WC="0.91" CONTENT="rusdryck."/>
						</TextLine>
					</TextBlock>
					<TextBlock ID="block_2" HPOS="41" VPOS="224" WIDTH="825" HEIGHT="486">
						<TextLine ID="line_3" HPOS="112" VPOS="224" WIDTH="753" HEIGHT="29">
							<String ID="string_24" HPOS="112" VPOS="224" WIDTH="52" HEIGHT="20" WC="0.96" CONTENT="Man"/><SP WIDTH="23" VPOS="224" HPOS="164"/>
							<String ID="string_25" HPOS="187" VPOS="224" WIDTH="37" HEIGHT="20" WC="0.96" CONTENT="har"/><SP WIDTH="22" VPOS="224" HPOS="224"/>
							<String ID="string_26" HPOS="246" VPOS="224" WIDTH="38" HEIGHT="21" WC="0.96" CONTENT="här"/><SP WIDTH="22" VPOS="224" HPOS="284"/>
							<String ID="string_27" HPOS="306" VPOS="226" WIDTH="65" HEIGHT="19" WC="0.96" CONTENT="något"/><SP WIDTH="23" VPOS="226" HPOS="371"/>
							<String ID="string_28" HPOS="394" VPOS="225" WIDTH="92" HEIGHT="27" WC="0.96" CONTENT="spetsigt"/><SP WIDTH="14" VPOS="225" HPOS="486"/>
							<String ID="string_29" HPOS="500" VPOS="226" WIDTH="76" HEIGHT="20" WC="0.96" CONTENT="uttalat"/><SP WIDTH="15" VPOS="226" HPOS="576"/>
							<String ID="string_30" HPOS="591" VPOS="226" WIDTH="33" HEIGHT="26" WC="0.96" CONTENT="sig"/><SP WIDTH="14" VPOS="226" HPOS="624"/>
							<String ID="string_31" HPOS="638" VPOS="232" WIDTH="35" HEIGHT="14" WC="0.96" CONTENT="om"/><SP WIDTH="15" VPOS="232" HPOS="673"/>
							<String ID="string_32" HPOS="688" VPOS="224" WIDTH="27" HEIGHT="22" WC="0.93" CONTENT="de"/><SP WIDTH="16" VPOS="224" HPOS="715"/>
							<String ID="string_33" HPOS="731" VPOS="224" WIDTH="134" HEIGHT="29" WC="0.91" CONTENT="nykterhets-"/>
						</TextLine>
						<TextLine ID="line_4" HPOS="42" VPOS="252" WIDTH="823" HEIGHT="28">
							<String ID="string_34" HPOS="42" VPOS="252" WIDTH="147" HEIGHT="26" WC="0.92" CONTENT="sträfvanden,"/><SP WIDTH="25" VPOS="252" HPOS="189"/>
							<String ID="string_35" HPOS="214" VPOS="260" WIDTH="44" HEIGHT="13" WC="0.96" CONTENT="som"/><SP WIDTH="26" VPOS="260" HPOS="258"/>
							<String ID="string_36" HPOS="284" VPOS="253" WIDTH="52" HEIGHT="21" WC="0.96" CONTENT="också"/><SP WIDTH="38" VPOS="253" HPOS="336"/>
							<String ID="string_37" HPOS="374" VPOS="253" WIDTH="36" HEIGHT="21" WC="0.96" CONTENT="vid"/><SP WIDTH="23" VPOS="253" HPOS="410"/>
							<String ID="string_38" HPOS="433" VPOS="252" WIDTH="70" HEIGHT="22" WC="0.93" CONTENT="denna"/><SP WIDTH="22" VPOS="252" HPOS="503"/>
							<String ID="string_39" HPOS="525" VPOS="253" WIDTH="104" HEIGHT="27" WC="0.89" CONTENT="landtdag"/><SP WIDTH="17" VPOS="253" HPOS="629"/>
							<String ID="string_40" HPOS="646" VPOS="253" WIDTH="65" HEIGHT="27" WC="0.90" CONTENT="gifvit"/><SP WIDTH="15" VPOS="253" HPOS="711"/>
							<String ID="string_41" HPOS="726" VPOS="254" WIDTH="33" HEIGHT="26" WC="0.96" CONTENT="sig"/><SP WIDTH="14" VPOS="254" HPOS="759"/>
							<String ID="string_42" HPOS="773" VPOS="252" WIDTH="92" HEIGHT="28" WC="0.96" CONTENT="uttryck,"/>
						</TextLine>
						<TextLine ID="line_5" HPOS="42" VPOS="280" WIDTH="824" HEIGHT="29">
							<String ID="string_43" HPOS="42" VPOS="280" WIDTH="43" HEIGHT="21" WC="0.96" CONTENT="och"/><SP WIDTH="14" VPOS="280" HPOS="85"/>
							<String ID="string_44" HPOS="99" VPOS="288" WIDTH="48" HEIGHT="13" WC="0.95" CONTENT="man"/><SP WIDTH="16" VPOS="288" HPOS="147"/>
							<String ID="string_45" HPOS="163" VPOS="280" WIDTH="38" HEIGHT="21" WC="0.96" CONTENT="har"/><SP WIDTH="14" VPOS="280" HPOS="201"/>
							<String ID="string_46" HPOS="215" VPOS="281" WIDTH="71" HEIGHT="20" WC="0.96" CONTENT="anfört"/><SP WIDTH="15" VPOS="281" HPOS="286"/>
							<String ID="string_47" HPOS="301" VPOS="283" WIDTH="31" HEIGHT="19" WC="0.96" CONTENT="att"/><SP WIDTH="16" VPOS="283" HPOS="332"/>
							<String ID="string_48" HPOS="348" VPOS="281" WIDTH="26" HEIGHT="20" WC="0.96" CONTENT="de"/><SP WIDTH="15" VPOS="281" HPOS="374"/>
							<String ID="string_49" HPOS="389" VPOS="280" WIDTH="46" HEIGHT="29" WC="0.96" CONTENT="gått"/><SP WIDTH="14" VPOS="280" HPOS="435"/>
							<String ID="string_50" HPOS="449" VPOS="281" WIDTH="35" HEIGHT="21" WC="0.96" CONTENT="för"/><SP WIDTH="15" VPOS="281" HPOS="484"/>
							<String ID="string_51" HPOS="499" VPOS="282" WIDTH="64" HEIGHT="27" WC="0.96" CONTENT="långt,"/><SP WIDTH="16" VPOS="282" HPOS="563"/>
							<String ID="string_52" HPOS="579" VPOS="281" WIDTH="28" HEIGHT="21" WC="0.96" CONTENT="då"/><SP WIDTH="15" VPOS="281" HPOS="607"/>
							<String ID="string_53" HPOS="622" VPOS="289" WIDTH="49" HEIGHT="13" WC="0.93" CONTENT="man"/><SP WIDTH="14" VPOS="289" HPOS="671"/>
							<String ID="string_54" HPOS="685" VPOS="283" WIDTH="15" HEIGHT="20" WC="0.89" CONTENT="t."/><SP WIDTH="16" VPOS="283" HPOS="700"/>
							<String ID="string_55" HPOS="716" VPOS="289" WIDTH="18" HEIGHT="14" WC="0.92" CONTENT="o."/><SP WIDTH="15" VPOS="289" HPOS="734"/>
							<String ID="string_56" HPOS="749" VPOS="289" WIDTH="27" HEIGHT="13" WC="0.91" CONTENT="m."/><SP WIDTH="11" VPOS="289" HPOS="776"/>
							<String ID="string_57" HPOS="787" VPOS="281" WIDTH="79" HEIGHT="27" WC="0.93" CONTENT="begynt"/>
						</TextLine>
						<TextLine ID="line_6" HPOS="43" VPOS="309" WIDTH="823" HEIGHT="28">
							<String ID="string_58" HPOS="43" VPOS="309" WIDTH="79" HEIGHT="27" WC="0.96" CONTENT="begära"/><SP WIDTH="21" VPOS="309" HPOS="122"/>
							<String ID="string_59" HPOS="143" VPOS="309" WIDTH="155" HEIGHT="28" WC="0.96" CONTENT="inskränkning"/><SP WIDTH="22" VPOS="309" HPOS="298"/>
							<String ID="string_60" HPOS="320" VPOS="310" WIDTH="7" HEIGHT="20" WC="0.96" CONTENT="i"/><SP WIDTH="21" VPOS="310" HPOS="327"/>
							<String ID="string_61" HPOS="348" VPOS="309" WIDTH="102" HEIGHT="21" WC="0.93" CONTENT="afseende"/><SP WIDTH="16" VPOS="309" HPOS="450"/>
							<String ID="string_62" HPOS="466" VPOS="310" WIDTH="13" HEIGHT="21" WC="0.92" CONTENT="å"/><SP WIDTH="14" VPOS="310" HPOS="479"/>
							<String ID="string_63" HPOS="493" VPOS="310" WIDTH="133" HEIGHT="27" WC="0.95" CONTENT="svagdricka."/><SP WIDTH="29" VPOS="310" HPOS="626"/>
							<String ID="string_64" HPOS="655" VPOS="309" WIDTH="42" HEIGHT="28" WC="0.95" CONTENT="Jag"/><SP WIDTH="15" VPOS="309" HPOS="697"/>
							<String ID="string_65" HPOS="712" VPOS="309" WIDTH="38" HEIGHT="22" WC="0.95" CONTENT="ber"/><SP WIDTH="16" VPOS="309" HPOS="750"/>
							<String ID="string_66" HPOS="766" VPOS="309" WIDTH="53" HEIGHT="21" WC="0.96" CONTENT="blott"/><SP WIDTH="16" VPOS="309" HPOS="819"/>
							<String ID="string_67" HPOS="835" VPOS="311" WIDTH="31" HEIGHT="18" WC="0.96" CONTENT="att"/>
						</TextLine>
						<TextLine ID="line_7" HPOS="41" VPOS="337" WIDTH="825" HEIGHT="29">
							<String ID="string_68" HPOS="41" VPOS="337" WIDTH="25" HEIGHT="21" WC="0.96" CONTENT="få"/><SP WIDTH="22" VPOS="337" HPOS="66"/>
							<String ID="string_69" HPOS="88" VPOS="337" WIDTH="83" HEIGHT="28" WC="0.96" CONTENT="påpeka"/><SP WIDTH="23" VPOS="337" HPOS="171"/>
							<String ID="string_70" HPOS="194" VPOS="339" WIDTH="31" HEIGHT="19" WC="0.96" CONTENT="att"/><SP WIDTH="23" VPOS="339" HPOS="225"/>
							<String ID="string_71" HPOS="248" VPOS="337" WIDTH="62" HEIGHT="22" WC="0.93" CONTENT="dessa"/><SP WIDTH="19" VPOS="337" HPOS="310"/>
							<String ID="string_72" HPOS="329" VPOS="338" WIDTH="114" HEIGHT="27" WC="0.92" CONTENT="petitioner"/><SP WIDTH="15" VPOS="338" HPOS="443"/>
							<String ID="string_73" HPOS="458" VPOS="339" WIDTH="47" HEIGHT="20" WC="0.93" CONTENT="icke"/><SP WIDTH="16" VPOS="339" HPOS="505"/>
							<String ID="string_74" HPOS="521" VPOS="338" WIDTH="76" HEIGHT="28" WC="0.90" CONTENT="afsågo"/><SP WIDTH="15" VPOS="338" HPOS="597"/>
							<String ID="string_75" HPOS="612" VPOS="340" WIDTH="32" HEIGHT="19" WC="0.96" CONTENT="att"/><SP WIDTH="14" VPOS="340" HPOS="644"/>
							<String ID="string_76" HPOS="658" VPOS="337" WIDTH="115" HEIGHT="22" WC="0.96" CONTENT="inskränka"/><SP WIDTH="17" VPOS="337" HPOS="773"/>
							<String ID="string_77" HPOS="790" VPOS="337" WIDTH="76" HEIGHT="21" WC="0.96" CONTENT="bruket"/>
						</TextLine>
						<TextLine ID="line_8" HPOS="41" VPOS="365" WIDTH="825" HEIGHT="29">
							<String ID="string_78" HPOS="41" VPOS="365" WIDTH="25" HEIGHT="22" WC="0.96" CONTENT="af"/><SP WIDTH="21" VPOS="365" HPOS="66"/>
							<String ID="string_79" HPOS="87" VPOS="365" WIDTH="134" HEIGHT="28" WC="0.95" CONTENT="svagdricka,"/><SP WIDTH="15" VPOS="365" HPOS="221"/>
							<String ID="string_80" HPOS="236" VPOS="369" WIDTH="51" HEIGHT="18" WC="0.90" CONTENT="utan"/><SP WIDTH="15" VPOS="369" HPOS="287"/>
							<String ID="string_81" HPOS="302" VPOS="366" WIDTH="76" HEIGHT="28" WC="0.90" CONTENT="afsågo"/><SP WIDTH="16" VPOS="366" HPOS="378"/>
							<String ID="string_82" HPOS="394" VPOS="369" WIDTH="31" HEIGHT="18" WC="0.93" CONTENT="att"/><SP WIDTH="14" VPOS="369" HPOS="425"/>
							<String ID="string_83" HPOS="439" VPOS="367" WIDTH="91" HEIGHT="21" WC="0.89" CONTENT="afskaffa"/><SP WIDTH="15" VPOS="367" HPOS="530"/>
							<String ID="string_84" HPOS="545" VPOS="369" WIDTH="31" HEIGHT="19" WC="0.96" CONTENT="ett"/><SP WIDTH="15" VPOS="369" HPOS="576"/>
							<String ID="string_85" HPOS="591" VPOS="366" WIDTH="111" HEIGHT="27" WC="0.96" CONTENT="missbruk,"/><SP WIDTH="16" VPOS="366" HPOS="702"/>
							<String ID="string_86" HPOS="718" VPOS="374" WIDTH="45" HEIGHT="13" WC="0.96" CONTENT="som"/><SP WIDTH="15" VPOS="374" HPOS="763"/>
							<String ID="string_87" HPOS="778" VPOS="366" WIDTH="44" HEIGHT="21" WC="0.96" CONTENT="höll"/><SP WIDTH="15" VPOS="366" HPOS="822"/>
							<String ID="string_88" HPOS="837" VPOS="365" WIDTH="29" HEIGHT="29" WC="0.96" CONTENT="på"/>
						</TextLine>
						<TextLine ID="line_9" HPOS="41" VPOS="395" WIDTH="824" HEIGHT="29">
							<String ID="string_89" HPOS="41" VPOS="397" WIDTH="33" HEIGHT="18" WC="0.93" CONTENT="att"/><SP WIDTH="21" VPOS="397" HPOS="74"/>
							<String ID="string_90" HPOS="95" VPOS="395" WIDTH="70" HEIGHT="20" WC="0.91" CONTENT="inrota"/><SP WIDTH="22" VPOS="395" HPOS="165"/>
							<String ID="string_91" HPOS="187" VPOS="395" WIDTH="33" HEIGHT="28" WC="0.93" CONTENT="sig"/><SP WIDTH="22" VPOS="395" HPOS="220"/>
							<String ID="string_92" HPOS="242" VPOS="395" WIDTH="53" HEIGHT="26" WC="0.92" CONTENT="deri,"/><SP WIDTH="21" VPOS="395" HPOS="295"/>
							<String ID="string_93" HPOS="316" VPOS="398" WIDTH="32" HEIGHT="18" WC="0.96" CONTENT="att"/><SP WIDTH="14" VPOS="398" HPOS="348"/>
							<String ID="string_94" HPOS="362" VPOS="403" WIDTH="49" HEIGHT="13" WC="0.96" CONTENT="man"/><SP WIDTH="16" VPOS="403" HPOS="411"/>
							<String ID="string_95" HPOS="427" VPOS="395" WIDTH="68" HEIGHT="29" WC="0.96" CONTENT="börjat"/><SP WIDTH="15" VPOS="395" HPOS="495"/>
							<String ID="string_96" HPOS="510" VPOS="396" WIDTH="95" HEIGHT="27" WC="0.93" CONTENT="begagna"/><SP WIDTH="15" VPOS="396" HPOS="605"/>
							<String ID="string_97" HPOS="620" VPOS="395" WIDTH="139" HEIGHT="28" WC="0.91" CONTENT="rusgifvande"/><SP WIDTH="15" VPOS="395" HPOS="759"/>
							<String ID="string_98" HPOS="774" VPOS="395" WIDTH="91" HEIGHT="28" WC="0.96" CONTENT="drycker"/>
						</TextLine>
						<TextLine ID="line_10" HPOS="42" VPOS="423" WIDTH="823" HEIGHT="30">
							<String ID="string_99" HPOS="42" VPOS="423" WIDTH="69" HEIGHT="21" WC="0.96" CONTENT="under"/><SP WIDTH="21" VPOS="423" HPOS="111"/>
							<String ID="string_100" HPOS="132" VPOS="423" WIDTH="41" HEIGHT="21" WC="0.96" CONTENT="den"/><SP WIDTH="24" VPOS="423" HPOS="173"/>
							<String ID="string_101" HPOS="197" VPOS="423" WIDTH="91" HEIGHT="28" WC="0.92" CONTENT="oriktiga"/><SP WIDTH="19" VPOS="423" HPOS="288"/>
							<String ID="string_102" HPOS="307" VPOS="424" WIDTH="155" HEIGHT="28" WC="0.96" CONTENT="benämningen"/><SP WIDTH="16" VPOS="424" HPOS="462"/>
							<String ID="string_103" HPOS="478" VPOS="424" WIDTH="133" HEIGHT="29" WC="0.95" CONTENT="svagdricka."/><SP WIDTH="29" VPOS="424" HPOS="611"/>
							<String ID="string_104" HPOS="640" VPOS="424" WIDTH="47" HEIGHT="28" WC="0.96" CONTENT="Mig"/><SP WIDTH="15" VPOS="424" HPOS="687"/>
							<String ID="string_105" HPOS="702" VPOS="431" WIDTH="64" HEIGHT="21" WC="0.96" CONTENT="synes"/><SP WIDTH="16" VPOS="431" HPOS="766"/>
							<String ID="string_106" HPOS="782" VPOS="426" WIDTH="31" HEIGHT="18" WC="0.96" CONTENT="att"/><SP WIDTH="15" VPOS="426" HPOS="813"/>
							<String ID="string_107" HPOS="828" VPOS="423" WIDTH="37" HEIGHT="21" WC="0.95" CONTENT="det"/>
						</TextLine>
						<TextLine ID="line_11" HPOS="42" VPOS="451" WIDTH="823" HEIGHT="23">
							<String ID="string_108" HPOS="42" VPOS="452" WIDTH="25" HEIGHT="21" WC="0.95" CONTENT="af"/><SP WIDTH="20" VPOS="452" HPOS="67"/>
							<String ID="string_109" HPOS="87" VPOS="451" WIDTH="48" HEIGHT="22" WC="0.96" CONTENT="vårt"/><SP WIDTH="22" VPOS="451" HPOS="135"/>
							<String ID="string_110" HPOS="157" VPOS="451" WIDTH="47" HEIGHT="22" WC="0.96" CONTENT="folk"/><SP WIDTH="23" VPOS="451" HPOS="204"/>
							<String ID="string_111" HPOS="227" VPOS="452" WIDTH="40" HEIGHT="21" WC="0.95" CONTENT="och"/><SP WIDTH="21" VPOS="452" HPOS="267"/>
							<String ID="string_112" HPOS="288" VPOS="452" WIDTH="102" HEIGHT="21" WC="0.95" CONTENT="särskildt"/><SP WIDTH="14" VPOS="452" HPOS="390"/>
							<String ID="string_113" HPOS="404" VPOS="453" WIDTH="23" HEIGHT="21" WC="0.95" CONTENT="af"/><SP WIDTH="15" VPOS="453" HPOS="427"/>
							<String ID="string_114" HPOS="442" VPOS="453" WIDTH="26" HEIGHT="21" WC="0.96" CONTENT="de"/><SP WIDTH="17" VPOS="453" HPOS="468"/>
							<String ID="string_115" HPOS="485" VPOS="453" WIDTH="115" HEIGHT="21" WC="0.96" CONTENT="arbetande"/><SP WIDTH="16" VPOS="453" HPOS="600"/>
							<String ID="string_116" HPOS="616" VPOS="452" WIDTH="108" HEIGHT="22" WC="0.95" CONTENT="klasserna"/><SP WIDTH="15" VPOS="452" HPOS="724"/>
							<String ID="string_117" HPOS="739" VPOS="452" WIDTH="25" HEIGHT="21" WC="0.96" CONTENT="så"/><SP WIDTH="14" VPOS="452" HPOS="764"/>
							<String ID="string_118" HPOS="778" VPOS="452" WIDTH="87" HEIGHT="21" WC="0.96" CONTENT="allmänt"/>
						</TextLine>
						<TextLine ID="line_12" HPOS="42" VPOS="480" WIDTH="823" HEIGHT="29">
							<String ID="string_119" HPOS="42" VPOS="480" WIDTH="119" HEIGHT="21" WC="0.93" CONTENT="omfattade"/><SP WIDTH="23" VPOS="480" HPOS="161"/>
							<String ID="string_120" HPOS="184" VPOS="481" WIDTH="134" HEIGHT="21" WC="0.91" CONTENT="sträfvandet"/><SP WIDTH="15" VPOS="481" HPOS="318"/>
							<String ID="string_121" HPOS="333" VPOS="483" WIDTH="31" HEIGHT="19" WC="0.96" CONTENT="att"/><SP WIDTH="16" VPOS="483" HPOS="364"/>
							<String ID="string_122" HPOS="380" VPOS="481" WIDTH="64" HEIGHT="22" WC="0.96" CONTENT="äfven"/><SP WIDTH="15" VPOS="481" HPOS="444"/>
							<String ID="string_123" HPOS="459" VPOS="482" WIDTH="7" HEIGHT="20" WC="0.93" CONTENT="i"/><SP WIDTH="15" VPOS="482" HPOS="466"/>
							<String ID="string_124" HPOS="481" VPOS="481" WIDTH="190" HEIGHT="28" WC="0.91" CONTENT="lagstiftningsväg"/><SP WIDTH="15" VPOS="481" HPOS="671"/>
							<String ID="string_125" HPOS="686" VPOS="481" WIDTH="70" HEIGHT="28" WC="0.96" CONTENT="bygga"/><SP WIDTH="16" VPOS="481" HPOS="756"/>
							<String ID="string_126" HPOS="772" VPOS="480" WIDTH="93" HEIGHT="22" WC="0.96" CONTENT="dammar"/>
						</TextLine>
						<TextLine ID="line_13" HPOS="42" VPOS="508" WIDTH="823" HEIGHT="30">
							<String ID="string_127" HPOS="42" VPOS="511" WIDTH="45" HEIGHT="19" WC="0.93" CONTENT="mot"/><SP WIDTH="22" VPOS="511" HPOS="87"/>
							<String ID="string_128" HPOS="109" VPOS="509" WIDTH="177" HEIGHT="29" WC="0.92" CONTENT="dryckenskapen"/><SP WIDTH="21" VPOS="509" HPOS="286"/>
							<String ID="string_129" HPOS="307" VPOS="509" WIDTH="104" HEIGHT="28" WC="0.93" CONTENT="förtjenar"/><SP WIDTH="20" VPOS="509" HPOS="411"/>
							<String ID="string_130" HPOS="431" VPOS="510" WIDTH="38" HEIGHT="21" WC="0.93" CONTENT="allt"/><SP WIDTH="15" VPOS="510" HPOS="469"/>
							<String ID="string_131" HPOS="484" VPOS="509" WIDTH="126" HEIGHT="22" WC="0.90" CONTENT="erkännade."/><SP WIDTH="32" VPOS="509" HPOS="610"/>
							<String ID="string_132" HPOS="642" VPOS="510" WIDTH="132" HEIGHT="27" WC="0.90" CONTENT="Visserligen"/><SP WIDTH="16" VPOS="510" HPOS="774"/>
							<String ID="string_133" HPOS="790" VPOS="511" WIDTH="24" HEIGHT="18" WC="0.96" CONTENT="är"/><SP WIDTH="14" VPOS="511" HPOS="814"/>
							<String ID="string_134" HPOS="828" VPOS="508" WIDTH="37" HEIGHT="23" WC="0.96" CONTENT="det"/>
						</TextLine>
						<TextLine ID="line_14" HPOS="41" VPOS="538" WIDTH="825" HEIGHT="28">
							<String ID="string_135" HPOS="41" VPOS="538" WIDTH="24" HEIGHT="28" WC="0.93" CONTENT="ju"/><SP WIDTH="22" VPOS="538" HPOS="65"/>
							<String ID="string_136" HPOS="87" VPOS="539" WIDTH="91" HEIGHT="27" WC="0.91" CONTENT="sanning"/><SP WIDTH="23" VPOS="539" HPOS="178"/>
							<String ID="string_137" HPOS="201" VPOS="540" WIDTH="31" HEIGHT="19" WC="0.96" CONTENT="att"/><SP WIDTH="20" VPOS="540" HPOS="232"/>
							<String ID="string_138" HPOS="252" VPOS="538" WIDTH="36" HEIGHT="21" WC="0.93" CONTENT="det"/><SP WIDTH="16" VPOS="538" HPOS="288"/>
							<String ID="string_139" HPOS="304" VPOS="538" WIDTH="94" HEIGHT="21" WC="0.91" CONTENT="säkraste"/><SP WIDTH="22" VPOS="538" HPOS="398"/>
							<String ID="string_140" HPOS="420" VPOS="539" WIDTH="109" HEIGHT="21" WC="0.91" CONTENT="korrektiv"/><SP WIDTH="22" VPOS="539" HPOS="529"/>
							<String ID="string_141" HPOS="551" VPOS="541" WIDTH="45" HEIGHT="18" WC="0.93" CONTENT="mot"/><SP WIDTH="19" VPOS="541" HPOS="596"/>
							<String ID="string_142" HPOS="615" VPOS="538" WIDTH="177" HEIGHT="28" WC="0.91" CONTENT="dryckenskapen"/><SP WIDTH="16" VPOS="538" HPOS="792"/>
							<String ID="string_143" HPOS="808" VPOS="545" WIDTH="58" HEIGHT="19" WC="0.92" CONTENT="vore,"/>
						</TextLine>
						<TextLine ID="line_15" HPOS="42" VPOS="565" WIDTH="821" HEIGHT="30">
							<String ID="string_144" HPOS="42" VPOS="573" WIDTH="35" HEIGHT="14" WC="0.90" CONTENT="om"/><SP WIDTH="22" VPOS="573" HPOS="77"/>
							<String ID="string_145" HPOS="99" VPOS="566" WIDTH="97" HEIGHT="28" WC="0.95" CONTENT="bildning"/><SP WIDTH="22" VPOS="566" HPOS="196"/>
							<String ID="string_146" HPOS="218" VPOS="566" WIDTH="40" HEIGHT="21" WC="0.93" CONTENT="och"/><SP WIDTH="22" VPOS="566" HPOS="258"/>
							<String ID="string_147" HPOS="280" VPOS="566" WIDTH="102" HEIGHT="29" WC="0.91" CONTENT="hyfsning"/><SP WIDTH="23" VPOS="566" HPOS="382"/>
							<String ID="string_148" HPOS="405" VPOS="567" WIDTH="72" HEIGHT="21" WC="0.74" CONTENT="blefve"/><SP WIDTH="21" VPOS="567" HPOS="477"/>
							<String ID="string_149" HPOS="498" VPOS="566" WIDTH="24" HEIGHT="22" WC="0.96" CONTENT="sä"/><SP WIDTH="19" VPOS="566" HPOS="522"/>
							<String ID="string_150" HPOS="541" VPOS="566" WIDTH="111" HEIGHT="27" WC="0.95" CONTENT="allmänna,"/><SP WIDTH="15" VPOS="566" HPOS="652"/>
							<String ID="string_151" HPOS="667" VPOS="569" WIDTH="31" HEIGHT="18" WC="0.93" CONTENT="att"/><SP WIDTH="14" VPOS="569" HPOS="698"/>
							<String ID="string_152" HPOS="712" VPOS="566" WIDTH="55" HEIGHT="22" WC="0.96" CONTENT="hvar"/><SP WIDTH="14" VPOS="566" HPOS="767"/>
							<String ID="string_153" HPOS="781" VPOS="565" WIDTH="40" HEIGHT="21" WC="0.96" CONTENT="och"/><SP WIDTH="16" VPOS="565" HPOS="821"/>
							<String ID="string_154" HPOS="837" VPOS="574" WIDTH="26" HEIGHT="13" WC="0.96" CONTENT="en"/>
						</TextLine>
						<TextLine ID="line_16" HPOS="42" VPOS="594" WIDTH="821" HEIGHT="30">
							<String ID="string_155" HPOS="42" VPOS="594" WIDTH="66" HEIGHT="21" WC="0.91" CONTENT="redan"/><SP WIDTH="23" VPOS="594" HPOS="108"/>
							<String ID="string_156" HPOS="131" VPOS="595" WIDTH="74" HEIGHT="21" WC="0.91" CONTENT="derför"/><SP WIDTH="21" VPOS="595" HPOS="205"/>
							<String ID="string_157" HPOS="226" VPOS="595" WIDTH="68" HEIGHT="21" WC="0.93" CONTENT="skulle"/><SP WIDTH="23" VPOS="595" HPOS="294"/>
							<String ID="string_158" HPOS="317" VPOS="594" WIDTH="79" HEIGHT="22" WC="0.92" CONTENT="afhälla"/><SP WIDTH="15" VPOS="594" HPOS="396"/>
							<String ID="string_159" HPOS="411" VPOS="596" WIDTH="33" HEIGHT="28" WC="0.93" CONTENT="sig"/><SP WIDTH="14" VPOS="596" HPOS="444"/>
							<String ID="string_160" HPOS="458" VPOS="595" WIDTH="48" HEIGHT="21" WC="0.92" CONTENT="frän"/><SP WIDTH="16" VPOS="595" HPOS="506"/>
							<String ID="string_161" HPOS="522" VPOS="595" WIDTH="107" HEIGHT="21" WC="0.93" CONTENT="missbruk"/><SP WIDTH="14" VPOS="595" HPOS="629"/>
							<String ID="string_162" HPOS="643" VPOS="595" WIDTH="23" HEIGHT="21" WC="0.96" CONTENT="af"/><SP WIDTH="14" VPOS="595" HPOS="666"/>
							<String ID="string_163" HPOS="680" VPOS="595" WIDTH="72" HEIGHT="21" WC="0.93" CONTENT="starka"/><SP WIDTH="15" VPOS="595" HPOS="752"/>
							<String ID="string_164" HPOS="767" VPOS="594" WIDTH="96" HEIGHT="28" WC="0.91" CONTENT="drycker,"/>
						</TextLine>
						<TextLine ID="line_17" HPOS="42" VPOS="623" WIDTH="821" HEIGHT="29">
							<String ID="string_165" HPOS="42" VPOS="630" WIDTH="49" HEIGHT="14" WC="0.91" CONTENT="men"/><SP WIDTH="23" VPOS="630" HPOS="91"/>
							<String ID="string_166" HPOS="114" VPOS="623" WIDTH="97" HEIGHT="29" WC="0.95" CONTENT="bildning"/><SP WIDTH="15" VPOS="623" HPOS="211"/>
							<String ID="string_167" HPOS="226" VPOS="624" WIDTH="41" HEIGHT="21" WC="0.93" CONTENT="och"/><SP WIDTH="15" VPOS="624" HPOS="267"/>
							<String ID="string_168" HPOS="282" VPOS="624" WIDTH="102" HEIGHT="28" WC="0.92" CONTENT="hyfsning"/><SP WIDTH="14" VPOS="624" HPOS="384"/>
							<String ID="string_169" HPOS="398" VPOS="626" WIDTH="37" HEIGHT="19" WC="0.96" CONTENT="äro"/><SP WIDTH="15" VPOS="626" HPOS="435"/>
							<String ID="string_170" HPOS="450" VPOS="624" WIDTH="85" HEIGHT="28" WC="0.93" CONTENT="mycket"/><SP WIDTH="14" VPOS="624" HPOS="535"/>
							<String ID="string_171" HPOS="549" VPOS="624" WIDTH="107" HEIGHT="28" WC="0.96" CONTENT="långsamt"/><SP WIDTH="14" VPOS="624" HPOS="656"/>
							<String ID="string_172" HPOS="670" VPOS="623" WIDTH="109" HEIGHT="21" WC="0.96" CONTENT="verkande"/><SP WIDTH="15" VPOS="623" HPOS="779"/>
							<String ID="string_173" HPOS="794" VPOS="623" WIDTH="69" HEIGHT="21" WC="0.96" CONTENT="medel"/>
						</TextLine>
						<TextLine ID="line_18" HPOS="42" VPOS="652" WIDTH="821" HEIGHT="29">
							<String ID="string_174" HPOS="42" VPOS="652" WIDTH="42" HEIGHT="21" WC="0.92" CONTENT="och"/><SP WIDTH="23" VPOS="652" HPOS="84"/>
							<String ID="string_175" HPOS="107" VPOS="652" WIDTH="137" HEIGHT="28" WC="0.90" CONTENT="bildningens"/><SP WIDTH="19" VPOS="652" HPOS="244"/>
							<String ID="string_176" HPOS="263" VPOS="652" WIDTH="112" HEIGHT="28" WC="0.92" CONTENT="spridning"/><SP WIDTH="23" VPOS="652" HPOS="375"/>
							<String ID="string_177" HPOS="398" VPOS="652" WIDTH="39" HEIGHT="22" WC="0.93" CONTENT="och"/><SP WIDTH="15" VPOS="652" HPOS="437"/>
							<String ID="string_178" HPOS="452" VPOS="652" WIDTH="92" HEIGHT="29" WC="0.93" CONTENT="höjande"/><SP WIDTH="15" VPOS="652" HPOS="544"/>
							<String ID="string_179" HPOS="559" VPOS="653" WIDTH="5" HEIGHT="20" WC="0.96" CONTENT="i"/><SP WIDTH="17" VPOS="653" HPOS="564"/>
							<String ID="string_180" HPOS="581" VPOS="652" WIDTH="73" HEIGHT="22" WC="0.92" CONTENT="landet"/><SP WIDTH="14" VPOS="652" HPOS="654"/>
							<String ID="string_181" HPOS="668" VPOS="652" WIDTH="121" HEIGHT="21" WC="0.92" CONTENT="motverkas"/><SP WIDTH="15" VPOS="652" HPOS="789"/>
							<String ID="string_182" HPOS="804" VPOS="652" WIDTH="8" HEIGHT="20" WC="0.93" CONTENT="i"/><SP WIDTH="14" VPOS="652" HPOS="812"/>
							<String ID="string_183" HPOS="826" VPOS="653" WIDTH="37" HEIGHT="20" WC="0.92" CONTENT="vä-"/>
						</TextLine>
						<TextLine ID="line_19" HPOS="42" VPOS="680" WIDTH="438" HEIGHT="30">
							<String ID="string_184" HPOS="42" VPOS="680" WIDTH="79" HEIGHT="29" WC="0.90" CONTENT="sentlig"/><SP WIDTH="14" VPOS="680" HPOS="121"/>
							<String ID="string_185" HPOS="135" VPOS="681" WIDTH="52" HEIGHT="28" WC="0.96" CONTENT="grad"/><SP WIDTH="16" VPOS="681" HPOS="187"/>
							<String ID="string_186" HPOS="203" VPOS="682" WIDTH="42" HEIGHT="28" WC="0.97" CONTENT="just"/><SP WIDTH="15" VPOS="682" HPOS="245"/>
							<String ID="string_187" HPOS="260" VPOS="681" WIDTH="23" HEIGHT="21" WC="0.93" CONTENT="af"/><SP WIDTH="15" VPOS="681" HPOS="283"/>
							<String ID="string_188" HPOS="298" VPOS="680" WIDTH="182" HEIGHT="30" WC="0.92" CONTENT="dryckenskapen."/>
						</TextLine>
					</TextBlock>
					<TextBlock ID="block_3" HPOS="42" VPOS="710" WIDTH="823" HEIGHT="544">
						<TextLine ID="line_20" HPOS="111" VPOS="710" WIDTH="751" HEIGHT="28">
							<String ID="string_189" HPOS="111" VPOS="710" WIDTH="65" HEIGHT="21" WC="0.91" CONTENT="Hvad"/><SP WIDTH="23" VPOS="710" HPOS="176"/>
							<String ID="string_190" HPOS="199" VPOS="718" WIDTH="28" HEIGHT="12" WC="0.92" CONTENT="nu"/><SP WIDTH="23" VPOS="718" HPOS="227"/>
							<String ID="string_191" HPOS="250" VPOS="710" WIDTH="101" HEIGHT="21" WC="0.92" CONTENT="särskildt"/><SP WIDTH="22" VPOS="710" HPOS="351"/>
							<String ID="string_192" HPOS="373" VPOS="710" WIDTH="131" HEIGHT="21" WC="0.91" CONTENT="vidkommer"/><SP WIDTH="21" VPOS="710" HPOS="504"/>
							<String ID="string_193" HPOS="525" VPOS="710" WIDTH="77" HEIGHT="28" WC="0.92" CONTENT="frägan"/><SP WIDTH="16" VPOS="710" HPOS="602"/>
							<String ID="string_194" HPOS="618" VPOS="718" WIDTH="33" HEIGHT="13" WC="0.96" CONTENT="om"/><SP WIDTH="15" VPOS="718" HPOS="651"/>
							<String ID="string_195" HPOS="666" VPOS="710" WIDTH="112" HEIGHT="21" WC="0.93" CONTENT="kommuns"/><SP WIDTH="16" VPOS="710" HPOS="778"/>
							<String ID="string_196" HPOS="794" VPOS="710" WIDTH="68" HEIGHT="20" WC="0.90" CONTENT="berät-"/>
						</TextLine>
						<TextLine ID="line_21" HPOS="42" VPOS="738" WIDTH="820" HEIGHT="29">
							<String ID="string_197" HPOS="42" VPOS="738" WIDTH="88" HEIGHT="28" WC="0.92" CONTENT="tigande"/><SP WIDTH="16" VPOS="738" HPOS="130"/>
							<String ID="string_198" HPOS="146" VPOS="741" WIDTH="31" HEIGHT="19" WC="0.93" CONTENT="att"/><SP WIDTH="15" VPOS="741" HPOS="177"/>
							<String ID="string_199" HPOS="192" VPOS="738" WIDTH="74" HEIGHT="22" WC="0.92" CONTENT="bifalla"/><SP WIDTH="16" VPOS="738" HPOS="266"/>
							<String ID="string_200" HPOS="282" VPOS="738" WIDTH="50" HEIGHT="22" WC="0.93" CONTENT="eller"/><SP WIDTH="15" VPOS="738" HPOS="332"/>
							<String ID="string_201" HPOS="347" VPOS="740" WIDTH="65" HEIGHT="26" WC="0.93" CONTENT="vägra"/><SP WIDTH="15" VPOS="740" HPOS="412"/>
							<String ID="string_202" HPOS="427" VPOS="738" WIDTH="130" HEIGHT="22" WC="0.91" CONTENT="inrättandet"/><SP WIDTH="15" VPOS="738" HPOS="557"/>
							<String ID="string_203" HPOS="572" VPOS="739" WIDTH="23" HEIGHT="21" WC="0.93" CONTENT="af"/><SP WIDTH="14" VPOS="739" HPOS="595"/>
							<String ID="string_204" HPOS="609" VPOS="739" WIDTH="120" HEIGHT="28" WC="0.91" CONTENT="ölbryggeri"/><SP WIDTH="15" VPOS="739" HPOS="729"/>
							<String ID="string_205" HPOS="744" VPOS="739" WIDTH="57" HEIGHT="21" WC="0.96" CONTENT="inom"/><SP WIDTH="13" VPOS="739" HPOS="801"/>
							<String ID="string_206" HPOS="814" VPOS="738" WIDTH="48" HEIGHT="22" WC="0.96" CONTENT="dess"/>
						</TextLine>
						<TextLine ID="line_22" HPOS="43" VPOS="767" WIDTH="820" HEIGHT="29">
							<String ID="string_207" HPOS="43" VPOS="768" WIDTH="93" HEIGHT="26" WC="0.91" CONTENT="omräde,"/><SP WIDTH="21" VPOS="768" HPOS="136"/>
							<String ID="string_208" HPOS="157" VPOS="767" WIDTH="24" HEIGHT="22" WC="0.93" CONTENT="sä"/><SP WIDTH="14" VPOS="767" HPOS="181"/>
							<String ID="string_209" HPOS="195" VPOS="775" WIDTH="63" HEIGHT="21" WC="0.92" CONTENT="synes"/><SP WIDTH="16" VPOS="775" HPOS="258"/>
							<String ID="string_210" HPOS="274" VPOS="767" WIDTH="36" HEIGHT="21" WC="0.96" CONTENT="det"/><SP WIDTH="15" VPOS="767" HPOS="310"/>
							<String ID="string_211" HPOS="325" VPOS="768" WIDTH="43" HEIGHT="28" WC="0.96" CONTENT="mig"/><SP WIDTH="16" VPOS="768" HPOS="368"/>
							<String ID="string_212" HPOS="384" VPOS="770" WIDTH="31" HEIGHT="18" WC="0.96" CONTENT="att"/><SP WIDTH="14" VPOS="770" HPOS="415"/>
							<String ID="string_213" HPOS="429" VPOS="775" WIDTH="26" HEIGHT="14" WC="0.93" CONTENT="en"/><SP WIDTH="16" VPOS="775" HPOS="455"/>
							<String ID="string_214" HPOS="471" VPOS="767" WIDTH="66" HEIGHT="22" WC="0.92" CONTENT="sädan"/><SP WIDTH="15" VPOS="767" HPOS="537"/>
							<String ID="string_215" HPOS="552" VPOS="770" WIDTH="43" HEIGHT="19" WC="0.96" CONTENT="rätt"/><SP WIDTH="14" VPOS="770" HPOS="595"/>
							<String ID="string_216" HPOS="609" VPOS="767" WIDTH="22" HEIGHT="21" WC="0.96" CONTENT="ät"/><SP WIDTH="15" VPOS="767" HPOS="631"/>
							<String ID="string_217" HPOS="646" VPOS="767" WIDTH="152" HEIGHT="21" WC="0.93" CONTENT="kommunerna"/><SP WIDTH="14" VPOS="767" HPOS="798"/>
							<String ID="string_218" HPOS="812" VPOS="774" WIDTH="51" HEIGHT="14" WC="0.92" CONTENT="vore"/>
						</TextLine>
						<TextLine ID="line_23" HPOS="42" VPOS="795" WIDTH="821" HEIGHT="30">
							<String ID="string_219" HPOS="42" VPOS="796" WIDTH="89" HEIGHT="22" WC="0.89" CONTENT="alldeles"/><SP WIDTH="22" VPOS="796" HPOS="131"/>
							<String ID="string_220" HPOS="153" VPOS="796" WIDTH="66" HEIGHT="28" WC="0.92" CONTENT="billig,"/><SP WIDTH="23" VPOS="796" HPOS="219"/>
							<String ID="string_221" HPOS="242" VPOS="796" WIDTH="26" HEIGHT="21" WC="0.93" CONTENT="dä"/><SP WIDTH="16" VPOS="796" HPOS="268"/>
							<String ID="string_222" HPOS="284" VPOS="796" WIDTH="127" HEIGHT="22" WC="0.96" CONTENT="kommunen"/><SP WIDTH="15" VPOS="796" HPOS="411"/>
							<String ID="string_223" HPOS="426" VPOS="796" WIDTH="38" HEIGHT="21" WC="0.96" CONTENT="har"/><SP WIDTH="15" VPOS="796" HPOS="464"/>
							<String ID="string_224" HPOS="479" VPOS="799" WIDTH="31" HEIGHT="18" WC="0.93" CONTENT="ett"/><SP WIDTH="15" VPOS="799" HPOS="510"/>
							<String ID="string_225" HPOS="525" VPOS="796" WIDTH="89" HEIGHT="29" WC="0.95" CONTENT="specielt"/><SP WIDTH="14" VPOS="796" HPOS="614"/>
							<String ID="string_226" HPOS="628" VPOS="796" WIDTH="89" HEIGHT="21" WC="0.93" CONTENT="intresse"/><SP WIDTH="15" VPOS="796" HPOS="717"/>
							<String ID="string_227" HPOS="732" VPOS="795" WIDTH="82" HEIGHT="27" WC="0.92" CONTENT="dervid,"/><SP WIDTH="15" VPOS="795" HPOS="814"/>
							<String ID="string_228" HPOS="829" VPOS="803" WIDTH="34" HEIGHT="13" WC="0.97" CONTENT="om"/>
						</TextLine>
						<TextLine ID="line_24" HPOS="42" VPOS="824" WIDTH="821" HEIGHT="29">
							<String ID="string_229" HPOS="42" VPOS="824" WIDTH="122" HEIGHT="29" WC="0.52" CONTENT="ölbryggeri"/><SP WIDTH="15" VPOS="824" HPOS="164"/>
							<String ID="string_230" HPOS="179" VPOS="826" WIDTH="57" HEIGHT="19" WC="0.96" CONTENT="inom"/><SP WIDTH="16" VPOS="826" HPOS="236"/>
							<String ID="string_231" HPOS="252" VPOS="824" WIDTH="49" HEIGHT="22" WC="0.93" CONTENT="dess"/><SP WIDTH="15" VPOS="824" HPOS="301"/>
							<String ID="string_232" HPOS="316" VPOS="825" WIDTH="86" HEIGHT="21" WC="0.96" CONTENT="område"/><SP WIDTH="16" VPOS="825" HPOS="402"/>
							<String ID="string_233" HPOS="418" VPOS="825" WIDTH="66" HEIGHT="21" WC="0.96" CONTENT="finnes"/><SP WIDTH="16" VPOS="825" HPOS="484"/>
							<String ID="string_234" HPOS="500" VPOS="825" WIDTH="51" HEIGHT="22" WC="0.92" CONTENT="eller"/><SP WIDTH="14" VPOS="825" HPOS="551"/>
							<String ID="string_235" HPOS="565" VPOS="825" WIDTH="54" HEIGHT="21" WC="0.94" CONTENT="icke."/><SP WIDTH="29" VPOS="825" HPOS="619"/>
							<String ID="string_236" HPOS="648" VPOS="824" WIDTH="62" HEIGHT="21" WC="0.96" CONTENT="Hvar"/><SP WIDTH="15" VPOS="824" HPOS="710"/>
							<String ID="string_237" HPOS="725" VPOS="824" WIDTH="41" HEIGHT="22" WC="0.96" CONTENT="och"/><SP WIDTH="15" VPOS="824" HPOS="766"/>
							<String ID="string_238" HPOS="781" VPOS="832" WIDTH="26" HEIGHT="13" WC="0.96" CONTENT="en"/><SP WIDTH="11" VPOS="832" HPOS="807"/>
							<String ID="string_239" HPOS="818" VPOS="832" WIDTH="45" HEIGHT="13" WC="0.96" CONTENT="som"/>
						</TextLine>
						<TextLine ID="line_25" HPOS="42" VPOS="853" WIDTH="822" HEIGHT="28">
							<String ID="string_240" HPOS="42" VPOS="853" WIDTH="82" HEIGHT="22" WC="0.92" CONTENT="känner"/><SP WIDTH="17" VPOS="853" HPOS="124"/>
							<String ID="string_241" HPOS="141" VPOS="853" WIDTH="163" HEIGHT="22" WC="0.92" CONTENT="förhällandena"/><SP WIDTH="14" VPOS="853" HPOS="304"/>
							<String ID="string_242" HPOS="318" VPOS="853" WIDTH="29" HEIGHT="28" WC="0.93" CONTENT="pä"/><SP WIDTH="14" VPOS="853" HPOS="347"/>
							<String ID="string_243" HPOS="361" VPOS="853" WIDTH="154" HEIGHT="28" WC="0.93" CONTENT="landsbygden,"/><SP WIDTH="15" VPOS="853" HPOS="515"/>
							<String ID="string_244" HPOS="530" VPOS="853" WIDTH="37" HEIGHT="22" WC="0.93" CONTENT="der"/><SP WIDTH="15" VPOS="853" HPOS="567"/>
							<String ID="string_245" HPOS="582" VPOS="853" WIDTH="143" HEIGHT="28" WC="0.90" CONTENT="ölbryggerier"/><SP WIDTH="14" VPOS="853" HPOS="725"/>
							<String ID="string_246" HPOS="739" VPOS="853" WIDTH="74" HEIGHT="27" WC="0.96" CONTENT="finnas,"/><SP WIDTH="14" VPOS="853" HPOS="813"/>
							<String ID="string_247" HPOS="827" VPOS="855" WIDTH="37" HEIGHT="19" WC="0.96" CONTENT="vet"/>
						</TextLine>
						<TextLine ID="line_26" HPOS="42" VPOS="881" WIDTH="821" HEIGHT="30">
							<String ID="string_248" HPOS="42" VPOS="884" WIDTH="32" HEIGHT="19" WC="0.96" CONTENT="att"/><SP WIDTH="22" VPOS="884" HPOS="74"/>
							<String ID="string_249" HPOS="96" VPOS="882" WIDTH="63" HEIGHT="21" WC="0.93" CONTENT="dessa"/><SP WIDTH="22" VPOS="882" HPOS="159"/>
							<String ID="string_250" HPOS="181" VPOS="882" WIDTH="140" HEIGHT="28" WC="0.91" CONTENT="inrättningar"/><SP WIDTH="19" VPOS="882" HPOS="321"/>
							<String ID="string_251" HPOS="340" VPOS="881" WIDTH="164" HEIGHT="29" WC="0.92" CONTENT="mängenstädes"/><SP WIDTH="16" VPOS="881" HPOS="504"/>
							<String ID="string_252" HPOS="520" VPOS="881" WIDTH="68" HEIGHT="30" WC="0.93" CONTENT="spridt"/><SP WIDTH="15" VPOS="881" HPOS="588"/>
							<String ID="string_253" HPOS="603" VPOS="881" WIDTH="97" HEIGHT="28" WC="0.96" CONTENT="omkring"/><SP WIDTH="15" VPOS="881" HPOS="700"/>
							<String ID="string_254" HPOS="715" VPOS="883" WIDTH="33" HEIGHT="26" WC="0.93" CONTENT="sig"/><SP WIDTH="12" VPOS="883" HPOS="748"/>
							<String ID="string_255" HPOS="760" VPOS="881" WIDTH="103" HEIGHT="28" WC="0.93" CONTENT="drycken-"/>
						</TextLine>
						<TextLine ID="line_27" HPOS="43" VPOS="910" WIDTH="821" HEIGHT="29">
							<String ID="string_256" HPOS="43" VPOS="911" WIDTH="60" HEIGHT="28" WC="0.95" CONTENT="skap,"/><SP WIDTH="14" VPOS="911" HPOS="103"/>
							<String ID="string_257" HPOS="117" VPOS="911" WIDTH="7" HEIGHT="21" WC="0.96" CONTENT="i"/><SP WIDTH="16" VPOS="911" HPOS="124"/>
							<String ID="string_258" HPOS="140" VPOS="911" WIDTH="37" HEIGHT="21" WC="0.96" CONTENT="det"/><SP WIDTH="14" VPOS="911" HPOS="177"/>
							<String ID="string_259" HPOS="191" VPOS="911" WIDTH="27" HEIGHT="20" WC="0.93" CONTENT="de"/><SP WIDTH="16" VPOS="911" HPOS="218"/>
							<String ID="string_260" HPOS="234" VPOS="910" WIDTH="107" HEIGHT="22" WC="0.93" CONTENT="föranledt"/><SP WIDTH="15" VPOS="910" HPOS="341"/>
							<String ID="string_261" HPOS="356" VPOS="918" WIDTH="26" HEIGHT="13" WC="0.93" CONTENT="en"/><SP WIDTH="16" VPOS="918" HPOS="382"/>
							<String ID="string_262" HPOS="398" VPOS="911" WIDTH="96" HEIGHT="28" WC="0.86" CONTENT="omättlig"/><SP WIDTH="15" VPOS="911" HPOS="494"/>
							<String ID="string_263" HPOS="509" VPOS="911" WIDTH="170" HEIGHT="21" WC="0.93" CONTENT="ölkomsumtion."/><SP WIDTH="29" VPOS="911" HPOS="679"/>
							<String ID="string_264" HPOS="708" VPOS="910" WIDTH="44" HEIGHT="21" WC="0.96" CONTENT="Det"/><SP WIDTH="10" VPOS="910" HPOS="752"/>
							<String ID="string_265" HPOS="762" VPOS="910" WIDTH="38" HEIGHT="21" WC="0.96" CONTENT="har"/><SP WIDTH="10" VPOS="910" HPOS="800"/>
							<String ID="string_266" HPOS="810" VPOS="910" WIDTH="54" HEIGHT="21" WC="0.96" CONTENT="visst"/>
						</TextLine>
						<TextLine ID="line_28" HPOS="43" VPOS="938" WIDTH="822" HEIGHT="30">
							<String ID="string_267" HPOS="43" VPOS="939" WIDTH="92" HEIGHT="28" WC="0.91" CONTENT="pästätts"/><SP WIDTH="22" VPOS="939" HPOS="135"/>
							<String ID="string_268" HPOS="157" VPOS="940" WIDTH="23" HEIGHT="21" WC="0.93" CONTENT="af"/><SP WIDTH="21" VPOS="940" HPOS="180"/>
							<String ID="string_269" HPOS="201" VPOS="939" WIDTH="57" HEIGHT="22" WC="0.87" CONTENT="Frih."/><SP WIDTH="22" VPOS="939" HPOS="258"/>
							<String ID="string_270" HPOS="280" VPOS="947" WIDTH="43" HEIGHT="14" WC="0.96" CONTENT="von"/><SP WIDTH="23" VPOS="947" HPOS="323"/>
							<String ID="string_271" HPOS="346" VPOS="939" WIDTH="89" HEIGHT="22" WC="0.96" CONTENT="Alfthan"/><SP WIDTH="23" VPOS="939" HPOS="435"/>
							<String ID="string_272" HPOS="458" VPOS="942" WIDTH="31" HEIGHT="19" WC="0.93" CONTENT="att"/><SP WIDTH="22" VPOS="942" HPOS="489"/>
							<String ID="string_273" HPOS="511" VPOS="939" WIDTH="140" HEIGHT="29" WC="0.91" CONTENT="nykterheten"/><SP WIDTH="37" VPOS="939" HPOS="651"/>
							<String ID="string_274" HPOS="688" VPOS="938" WIDTH="13" HEIGHT="22" WC="0.96" CONTENT="pä"/><SP WIDTH="19" VPOS="938" HPOS="701"/>
							<String ID="string_275" HPOS="720" VPOS="946" WIDTH="74" HEIGHT="14" WC="0.96" CONTENT="senare"/><SP WIDTH="15" VPOS="946" HPOS="794"/>
							<String ID="string_276" HPOS="809" VPOS="938" WIDTH="56" HEIGHT="21" WC="0.96" CONTENT="tider"/>
						</TextLine>
						<TextLine ID="line_29" HPOS="43" VPOS="966" WIDTH="822" HEIGHT="31">
							<String ID="string_277" HPOS="43" VPOS="968" WIDTH="69" HEIGHT="21" WC="0.96" CONTENT="skulle"/><SP WIDTH="15" VPOS="968" HPOS="112"/>
							<String ID="string_278" HPOS="127" VPOS="968" WIDTH="39" HEIGHT="21" WC="0.96" CONTENT="hos"/><SP WIDTH="17" VPOS="968" HPOS="166"/>
							<String ID="string_279" HPOS="183" VPOS="975" WIDTH="34" HEIGHT="14" WC="0.96" CONTENT="oss"/><SP WIDTH="15" VPOS="975" HPOS="217"/>
							<String ID="string_280" HPOS="232" VPOS="969" WIDTH="56" HEIGHT="28" WC="0.96" CONTENT="gjort"/><SP WIDTH="14" VPOS="969" HPOS="288"/>
							<String ID="string_281" HPOS="302" VPOS="971" WIDTH="58" HEIGHT="18" WC="0.93" CONTENT="stora"/><SP WIDTH="15" VPOS="971" HPOS="360"/>
							<String ID="string_282" HPOS="375" VPOS="968" WIDTH="108" HEIGHT="29" WC="0.93" CONTENT="framsteg,"/><SP WIDTH="15" VPOS="968" HPOS="483"/>
							<String ID="string_283" HPOS="498" VPOS="976" WIDTH="48" HEIGHT="13" WC="0.96" CONTENT="men"/><SP WIDTH="15" VPOS="976" HPOS="546"/>
							<String ID="string_284" HPOS="561" VPOS="968" WIDTH="34" HEIGHT="21" WC="0.96" CONTENT="för"/><SP WIDTH="15" VPOS="968" HPOS="595"/>
							<String ID="string_285" HPOS="610" VPOS="968" WIDTH="43" HEIGHT="20" WC="0.96" CONTENT="min"/><SP WIDTH="31" VPOS="968" HPOS="653"/>
							<String ID="string_286" HPOS="684" VPOS="968" WIDTH="20" HEIGHT="21" WC="0.93" CONTENT="del"/><SP WIDTH="14" VPOS="968" HPOS="704"/>
							<String ID="string_287" HPOS="718" VPOS="971" WIDTH="45" HEIGHT="18" WC="0.93" CONTENT="tror"/><SP WIDTH="13" VPOS="971" HPOS="763"/>
							<String ID="string_288" HPOS="776" VPOS="968" WIDTH="37" HEIGHT="27" WC="0.96" CONTENT="jag"/><SP WIDTH="15" VPOS="968" HPOS="813"/>
							<String ID="string_289" HPOS="828" VPOS="966" WIDTH="37" HEIGHT="22" WC="0.96" CONTENT="det"/>
						</TextLine>
						<TextLine ID="line_30" HPOS="43" VPOS="995" WIDTH="822" HEIGHT="30">
							<String ID="string_290" HPOS="43" VPOS="1005" WIDTH="52" HEIGHT="14" WC="0.91" CONTENT="vara"/><SP WIDTH="20" VPOS="1005" HPOS="95"/>
							<String ID="string_291" HPOS="115" VPOS="997" WIDTH="102" HEIGHT="28" WC="0.91" CONTENT="temligen"/><SP WIDTH="15" VPOS="997" HPOS="217"/>
							<String ID="string_292" HPOS="232" VPOS="997" WIDTH="72" HEIGHT="22" WC="0.95" CONTENT="säkert"/><SP WIDTH="14" VPOS="997" HPOS="304"/>
							<String ID="string_293" HPOS="318" VPOS="999" WIDTH="32" HEIGHT="19" WC="0.93" CONTENT="att"/><SP WIDTH="14" VPOS="999" HPOS="350"/>
							<String ID="string_294" HPOS="364" VPOS="997" WIDTH="128" HEIGHT="22" WC="0.96" CONTENT="åtminstone"/><SP WIDTH="15" VPOS="997" HPOS="492"/>
							<String ID="string_295" HPOS="507" VPOS="996" WIDTH="128" HEIGHT="22" WC="0.96" CONTENT="missbruket"/><SP WIDTH="15" VPOS="996" HPOS="635"/>
							<String ID="string_296" HPOS="650" VPOS="996" WIDTH="23" HEIGHT="21" WC="0.93" CONTENT="af"/><SP WIDTH="14" VPOS="996" HPOS="673"/>
							<String ID="string_297" HPOS="687" VPOS="997" WIDTH="21" HEIGHT="20" WC="0.93" CONTENT="öl"/><SP WIDTH="15" VPOS="997" HPOS="708"/>
							<String ID="string_298" HPOS="723" VPOS="996" WIDTH="87" HEIGHT="27" WC="0.90" CONTENT="tilltagit"/><SP WIDTH="14" VPOS="996" HPOS="810"/>
							<String ID="string_299" HPOS="824" VPOS="995" WIDTH="41" HEIGHT="22" WC="0.96" CONTENT="och"/>
						</TextLine>
						<TextLine ID="line_31" HPOS="42" VPOS="1023" WIDTH="823" HEIGHT="32">
							<String ID="string_300" HPOS="42" VPOS="1025" WIDTH="39" HEIGHT="22" WC="0.90" CONTENT="det"/><SP WIDTH="19" VPOS="1025" HPOS="81"/>
							<String ID="string_301" HPOS="100" VPOS="1026" WIDTH="102" HEIGHT="21" WC="0.96" CONTENT="särskildt"/><SP WIDTH="14" VPOS="1026" HPOS="202"/>
							<String ID="string_302" HPOS="216" VPOS="1026" WIDTH="28" HEIGHT="29" WC="0.97" CONTENT="pä"/><SP WIDTH="15" VPOS="1026" HPOS="244"/>
							<String ID="string_303" HPOS="259" VPOS="1026" WIDTH="27" HEIGHT="21" WC="0.93" CONTENT="de"/><SP WIDTH="15" VPOS="1026" HPOS="286"/>
							<String ID="string_304" HPOS="301" VPOS="1025" WIDTH="125" HEIGHT="27" WC="0.83" CONTENT="Jandsorter,"/><SP WIDTH="15" VPOS="1025" HPOS="426"/>
							<String ID="string_305" HPOS="441" VPOS="1026" WIDTH="37" HEIGHT="21" WC="0.93" CONTENT="der"/><SP WIDTH="16" VPOS="1026" HPOS="478"/>
							<String ID="string_306" HPOS="494" VPOS="1026" WIDTH="144" HEIGHT="28" WC="0.92" CONTENT="ölbryggerier"/><SP WIDTH="14" VPOS="1026" HPOS="638"/>
							<String ID="string_307" HPOS="652" VPOS="1027" WIDTH="36" HEIGHT="19" WC="0.97" CONTENT="äro"/><SP WIDTH="16" VPOS="1027" HPOS="688"/>
							<String ID="string_308" HPOS="704" VPOS="1025" WIDTH="96" HEIGHT="27" WC="0.95" CONTENT="belägna."/><SP WIDTH="30" VPOS="1025" HPOS="800"/>
							<String ID="string_309" HPOS="830" VPOS="1023" WIDTH="35" HEIGHT="22" WC="0.95" CONTENT="Då"/>
						</TextLine>
						<TextLine ID="line_32" HPOS="42" VPOS="1053" WIDTH="822" HEIGHT="30">
							<String ID="string_310" HPOS="42" VPOS="1054" WIDTH="39" HEIGHT="22" WC="0.80" CONTENT="det"/><SP WIDTH="14" VPOS="1054" HPOS="81"/>
							<String ID="string_311" HPOS="95" VPOS="1054" WIDTH="63" HEIGHT="22" WC="0.96" CONTENT="alltså"/><SP WIDTH="10" VPOS="1054" HPOS="158"/>
							<String ID="string_312" HPOS="168" VPOS="1055" WIDTH="68" HEIGHT="28" WC="0.95" CONTENT="ligger"/><SP WIDTH="14" VPOS="1055" HPOS="236"/>
							<String ID="string_313" HPOS="250" VPOS="1055" WIDTH="1" HEIGHT="21" WC="0.96" CONTENT="i"/><SP WIDTH="12" VPOS="1055" HPOS="251"/>
							<String ID="string_314" HPOS="263" VPOS="1055" WIDTH="163" HEIGHT="20" WC="0.96" CONTENT="kommunernas"/><SP WIDTH="12" VPOS="1055" HPOS="426"/>
							<String ID="string_315" HPOS="438" VPOS="1055" WIDTH="90" HEIGHT="21" WC="0.96" CONTENT="intresse"/><SP WIDTH="10" VPOS="1055" HPOS="528"/>
							<String ID="string_316" HPOS="538" VPOS="1057" WIDTH="31" HEIGHT="18" WC="0.93" CONTENT="att"/><SP WIDTH="10" VPOS="1057" HPOS="569"/>
							<String ID="string_317" HPOS="579" VPOS="1053" WIDTH="73" HEIGHT="29" WC="0.96" CONTENT="dylika"/><SP WIDTH="7" VPOS="1053" HPOS="652"/>
							<String ID="string_318" HPOS="659" VPOS="1054" WIDTH="141" HEIGHT="27" WC="0.96" CONTENT="inrättningar"/><SP WIDTH="6" VPOS="1054" HPOS="800"/>
							<String ID="string_319" HPOS="806" VPOS="1053" WIDTH="58" HEIGHT="20" WC="0.96" CONTENT="inom"/>
						</TextLine>
						<TextLine ID="line_33" HPOS="43" VPOS="1081" WIDTH="821" HEIGHT="30">
							<String ID="string_320" HPOS="43" VPOS="1083" WIDTH="62" HEIGHT="22" WC="0.92" CONTENT="deras"/><SP WIDTH="23" VPOS="1083" HPOS="105"/>
							<String ID="string_321" HPOS="128" VPOS="1083" WIDTH="86" HEIGHT="22" WC="0.96" CONTENT="område"/><SP WIDTH="23" VPOS="1083" HPOS="214"/>
							<String ID="string_322" HPOS="237" VPOS="1083" WIDTH="48" HEIGHT="22" WC="0.96" CONTENT="icke"/><SP WIDTH="15" VPOS="1083" HPOS="285"/>
							<String ID="string_323" HPOS="300" VPOS="1083" WIDTH="24" HEIGHT="21" WC="0.96" CONTENT="få"/><SP WIDTH="14" VPOS="1083" HPOS="324"/>
							<String ID="string_324" HPOS="338" VPOS="1083" WIDTH="107" HEIGHT="28" WC="0.96" CONTENT="anläggas,"/><SP WIDTH="15" VPOS="1083" HPOS="445"/>
							<String ID="string_325" HPOS="460" VPOS="1083" WIDTH="38" HEIGHT="22" WC="0.93" CONTENT="der"/><SP WIDTH="15" VPOS="1083" HPOS="498"/>
							<String ID="string_326" HPOS="513" VPOS="1083" WIDTH="114" HEIGHT="28" WC="0.95" CONTENT="anledning"/><SP WIDTH="15" VPOS="1083" HPOS="627"/>
							<String ID="string_327" HPOS="642" VPOS="1084" WIDTH="23" HEIGHT="19" WC="0.96" CONTENT="är"/><SP WIDTH="15" VPOS="1084" HPOS="665"/>
							<String ID="string_328" HPOS="680" VPOS="1085" WIDTH="31" HEIGHT="18" WC="0.96" CONTENT="att"/><SP WIDTH="15" VPOS="1085" HPOS="711"/>
							<String ID="string_329" HPOS="726" VPOS="1082" WIDTH="23" HEIGHT="21" WC="0.96" CONTENT="af"/><SP WIDTH="15" VPOS="1082" HPOS="749"/>
							<String ID="string_330" HPOS="764" VPOS="1081" WIDTH="48" HEIGHT="22" WC="0.93" CONTENT="dem"/><SP WIDTH="15" VPOS="1081" HPOS="812"/>
							<String ID="string_331" HPOS="827" VPOS="1081" WIDTH="37" HEIGHT="21" WC="0.90" CONTENT="be-"/>
						</TextLine>
						<TextLine ID="line_34" HPOS="42" VPOS="1110" WIDTH="823" HEIGHT="30">
							<String ID="string_332" HPOS="42" VPOS="1112" WIDTH="49" HEIGHT="21" WC="0.91" CONTENT="fara"/><SP WIDTH="20" VPOS="1112" HPOS="91"/>
							<String ID="string_333" HPOS="111" VPOS="1120" WIDTH="26" HEIGHT="13" WC="0.93" CONTENT="en"/><SP WIDTH="24" VPOS="1120" HPOS="137"/>
							<String ID="string_334" HPOS="161" VPOS="1113" WIDTH="83" HEIGHT="27" WC="0.90" CONTENT="skadlig"/><SP WIDTH="22" VPOS="1113" HPOS="244"/>
							<String ID="string_335" HPOS="266" VPOS="1112" WIDTH="86" HEIGHT="26" WC="0.93" CONTENT="verkan,"/><SP WIDTH="19" VPOS="1112" HPOS="352"/>
							<String ID="string_336" HPOS="371" VPOS="1112" WIDTH="25" HEIGHT="20" WC="0.96" CONTENT="sä"/><SP WIDTH="14" VPOS="1112" HPOS="396"/>
							<String ID="string_337" HPOS="410" VPOS="1120" WIDTH="62" HEIGHT="13" WC="0.96" CONTENT="anser"/><SP WIDTH="14" VPOS="1120" HPOS="472"/>
							<String ID="string_338" HPOS="486" VPOS="1113" WIDTH="35" HEIGHT="27" WC="0.96" CONTENT="jag"/><SP WIDTH="14" VPOS="1113" HPOS="521"/>
							<String ID="string_339" HPOS="535" VPOS="1112" WIDTH="41" HEIGHT="21" WC="0.93" CONTENT="den"/><SP WIDTH="15" VPOS="1112" HPOS="576"/>
							<String ID="string_340" HPOS="591" VPOS="1111" WIDTH="101" HEIGHT="29" WC="0.92" CONTENT="rättighet"/><SP WIDTH="14" VPOS="1111" HPOS="692"/>
							<String ID="string_341" HPOS="706" VPOS="1119" WIDTH="49" HEIGHT="13" WC="0.96" CONTENT="man"/><SP WIDTH="15" VPOS="1119" HPOS="755"/>
							<String ID="string_342" HPOS="770" VPOS="1110" WIDTH="38" HEIGHT="22" WC="0.93" CONTENT="vill"/><SP WIDTH="14" VPOS="1110" HPOS="808"/>
							<String ID="string_343" HPOS="822" VPOS="1110" WIDTH="43" HEIGHT="21" WC="0.92" CONTENT="till-"/>
						</TextLine>
						<TextLine ID="line_35" HPOS="42" VPOS="1139" WIDTH="822" HEIGHT="29">
							<String ID="string_344" HPOS="42" VPOS="1140" WIDTH="50" HEIGHT="22" WC="0.92" CONTENT="dela"/><SP WIDTH="21" VPOS="1140" HPOS="92"/>
							<String ID="string_345" HPOS="113" VPOS="1141" WIDTH="153" HEIGHT="21" WC="0.96" CONTENT="kommunerna"/><SP WIDTH="22" VPOS="1141" HPOS="266"/>
							<String ID="string_346" HPOS="288" VPOS="1148" WIDTH="51" HEIGHT="14" WC="0.93" CONTENT="vara"/><SP WIDTH="23" VPOS="1148" HPOS="339"/>
							<String ID="string_347" HPOS="362" VPOS="1140" WIDTH="130" HEIGHT="28" WC="0.92" CONTENT="fullkomligt"/><SP WIDTH="21" VPOS="1140" HPOS="492"/>
							<String ID="string_348" HPOS="513" VPOS="1139" WIDTH="129" HEIGHT="27" WC="0.93" CONTENT="motiverad;"/><SP WIDTH="22" VPOS="1139" HPOS="642"/>
							<String ID="string_349" HPOS="664" VPOS="1140" WIDTH="41" HEIGHT="21" WC="0.96" CONTENT="och"/><SP WIDTH="22" VPOS="1140" HPOS="705"/>
							<String ID="string_350" HPOS="727" VPOS="1139" WIDTH="38" HEIGHT="22" WC="0.96" CONTENT="vill"/><SP WIDTH="21" VPOS="1139" HPOS="765"/>
							<String ID="string_351" HPOS="786" VPOS="1139" WIDTH="35" HEIGHT="27" WC="0.96" CONTENT="jag"/><SP WIDTH="15" VPOS="1139" HPOS="821"/>
							<String ID="string_352" HPOS="836" VPOS="1146" WIDTH="28" HEIGHT="14" WC="0.96" CONTENT="nu"/>
						</TextLine>
						<TextLine ID="line_36" HPOS="43" VPOS="1167" WIDTH="821" HEIGHT="30">
							<String ID="string_353" HPOS="43" VPOS="1169" WIDTH="57" HEIGHT="21" WC="0.90" CONTENT="blott"/><SP WIDTH="13" VPOS="1169" HPOS="100"/>
							<String ID="string_354" HPOS="113" VPOS="1170" WIDTH="116" HEIGHT="20" WC="0.92" CONTENT="inskränka"/><SP WIDTH="14" VPOS="1170" HPOS="229"/>
							<String ID="string_355" HPOS="243" VPOS="1170" WIDTH="43" HEIGHT="27" WC="0.97" CONTENT="mig"/><SP WIDTH="14" VPOS="1170" HPOS="286"/>
							<String ID="string_356" HPOS="300" VPOS="1169" WIDTH="33" HEIGHT="20" WC="0.96" CONTENT="till"/><SP WIDTH="15" VPOS="1169" HPOS="333"/>
							<String ID="string_357" HPOS="348" VPOS="1171" WIDTH="31" HEIGHT="18" WC="0.96" CONTENT="att"/><SP WIDTH="15" VPOS="1171" HPOS="379"/>
							<String ID="string_358" HPOS="394" VPOS="1170" WIDTH="5" HEIGHT="20" WC="0.93" CONTENT="i"/><SP WIDTH="17" VPOS="1170" HPOS="399"/>
							<String ID="string_359" HPOS="416" VPOS="1169" WIDTH="122" HEIGHT="22" WC="0.92" CONTENT="hufvudsak"/><SP WIDTH="15" VPOS="1169" HPOS="538"/>
							<String ID="string_360" HPOS="553" VPOS="1169" WIDTH="76" HEIGHT="20" WC="0.92" CONTENT="förena"/><SP WIDTH="13" VPOS="1169" HPOS="629"/>
							<String ID="string_361" HPOS="642" VPOS="1169" WIDTH="44" HEIGHT="26" WC="0.96" CONTENT="mig"/><SP WIDTH="10" VPOS="1169" HPOS="686"/>
							<String ID="string_362" HPOS="696" VPOS="1175" WIDTH="34" HEIGHT="14" WC="0.93" CONTENT="om"/><SP WIDTH="10" VPOS="1175" HPOS="730"/>
							<String ID="string_363" HPOS="740" VPOS="1167" WIDTH="124" HEIGHT="22" WC="0.92" CONTENT="Utskottets"/>
						</TextLine>
						<TextLine ID="line_37" HPOS="44" VPOS="1195" WIDTH="821" HEIGHT="31">
							<String ID="string_364" HPOS="44" VPOS="1197" WIDTH="135" HEIGHT="22" WC="0.92" CONTENT="betänkande"/><SP WIDTH="16" VPOS="1197" HPOS="179"/>
							<String ID="string_365" HPOS="195" VPOS="1197" WIDTH="41" HEIGHT="22" WC="0.93" CONTENT="och"/><SP WIDTH="12" VPOS="1197" HPOS="236"/>
							<String ID="string_366" HPOS="248" VPOS="1197" WIDTH="54" HEIGHT="29" WC="0.89" CONTENT="yrka"/><SP WIDTH="15" VPOS="1197" HPOS="302"/>
							<String ID="string_367" HPOS="317" VPOS="1199" WIDTH="32" HEIGHT="20" WC="0.93" CONTENT="att"/><SP WIDTH="15" VPOS="1199" HPOS="349"/>
							<String ID="string_368" HPOS="364" VPOS="1197" WIDTH="90" HEIGHT="22" WC="0.93" CONTENT="Ständet"/><SP WIDTH="14" VPOS="1197" HPOS="454"/>
							<String ID="string_369" HPOS="468" VPOS="1197" WIDTH="65" HEIGHT="22" WC="0.93" CONTENT="mätte"/><SP WIDTH="16" VPOS="1197" HPOS="533"/>
							<String ID="string_370" HPOS="549" VPOS="1196" WIDTH="90" HEIGHT="29" WC="0.92" CONTENT="öfvergä"/><SP WIDTH="13" VPOS="1196" HPOS="639"/>
							<String ID="string_371" HPOS="652" VPOS="1197" WIDTH="32" HEIGHT="20" WC="0.93" CONTENT="till"/><SP WIDTH="13" VPOS="1197" HPOS="684"/>
							<String ID="string_372" HPOS="697" VPOS="1195" WIDTH="168" HEIGHT="30" WC="0.91" CONTENT="specialgransk-"/>
						</TextLine>
						<TextLine ID="line_38" HPOS="43" VPOS="1226" WIDTH="226" HEIGHT="28">
							<String ID="string_373" HPOS="43" VPOS="1227" WIDTH="52" HEIGHT="27" WC="0.96" CONTENT="ning"/><SP WIDTH="15" VPOS="1227" HPOS="95"/>
							<String ID="string_374" HPOS="110" VPOS="1226" WIDTH="23" HEIGHT="21" WC="0.93" CONTENT="af"/><SP WIDTH="14" VPOS="1226" HPOS="133"/>
							<String ID="string_375" HPOS="147" VPOS="1227" WIDTH="122" HEIGHT="21" WC="0.92" CONTENT="detsamma."/>
						</TextLine>
					</TextBlock>
				</ComposedBlock>
				<ComposedBlock ID="cblock_3" HPOS="308" VPOS="1312" WIDTH="297" HEIGHT="27">
					<TextBlock ID="block_4" HPOS="308" VPOS="1312" WIDTH="297" HEIGHT="27">
						<TextLine ID="line_39" HPOS="308" VPOS="1312" WIDTH="297" HEIGHT="27">
							<String ID="string_376" HPOS="308" VPOS="1312" WIDTH="285" HEIGHT="27" WC="0.91" CONTENT="Omröstningsproposition"/><SP WIDTH="7" VPOS="1312" HPOS="593"/>
							<String ID="string_377" HPOS="600" VPOS="1319" WIDTH="5" HEIGHT="12" WC="0.91" CONTENT=":"/>
						</TextLine>
					</TextBlock>
				</ComposedBlock>
				<ComposedBlock ID="cblock_4" HPOS="45" VPOS="1365" WIDTH="820" HEIGHT="60">
					<TextBlock ID="block_5" HPOS="45" VPOS="1365" WIDTH="820" HEIGHT="60">
						<TextLine ID="line_40" HPOS="113" VPOS="1365" WIDTH="752" HEIGHT="31">
							<String ID="string_378" HPOS="113" VPOS="1369" WIDTH="55" HEIGHT="26" WC="0.96" CONTENT="Den,"/><SP WIDTH="22" VPOS="1369" HPOS="168"/>
							<String ID="string_379" HPOS="190" VPOS="1375" WIDTH="46" HEIGHT="15" WC="0.96" CONTENT="som"/><SP WIDTH="21" VPOS="1375" HPOS="236"/>
							<String ID="string_380" HPOS="257" VPOS="1367" WIDTH="39" HEIGHT="23" WC="0.93" CONTENT="vill"/><SP WIDTH="19" VPOS="1367" HPOS="296"/>
							<String ID="string_381" HPOS="315" VPOS="1367" WIDTH="51" HEIGHT="29" WC="0.96" CONTENT="ingå"/><SP WIDTH="14" VPOS="1367" HPOS="366"/>
							<String ID="string_382" HPOS="380" VPOS="1368" WIDTH="8" HEIGHT="21" WC="0.93" CONTENT="i"/><SP WIDTH="14" VPOS="1368" HPOS="388"/>
							<String ID="string_383" HPOS="402" VPOS="1366" WIDTH="199" HEIGHT="30" WC="0.30" CONTENT="detaljeranskning"/><SP WIDTH="15" VPOS="1366" HPOS="601"/>
							<String ID="string_384" HPOS="616" VPOS="1366" WIDTH="23" HEIGHT="21" WC="0.93" CONTENT="af"/><SP WIDTH="13" VPOS="1366" HPOS="639"/>
							<String ID="string_385" HPOS="652" VPOS="1365" WIDTH="124" HEIGHT="23" WC="0.93" CONTENT="Utskottets"/><SP WIDTH="15" VPOS="1365" HPOS="776"/>
							<String ID="string_386" HPOS="791" VPOS="1365" WIDTH="74" HEIGHT="22" WC="0.93" CONTENT="betän-"/>
						</TextLine>
						<TextLine ID="line_41" HPOS="45" VPOS="1397" WIDTH="204" HEIGHT="28">
							<String ID="string_387" HPOS="45" VPOS="1397" WIDTH="77" HEIGHT="27" WC="0.93" CONTENT="kande,"/><SP WIDTH="14" VPOS="1397" HPOS="122"/>
							<String ID="string_388" HPOS="136" VPOS="1399" WIDTH="70" HEIGHT="19" WC="0.93" CONTENT="röstar"/><SP WIDTH="13" VPOS="1399" HPOS="206"/>
							<String ID="string_389" HPOS="219" VPOS="1397" WIDTH="30" HEIGHT="28" WC="0.96" CONTENT="ja;"/>
						</TextLine>
					</TextBlock>
				</ComposedBlock>
				<ComposedBlock ID="cblock_5" HPOS="45" VPOS="1452" WIDTH="822" HEIGHT="58">
					<TextBlock ID="block_6" HPOS="45" VPOS="1452" WIDTH="822" HEIGHT="58">
						<TextLine ID="line_42" HPOS="115" VPOS="1452" WIDTH="752" HEIGHT="31">
							<String ID="string_390" HPOS="115" VPOS="1456" WIDTH="76" HEIGHT="22" WC="0.93" CONTENT="vinner"/><SP WIDTH="21" VPOS="1456" HPOS="191"/>
							<String ID="string_391" HPOS="212" VPOS="1455" WIDTH="41" HEIGHT="28" WC="0.96" CONTENT="nej,"/><SP WIDTH="21" VPOS="1455" HPOS="253"/>
							<String ID="string_392" HPOS="274" VPOS="1454" WIDTH="102" HEIGHT="22" WC="0.96" CONTENT="omfattar"/><SP WIDTH="20" VPOS="1454" HPOS="376"/>
							<String ID="string_393" HPOS="396" VPOS="1454" WIDTH="25" HEIGHT="21" WC="0.96" CONTENT="R."/><SP WIDTH="22" VPOS="1454" HPOS="421"/>
							<String ID="string_394" HPOS="443" VPOS="1461" WIDTH="18" HEIGHT="14" WC="0.95" CONTENT="o."/><SP WIDTH="19" VPOS="1461" HPOS="461"/>
							<String ID="string_395" HPOS="480" VPOS="1453" WIDTH="27" HEIGHT="21" WC="0.95" CONTENT="A."/><SP WIDTH="14" VPOS="1453" HPOS="507"/>
							<String ID="string_396" HPOS="521" VPOS="1452" WIDTH="35" HEIGHT="22" WC="0.93" CONTENT="Hr"/><SP WIDTH="15" VPOS="1452" HPOS="556"/>
							<String ID="string_397" HPOS="571" VPOS="1452" WIDTH="84" HEIGHT="22" WC="0.91" CONTENT="Antells"/><SP WIDTH="15" VPOS="1452" HPOS="655"/>
							<String ID="string_398" HPOS="670" VPOS="1452" WIDTH="82" HEIGHT="28" WC="0.96" CONTENT="förslag"/><SP WIDTH="15" VPOS="1452" HPOS="752"/>
							<String ID="string_399" HPOS="767" VPOS="1454" WIDTH="31" HEIGHT="19" WC="0.93" CONTENT="att"/><SP WIDTH="14" VPOS="1454" HPOS="798"/>
							<String ID="string_400" HPOS="812" VPOS="1452" WIDTH="55" HEIGHT="28" WC="0.93" CONTENT="peti-"/>
						</TextLine>
						<TextLine ID="line_43" HPOS="45" VPOS="1480" WIDTH="655" HEIGHT="30">
							<String ID="string_401" HPOS="45" VPOS="1484" WIDTH="191" HEIGHT="22" WC="0.92" CONTENT="tionsmemorialet"/><SP WIDTH="14" VPOS="1484" HPOS="236"/>
							<String ID="string_402" HPOS="250" VPOS="1483" WIDTH="48" HEIGHT="22" WC="0.93" CONTENT="icke"/><SP WIDTH="14" VPOS="1483" HPOS="298"/>
							<String ID="string_403" HPOS="312" VPOS="1483" WIDTH="36" HEIGHT="22" WC="0.96" CONTENT="mä"/><SP WIDTH="14" VPOS="1483" HPOS="348"/>
							<String ID="string_404" HPOS="362" VPOS="1483" WIDTH="33" HEIGHT="21" WC="0.93" CONTENT="till"/><SP WIDTH="15" VPOS="1483" HPOS="395"/>
							<String ID="string_405" HPOS="410" VPOS="1482" WIDTH="70" HEIGHT="28" WC="0.93" CONTENT="nägon"/><SP WIDTH="15" VPOS="1482" HPOS="480"/>
							<String ID="string_406" HPOS="495" VPOS="1481" WIDTH="75" HEIGHT="29" WC="0.92" CONTENT="ätgärd"/><SP WIDTH="15" VPOS="1481" HPOS="570"/>
							<String ID="string_407" HPOS="585" VPOS="1480" WIDTH="115" HEIGHT="23" WC="0.91" CONTENT="föranleda."/>
						</TextLine>
					</TextBlock>
				</ComposedBlock>
			</PrintSpace>
		</Page>
	</Layout>
</alto>
