1081 1686
375 114 62 17 Stora
449 115 151 21 deputationen.
844 113 26 21 17

73 182 70 21 skulle
158 181 47 29 gått
219 185 24 18 ut
257 183 28 28 på
300 186 66 18 annat
381 185 26 19 än
423 183 98 28 orubblig
535 183 70 22 trohet
621 187 45 18 mot
681 184 93 28 monark,
789 184 56 21 riket
856 184 41 21 och

77 211 105 21 besvuren
198 211 113 28 grundlag!

143 239 104 21 Finlands
267 240 26 21 R.
308 247 19 14 o.
342 240 33 26 A.,
390 239 59 22 detta
464 240 161 22 aristokratiska
640 239 62 22 stånd
717 240 48 21 med
786 240 112 22 demokra-

73 267 58 21 tiska
152 267 114 27 tänkesätt,
281 276 46 13 som
343 271 37 18 vet
395 270 47 19 med
457 269 33 27 sig
505 269 59 27 sjelft
578 271 32 19 att
623 268 111 28 härvidlag
749 268 69 28 aldrig
832 269 66 21 hafva

73 296 55 20 felat
143 296 41 21 och
198 303 46 14 som
259 296 67 28 vägar
340 298 39 24 tro,
395 299 31 18 att
441 296 49 22 dess
505 297 72 27 inlägg
591 298 8 20 i
611 296 185 22 fäderneslandets
808 297 90 20 utveck-

55 345 2 2 .
73 324 146 28 lingshistoria
234 332 28 14 nu
277 324 77 22 liksom
369 324 61 22 alltid
445 325 54 21 skall
511 324 66 22 hafva
587 325 33 21 sin
631 324 54 28 plats
696 324 40 22 och
745 325 34 21 sin
787 324 110 29 betydelse

73 353 8 20 i
96 352 84 22 arbetet
194 352 35 22 för
243 352 151 22 fosterlandets
410 353 44 27 väl;
469 354 27 21 R.
511 360 18 15 o.
545 354 26 21 A.
586 355 24 19 är
623 353 107 21 förvissad
742 361 34 13 om
789 352 109 22 att
829 348 11 37 i
850 352 48 22 våra

72 388 30 14 nu
118 381 142 29 begynnande
275 382 87 21 arbeten
378 381 39 22 hos
432 382 84 21 landets
531 381 141 22 Hedervärda
687 381 141 22 Bondeständ
839 382 58 21 finna

71 417 95 20 gensvar
186 410 40 22 och
249 410 133 28 samverkan,
403 412 24 26 ty
449 410 37 22 det
500 412 24 20 är
537 410 53 29 godt
605 412 31 20 att
650 410 73 22 arbeta
737 417 95 15 samman
847 410 49 22 med

73 440 32 19 ett
126 438 70 28 ständ,
215 439 38 21 der
267 440 52 28 lugn
334 438 115 30 besinning
464 440 40 21 och
520 439 64 22 sundt
599 438 97 23 omdöme
711 440 8 20 i
733 439 99 28 förening
846 439 50 22 med

72 466 52 30 djup
140 467 153 22 frihetskänsla
308 469 37 20 äro
360 467 67 22 borna
442 467 215 29 odalmannadygder.

142 495 59 23 Fullt
215 496 108 22 förvissad
338 496 73 22 härom
427 496 94 22 anhåller
535 496 104 22 Finlands
654 497 26 21 R.
695 504 18 14 o.
729 497 26 21 A.
770 504 77 20 genom
860 504 36 14 oss

72 525 48 21 sina
144 524 137 30 deputerade,
304 528 32 19 att
357 524 24 23 få
401 533 51 14 vara
472 526 120 21 innesluten
614 526 8 21 i
637 525 64 27 Eder,
717 524 178 30 Välförståndige

71 553 109 27 Talmans,
200 555 41 21 och
256 555 37 21 det
308 553 143 23 Hedervärda
465 554 172 22 Bondeständets
652 555 87 27 välvilja
754 554 41 22 och
811 555 85 27 vänliga

71 581 120 29 hågkomst.

366 743 65 24 Stora
445 743 154 29 deputationen.

140 813 12 21 I
176 812 41 22 den
240 812 131 30 deputation,
392 820 46 15 som
460 813 81 22 jemlikt
558 812 160 23 ofvannämnda
732 814 27 21 25
775 813 13 29 8
804 814 7 20 i
826 813 26 21 L.
867 812 27 22 O.

71 842 69 21 under
162 842 117 21 anförande
302 842 23 21 af
346 842 35 21 Hr
402 842 207 21 Landtmarskalken
632 842 41 21 och
693 842 132 21 Talmännen
840 841 55 28 egde

72 871 39 21 hos
134 871 62 21 Hans
211 871 115 22 Excellens
341 874 16 19 t.
374 870 15 22 f.
405 870 234 29 Generalguvernören,
654 877 46 14 som
715 870 62 22 Hans
792 870 103 29 Majestät

71 899 252 29 Kejsaren-Storfursten
338 900 7 21 i
360 899 68 22 näder
443 899 115 22 ombetrott
573 902 32 19 att
619 901 72 27 öppna
705 899 137 26 landtdagen,
857 906 38 14 an-

72 928 57 21 hålla
151 935 34 14 om
208 928 160 21 bestämmande
383 928 22 21 af
420 928 59 21 tiden
495 929 34 20 för
544 927 141 29 landtdagens
700 929 121 27 öppnande,
835 927 59 22 utsä-

71 964 40 21 gos
127 956 27 29 pä
169 956 34 22 Hr
218 956 326 29 Landtmarskalkens
446 952 81 37 förslag
535 952 13 37 :

142 1013 83 22 Grefve
251 1013 231 28 Mannerheim,
505 1014 71 21 Frihh.
592 1013 229 26 Cedercreutz,
842 1020 55 14 von

72 1043 160 28 Knorring,
261 1042 24 22 C.
315 1042 26 22 E.
369 1042 114 28 Wrede,
512 1041 242 30 Standertskjöld
780 1041 42 22 och
844 1049 54 14 von

72 1071 192 28 Willebrand,
288 1074 55 19 samt
369 1071 44 22 Hr
439 1072 27 21 A.
494 1079 55 14 von
575 1071 105 22 Collan
701 1071 76 28 junior,
799 1069 99 30 Späre,

72 1100 132 28 Ramsay,
222 1101 27 21 N.
268 1101 26 21 B.
314 1099 181 28 Grotenfelt,
513 1101 27 21 G.
555 1100 26 21 R.
596 1099 176 27 Ehrnrooth,
795 1099 104 22 Schau-

72 1136 70 20 man,
164 1129 26 21 A.
213 1129 25 21 L.
260 1136 55 14 von
336 1128 158 28 Knorring,
516 1128 28 22 K.
569 1128 26 22 R.
622 1135 55 15 von
698 1128 147 26 Kraemer,
874 1127 24 21 C.

73 1158 22 21 8.
118 1157 195 28 Segersträle,
333 1156 99 28 Falck,
451 1156 214 28 Wallensköld,
685 1155 214 27 Björkenheim,

73 1185 25 22 C.
117 1186 26 21 A.
158 1186 25 21 B.
198 1186 30 21 af
242 1185 160 27 Forselles,
416 1185 29 22 U.
459 1186 25 21 L.
500 1185 149 28 Lindelöf,
664 1185 24 21 P.
735 1201 5 5 K.
755 1184 21 22 S.
791 1184 108 26 Antell,

73 1222 55 14 von
149 1214 167 27 Frenckell,
340 1213 122 23 Wahren
486 1215 41 21 och
551 1221 53 15 von
620 1213 139 23 Winther.
