1073 1689
226 104 42 21 478
472 109 24 18 R.
509 113 17 13 o.
539 109 22 18 A.
573 109 56 18 1897.
649 108 28 17 30
688 108 62 17 Mars.

200 176 197 23 ständeruttalande
411 178 8 20 i
434 177 82 28 frågan.
546 177 80 21 Likaså
640 177 62 21 torde
717 177 38 21 det
769 177 99 21 förefalla
884 177 66 28 något
961 176 60 21 svårt

200 205 35 21 för
249 205 171 28 Statsutskottet,
435 205 86 22 hvartill
536 205 223 22 Petitionsutskottets
771 205 107 28 pluralitet
888 204 90 22 föreslår
989 207 32 18 att

200 233 75 28 frågan
297 235 7 20 i
327 234 82 28 hänsyn
431 234 34 21 till
488 235 32 20 sin
543 234 139 21 ekonomiska
696 236 63 19 natur
774 233 54 22 skall
843 233 131 26 hänskjutas,
989 235 31 19 att

200 262 94 21 beräkna
309 262 27 21 de
352 262 121 27 kostnader,
482 270 46 14 som
543 262 219 22 subventionerandet
772 262 23 21 af
804 261 50 22 flere
864 237 159 56 vårdanstalter

201 291 68 21 skulle
290 291 103 26 medföra,
413 291 40 21 och
468 292 35 27 jag
518 293 23 19 är
555 291 53 21 rädd
623 291 35 20 för
673 293 31 19 att
719 291 113 21 Utskottet
847 290 48 21 icke
911 290 41 21 kan
968 297 54 21 upp-

200 321 52 26 göra
273 319 66 28 något
360 319 66 22 förslag
462 319 44 27 alls,
524 319 88 22 hvarför
633 319 37 21 det
685 319 64 21 äfven
764 319 48 21 från
828 318 41 21 den
884 318 137 29 synpunkten

201 355 63 21 synes
279 349 44 26 mig
338 347 137 28 öfverflödigt
490 351 32 18 att
536 347 48 22 från
600 347 130 22 Ständernas
745 347 47 22 sida
807 348 128 28 petitionera
950 355 34 14 om
993 354 28 14 en

201 376 24 21 så
245 376 102 29 vidlyftig
363 375 80 29 åtgärd.
473 376 66 22 Hvad
554 376 46 22 åter
614 376 42 21 den
671 375 68 29 tredje
754 376 105 21 klämmen
875 375 101 22 beträffar
990 378 32 19 att

201 404 76 29 främja
292 405 126 28 spridandet
432 405 23 20 af
469 405 65 28 insigt
549 413 34 14 om
599 404 165 29 skyddsmedlen
780 407 45 19 mot
838 404 132 27 tuberkulos,
984 404 40 21 har

201 433 58 22 Frih.
281 441 43 14 von
346 433 91 22 Alfthan
460 433 66 22 redan
549 434 70 22 berört
639 433 69 22 denna
726 433 35 21 del
777 433 23 21 af
815 433 72 27 saken,
903 433 24 22 sä
942 436 31 18 att
987 433 36 28 jag

201 462 126 22 inskränker
345 463 44 27 mig
404 462 76 22 endast
494 463 31 21 till
541 466 32 18 att
587 462 106 22 innesluta
708 462 145 29 medföljande
868 462 132 22 reservation
1015 462 7 20 i

200 490 26 22 R.
242 499 18 13 o.
275 492 39 21 A:s
330 491 140 28 bevägenhet.

270 549 57 21 Frih.
349 556 54 14 von
424 548 189 22 Willebrand:
638 548 44 22 Det
702 550 23 20 är
747 548 123 28 lyckligtvis
889 548 47 22 icke
952 548 70 29 någon

201 578 108 28 synnerlig
329 577 83 21 skilnad
433 578 31 21 uti
479 578 58 21 hvad
552 577 113 23 Utskottet
679 577 92 22 föreslär
785 577 40 21 och
840 576 57 23 hvad
912 584 111 14 reservan-

200 609 60 19 terne
282 606 86 28 päyrka.
399 606 53 21 Man
474 606 40 21 kan
538 606 95 26 sälunda,
656 609 51 18 utan
729 609 32 19 att
783 614 50 13 vara
848 606 74 21 alltför
937 607 85 27 sangvi-

200 635 55 26 nisk,
277 638 87 23 emotse,
385 638 31 18 att
439 634 70 22 denna
529 635 69 28 fräga,
619 642 44 14 som
679 635 56 21 dock
751 634 63 22 berör
828 638 31 18 ett
874 634 85 29 mycket
976 636 46 26 vig-

199 664 42 27 tigt
261 663 166 28 önskningsmäl,
450 664 48 21 icke
519 664 54 21 skall
593 666 52 19 röna
666 671 80 14 samma
761 663 47 26 öde,
823 671 45 13 som
884 663 67 22 saken
966 663 56 22 hade

201 692 37 21 vid
262 694 54 20 1891
339 692 34 21 ärs
395 692 107 28 landtdag.
532 692 42 28 Jag
597 692 104 22 erkänner
722 692 125 29 uppriktigt,
869 695 31 19 att
918 692 36 28 jag
974 692 48 22 icke

201 720 68 22 skulle
291 721 70 21 känna
387 721 44 27 mig
456 721 24 21 sä
505 721 134 28 synnerligen
664 721 109 25 besviken,
795 728 35 14 om
850 724 172 18 reservanternes

200 749 81 28 förslag
301 752 88 26 antoges
412 750 40 20 och
474 750 123 22 Utskottets
618 750 81 27 förslag
719 749 141 27 förkastades,
874 750 102 20 förutsatt
991 753 32 17 att

201 778 120 22 Ständerna
342 778 70 22 denna
434 778 57 28 gäng
513 779 7 20 i
543 778 40 22 alla
604 778 39 22 fall
662 778 82 28 afgifva
759 778 66 27 nägot
839 778 183 28 önskningsmäl
1007 774 20 37 i

201 807 72 21 saken.
303 807 124 21 Emellertid
451 807 114 21 förefinnes
588 807 56 21 dock
667 814 26 14 en
715 807 91 26 skilnad,
831 814 34 14 om
887 806 67 22 också
974 807 48 21 icke

201 836 135 28 synnerligen
352 836 128 28 betydande.
503 836 47 21 Den
567 836 138 28 ständpunkt,
719 836 35 21 Hr
769 836 23 21 af
806 835 107 22 Forselles
928 843 29 13 nu
968 836 54 21 inta-

196 860 48 58 gen
259 865 71 27 intogs
353 864 23 22 af
398 864 112 22 Utskottet
532 864 40 22 och
590 864 134 28 väsentligen
739 865 24 21 af
779 864 119 22 Ständerna
912 864 38 22 vid
967 865 53 21 1891

257 893 109 28 landtdag.
395 893 44 21 Det
462 901 38 14 var
523 894 80 28 precist
625 894 27 20 de
673 896 117 25 argument,
811 900 45 14 som
872 893 28 21 dä
914 893 108 23 anfördes,

201 921 70 22 Sedan
287 922 50 21 dess
351 922 66 21 hafva
432 923 12 20 6
460 922 24 21 år
498 922 91 21 förflutit
599 922 46 26 och,
655 923 7 20 i
672 924 53 19 trots
737 922 23 21 af
770 922 57 21 hvad
838 922 34 20 Hr
882 922 23 21 af
915 922 107 21 Forselles

201 950 77 26 anfört,
300 950 68 28 vågar
388 951 36 28 jag
441 950 68 28 påstå,
524 953 32 19 att
571 950 112 22 Utskottet
697 951 39 21 har
750 952 48 24 rätt,
813 950 27 21 dä
856 950 37 22 det
908 952 68 26 säger,
991 954 32 18 att

201 980 22 20 vi
239 979 121 28 egentligen
375 980 48 20 icke
439 979 38 21 alls
493 980 89 21 kommit
597 979 64 21 målet
676 981 97 19 närmare
788 982 26 18 än
830 980 22 20 vi
869 987 52 14 voro
933 979 33 22 då.
988 980 34 28 Ty

200 1007 65 22 hafva
286 1008 21 20 vi
326 1008 89 21 kommit
429 1009 101 25 närmare,
546 1008 24 21 sä
585 1010 24 19 är
624 1008 37 21 det
676 1008 134 28 sannerligen
826 1008 48 21 icke
889 1016 45 13 mer
948 1010 27 19 än
991 1011 31 18 ett

199 1039 107 25 tuppsteg.
322 1036 39 21 Ett
375 1036 81 28 förslag
471 1038 23 19 är
509 1037 13 21 å
538 1037 59 26 bane,
613 1039 62 25 säger
689 1037 34 21 Hr
738 1037 23 21 af
775 1037 113 26 Forselles,
904 1040 31 18 att
950 1036 71 22 ästad-

200 1064 84 22 komma
307 1067 31 19 ett
360 1066 134 25 sanatorium,
517 1073 47 14 men
586 1068 31 18 ett
637 1066 80 26 förslag
731 1066 64 20 fanns
810 1065 64 21 äfven
890 1065 28 21 dä
933 1065 13 22 &
962 1066 60 20 bane.

201 1092 44 22 Det
264 1093 61 26 enda,
340 1101 45 13 som
401 1102 28 12 nu
445 1095 23 19 är
482 1102 58 13 mera
555 1093 110 21 förberedt
679 1096 26 19 än
721 1094 34 25 dä,
771 1096 24 18 är
809 1094 213 27 kostnadsförslaget,

200 1122 31 27 ity
247 1124 36 24 att,
299 1121 69 22 såsom
384 1123 7 19 i
407 1122 122 21 Utskottets
546 1122 132 22 betänkande
694 1122 110 28 åberopas,
819 1125 30 18 ett
864 1122 76 21 sådant
954 1122 67 21 finnes

200 1150 116 28 uppgjordt
332 1150 23 21 af
369 1150 195 29 läkaresällskapet.
587 1150 52 22 Men
655 1151 28 21 då
697 1150 35 22 Hr
746 1151 23 20 af
783 1150 107 22 Forselles
905 1151 115 27 anmärker,

200 1181 31 18 att
276 1179 91 21 Utskottet
387 1179 49 21 icke
458 1178 88 22 beaktat
561 1179 41 21 den
618 1180 80 27 vigtiga
714 1180 190 28 omständigheten,
919 1181 31 19 att
966 1180 55 28 plats

199 1206 34 22 för
249 1207 59 21 detta
323 1208 128 20 sanatorium
467 1208 64 21 redan
548 1208 55 21 varit
617 1208 84 26 utsedd,
717 1208 24 21 så
756 1208 68 21 måste
838 1209 36 27 jag
888 1208 35 21 för
932 1209 44 20 min
986 1207 35 22 del

200 1235 62 25 finna,
283 1238 32 18 att
336 1236 43 19 han
402 1236 34 20 för
458 1236 32 20 sin
509 1236 38 20 sak
571 1236 65 20 hellre
658 1236 55 20 hade
729 1236 48 20 bort
791 1236 80 27 förtiga
886 1236 59 20 detta
960 1243 61 20 argu-

200 1265 63 25 ment,
285 1267 24 24 ty
330 1262 28 21 då
380 1263 37 21 det
438 1263 50 28 gick
508 1263 24 21 så
553 1264 75 27 tokigt,
647 1266 32 18 att
693 1264 135 26 kommunen,
844 1271 45 14 som
904 1264 67 20 rådde
986 1272 35 13 om

199 1291 90 27 platsen,
311 1291 24 21 så
357 1294 59 18 snart
437 1299 48 13 man
508 1291 49 22 kom
580 1294 31 18 att
625 1292 65 21 tänka
705 1292 28 28 på
748 1294 31 18 att
793 1295 31 18 ett
838 1292 184 29 lungsotssanato-

199 1320 54 21 rium
274 1320 39 21 der
335 1320 68 22 skulle
425 1320 103 29 placeras,
542 1320 57 28 högg
614 1320 42 22 ned
671 1320 48 22 hela
733 1320 81 28 skogen
830 1321 34 21 för
878 1324 32 19 att
924 1322 97 28 omöjlig-

198 1350 53 27 göra
273 1350 72 26 saken,
367 1349 24 21 så
413 1352 37 18 vet
471 1350 35 28 jag
528 1350 48 20 icke
599 1352 31 18 att
651 1350 181 28 konjunkturerna
852 1358 29 14 nu
900 1352 36 19 äro
952 1350 69 22 bättre

199 1385 77 21 genom
299 1378 59 21 detta
380 1378 91 28 uppslag
492 1380 26 19 än
541 1378 26 22 de
589 1379 55 21 varit
659 1378 63 22 förut.
751 1378 34 22 Hr
801 1379 22 21 af
837 1379 107 22 Forselles
959 1381 63 27 säger

199 1406 33 22 till
253 1407 83 21 förmån
351 1406 35 22 för
407 1410 172 19 reservanternes
602 1408 89 28 förslag,
713 1410 32 19 att
759 1415 47 14 man
823 1408 47 22 icke
887 1408 38 22 bör
939 1408 81 29 påyrka

200 1436 152 22 statsmaktens
375 1436 133 28 ingripande,
530 1436 28 21 då
579 1437 7 20 i
602 1437 40 21 alla
657 1436 38 21 fall
710 1436 35 22 för
759 1437 171 27 tillgodoseende
946 1437 23 21 af
983 1437 37 21 be-

199 1464 76 21 hofvet
291 1467 30 19 ett
336 1464 25 22 så
375 1467 54 18 stort
445 1465 56 21 antal
516 1466 117 20 sanatorier
645 1465 69 21 skulle
725 1465 110 28 behöfvas,
847 1468 31 19 att
888 1465 133 22 statsunder-

199 1492 49 23 stöd
270 1493 34 21 för
327 1493 48 22 dem
394 1494 40 21 alla
449 1494 48 22 icke
512 1493 42 22 kan
571 1502 50 14 vara
636 1494 105 22 tänkbart.
771 1494 52 22 Men
838 1495 35 29 jag
887 1494 83 28 frågar:
986 1502 35 13 om
