1061 1686
220 93 45 35 448
464 101 25 17 R.
501 105 18 13 o.
530 101 23 17 A.
566 101 55 17 1897.
644 100 28 17 30
684 99 61 18 Mars.

196 171 67 21 kunta
277 177 28 14 on
320 170 122 21 huolissaan
457 169 55 26 siitä,
528 170 42 20 että
585 168 101 28 yhteinen
702 167 107 28 pankkien
819 167 130 28 tarkastelija
960 166 56 21 ehkä

199 199 95 21 ilmaisisi
310 198 108 28 pankkien
433 197 119 22 sisällisistä
564 197 76 21 oloista
655 196 146 25 salaisuuksia,
810 196 21 27 ja
842 197 43 20 että
895 197 56 19 tästä
960 195 55 32 voisi

197 229 76 26 syntyä
293 227 88 28 jollekin
402 225 93 30 pankille
510 225 112 22 vahinkoa.
652 225 63 21 Sama
730 231 77 14 vaaraa
822 224 68 21 lienee
905 223 110 21 kuitenkin

197 256 81 28 tarjona
294 255 78 22 vaikka
386 254 164 29 tarkastelijoita
564 261 28 15 on
607 253 129 22 kahdeksan.
752 252 71 22 Mutta
833 253 95 21 muutoin
940 251 76 23 Valio-

197 284 87 21 kunnan
305 284 63 28 pelko
383 286 77 18 tuntuu
475 282 150 27 liikanaiselta;
640 281 85 23 meidän
740 288 138 14 maassamme
892 281 20 21 ei
927 280 91 22 onneksi

198 313 151 21 virkamiesten
371 312 132 28 siveellisyys
527 312 33 21 ole
580 311 44 21 niin
646 310 108 22 alhaisella
769 310 105 26 kannalla,
889 311 44 20 että
947 309 70 22 Halli-

197 341 77 21 tuksen
296 341 58 21 tulisi
377 340 110 22 vaikeaksi
510 340 93 21 hankkia
617 340 61 21 usein
693 339 127 21 mainittuun
838 339 93 21 toimeen
946 338 71 28 täysin

198 370 127 21 luotettavia
343 369 83 26 miehiä,
443 369 59 28 jotka
521 370 57 20 eivät
592 368 100 28 käyttäisi
707 368 74 21 väärin
796 367 107 28 pankkien
919 368 99 20 asioima-

199 398 146 22 salaisuuksia.
360 410 27 4 —
402 397 91 29 Pyydän
513 397 65 21 saada
596 397 115 21 kannattaa
726 396 128 21 kolmannen
870 396 148 21 vastalauseen

199 429 80 26 pontta,
300 426 51 29 joka
372 426 111 28 hyväksyy
506 426 120 21 armollisen
642 424 108 30 esityksen
766 424 139 28 määräyksen
919 424 99 28 yhteisen

200 454 225 30 pankintarkastelijan
441 455 161 21 asettamisesta.

267 512 34 22 Hr
321 512 154 22 Norrm&6n:
497 512 123 22 Motiverna
634 512 33 20 till
682 511 42 22 den
739 511 121 28 föreslagna
874 510 107 22 reformen
997 510 23 22 af

199 541 207 29 bankinspektionen
427 543 37 19 äro
484 542 48 21 icke
550 541 50 22 fullt
614 540 82 29 tydliga
711 540 41 22 och
766 540 65 21 klara.
860 539 38 23 Uti
915 539 41 22 den
971 539 49 22 nåd.

199 578 60 21 prop.
281 570 85 28 anföres
386 570 71 21 såsom
477 570 87 21 främsta
579 570 41 21 och
636 569 54 21 enda
705 570 67 20 motiv
792 576 86 14 vunnen
893 568 128 26 erfarenhet,

201 606 45 14 som
262 598 69 22 skulle
346 598 84 28 påkalla
446 606 25 13 en
483 606 57 14 mera
552 598 109 28 liktormig
676 598 41 21 och
728 597 136 28 systematisk
877 596 145 29 bankinspek-

199 628 45 20 tion
261 628 25 20 än
303 627 41 21 den
359 626 131 22 nuvarande,
519 627 96 21 Hvilken
630 626 70 21 denna
715 626 122 22 erfarenhet
852 628 23 19 är
889 627 62 27 säges
966 626 54 21 icke.

200 656 52 21 Men
273 655 38 22 det
331 656 67 21 finnes
422 663 26 14 en
472 655 126 27 erfarenhet,
613 662 26 14 en
655 654 128 27 erfarenhet,
798 656 27 27 på
840 654 87 22 hvilken
941 655 81 27 privat-

200 684 109 22 bankerna
324 685 7 21 i
346 684 73 22 landet
433 684 48 21 med
498 684 119 28 berättigad
632 684 88 21 stolthet
732 683 73 22 kunna
814 684 48 21 visa
874 682 95 28 tillbaka,
979 682 43 22 den

201 712 106 28 nämligen
327 715 31 19 att
376 712 69 22 under
460 712 27 22 de
502 714 27 20 35
544 714 29 25 år,
587 712 69 22 under
670 712 73 22 hvilka
758 712 152 28 privatbanker
925 712 38 20 här
977 712 45 20 exi-

201 744 66 19 sterat
287 741 41 22 och
343 741 81 27 verkat,
439 741 48 22 icke
503 749 26 13 en
544 741 56 22 enda
614 742 64 28 penni
693 740 47 29 gått
755 740 95 22 förlorad
865 740 22 22 af
902 740 27 22 de
943 740 79 28 många

201 770 103 29 miljoner,
323 778 46 13 som
390 770 73 22 blifvit
478 770 23 21 af
516 770 131 29 deponenter
662 769 22 21 ät
699 769 48 22 dem
762 769 145 22 anförtrodda.
937 769 32 21 Ar
985 769 37 21 det

202 799 28 21 då
250 801 32 19 att
299 798 67 22 undra
382 798 33 29 på,
430 806 35 14 om
481 798 40 22 den
537 806 28 14 nu
581 798 122 28 föreslagna
717 798 107 22 reformen
840 800 117 27 emottages
972 798 48 21 med

201 828 142 21 misstroende
362 828 23 21 af
404 828 194 28 privatbankerna?
626 828 113 21 Hvarthän
758 827 38 21 vill
810 835 48 14 man
874 827 85 22 komma
973 826 48 22 med

202 856 70 23 denna
293 864 43 21 nya
359 856 194 29 bankinspektion?
582 856 82 22 Hvilka
686 858 36 20 äro
738 856 27 22 de
780 856 181 29 bristfälligheter,
975 863 46 14 som

202 893 48 14 man
270 886 37 22 vill
325 885 66 22 hafva
406 885 103 30 afhjelpta
525 886 40 21 och
580 885 72 22 hvilka
666 886 109 27 garantier
790 885 99 28 slutligen
904 885 68 22 finnas
987 885 35 21 för

202 917 31 18 att
253 914 41 22 den
316 914 121 28 föreslagne
459 914 195 29 bankinspektören
673 914 52 21 skall
743 921 50 15 vara
808 921 26 14 en
849 914 116 28 insigtsfull
981 914 41 21 och

201 943 50 21 fullt
266 943 95 29 opartisk
376 943 63 21 man?
468 943 52 22 Man
536 943 41 21 kan
592 943 49 21 icke
656 943 55 21 sluta
726 943 32 21 till
774 944 82 27 ögonen
872 942 34 21 för
921 943 37 21 det
973 942 49 21 sak-

202 971 134 22 förhällande
358 974 32 19 att
411 971 65 22 äfven
499 972 28 28 pä
547 971 137 22 affärslifvets
700 971 86 22 omräde
801 971 158 29 partipolitiska
973 979 50 20 syn-

202 1000 92 27 punkter
315 1000 83 21 alltmer
419 1000 80 29 begynt
521 1002 51 26 göra
593 1001 33 27 sig
640 1000 106 28 gällande.
775 999 32 23 Vi
828 1000 66 21 hafva
917 1000 106 21 bevittnat

202 1025 141 57 Vppronsten
366 1029 24 20 af
411 1028 81 22 sädana
513 1029 101 21 abnorma
628 1029 130 26 företeelser,
773 1035 46 15 som
833 1029 33 20 till
883 1029 97 21 exempel
995 1036 26 13 en

204 1066 9 10 »
240 1057 191 22 Kansallismielisten
451 1057 174 29 kauppa-yhtiö».
655 1057 44 22 Det
719 1057 39 22 hör
776 1057 67 22 heller
863 1057 48 22 icke
925 1057 32 22 till
973 1057 50 22 säll-

203 1086 119 27 syntheten,
343 1088 31 19 att
388 1093 49 14 man
453 1087 7 20 i
475 1086 133 21 landsortens
623 1085 156 29 tidningspress
794 1085 35 21 fär
843 1086 44 21 läsa
903 1085 119 22 braskande

202 1114 174 27 reklamartiklar,
397 1113 46 22 deri
465 1115 141 21 allmänheten
629 1114 28 28 pä
676 1114 36 22 det
742 1117 54 19 mest
818 1114 140 29 hänsynslösa
980 1116 43 20 sätt

202 1150 118 21 uppmanas
341 1145 33 19 att
390 1150 72 21 gynna
477 1150 26 14 en
518 1144 44 20 viss
578 1142 57 22 bank
649 1142 90 22 framför
754 1143 41 21 alla
810 1142 69 29 öfriga
893 1142 35 23 för
943 1146 32 18 att
989 1142 35 22 sä-

202 1171 66 22 lunda
287 1171 107 22 kantänka
416 1171 104 29 befrämja
538 1172 42 21 den
596 1172 115 21 nationella
726 1171 73 22 saken.
827 1171 98 22 Hvilken
939 1173 84 27 garanti

202 1200 67 21 finnes
290 1208 29 13 nu
338 1200 35 21 för
387 1203 31 19 att
433 1199 196 30 bankinspektören
645 1200 56 21 skall
713 1200 69 21 under
797 1199 80 22 sädana
892 1201 131 28 omständig-

202 1228 60 20 heter
283 1229 72 20 intaga
377 1236 27 13 en
425 1228 132 27 fullkomligt
576 1229 95 27 opartisk
690 1229 101 26 ställning
806 1229 7 19 i
828 1229 143 20 förhällandet
989 1229 34 20 till

203 1255 27 21 de
245 1255 69 22 skilda
350 1256 109 21 bankerna?
487 1256 44 21 Det
550 1256 38 21 har
608 1255 73 22 vidare
701 1256 80 27 begynt
796 1256 37 21 allt
848 1263 44 14 mer
906 1255 118 22 framträda

204 1291 26 13 en
245 1283 90 22 tendens
350 1286 32 18 att
395 1283 110 22 utsträcka
520 1286 80 19 statens
616 1283 117 29 inflytande
748 1284 65 21 äfven
826 1283 27 29 pä
862 1284 162 28 näringslifvets

204 1311 91 28 omräde,
317 1319 26 14 en
365 1312 90 22 tendens
477 1315 31 18 .att
528 1313 133 28 proklamera
677 1315 81 19 statens
773 1313 136 27 allvetenhet,
924 1313 100 22 allvishet

203 1341 41 21 och
259 1341 88 21 allmakt
362 1341 64 22 äfven
441 1341 8 21 i
464 1341 101 22 afseende
580 1341 14 22 ä
603 1341 135 28 reglerandet
748 1341 23 22 af
781 1341 27 22 de
818 1341 139 22 ekonomiska
966 1342 58 22 före-

204 1370 110 21 teelserna.
343 1369 80 29 Ligger
438 1369 37 22 det
489 1369 28 22 dä
532 1370 48 21 icke
595 1371 51 20 nära
658 1370 31 21 till
700 1369 69 23 hands
779 1373 33 19 att
822 1373 77 20 antaga
909 1371 38 22 det
956 1371 67 22 bank-

204 1398 137 29 inspektören
362 1399 54 21 skall
437 1399 70 21 känna
523 1400 32 27 sig
570 1398 82 22 frestad
668 1399 24 21 af
706 1399 73 29 dylika
809 1399 13 22 pä
836 1399 78 29 höjden
928 1399 96 23 rädande

203 1427 114 22 tendenser
340 1430 32 19 att
392 1429 52 27 göra
465 1428 38 21 sitt
524 1428 116 28 inflytande
660 1428 121 28 gällande
769 1423 13 38 i
811 1430 49 26 högre
879 1428 58 29 grad,
952 1430 27 20 än
995 1437 29 14 nu

204 1456 57 22 afses
277 1456 40 22 och
332 1458 32 20 att
378 1456 53 22 hans
447 1456 131 29 ätgöranden
591 1456 60 22 skola
666 1457 56 21 finna
737 1457 100 22 sanktion
850 1457 23 21 af
883 1457 38 22 det
929 1457 95 23 rädande

203 1485 193 22 statsekonomiska
418 1486 117 29 systemet?
561 1485 50 29 Nej,
628 1486 58 21 mina
699 1486 93 22 Herrar!
818 1486 33 23 Vi
866 1488 49 20 veta
930 1486 57 22 hvad
1002 1488 21 21 vi
