1089 1692
208 112 26 20 30
452 117 25 18 R.
490 122 17 13 0.
519 118 22 16 A.
555 118 55 17 1897.
634 118 26 16 23
671 116 47 18 Jan.

178 184 41 22 felt
241 185 50 27 (N:o
313 186 55 25 232).
397 185 125 21 Emellertid
544 185 55 21 hade
614 184 264 27 Riddarhusdirektionen,
892 185 29 29 pä
935 186 65 20 sätt
987 180 17 38 i

178 213 139 27 afdelningen
332 213 61 22 VIII
408 214 22 20 af
445 213 70 21 denna
530 214 114 20 berättelse
658 215 96 19 närmare
770 213 141 27 omförmäles,
926 214 8 20 i
946 214 54 28 följd

179 241 22 21 af
223 241 37 21 det
281 242 73 20 starka
373 241 121 22 räntefallet
508 242 92 28 nödgats
615 242 98 21 nedsätta
727 242 122 21 räntefoten
864 242 34 21 för
913 250 26 13 en
954 245 47 19 stor

179 270 33 21 del
235 270 24 21 af
279 270 27 21 de
326 278 25 13 ur
366 270 155 22 Riddarhusets
532 270 81 25 fonder
629 270 83 28 utgifna
726 270 42 22 län.
795 270 134 29 Härigenom
944 270 56 22 hade

179 298 78 29 Adliga
279 298 241 29 Jungfrustiftskassans
542 300 154 21 ränteinkomst
718 299 24 21 sä
764 299 95 29 nedgätt,
878 302 32 19 att
924 300 27 21 de
966 303 35 18 ut-

177 327 84 28 gäende
282 329 140 27 pensionerna
445 328 48 22 icke
514 328 32 22 till
568 330 38 20 sitt
620 328 57 22 antal
692 329 7 20 i
714 328 133 22 förhällande
862 329 33 21 till
911 328 91 22 berörda

178 356 94 22 inkomst
293 356 183 22 öfverensstämde
499 357 48 21 med
572 357 147 28 stadgandena
741 357 73 21 härom
836 358 7 20 i
860 357 140 28 reglementet

178 384 35 22 för
227 385 78 21 kassan
324 385 23 21 af
362 385 42 22 den
419 387 11 20 7
446 386 46 29 Maj
509 387 60 21 1872.
598 386 76 22 Under
688 385 77 22 sädant
779 386 134 21 förhällande
928 386 72 22 kunde

179 414 35 21 vid
238 414 234 28 pensionsregleringen
495 414 24 22 är
541 416 54 20 1895
615 414 71 28 nägon
701 422 29 21 ny
744 415 90 28 pension
848 415 48 21 icke
911 422 25 14 ur
950 415 51 21 kas-

178 450 38 13 san
231 442 101 28 utgifvas.
361 422 36 42 Da
410 443 75 28 frägan
502 451 33 14 om
551 444 150 28 pensionering
712 451 25 13 ur
746 443 80 28 Adliga
836 443 164 29 Jungfrustifts-

178 471 77 21 kassan
277 472 7 20 i
304 472 62 27 April
388 472 54 20 1896
464 472 46 21 åter
532 472 32 21 till
586 472 128 28 behandling
728 472 104 26 förekom,
846 472 153 22 hvarförinnan

178 501 79 19 tvänne
281 500 202 28 understödstagare
508 500 106 22 ordinarie
636 500 255 28 pensionsinnehafvaren
913 500 86 22 Fröken

179 528 26 21 A.
227 528 26 21 A.
273 528 24 21 C.
313 528 145 29 Wasastjerna
473 529 49 27 (N:o
538 530 33 26 61)
587 529 41 21 och
642 529 132 28 gratialisten
789 529 85 21 Fröken
890 529 24 21 C.
930 530 26 20 A.
972 529 27 21 G.

178 557 27 21 A.
227 557 48 21 Toll
297 557 49 27 (N:o
369 558 47 25 384)
434 557 49 21 med
498 558 71 21 döden
584 558 75 28 afgätt,
673 558 99 21 utvisade
787 566 26 13 en
828 558 23 21 af
865 558 133 21 Riddarhus-

178 585 134 22 kamreraren
334 587 8 20 i
365 586 40 21 och
422 586 34 21 för
470 587 235 28 pensionsregleringen
720 586 114 29 upprättad
850 586 72 29 kalkyl
937 586 64 22 öfver

178 614 89 21 kassans
291 615 161 26 ränteinkomst,
466 618 32 18 att
512 615 122 21 densamma
649 615 123 28 ytterligare
787 615 109 28 minskats,
911 615 89 22 hvarför

178 642 71 28 någon
263 643 112 28 utdelning
391 644 22 20 af
427 651 42 21 nya
483 644 114 28 pensioner
611 652 25 13 ur
650 644 232 28 Jungfrustiftskassan
895 644 48 22 icke
954 644 45 21 hel-

178 671 31 21 ler
224 672 37 21 vid
276 672 131 21 sistnämnda
421 673 208 27 pensionsreglering
643 672 70 22 kunde
728 672 159 29 ifrägakomma.
902 673 34 21 Ur
950 673 50 21 kas-

178 708 38 13 san
238 700 106 28 utgående
365 700 117 22 understöd
496 703 76 26 utgöra
586 701 90 22 sålunda
691 702 25 21 67
733 701 105 22 ordinarie
854 702 40 21 och
911 702 25 21 13
952 709 47 21 gra-

177 725 157 37 tialpensioner.
902 747 2 2 ,

245 758 68 21 Utom
327 758 149 28 nyssberörda
497 758 148 29 förändringar
663 759 131 21 beträffande
809 759 106 21 inskrifna
930 760 70 21 stifts-

177 786 103 28 jungfrur,
302 786 85 22 hvilkas
408 787 49 21 hela
479 788 57 20 antal
558 788 7 20 i
580 788 44 28 Maj
642 788 54 21 1894
713 788 66 28 enligt
794 788 28 21 dä
836 788 105 28 uppgjord
958 788 40 22 och

177 815 125 29 publicerad
324 815 137 29 förteckning
482 812 97 58 utgjorde
604 817 47 26 185,
672 816 34 22 får
727 816 142 22 Direktionen
889 817 110 21 vördsamt

177 844 84 21 anmäla
275 847 32 19 att
321 852 26 14 ur
361 844 111 23 matrikeln
488 846 72 21 afförts
576 844 28 31 på
618 845 69 28 grund
702 845 24 22 af
739 845 101 22 frånfälle
856 847 12 20 3
884 846 41 22 och
939 846 7 21 i
961 854 38 13 an-

177 873 87 28 ledning
287 873 23 22 af
331 873 102 29 ingånget
454 874 54 29 gifte
524 875 12 20 1
552 874 111 22 äfvensom
679 877 31 19 att
724 875 14 21 4
753 883 42 20 nya
810 875 45 21 deri
871 875 129 26 inskrifvits,

177 903 23 20 af
224 902 73 22 hvilka
322 910 26 14 en
371 903 65 22 likväl
458 903 66 22 redan
546 903 68 22 aflidit
636 903 41 22 och
700 905 28 27 på
752 903 67 22 sådan
833 904 71 28 grund
918 904 81 22 afförts.

177 931 56 22 Hela
249 932 80 21 antalet
343 932 157 28 stiftsjungfrur
514 934 62 27 utgör
591 932 83 22 således
689 933 38 21 vid
742 933 70 21 denna
826 933 32 21 tid
875 934 46 21 180.

246 960 176 22 Vidkommande
458 962 162 27 pensioneringen
639 969 26 14 ur
679 961 102 28 Boijeska
796 961 203 29 donationsfonden,

177 989 24 21 så
223 989 46 21 blef
291 992 30 18 ett
342 997 78 20 genom
453 989 67 22 Fröken
536 989 97 23 Gustava
647 990 105 21 Fredrika
766 991 116 21 Järnefelts
897 991 101 21 frånfälle

178 1017 146 28 ledigtblifvet
344 1018 117 21 understöd
483 1018 41 21 den
546 1020 14 20 4
581 1019 52 21 Juni
652 1020 54 21 1894
724 1019 66 21 bland
806 1020 26 21 18
848 1019 94 22 sökande
957 1020 43 21 till-

178 1046 73 21 deladt
264 1046 261 29 Häradshöfdingeenkan
541 1047 122 29 Eufrosyne
676 1047 56 22 Sofia
742 1048 131 21 Konstantia
883 1048 117 22 Hästesko.

177 1075 102 20 Derefter
300 1075 39 21 har
361 1083 26 13 en
407 1083 71 18 annan
497 1077 175 26 pensionstagare
687 1076 86 21 Fröken
788 1077 98 21 Henrika
900 1077 99 21 Johanna

179 1103 70 28 Uggla
271 1103 72 21 aflidit.
374 1103 97 21 Emedan
492 1104 66 21 likväl
581 1104 23 21 af
626 1104 66 22 ofvan
714 1105 120 35 uppgifven
856 1105 63 21 orsak
934 1105 65 22 äfven

176 1131 101 28 Boijeska
298 1131 93 22 fondens
411 1132 155 21 ränteinkomst
584 1133 8 20 i
613 1133 105 28 väsentlig
738 1141 50 13 mån
802 1133 90 29 nedgått
906 1133 41 22 och
962 1134 38 21 be-

176 1160 82 21 funnits
283 1160 68 28 knapt
375 1160 65 21 förslå
466 1161 32 20 till
523 1161 27 21 de
571 1169 26 13 ur
621 1161 80 22 fonden
724 1162 107 27 utgående
846 1163 154 27 pensionernas

178 1188 142 27 bestridande,
341 1189 39 20 har
394 1188 118 22 tillsvidare
526 1189 66 28 något
606 1192 48 26 nytt
668 1190 116 21 understöd
799 1191 48 20 icke
862 1191 82 21 kunnat
960 1191 39 21 bil-

177 1216 38 21 das
238 1217 7 20 i
267 1217 71 21 stället
360 1217 36 21 för
416 1217 43 26 det,
481 1225 45 14 som
547 1218 86 21 Fröken
654 1219 73 27 Uggla
741 1219 69 20 under
825 1220 33 20 sin
873 1219 69 21 lifstid
956 1219 44 21 fått

176 1244 87 28 ätnjuta.

553 1319 67 22 VIII.

246 1387 37 22 Uti
306 1387 138 29 afdelningen
465 1388 24 21 X
504 1387 22 22 af
542 1388 41 21 den
598 1389 32 20 till
644 1389 159 29 Ridderskapet
818 1390 41 21 och
873 1390 71 22 Adeln
959 1391 37 21 vid

178 1417 55 20 1894
255 1416 34 21 års
309 1416 103 28 landtdag
433 1417 23 20 af
477 1417 258 22 Riddarhusdirektionen
750 1419 117 21 aflemnade
883 1419 114 22 berättelse

177 1447 23 19 är
219 1445 122 21 framhället
362 1445 100 21 hurusom
484 1445 141 22 Direktionen
646 1447 6 20 i
675 1446 53 29 följd
751 1447 23 21 af
793 1447 29 21 dä
835 1447 95 22 rådande
944 1456 52 20 pen-

176 1473 119 28 pingebrist
309 1476 43 19 sett
367 1475 33 27 sig
414 1473 113 22 föranledd
542 1477 31 18 att
587 1475 96 28 generelt
696 1475 33 21 till
744 1477 12 20 6
774 1479 89 25 procent
870 1476 49 29 höja
926 1479 70 18 ränte-

176 1502 59 21 foten
257 1502 34 22 för
313 1503 97 28 samtliga
432 1511 26 13 ur
479 1503 155 22 Riddarhusets
658 1504 76 21 fonder
754 1505 84 28 utgifna
854 1505 40 22 län.
925 1505 71 22 Sedan
