<?xml version="1.0" encoding="UTF-8"?>
<alto xmlns="http://www.loc.gov/standards/alto/ns-v3#" xmlns:xlink="http://www.w3.org/1999/xlink" xmlns:xsi="http://www.w3.org/2001/XMLSchema-instance" xsi:schemaLocation="http://www.loc.gov/standards/alto/ns-v3# http://www.loc.gov/alto/v3/alto-3-0.xsd">
	<Description>
		<MeasurementUnit>pixel</MeasurementUnit>
		<sourceImageInformation>
			<fileName>/tmp/tess_oi869tzg_input.PNG</fileName>
		</sourceImageInformation>
		<OCRProcessing ID="OCR_0">
			<ocrProcessingStep>
				<processingSoftware>
					<softwareName>tesseract 5.3.4</softwareName>
				</processingSoftware>
			</ocrProcessingStep>
		</OCRProcessing>
	</Description>
	<Layout>
		<Page WIDTH="1045" HEIGHT="1686" PHYSICAL_IMG_NR="0" ID="page_0">
			<PrintSpace HPOS="0" VPOS="0" WIDTH="1045" HEIGHT="1686">
				<ComposedBlock ID="cblock_0" HPOS="293" VPOS="98" WIDTH="546" HEIGHT="27">
					<TextBlock ID="block_0" HPOS="293" VPOS="98" WIDTH="546" HEIGHT="27">
						<TextLine ID="line_0" HPOS="293" VPOS="98" WIDTH="546" HEIGHT="27">
							<String ID="string_0" HPOS="293" VPOS="104" WIDTH="114" HEIGHT="17" WC="0.90" CONTENT="Städernas"/><SP WIDTH="13" VPOS="104" HPOS="407"/>
							<String ID="string_1" HPOS="420" VPOS="104" WIDTH="195" HEIGHT="21" WC="0.91" CONTENT="auktionsmonopol."/><SP WIDTH="185" VPOS="104" HPOS="615"/>
							<String ID="string_2" HPOS="800" VPOS="98" WIDTH="39" HEIGHT="20" WC="0.89" CONTENT="277"/>
						</TextLine>
					</TextBlock>
				</ComposedBlock>
				<GraphicalElement ID="cblock_1" HPOS="64" VPOS="132" WIDTH="806" HEIGHT="3"></GraphicalElement >
				<ComposedBlock ID="cblock_2" HPOS="47" VPOS="169" WIDTH="824" HEIGHT="575">
					<TextBlock ID="block_1" HPOS="47" VPOS="169" WIDTH="824" HEIGHT="575">
						<TextLine ID="line_1" HPOS="116" VPOS="169" WIDTH="754" HEIGHT="31">
							<String ID="string_3" HPOS="116" VPOS="169" WIDTH="34" HEIGHT="23" WC="0.96" CONTENT="Hr"/><SP WIDTH="8" VPOS="169" HPOS="150"/>
							<String ID="string_4" HPOS="158" VPOS="171" WIDTH="121" HEIGHT="29" WC="0.94" CONTENT="Furuhjelm"/><SP WIDTH="8" VPOS="171" HPOS="279"/>
							<String ID="string_5" HPOS="287" VPOS="172" WIDTH="39" HEIGHT="21" WC="0.96" CONTENT="har"/><SP WIDTH="7" VPOS="172" HPOS="326"/>
							<String ID="string_6" HPOS="333" VPOS="172" WIDTH="71" HEIGHT="21" WC="0.96" CONTENT="såsom"/><SP WIDTH="8" VPOS="172" HPOS="404"/>
							<String ID="string_7" HPOS="412" VPOS="175" WIDTH="31" HEIGHT="18" WC="0.96" CONTENT="ett"/><SP WIDTH="6" VPOS="175" HPOS="443"/>
							<String ID="string_8" HPOS="449" VPOS="173" WIDTH="121" HEIGHT="27" WC="0.96" CONTENT="ytterligare"/><SP WIDTH="9" VPOS="173" HPOS="570"/>
							<String ID="string_9" HPOS="579" VPOS="173" WIDTH="66" HEIGHT="21" WC="0.96" CONTENT="motiv"/><SP WIDTH="9" VPOS="173" HPOS="645"/>
							<String ID="string_10" HPOS="654" VPOS="172" WIDTH="34" HEIGHT="21" WC="0.96" CONTENT="för"/><SP WIDTH="8" VPOS="172" HPOS="688"/>
							<String ID="string_11" HPOS="696" VPOS="172" WIDTH="121" HEIGHT="23" WC="0.93" CONTENT="Utskottets"/><SP WIDTH="9" VPOS="172" HPOS="817"/>
							<String ID="string_12" HPOS="826" VPOS="172" WIDTH="44" HEIGHT="21" WC="0.93" CONTENT="för-"/>
						</TextLine>
						<TextLine ID="line_2" HPOS="49" VPOS="200" WIDTH="819" HEIGHT="29">
							<String ID="string_13" HPOS="49" VPOS="200" WIDTH="90" HEIGHT="22" WC="0.96" CONTENT="farande"/><SP WIDTH="15" VPOS="200" HPOS="139"/>
							<String ID="string_14" HPOS="154" VPOS="200" WIDTH="77" HEIGHT="26" WC="0.96" CONTENT="anfört,"/><SP WIDTH="14" VPOS="200" HPOS="231"/>
							<String ID="string_15" HPOS="245" VPOS="204" WIDTH="32" HEIGHT="18" WC="0.96" CONTENT="att"/><SP WIDTH="15" VPOS="204" HPOS="277"/>
							<String ID="string_16" HPOS="292" VPOS="204" WIDTH="30" HEIGHT="18" WC="0.96" CONTENT="ett"/><SP WIDTH="14" VPOS="204" HPOS="322"/>
							<String ID="string_17" HPOS="336" VPOS="201" WIDTH="78" HEIGHT="21" WC="0.96" CONTENT="sådant"/><SP WIDTH="14" VPOS="201" HPOS="414"/>
							<String ID="string_18" HPOS="428" VPOS="201" WIDTH="116" HEIGHT="28" WC="0.96" CONTENT="stadgande"/><SP WIDTH="16" VPOS="201" HPOS="544"/>
							<String ID="string_19" HPOS="560" VPOS="209" WIDTH="45" HEIGHT="13" WC="0.96" CONTENT="som"/><SP WIDTH="16" VPOS="209" HPOS="605"/>
							<String ID="string_20" HPOS="621" VPOS="202" WIDTH="51" HEIGHT="20" WC="0.96" CONTENT="sista"/><SP WIDTH="15" VPOS="202" HPOS="672"/>
							<String ID="string_21" HPOS="687" VPOS="202" WIDTH="95" HEIGHT="26" WC="0.96" CONTENT="punkten"/><SP WIDTH="16" VPOS="202" HPOS="782"/>
							<String ID="string_22" HPOS="798" VPOS="201" WIDTH="22" HEIGHT="21" WC="0.93" CONTENT="af"/><SP WIDTH="13" VPOS="201" HPOS="820"/>
							<String ID="string_23" HPOS="833" VPOS="202" WIDTH="12" HEIGHT="26" WC="0.91" CONTENT="$"/><SP WIDTH="12" VPOS="202" HPOS="845"/>
							<String ID="string_24" HPOS="857" VPOS="202" WIDTH="11" HEIGHT="20" WC="0.96" CONTENT="1"/>
						</TextLine>
						<TextLine ID="line_3" HPOS="50" VPOS="229" WIDTH="820" HEIGHT="29">
							<String ID="string_25" HPOS="50" VPOS="229" WIDTH="23" HEIGHT="21" WC="0.95" CONTENT="af"/><SP WIDTH="24" VPOS="229" HPOS="73"/>
							<String ID="string_26" HPOS="97" VPOS="229" WIDTH="41" HEIGHT="21" WC="0.93" CONTENT="den"/><SP WIDTH="16" VPOS="229" HPOS="138"/>
							<String ID="string_27" HPOS="154" VPOS="229" WIDTH="89" HEIGHT="21" WC="0.92" CONTENT="afsedda"/><SP WIDTH="16" VPOS="229" HPOS="243"/>
							<String ID="string_28" HPOS="259" VPOS="230" WIDTH="169" HEIGHT="21" WC="0.96" CONTENT="administrativa"/><SP WIDTH="14" VPOS="230" HPOS="428"/>
							<String ID="string_29" HPOS="442" VPOS="230" WIDTH="153" HEIGHT="28" WC="0.92" CONTENT="författningen"/><SP WIDTH="16" VPOS="230" HPOS="595"/>
							<String ID="string_30" HPOS="611" VPOS="243" WIDTH="26" HEIGHT="2" WC="0.91" CONTENT="—"/><SP WIDTH="18" VPOS="243" HPOS="637"/>
							<String ID="string_31" HPOS="655" VPOS="229" WIDTH="78" HEIGHT="22" WC="0.90" CONTENT="»Idkar"/><SP WIDTH="15" VPOS="229" HPOS="733"/>
							<String ID="string_32" HPOS="748" VPOS="230" WIDTH="122" HEIGHT="27" WC="0.96" CONTENT="aktiebolag"/>
						</TextLine>
						<TextLine ID="line_4" HPOS="51" VPOS="258" WIDTH="818" HEIGHT="29">
							<String ID="string_33" HPOS="51" VPOS="258" WIDTH="271" HEIGHT="28" WC="0.91" CONTENT="auktionsförrättareyrke,"/><SP WIDTH="22" VPOS="258" HPOS="322"/>
							<String ID="string_34" HPOS="344" VPOS="258" WIDTH="54" HEIGHT="21" WC="0.96" CONTENT="skall"/><SP WIDTH="16" VPOS="258" HPOS="398"/>
							<String ID="string_35" HPOS="414" VPOS="258" WIDTH="48" HEIGHT="21" WC="0.96" CONTENT="dess"/><SP WIDTH="16" VPOS="258" HPOS="462"/>
							<String ID="string_36" HPOS="478" VPOS="259" WIDTH="88" HEIGHT="28" WC="0.96" CONTENT="styrelse"/><SP WIDTH="15" VPOS="259" HPOS="566"/>
							<String ID="string_37" HPOS="581" VPOS="258" WIDTH="65" HEIGHT="22" WC="0.96" CONTENT="hafva"/><SP WIDTH="15" VPOS="258" HPOS="646"/>
							<String ID="string_38" HPOS="661" VPOS="259" WIDTH="37" HEIGHT="20" WC="0.96" CONTENT="sitt"/><SP WIDTH="15" VPOS="259" HPOS="698"/>
							<String ID="string_39" HPOS="713" VPOS="260" WIDTH="45" HEIGHT="19" WC="0.96" CONTENT="säte"/><SP WIDTH="15" VPOS="260" HPOS="758"/>
							<String ID="string_40" HPOS="773" VPOS="259" WIDTH="7" HEIGHT="20" WC="0.96" CONTENT="i"/><SP WIDTH="15" VPOS="259" HPOS="780"/>
							<String ID="string_41" HPOS="795" VPOS="258" WIDTH="74" HEIGHT="21" WC="0.96" CONTENT="staden"/>
						</TextLine>
						<TextLine ID="line_5" HPOS="51" VPOS="285" WIDTH="819" HEIGHT="29">
							<String ID="string_42" HPOS="51" VPOS="286" WIDTH="41" HEIGHT="21" WC="0.96" CONTENT="och"/><SP WIDTH="21" VPOS="286" HPOS="92"/>
							<String ID="string_43" HPOS="113" VPOS="285" WIDTH="60" HEIGHT="22" WC="0.96" CONTENT="bestå"/><SP WIDTH="21" VPOS="285" HPOS="173"/>
							<String ID="string_44" HPOS="194" VPOS="286" WIDTH="23" HEIGHT="21" WC="0.95" CONTENT="af"/><SP WIDTH="14" VPOS="286" HPOS="217"/>
							<String ID="string_45" HPOS="231" VPOS="286" WIDTH="67" HEIGHT="21" WC="0.96" CONTENT="finske"/><SP WIDTH="15" VPOS="286" HPOS="298"/>
							<String ID="string_46" HPOS="313" VPOS="286" WIDTH="160" HEIGHT="28" WC="0.92" CONTENT="medborgare»,"/><SP WIDTH="16" VPOS="286" HPOS="473"/>
							<String ID="string_47" HPOS="489" VPOS="299" WIDTH="24" HEIGHT="3" WC="0.91" CONTENT="—"/><SP WIDTH="16" VPOS="299" HPOS="513"/>
							<String ID="string_48" HPOS="529" VPOS="287" WIDTH="48" HEIGHT="21" WC="0.96" CONTENT="icke"/><SP WIDTH="15" VPOS="287" HPOS="577"/>
							<String ID="string_49" HPOS="592" VPOS="287" WIDTH="42" HEIGHT="20" WC="0.93" CONTENT="kan"/><SP WIDTH="16" VPOS="287" HPOS="634"/>
							<String ID="string_50" HPOS="650" VPOS="286" WIDTH="154" HEIGHT="28" WC="0.91" CONTENT="åvägabringas"/><SP WIDTH="14" VPOS="286" HPOS="804"/>
							<String ID="string_51" HPOS="818" VPOS="289" WIDTH="52" HEIGHT="18" WC="0.96" CONTENT="utan"/>
						</TextLine>
						<TextLine ID="line_6" HPOS="50" VPOS="314" WIDTH="820" HEIGHT="29">
							<String ID="string_52" HPOS="50" VPOS="314" WIDTH="132" HEIGHT="22" WC="0.91" CONTENT="Ständernas"/><SP WIDTH="15" VPOS="314" HPOS="182"/>
							<String ID="string_53" HPOS="197" VPOS="315" WIDTH="115" HEIGHT="28" WC="0.96" CONTENT="samtycke,"/><SP WIDTH="15" VPOS="315" HPOS="312"/>
							<String ID="string_54" HPOS="327" VPOS="315" WIDTH="101" HEIGHT="21" WC="0.93" CONTENT="eftersom"/><SP WIDTH="15" VPOS="315" HPOS="428"/>
							<String ID="string_55" HPOS="443" VPOS="315" WIDTH="132" HEIGHT="28" WC="0.91" CONTENT="aktiebolags"/><SP WIDTH="15" VPOS="315" HPOS="575"/>
							<String ID="string_56" HPOS="590" VPOS="315" WIDTH="88" HEIGHT="28" WC="0.96" CONTENT="styrelse"/><SP WIDTH="16" VPOS="315" HPOS="678"/>
							<String ID="string_57" HPOS="694" VPOS="315" WIDTH="67" HEIGHT="28" WC="0.96" CONTENT="enligt"/><SP WIDTH="15" VPOS="315" HPOS="761"/>
							<String ID="string_58" HPOS="776" VPOS="315" WIDTH="41" HEIGHT="20" WC="0.92" CONTENT="den"/><SP WIDTH="15" VPOS="315" HPOS="817"/>
							<String ID="string_59" HPOS="832" VPOS="315" WIDTH="38" HEIGHT="20" WC="0.92" CONTENT="all-"/>
						</TextLine>
						<TextLine ID="line_7" HPOS="49" VPOS="343" WIDTH="822" HEIGHT="28">
							<String ID="string_60" HPOS="49" VPOS="345" WIDTH="84" HEIGHT="23" WC="0.91" CONTENT="männa,"/><SP WIDTH="22" VPOS="345" HPOS="133"/>
							<String ID="string_61" HPOS="155" VPOS="343" WIDTH="23" HEIGHT="21" WC="0.93" CONTENT="af"/><SP WIDTH="14" VPOS="343" HPOS="178"/>
							<String ID="string_62" HPOS="192" VPOS="343" WIDTH="119" HEIGHT="22" WC="0.91" CONTENT="Ständerna"/><SP WIDTH="15" VPOS="343" HPOS="311"/>
							<String ID="string_63" HPOS="326" VPOS="346" WIDTH="92" HEIGHT="25" WC="0.93" CONTENT="antagna"/><SP WIDTH="16" VPOS="346" HPOS="418"/>
							<String ID="string_64" HPOS="434" VPOS="344" WIDTH="119" HEIGHT="27" WC="0.92" CONTENT="aktielagen"/><SP WIDTH="16" VPOS="344" HPOS="553"/>
							<String ID="string_65" HPOS="569" VPOS="344" WIDTH="46" HEIGHT="21" WC="0.93" CONTENT="icke"/><SP WIDTH="17" VPOS="344" HPOS="615"/>
							<String ID="string_66" HPOS="632" VPOS="343" WIDTH="103" HEIGHT="22" WC="0.92" CONTENT="behöfver"/><SP WIDTH="15" VPOS="343" HPOS="735"/>
							<String ID="string_67" HPOS="750" VPOS="344" WIDTH="60" HEIGHT="21" WC="0.93" CONTENT="bestå"/><SP WIDTH="15" VPOS="344" HPOS="810"/>
							<String ID="string_68" HPOS="825" VPOS="347" WIDTH="46" HEIGHT="17" WC="0.90" CONTENT="ute-"/>
						</TextLine>
						<TextLine ID="line_8" HPOS="49" VPOS="371" WIDTH="821" HEIGHT="29">
							<String ID="string_69" HPOS="49" VPOS="371" WIDTH="104" HEIGHT="27" WC="0.95" CONTENT="slutande,"/><SP WIDTH="15" VPOS="371" HPOS="153"/>
							<String ID="string_70" HPOS="168" VPOS="375" WIDTH="52" HEIGHT="18" WC="0.96" CONTENT="utan"/><SP WIDTH="15" VPOS="375" HPOS="220"/>
							<String ID="string_71" HPOS="235" VPOS="373" WIDTH="76" HEIGHT="20" WC="0.96" CONTENT="endast"/><SP WIDTH="14" VPOS="373" HPOS="311"/>
							<String ID="string_72" HPOS="325" VPOS="373" WIDTH="33" HEIGHT="20" WC="0.96" CONTENT="till"/><SP WIDTH="15" VPOS="373" HPOS="358"/>
							<String ID="string_73" HPOS="373" VPOS="373" WIDTH="37" HEIGHT="20" WC="0.96" CONTENT="sitt"/><SP WIDTH="14" VPOS="373" HPOS="410"/>
							<String ID="string_74" HPOS="424" VPOS="373" WIDTH="73" HEIGHT="26" WC="0.96" CONTENT="flertal,"/><SP WIDTH="15" VPOS="373" HPOS="497"/>
							<String ID="string_75" HPOS="512" VPOS="373" WIDTH="23" HEIGHT="20" WC="0.96" CONTENT="af"/><SP WIDTH="14" VPOS="373" HPOS="535"/>
							<String ID="string_76" HPOS="549" VPOS="373" WIDTH="67" HEIGHT="20" WC="0.96" CONTENT="finske"/><SP WIDTH="15" VPOS="373" HPOS="616"/>
							<String ID="string_77" HPOS="631" VPOS="373" WIDTH="144" HEIGHT="27" WC="0.93" CONTENT="medborgare."/><SP WIDTH="30" VPOS="373" HPOS="775"/>
							<String ID="string_78" HPOS="805" VPOS="372" WIDTH="65" HEIGHT="21" WC="0.91" CONTENT="Detta"/>
						</TextLine>
						<TextLine ID="line_9" HPOS="48" VPOS="401" WIDTH="822" HEIGHT="28">
							<String ID="string_79" HPOS="48" VPOS="401" WIDTH="67" HEIGHT="21" WC="0.96" CONTENT="motiv"/><SP WIDTH="23" VPOS="401" HPOS="115"/>
							<String ID="string_80" HPOS="138" VPOS="401" WIDTH="68" HEIGHT="21" WC="0.96" CONTENT="skulle"/><SP WIDTH="23" VPOS="401" HPOS="206"/>
							<String ID="string_81" HPOS="229" VPOS="401" WIDTH="56" HEIGHT="22" WC="0.96" CONTENT="dock"/><SP WIDTH="20" VPOS="401" HPOS="285"/>
							<String ID="string_82" HPOS="305" VPOS="402" WIDTH="8" HEIGHT="20" WC="0.96" CONTENT="i"/><SP WIDTH="22" VPOS="402" HPOS="313"/>
							<String ID="string_83" HPOS="335" VPOS="401" WIDTH="41" HEIGHT="21" WC="0.93" CONTENT="den"/><SP WIDTH="16" VPOS="401" HPOS="376"/>
							<String ID="string_84" HPOS="392" VPOS="401" WIDTH="73" HEIGHT="28" WC="0.57" CONTENT="fräga,"/><SP WIDTH="16" VPOS="401" HPOS="465"/>
							<String ID="string_85" HPOS="481" VPOS="409" WIDTH="44" HEIGHT="14" WC="0.96" CONTENT="som"/><SP WIDTH="16" VPOS="409" HPOS="525"/>
							<String ID="string_86" HPOS="541" VPOS="409" WIDTH="27" HEIGHT="13" WC="0.96" CONTENT="nu"/><SP WIDTH="17" VPOS="409" HPOS="568"/>
							<String ID="string_87" HPOS="585" VPOS="403" WIDTH="22" HEIGHT="19" WC="0.96" CONTENT="är"/><SP WIDTH="14" VPOS="403" HPOS="607"/>
							<String ID="string_88" HPOS="621" VPOS="401" WIDTH="52" HEIGHT="26" WC="0.96" CONTENT="före,"/><SP WIDTH="13" VPOS="401" HPOS="673"/>
							<String ID="string_89" HPOS="686" VPOS="401" WIDTH="64" HEIGHT="21" WC="0.95" CONTENT="hafva"/><SP WIDTH="14" VPOS="401" HPOS="750"/>
							<String ID="string_90" HPOS="764" VPOS="401" WIDTH="106" HEIGHT="28" WC="0.95" CONTENT="giltighet,"/>
						</TextLine>
						<TextLine ID="line_10" HPOS="49" VPOS="429" WIDTH="821" HEIGHT="29">
							<String ID="string_91" HPOS="49" VPOS="429" WIDTH="76" HEIGHT="21" WC="0.96" CONTENT="endast"/><SP WIDTH="23" VPOS="429" HPOS="125"/>
							<String ID="string_92" HPOS="148" VPOS="430" WIDTH="6" HEIGHT="20" WC="0.96" CONTENT="i"/><SP WIDTH="21" VPOS="430" HPOS="154"/>
							<String ID="string_93" HPOS="175" VPOS="429" WIDTH="101" HEIGHT="22" WC="0.96" CONTENT="händelse"/><SP WIDTH="22" VPOS="429" HPOS="276"/>
							<String ID="string_94" HPOS="298" VPOS="430" WIDTH="36" HEIGHT="21" WC="0.96" CONTENT="det"/><SP WIDTH="21" VPOS="430" HPOS="334"/>
							<String ID="string_95" HPOS="355" VPOS="437" WIDTH="51" HEIGHT="14" WC="0.96" CONTENT="vore"/><SP WIDTH="21" VPOS="437" HPOS="406"/>
							<String ID="string_96" HPOS="427" VPOS="431" WIDTH="7" HEIGHT="20" WC="0.96" CONTENT="i"/><SP WIDTH="15" VPOS="431" HPOS="434"/>
							<String ID="string_97" HPOS="449" VPOS="431" WIDTH="35" HEIGHT="27" WC="0.93" CONTENT="lag"/><SP WIDTH="15" VPOS="431" HPOS="484"/>
							<String ID="string_98" HPOS="499" VPOS="429" WIDTH="100" HEIGHT="29" WC="0.91" CONTENT="stadgadt"/><SP WIDTH="14" VPOS="429" HPOS="599"/>
							<String ID="string_99" HPOS="613" VPOS="432" WIDTH="32" HEIGHT="19" WC="0.96" CONTENT="att"/><SP WIDTH="14" VPOS="432" HPOS="645"/>
							<String ID="string_100" HPOS="659" VPOS="430" WIDTH="73" HEIGHT="28" WC="0.96" CONTENT="hvarje"/><SP WIDTH="15" VPOS="430" HPOS="732"/>
							<String ID="string_101" HPOS="747" VPOS="429" WIDTH="123" HEIGHT="28" WC="0.96" CONTENT="aktiebolag"/>
						</TextLine>
						<TextLine ID="line_11" HPOS="48" VPOS="458" WIDTH="822" HEIGHT="29">
							<String ID="string_102" HPOS="48" VPOS="458" WIDTH="39" HEIGHT="21" WC="0.96" CONTENT="bör"/><SP WIDTH="14" VPOS="458" HPOS="87"/>
							<String ID="string_103" HPOS="101" VPOS="458" WIDTH="23" HEIGHT="20" WC="0.92" CONTENT="få"/><SP WIDTH="14" VPOS="458" HPOS="124"/>
							<String ID="string_104" HPOS="138" VPOS="458" WIDTH="75" HEIGHT="21" WC="0.92" CONTENT="utöfva"/><SP WIDTH="16" VPOS="458" HPOS="213"/>
							<String ID="string_105" HPOS="229" VPOS="458" WIDTH="280" HEIGHT="29" WC="0.92" CONTENT="auktionsförrättareyrket."/><SP WIDTH="29" VPOS="458" HPOS="509"/>
							<String ID="string_106" HPOS="538" VPOS="459" WIDTH="42" HEIGHT="20" WC="0.95" CONTENT="Om"/><SP WIDTH="15" VPOS="459" HPOS="580"/>
							<String ID="string_107" HPOS="595" VPOS="461" WIDTH="31" HEIGHT="18" WC="0.96" CONTENT="ett"/><SP WIDTH="15" VPOS="461" HPOS="626"/>
							<String ID="string_108" HPOS="641" VPOS="458" WIDTH="76" HEIGHT="21" WC="0.96" CONTENT="sådant"/><SP WIDTH="12" VPOS="458" HPOS="717"/>
							<String ID="string_109" HPOS="729" VPOS="458" WIDTH="81" HEIGHT="27" WC="0.93" CONTENT="lagrum"/><SP WIDTH="10" VPOS="458" HPOS="810"/>
							<String ID="string_110" HPOS="820" VPOS="458" WIDTH="50" HEIGHT="21" WC="0.92" CONTENT="fun-"/>
						</TextLine>
						<TextLine ID="line_12" HPOS="47" VPOS="486" WIDTH="822" HEIGHT="29">
							<String ID="string_111" HPOS="47" VPOS="494" WIDTH="44" HEIGHT="19" WC="0.95" CONTENT="nes,"/><SP WIDTH="15" VPOS="494" HPOS="91"/>
							<String ID="string_112" HPOS="106" VPOS="487" WIDTH="24" HEIGHT="20" WC="0.96" CONTENT="så"/><SP WIDTH="15" VPOS="487" HPOS="130"/>
							<String ID="string_113" HPOS="145" VPOS="486" WIDTH="68" HEIGHT="22" WC="0.96" CONTENT="skulle"/><SP WIDTH="20" VPOS="486" HPOS="213"/>
							<String ID="string_114" HPOS="233" VPOS="495" WIDTH="49" HEIGHT="13" WC="0.96" CONTENT="man"/><SP WIDTH="15" VPOS="495" HPOS="282"/>
							<String ID="string_115" HPOS="297" VPOS="487" WIDTH="47" HEIGHT="21" WC="0.96" CONTENT="icke"/><SP WIDTH="15" VPOS="487" HPOS="344"/>
							<String ID="string_116" HPOS="359" VPOS="487" WIDTH="72" HEIGHT="22" WC="0.96" CONTENT="kunna"/><SP WIDTH="15" VPOS="487" HPOS="431"/>
							<String ID="string_117" HPOS="446" VPOS="488" WIDTH="7" HEIGHT="20" WC="0.96" CONTENT="i"/><SP WIDTH="15" VPOS="488" HPOS="453"/>
							<String ID="string_118" HPOS="468" VPOS="487" WIDTH="155" HEIGHT="22" WC="0.96" CONTENT="administrativ"/><SP WIDTH="16" VPOS="487" HPOS="623"/>
							<String ID="string_119" HPOS="639" VPOS="489" WIDTH="41" HEIGHT="26" WC="0.96" CONTENT="väg"/><SP WIDTH="17" VPOS="489" HPOS="680"/>
							<String ID="string_120" HPOS="697" VPOS="487" WIDTH="103" HEIGHT="27" WC="0.96" CONTENT="begränsa"/><SP WIDTH="10" VPOS="487" HPOS="800"/>
							<String ID="string_121" HPOS="810" VPOS="486" WIDTH="59" HEIGHT="28" WC="0.96" CONTENT="dylik"/>
						</TextLine>
						<TextLine ID="line_13" HPOS="47" VPOS="515" WIDTH="822" HEIGHT="29">
							<String ID="string_122" HPOS="47" VPOS="517" WIDTH="42" HEIGHT="19" WC="0.96" CONTENT="rätt"/><SP WIDTH="25" VPOS="517" HPOS="89"/>
							<String ID="string_123" HPOS="114" VPOS="515" WIDTH="33" HEIGHT="21" WC="0.96" CONTENT="till"/><SP WIDTH="22" VPOS="515" HPOS="147"/>
							<String ID="string_124" HPOS="169" VPOS="515" WIDTH="76" HEIGHT="21" WC="0.96" CONTENT="endast"/><SP WIDTH="15" VPOS="515" HPOS="245"/>
							<String ID="string_125" HPOS="260" VPOS="515" WIDTH="80" HEIGHT="21" WC="0.96" CONTENT="sådana"/><SP WIDTH="12" VPOS="515" HPOS="340"/>
							<String ID="string_126" HPOS="352" VPOS="515" WIDTH="69" HEIGHT="29" WC="0.95" CONTENT="bolag,"/><SP WIDTH="15" VPOS="515" HPOS="421"/>
							<String ID="string_127" HPOS="436" VPOS="523" WIDTH="45" HEIGHT="13" WC="0.96" CONTENT="som"/><SP WIDTH="15" VPOS="523" HPOS="481"/>
							<String ID="string_128" HPOS="496" VPOS="516" WIDTH="65" HEIGHT="20" WC="0.96" CONTENT="hafva"/><SP WIDTH="16" VPOS="516" HPOS="561"/>
							<String ID="string_129" HPOS="577" VPOS="515" WIDTH="135" HEIGHT="21" WC="0.95" CONTENT="uteslutande"/><SP WIDTH="15" VPOS="515" HPOS="712"/>
							<String ID="string_130" HPOS="727" VPOS="515" WIDTH="67" HEIGHT="21" WC="0.93" CONTENT="finske"/><SP WIDTH="16" VPOS="515" HPOS="794"/>
							<String ID="string_131" HPOS="810" VPOS="515" WIDTH="59" HEIGHT="21" WC="0.91" CONTENT="med-"/>
						</TextLine>
						<TextLine ID="line_14" HPOS="49" VPOS="543" WIDTH="821" HEIGHT="29">
							<String ID="string_132" HPOS="49" VPOS="544" WIDTH="89" HEIGHT="27" WC="0.96" CONTENT="borgare"/><SP WIDTH="15" VPOS="544" HPOS="138"/>
							<String ID="string_133" HPOS="153" VPOS="545" WIDTH="7" HEIGHT="20" WC="0.96" CONTENT="i"/><SP WIDTH="15" VPOS="545" HPOS="160"/>
							<String ID="string_134" HPOS="175" VPOS="545" WIDTH="32" HEIGHT="20" WC="0.96" CONTENT="sin"/><SP WIDTH="16" VPOS="545" HPOS="207"/>
							<String ID="string_135" HPOS="223" VPOS="544" WIDTH="95" HEIGHT="28" WC="0.95" CONTENT="styrelse."/><SP WIDTH="29" VPOS="544" HPOS="318"/>
							<String ID="string_136" HPOS="347" VPOS="544" WIDTH="52" HEIGHT="21" WC="0.96" CONTENT="Men"/><SP WIDTH="16" VPOS="544" HPOS="399"/>
							<String ID="string_137" HPOS="415" VPOS="552" WIDTH="28" HEIGHT="13" WC="0.95" CONTENT="nu"/><SP WIDTH="12" VPOS="552" HPOS="443"/>
							<String ID="string_138" HPOS="455" VPOS="546" WIDTH="24" HEIGHT="19" WC="0.95" CONTENT="är"/><SP WIDTH="9" VPOS="546" HPOS="479"/>
							<String ID="string_139" HPOS="488" VPOS="544" WIDTH="186" HEIGHT="27" WC="0.96" CONTENT="utgångspunkten"/><SP WIDTH="9" VPOS="544" HPOS="674"/>
							<String ID="string_140" HPOS="683" VPOS="544" WIDTH="35" HEIGHT="20" WC="0.96" CONTENT="för"/><SP WIDTH="10" VPOS="544" HPOS="718"/>
							<String ID="string_141" HPOS="728" VPOS="544" WIDTH="41" HEIGHT="20" WC="0.93" CONTENT="den"/><SP WIDTH="10" VPOS="544" HPOS="769"/>
							<String ID="string_142" HPOS="779" VPOS="543" WIDTH="91" HEIGHT="21" WC="0.91" CONTENT="admini-"/>
						</TextLine>
						<TextLine ID="line_15" HPOS="47" VPOS="571" WIDTH="824" HEIGHT="30">
							<String ID="string_143" HPOS="47" VPOS="573" WIDTH="90" HEIGHT="20" WC="0.92" CONTENT="strativa"/><SP WIDTH="15" VPOS="573" HPOS="137"/>
							<String ID="string_144" HPOS="152" VPOS="572" WIDTH="154" HEIGHT="28" WC="0.96" CONTENT="författningen"/><SP WIDTH="22" VPOS="572" HPOS="306"/>
							<String ID="string_145" HPOS="328" VPOS="572" WIDTH="28" HEIGHT="29" WC="0.96" CONTENT="på"/><SP WIDTH="14" VPOS="572" HPOS="356"/>
							<String ID="string_146" HPOS="370" VPOS="572" WIDTH="66" HEIGHT="22" WC="0.96" CONTENT="basen"/><SP WIDTH="15" VPOS="572" HPOS="436"/>
							<String ID="string_147" HPOS="451" VPOS="573" WIDTH="23" HEIGHT="21" WC="0.91" CONTENT="af"/><SP WIDTH="16" VPOS="573" HPOS="474"/>
							<String ID="string_148" HPOS="490" VPOS="573" WIDTH="12" HEIGHT="27" WC="0.89" CONTENT="&amp;"/><SP WIDTH="16" VPOS="573" HPOS="502"/>
							<String ID="string_149" HPOS="518" VPOS="573" WIDTH="13" HEIGHT="20" WC="0.95" CONTENT="8"/><SP WIDTH="15" VPOS="573" HPOS="531"/>
							<String ID="string_150" HPOS="546" VPOS="573" WIDTH="6" HEIGHT="20" WC="0.93" CONTENT="i"/><SP WIDTH="16" VPOS="573" HPOS="552"/>
							<String ID="string_151" HPOS="568" VPOS="572" WIDTH="148" HEIGHT="28" WC="0.91" CONTENT="ständerlagen"/><SP WIDTH="16" VPOS="572" HPOS="716"/>
							<String ID="string_152" HPOS="732" VPOS="571" WIDTH="48" HEIGHT="27" WC="0.96" CONTENT="den,"/><SP WIDTH="10" VPOS="571" HPOS="780"/>
							<String ID="string_153" HPOS="790" VPOS="574" WIDTH="32" HEIGHT="18" WC="0.96" CONTENT="att"/><SP WIDTH="10" VPOS="574" HPOS="822"/>
							<String ID="string_154" HPOS="832" VPOS="571" WIDTH="39" HEIGHT="22" WC="0.96" CONTENT="det"/>
						</TextLine>
						<TextLine ID="line_16" HPOS="48" VPOS="601" WIDTH="821" HEIGHT="28">
							<String ID="string_155" HPOS="48" VPOS="601" WIDTH="62" HEIGHT="21" WC="0.96" CONTENT="beror"/><SP WIDTH="22" VPOS="601" HPOS="110"/>
							<String ID="string_156" HPOS="132" VPOS="601" WIDTH="28" HEIGHT="28" WC="0.96" CONTENT="på"/><SP WIDTH="20" VPOS="601" HPOS="160"/>
							<String ID="string_157" HPOS="180" VPOS="601" WIDTH="69" HEIGHT="21" WC="0.96" CONTENT="skilda"/><SP WIDTH="22" VPOS="601" HPOS="249"/>
							<String ID="string_158" HPOS="271" VPOS="601" WIDTH="71" HEIGHT="22" WC="0.96" CONTENT="vilkor"/><SP WIDTH="21" VPOS="601" HPOS="342"/>
							<String ID="string_159" HPOS="363" VPOS="601" WIDTH="63" HEIGHT="22" WC="0.96" CONTENT="hvem"/><SP WIDTH="20" VPOS="601" HPOS="426"/>
							<String ID="string_160" HPOS="446" VPOS="609" WIDTH="44" HEIGHT="14" WC="0.95" CONTENT="som"/><SP WIDTH="16" VPOS="609" HPOS="490"/>
							<String ID="string_161" HPOS="506" VPOS="601" WIDTH="53" HEIGHT="21" WC="0.95" CONTENT="skall"/><SP WIDTH="15" VPOS="601" HPOS="559"/>
							<String ID="string_162" HPOS="574" VPOS="601" WIDTH="23" HEIGHT="21" WC="0.93" CONTENT="få"/><SP WIDTH="15" VPOS="601" HPOS="597"/>
							<String ID="string_163" HPOS="612" VPOS="601" WIDTH="98" HEIGHT="21" WC="0.91" CONTENT="bedrifva"/><SP WIDTH="15" VPOS="601" HPOS="710"/>
							<String ID="string_164" HPOS="725" VPOS="601" WIDTH="144" HEIGHT="21" WC="0.91" CONTENT="auktionsför-"/>
						</TextLine>
						<TextLine ID="line_17" HPOS="47" VPOS="629" WIDTH="822" HEIGHT="29">
							<String ID="string_165" HPOS="47" VPOS="630" WIDTH="94" HEIGHT="28" WC="0.95" CONTENT="rättning"/><SP WIDTH="15" VPOS="630" HPOS="141"/>
							<String ID="string_166" HPOS="156" VPOS="630" WIDTH="70" HEIGHT="21" WC="0.96" CONTENT="såsom"/><SP WIDTH="15" VPOS="630" HPOS="226"/>
							<String ID="string_167" HPOS="241" VPOS="630" WIDTH="59" HEIGHT="28" WC="0.93" CONTENT="yrke."/><SP WIDTH="28" VPOS="630" HPOS="300"/>
							<String ID="string_168" HPOS="328" VPOS="629" WIDTH="71" HEIGHT="22" WC="0.90" CONTENT="Häraf"/><SP WIDTH="15" VPOS="629" HPOS="399"/>
							<String ID="string_169" HPOS="414" VPOS="630" WIDTH="62" HEIGHT="28" WC="0.96" CONTENT="följer"/><SP WIDTH="14" VPOS="630" HPOS="476"/>
							<String ID="string_170" HPOS="490" VPOS="630" WIDTH="95" HEIGHT="28" WC="0.96" CONTENT="tydligen"/><SP WIDTH="16" VPOS="630" HPOS="585"/>
							<String ID="string_171" HPOS="601" VPOS="633" WIDTH="30" HEIGHT="18" WC="0.96" CONTENT="att"/><SP WIDTH="15" VPOS="633" HPOS="631"/>
							<String ID="string_172" HPOS="646" VPOS="629" WIDTH="37" HEIGHT="22" WC="0.97" CONTENT="det"/><SP WIDTH="14" VPOS="629" HPOS="683"/>
							<String ID="string_173" HPOS="697" VPOS="630" WIDTH="7" HEIGHT="20" WC="0.84" CONTENT="i"/><SP WIDTH="9" VPOS="630" HPOS="704"/>
							<String ID="string_174" HPOS="713" VPOS="629" WIDTH="156" HEIGHT="21" WC="0.82" CONTENT="administrativ"/>
						</TextLine>
						<TextLine ID="line_18" HPOS="48" VPOS="657" WIDTH="821" HEIGHT="29">
							<String ID="string_175" HPOS="48" VPOS="660" WIDTH="42" HEIGHT="26" WC="0.96" CONTENT="väg"/><SP WIDTH="22" VPOS="660" HPOS="90"/>
							<String ID="string_176" HPOS="112" VPOS="658" WIDTH="39" HEIGHT="21" WC="0.96" CONTENT="bör"/><SP WIDTH="21" VPOS="658" HPOS="151"/>
							<String ID="string_177" HPOS="172" VPOS="659" WIDTH="23" HEIGHT="20" WC="0.96" CONTENT="få"/><SP WIDTH="23" VPOS="659" HPOS="195"/>
							<String ID="string_178" HPOS="218" VPOS="659" WIDTH="134" HEIGHT="26" WC="0.95" CONTENT="bestämmas,"/><SP WIDTH="20" VPOS="659" HPOS="352"/>
							<String ID="string_179" HPOS="372" VPOS="659" WIDTH="54" HEIGHT="21" WC="0.96" CONTENT="huru"/><SP WIDTH="25" VPOS="659" HPOS="426"/>
							<String ID="string_180" HPOS="451" VPOS="658" WIDTH="109" HEIGHT="22" WC="0.96" CONTENT="beskaffad"/><SP WIDTH="16" VPOS="658" HPOS="560"/>
							<String ID="string_181" HPOS="576" VPOS="659" WIDTH="41" HEIGHT="20" WC="0.93" CONTENT="den"/><SP WIDTH="18" VPOS="659" HPOS="617"/>
							<String ID="string_182" HPOS="635" VPOS="658" WIDTH="164" HEIGHT="28" WC="0.90" CONTENT="bolagsstyrelse"/><SP WIDTH="15" VPOS="658" HPOS="799"/>
							<String ID="string_183" HPOS="814" VPOS="657" WIDTH="55" HEIGHT="22" WC="0.96" CONTENT="skall"/>
						</TextLine>
						<TextLine ID="line_19" HPOS="48" VPOS="687" WIDTH="821" HEIGHT="28">
							<String ID="string_184" HPOS="48" VPOS="694" WIDTH="57" HEIGHT="19" WC="0.96" CONTENT="vara,"/><SP WIDTH="16" VPOS="694" HPOS="105"/>
							<String ID="string_185" HPOS="121" VPOS="687" WIDTH="23" HEIGHT="21" WC="0.96" CONTENT="åt"/><SP WIDTH="14" VPOS="687" HPOS="144"/>
							<String ID="string_186" HPOS="158" VPOS="687" WIDTH="86" HEIGHT="21" WC="0.96" CONTENT="hvilken"/><SP WIDTH="16" VPOS="687" HPOS="244"/>
							<String ID="string_187" HPOS="260" VPOS="687" WIDTH="162" HEIGHT="28" WC="0.96" CONTENT="ifrågavarande"/><SP WIDTH="15" VPOS="687" HPOS="422"/>
							<String ID="string_188" HPOS="437" VPOS="689" WIDTH="43" HEIGHT="19" WC="0.96" CONTENT="rätt"/><SP WIDTH="15" VPOS="689" HPOS="480"/>
							<String ID="string_189" HPOS="495" VPOS="687" WIDTH="41" HEIGHT="20" WC="0.93" CONTENT="kan"/><SP WIDTH="15" VPOS="687" HPOS="536"/>
							<String ID="string_190" HPOS="551" VPOS="687" WIDTH="143" HEIGHT="21" WC="0.90" CONTENT="tillerkännas."/><SP WIDTH="29" VPOS="687" HPOS="694"/>
							<String ID="string_191" HPOS="723" VPOS="687" WIDTH="71" HEIGHT="20" WC="0.93" CONTENT="Alltså"/><SP WIDTH="14" VPOS="687" HPOS="794"/>
							<String ID="string_192" HPOS="808" VPOS="687" WIDTH="61" HEIGHT="20" WC="0.91" CONTENT="inne-"/>
						</TextLine>
						<TextLine ID="line_20" HPOS="49" VPOS="715" WIDTH="821" HEIGHT="29">
							<String ID="string_193" HPOS="49" VPOS="715" WIDTH="37" HEIGHT="21" WC="0.96" CONTENT="bär"/><SP WIDTH="17" VPOS="715" HPOS="86"/>
							<String ID="string_194" HPOS="103" VPOS="715" WIDTH="42" HEIGHT="22" WC="0.96" CONTENT="den"/><SP WIDTH="16" VPOS="715" HPOS="145"/>
							<String ID="string_195" HPOS="161" VPOS="715" WIDTH="89" HEIGHT="22" WC="0.96" CONTENT="anförda"/><SP WIDTH="15" VPOS="715" HPOS="250"/>
							<String ID="string_196" HPOS="265" VPOS="715" WIDTH="170" HEIGHT="29" WC="0.95" CONTENT="begränsningen"/><SP WIDTH="16" VPOS="715" HPOS="435"/>
							<String ID="string_197" HPOS="451" VPOS="716" WIDTH="48" HEIGHT="21" WC="0.96" CONTENT="icke"/><SP WIDTH="15" VPOS="716" HPOS="499"/>
							<String ID="string_198" HPOS="514" VPOS="715" WIDTH="71" HEIGHT="29" WC="0.96" CONTENT="någon"/><SP WIDTH="14" VPOS="715" HPOS="585"/>
							<String ID="string_199" HPOS="599" VPOS="715" WIDTH="90" HEIGHT="28" WC="0.96" CONTENT="ändring"/><SP WIDTH="16" VPOS="715" HPOS="689"/>
							<String ID="string_200" HPOS="705" VPOS="715" WIDTH="22" HEIGHT="20" WC="0.92" CONTENT="af"/><SP WIDTH="15" VPOS="715" HPOS="727"/>
							<String ID="string_201" HPOS="742" VPOS="715" WIDTH="128" HEIGHT="27" WC="0.92" CONTENT="ständerlag:"/>
						</TextLine>
					</TextBlock>
				</ComposedBlock>
				<ComposedBlock ID="cblock_3" HPOS="47" VPOS="772" WIDTH="825" HEIGHT="86">
					<TextBlock ID="block_2" HPOS="47" VPOS="772" WIDTH="825" HEIGHT="86">
						<TextLine ID="line_21" HPOS="117" VPOS="772" WIDTH="755" HEIGHT="29">
							<String ID="string_202" HPOS="117" VPOS="773" WIDTH="71" HEIGHT="21" WC="0.96" CONTENT="Sedan"/><SP WIDTH="22" VPOS="773" HPOS="188"/>
							<String ID="string_203" HPOS="210" VPOS="773" WIDTH="87" HEIGHT="21" WC="0.96" CONTENT="härmed"/><SP WIDTH="15" VPOS="773" HPOS="297"/>
							<String ID="string_204" HPOS="312" VPOS="773" WIDTH="42" HEIGHT="22" WC="0.96" CONTENT="den"/><SP WIDTH="16" VPOS="773" HPOS="354"/>
							<String ID="string_205" HPOS="370" VPOS="773" WIDTH="105" HEIGHT="21" WC="0.93" CONTENT="allmänna"/><SP WIDTH="14" VPOS="773" HPOS="475"/>
							<String ID="string_206" HPOS="489" VPOS="773" WIDTH="190" HEIGHT="28" WC="0.91" CONTENT="öfverläggningen"/><SP WIDTH="16" VPOS="773" HPOS="679"/>
							<String ID="string_207" HPOS="695" VPOS="773" WIDTH="6" HEIGHT="20" WC="0.96" CONTENT="i"/><SP WIDTH="16" VPOS="773" HPOS="701"/>
							<String ID="string_208" HPOS="717" VPOS="774" WIDTH="71" HEIGHT="19" WC="0.93" CONTENT="ämnet"/><SP WIDTH="15" VPOS="774" HPOS="788"/>
							<String ID="string_209" HPOS="803" VPOS="772" WIDTH="69" HEIGHT="21" WC="0.90" CONTENT="afslu-"/>
						</TextLine>
						<TextLine ID="line_22" HPOS="47" VPOS="801" WIDTH="824" HEIGHT="28">
							<String ID="string_210" HPOS="47" VPOS="804" WIDTH="49" HEIGHT="24" WC="0.92" CONTENT="tats,"/><SP WIDTH="15" VPOS="804" HPOS="96"/>
							<String ID="string_211" HPOS="111" VPOS="801" WIDTH="112" HEIGHT="28" WC="0.91" CONTENT="öfvergick"/><SP WIDTH="15" VPOS="801" HPOS="223"/>
							<String ID="string_212" HPOS="238" VPOS="802" WIDTH="25" HEIGHT="21" WC="0.96" CONTENT="R."/><SP WIDTH="16" VPOS="802" HPOS="263"/>
							<String ID="string_213" HPOS="279" VPOS="809" WIDTH="18" HEIGHT="14" WC="0.96" CONTENT="o."/><SP WIDTH="15" VPOS="809" HPOS="297"/>
							<String ID="string_214" HPOS="312" VPOS="803" WIDTH="26" HEIGHT="20" WC="0.96" CONTENT="A."/><SP WIDTH="14" VPOS="803" HPOS="338"/>
							<String ID="string_215" HPOS="352" VPOS="802" WIDTH="33" HEIGHT="21" WC="0.93" CONTENT="till"/><SP WIDTH="15" VPOS="802" HPOS="385"/>
							<String ID="string_216" HPOS="400" VPOS="802" WIDTH="196" HEIGHT="27" WC="0.92" CONTENT="detaljgranskning"/><SP WIDTH="15" VPOS="802" HPOS="596"/>
							<String ID="string_217" HPOS="611" VPOS="801" WIDTH="22" HEIGHT="21" WC="0.96" CONTENT="af"/><SP WIDTH="15" VPOS="801" HPOS="633"/>
							<String ID="string_218" HPOS="648" VPOS="801" WIDTH="144" HEIGHT="28" WC="0.96" CONTENT="lagförslaget,"/><SP WIDTH="12" VPOS="801" HPOS="792"/>
							<String ID="string_219" HPOS="804" VPOS="801" WIDTH="67" HEIGHT="21" WC="0.96" CONTENT="hvars"/>
						</TextLine>
						<TextLine ID="line_23" HPOS="48" VPOS="830" WIDTH="513" HEIGHT="28">
							<String ID="string_220" HPOS="48" VPOS="832" WIDTH="12" HEIGHT="20" WC="0.85" CONTENT="1"/><SP WIDTH="14" VPOS="832" HPOS="60"/>
							<String ID="string_221" HPOS="74" VPOS="831" WIDTH="15" HEIGHT="27" WC="0.49" CONTENT="$"/><SP WIDTH="17" VPOS="831" HPOS="89"/>
							<String ID="string_222" HPOS="106" VPOS="835" WIDTH="76" HEIGHT="23" WC="0.96" CONTENT="antogs"/><SP WIDTH="15" VPOS="835" HPOS="182"/>
							<String ID="string_223" HPOS="197" VPOS="830" WIDTH="68" HEIGHT="28" WC="0.96" CONTENT="enligt"/><SP WIDTH="14" VPOS="830" HPOS="265"/>
							<String ID="string_224" HPOS="279" VPOS="830" WIDTH="124" HEIGHT="22" WC="0.96" CONTENT="Utskottets"/><SP WIDTH="17" VPOS="830" HPOS="403"/>
							<String ID="string_225" HPOS="420" VPOS="830" WIDTH="141" HEIGHT="21" WC="0.96" CONTENT="betänkande."/>
						</TextLine>
					</TextBlock>
				</ComposedBlock>
				<ComposedBlock ID="cblock_4" HPOS="49" VPOS="886" WIDTH="822" HEIGHT="86">
					<TextBlock ID="block_3" HPOS="49" VPOS="886" WIDTH="822" HEIGHT="86">
						<TextLine ID="line_24" HPOS="117" VPOS="886" WIDTH="754" HEIGHT="30">
							<String ID="string_226" HPOS="117" VPOS="887" WIDTH="35" HEIGHT="21" WC="0.95" CONTENT="Då"/><SP WIDTH="22" VPOS="887" HPOS="152"/>
							<String ID="string_227" HPOS="174" VPOS="887" WIDTH="93" HEIGHT="22" WC="0.92" CONTENT="derefter"/><SP WIDTH="22" VPOS="887" HPOS="267"/>
							<String ID="string_228" HPOS="289" VPOS="888" WIDTH="15" HEIGHT="28" WC="0.92" CONTENT="$"/><SP WIDTH="24" VPOS="888" HPOS="304"/>
							<String ID="string_229" HPOS="328" VPOS="888" WIDTH="15" HEIGHT="20" WC="0.95" CONTENT="2"/><SP WIDTH="21" VPOS="888" HPOS="343"/>
							<String ID="string_230" HPOS="364" VPOS="887" WIDTH="118" HEIGHT="28" WC="0.96" CONTENT="föredrogs,"/><SP WIDTH="22" VPOS="887" HPOS="482"/>
							<String ID="string_231" HPOS="504" VPOS="887" WIDTH="71" HEIGHT="22" WC="0.96" CONTENT="anhöll"/><SP WIDTH="21" VPOS="887" HPOS="575"/>
							<String ID="string_232" HPOS="596" VPOS="887" WIDTH="34" HEIGHT="21" WC="0.93" CONTENT="Hr"/><SP WIDTH="15" VPOS="887" HPOS="630"/>
							<String ID="string_233" HPOS="645" VPOS="886" WIDTH="141" HEIGHT="22" WC="0.92" CONTENT="Mechelin"/><SP WIDTH="15" VPOS="886" HPOS="786"/>
							<String ID="string_234" HPOS="801" VPOS="889" WIDTH="31" HEIGHT="18" WC="0.96" CONTENT="att"/><SP WIDTH="15" VPOS="889" HPOS="832"/>
							<String ID="string_235" HPOS="847" VPOS="886" WIDTH="24" HEIGHT="21" WC="0.96" CONTENT="få"/>
						</TextLine>
						<TextLine ID="line_25" HPOS="49" VPOS="914" WIDTH="822" HEIGHT="30">
							<String ID="string_236" HPOS="49" VPOS="916" WIDTH="117" HEIGHT="21" WC="0.89" CONTENT="återhemta"/><SP WIDTH="23" VPOS="916" HPOS="166"/>
							<String ID="string_237" HPOS="189" VPOS="917" WIDTH="38" HEIGHT="20" WC="0.96" CONTENT="sitt"/><SP WIDTH="21" VPOS="917" HPOS="227"/>
							<String ID="string_238" HPOS="248" VPOS="916" WIDTH="68" HEIGHT="21" WC="0.96" CONTENT="under"/><SP WIDTH="22" VPOS="916" HPOS="316"/>
							<String ID="string_239" HPOS="338" VPOS="916" WIDTH="42" HEIGHT="21" WC="0.96" CONTENT="den"/><SP WIDTH="23" VPOS="916" HPOS="380"/>
							<String ID="string_240" HPOS="403" VPOS="916" WIDTH="106" HEIGHT="21" WC="0.95" CONTENT="allmänna"/><SP WIDTH="19" VPOS="916" HPOS="509"/>
							<String ID="string_241" HPOS="528" VPOS="916" WIDTH="100" HEIGHT="21" WC="0.96" CONTENT="debatten"/><SP WIDTH="15" VPOS="916" HPOS="628"/>
							<String ID="string_242" HPOS="643" VPOS="915" WIDTH="74" HEIGHT="28" WC="0.96" CONTENT="gjorda"/><SP WIDTH="14" VPOS="915" HPOS="717"/>
							<String ID="string_243" HPOS="731" VPOS="915" WIDTH="95" HEIGHT="29" WC="0.96" CONTENT="yrkande"/><SP WIDTH="16" VPOS="915" HPOS="826"/>
							<String ID="string_244" HPOS="842" VPOS="914" WIDTH="29" HEIGHT="29" WC="0.96" CONTENT="på"/>
						</TextLine>
						<TextLine ID="line_26" HPOS="49" VPOS="944" WIDTH="705" HEIGHT="28">
							<String ID="string_245" HPOS="49" VPOS="945" WIDTH="119" HEIGHT="21" WC="0.96" CONTENT="återremiss"/><SP WIDTH="15" VPOS="945" HPOS="168"/>
							<String ID="string_246" HPOS="183" VPOS="945" WIDTH="32" HEIGHT="21" WC="0.96" CONTENT="till"/><SP WIDTH="17" VPOS="945" HPOS="215"/>
							<String ID="string_247" HPOS="232" VPOS="944" WIDTH="112" HEIGHT="23" WC="0.96" CONTENT="Utskottet"/><SP WIDTH="14" VPOS="944" HPOS="344"/>
							<String ID="string_248" HPOS="358" VPOS="946" WIDTH="7" HEIGHT="20" WC="0.96" CONTENT="i"/><SP WIDTH="15" VPOS="946" HPOS="365"/>
							<String ID="string_249" HPOS="380" VPOS="944" WIDTH="38" HEIGHT="22" WC="0.96" CONTENT="det"/><SP WIDTH="14" VPOS="944" HPOS="418"/>
							<String ID="string_250" HPOS="432" VPOS="945" WIDTH="23" HEIGHT="21" WC="0.95" CONTENT="af"/><SP WIDTH="14" VPOS="945" HPOS="455"/>
							<String ID="string_251" HPOS="469" VPOS="945" WIDTH="78" HEIGHT="21" WC="0.96" CONTENT="honom"/><SP WIDTH="15" VPOS="945" HPOS="547"/>
							<String ID="string_252" HPOS="562" VPOS="944" WIDTH="114" HEIGHT="22" WC="0.96" CONTENT="förordade"/><SP WIDTH="16" VPOS="944" HPOS="676"/>
							<String ID="string_253" HPOS="692" VPOS="944" WIDTH="62" HEIGHT="28" WC="0.95" CONTENT="syfte."/>
						</TextLine>
					</TextBlock>
				</ComposedBlock>
				<ComposedBlock ID="cblock_5" HPOS="49" VPOS="1001" WIDTH="822" HEIGHT="57">
					<TextBlock ID="block_4" HPOS="49" VPOS="1001" WIDTH="822" HEIGHT="57">
						<TextLine ID="line_27" HPOS="119" VPOS="1001" WIDTH="752" HEIGHT="28">
							<String ID="string_254" HPOS="119" VPOS="1001" WIDTH="71" HEIGHT="22" WC="0.93" CONTENT="Sedan"/><SP WIDTH="22" VPOS="1001" HPOS="190"/>
							<String ID="string_255" HPOS="212" VPOS="1001" WIDTH="57" HEIGHT="22" WC="0.85" CONTENT="Frih."/><SP WIDTH="23" VPOS="1001" HPOS="269"/>
							<String ID="string_256" HPOS="292" VPOS="1002" WIDTH="28" HEIGHT="21" WC="0.96" CONTENT="H."/><SP WIDTH="23" VPOS="1002" HPOS="320"/>
							<String ID="string_257" HPOS="343" VPOS="1002" WIDTH="146" HEIGHT="21" WC="0.96" CONTENT="Molander"/><SP WIDTH="22" VPOS="1002" HPOS="489"/>
							<String ID="string_258" HPOS="511" VPOS="1002" WIDTH="73" HEIGHT="21" WC="0.96" CONTENT="härom"/><SP WIDTH="19" VPOS="1002" HPOS="584"/>
							<String ID="string_259" HPOS="603" VPOS="1001" WIDTH="84" HEIGHT="22" WC="0.95" CONTENT="förenat"/><SP WIDTH="15" VPOS="1001" HPOS="687"/>
							<String ID="string_260" HPOS="702" VPOS="1002" WIDTH="39" HEIGHT="27" WC="0.93" CONTENT="sig,"/><SP WIDTH="15" VPOS="1002" HPOS="741"/>
							<String ID="string_261" HPOS="756" VPOS="1001" WIDTH="115" HEIGHT="21" WC="0.92" CONTENT="öfverlem-"/>
						</TextLine>
						<TextLine ID="line_28" HPOS="49" VPOS="1029" WIDTH="756" HEIGHT="29">
							<String ID="string_262" HPOS="49" VPOS="1031" WIDTH="55" HEIGHT="22" WC="0.92" CONTENT="nade"/><SP WIDTH="15" VPOS="1031" HPOS="104"/>
							<String ID="string_263" HPOS="119" VPOS="1031" WIDTH="35" HEIGHT="21" WC="0.93" CONTENT="Hr"/><SP WIDTH="14" VPOS="1031" HPOS="154"/>
							<String ID="string_264" HPOS="168" VPOS="1031" WIDTH="206" HEIGHT="21" WC="0.91" CONTENT="Landtmarskalken"/><SP WIDTH="15" VPOS="1031" HPOS="374"/>
							<String ID="string_265" HPOS="389" VPOS="1031" WIDTH="32" HEIGHT="20" WC="0.96" CONTENT="till"/><SP WIDTH="15" VPOS="1031" HPOS="421"/>
							<String ID="string_266" HPOS="436" VPOS="1031" WIDTH="25" HEIGHT="21" WC="0.96" CONTENT="R."/><SP WIDTH="16" VPOS="1031" HPOS="461"/>
							<String ID="string_267" HPOS="477" VPOS="1038" WIDTH="18" HEIGHT="14" WC="0.88" CONTENT="o."/><SP WIDTH="15" VPOS="1038" HPOS="495"/>
							<String ID="string_268" HPOS="510" VPOS="1031" WIDTH="39" HEIGHT="21" WC="0.92" CONTENT="A:s"/><SP WIDTH="15" VPOS="1031" HPOS="549"/>
							<String ID="string_269" HPOS="564" VPOS="1031" WIDTH="131" HEIGHT="21" WC="0.93" CONTENT="besvarande"/><SP WIDTH="15" VPOS="1031" HPOS="695"/>
							<String ID="string_270" HPOS="710" VPOS="1029" WIDTH="95" HEIGHT="29" WC="0.96" CONTENT="följande"/>
						</TextLine>
					</TextBlock>
				</ComposedBlock>
				<ComposedBlock ID="cblock_6" HPOS="312" VPOS="1117" WIDTH="296" HEIGHT="28">
					<TextBlock ID="block_5" HPOS="312" VPOS="1117" WIDTH="296" HEIGHT="28">
						<TextLine ID="line_29" HPOS="312" VPOS="1117" WIDTH="296" HEIGHT="28">
							<String ID="string_271" HPOS="312" VPOS="1117" WIDTH="284" HEIGHT="28" WC="0.90" CONTENT="Omröstningsproposition"/><SP WIDTH="7" VPOS="1117" HPOS="596"/>
							<String ID="string_272" HPOS="603" VPOS="1124" WIDTH="5" HEIGHT="13" WC="0.92" CONTENT=":"/>
						</TextLine>
					</TextBlock>
				</ComposedBlock>
				<ComposedBlock ID="cblock_7" HPOS="51" VPOS="1173" WIDTH="820" HEIGHT="59">
					<TextBlock ID="block_6" HPOS="51" VPOS="1173" WIDTH="820" HEIGHT="59">
						<TextLine ID="line_30" HPOS="119" VPOS="1173" WIDTH="752" HEIGHT="29">
							<String ID="string_273" HPOS="119" VPOS="1174" WIDTH="55" HEIGHT="27" WC="0.95" CONTENT="Den,"/><SP WIDTH="23" VPOS="1174" HPOS="174"/>
							<String ID="string_274" HPOS="197" VPOS="1182" WIDTH="45" HEIGHT="13" WC="0.95" CONTENT="som"/><SP WIDTH="23" VPOS="1182" HPOS="242"/>
							<String ID="string_275" HPOS="265" VPOS="1174" WIDTH="125" HEIGHT="28" WC="0.92" CONTENT="godkänner"/><SP WIDTH="15" VPOS="1174" HPOS="390"/>
							<String ID="string_276" HPOS="405" VPOS="1175" WIDTH="12" HEIGHT="27" WC="0.81" CONTENT="$"/><SP WIDTH="16" VPOS="1175" HPOS="417"/>
							<String ID="string_277" HPOS="433" VPOS="1175" WIDTH="12" HEIGHT="19" WC="0.96" CONTENT="2"/><SP WIDTH="17" VPOS="1175" HPOS="445"/>
							<String ID="string_278" HPOS="462" VPOS="1174" WIDTH="66" HEIGHT="27" WC="0.93" CONTENT="enligt"/><SP WIDTH="15" VPOS="1174" HPOS="528"/>
							<String ID="string_279" HPOS="543" VPOS="1173" WIDTH="123" HEIGHT="22" WC="0.96" CONTENT="Utskottets"/><SP WIDTH="16" VPOS="1173" HPOS="666"/>
							<String ID="string_280" HPOS="682" VPOS="1173" WIDTH="140" HEIGHT="26" WC="0.93" CONTENT="betänkande,"/><SP WIDTH="14" VPOS="1173" HPOS="822"/>
							<String ID="string_281" HPOS="836" VPOS="1174" WIDTH="35" HEIGHT="20" WC="0.93" CONTENT="rö-"/>
						</TextLine>
						<TextLine ID="line_31" HPOS="51" VPOS="1204" WIDTH="88" HEIGHT="28">
							<String ID="string_282" HPOS="51" VPOS="1206" WIDTH="43" HEIGHT="18" WC="0.96" CONTENT="star"/><SP WIDTH="13" VPOS="1206" HPOS="94"/>
							<String ID="string_283" HPOS="107" VPOS="1204" WIDTH="32" HEIGHT="28" WC="0.96" CONTENT="ja;"/>
						</TextLine>
					</TextBlock>
				</ComposedBlock>
				<ComposedBlock ID="cblock_8" HPOS="50" VPOS="1259" WIDTH="820" HEIGHT="57">
					<TextBlock ID="block_7" HPOS="50" VPOS="1259" WIDTH="820" HEIGHT="57">
						<TextLine ID="line_32" HPOS="119" VPOS="1259" WIDTH="751" HEIGHT="29">
							<String ID="string_284" HPOS="119" VPOS="1260" WIDTH="76" HEIGHT="22" WC="0.92" CONTENT="vinner"/><SP WIDTH="21" VPOS="1260" HPOS="195"/>
							<String ID="string_285" HPOS="216" VPOS="1260" WIDTH="41" HEIGHT="28" WC="0.93" CONTENT="nej,"/><SP WIDTH="15" VPOS="1260" HPOS="257"/>
							<String ID="string_286" HPOS="272" VPOS="1259" WIDTH="164" HEIGHT="22" WC="0.92" CONTENT="äterremitteras"/><SP WIDTH="15" VPOS="1259" HPOS="436"/>
							<String ID="string_287" HPOS="451" VPOS="1260" WIDTH="88" HEIGHT="21" WC="0.92" CONTENT="ärendet"/><SP WIDTH="14" VPOS="1260" HPOS="539"/>
							<String ID="string_288" HPOS="553" VPOS="1260" WIDTH="7" HEIGHT="20" WC="0.96" CONTENT="i"/><SP WIDTH="16" VPOS="1260" HPOS="560"/>
							<String ID="string_289" HPOS="576" VPOS="1260" WIDTH="69" HEIGHT="21" WC="0.97" CONTENT="denna"/><SP WIDTH="15" VPOS="1260" HPOS="645"/>
							<String ID="string_290" HPOS="660" VPOS="1260" WIDTH="35" HEIGHT="20" WC="0.96" CONTENT="del"/><SP WIDTH="14" VPOS="1260" HPOS="695"/>
							<String ID="string_291" HPOS="709" VPOS="1260" WIDTH="33" HEIGHT="20" WC="0.92" CONTENT="till"/><SP WIDTH="14" VPOS="1260" HPOS="742"/>
							<String ID="string_292" HPOS="756" VPOS="1259" WIDTH="58" HEIGHT="28" WC="0.92" CONTENT="Lag-"/><SP WIDTH="15" VPOS="1259" HPOS="814"/>
							<String ID="string_293" HPOS="829" VPOS="1259" WIDTH="41" HEIGHT="21" WC="0.96" CONTENT="och"/>
						</TextLine>
						<TextLine ID="line_33" HPOS="50" VPOS="1288" WIDTH="703" HEIGHT="28">
							<String ID="string_294" HPOS="50" VPOS="1288" WIDTH="213" HEIGHT="22" WC="0.90" CONTENT="Ekonomiutskottet"/><SP WIDTH="14" VPOS="1288" HPOS="263"/>
							<String ID="string_295" HPOS="277" VPOS="1289" WIDTH="8" HEIGHT="20" WC="0.96" CONTENT="i"/><SP WIDTH="15" VPOS="1289" HPOS="285"/>
							<String ID="string_296" HPOS="300" VPOS="1288" WIDTH="36" HEIGHT="22" WC="0.93" CONTENT="det"/><SP WIDTH="15" VPOS="1288" HPOS="336"/>
							<String ID="string_297" HPOS="351" VPOS="1288" WIDTH="101" HEIGHT="22" WC="0.92" CONTENT="afseende"/><SP WIDTH="15" VPOS="1288" HPOS="452"/>
							<String ID="string_298" HPOS="467" VPOS="1288" WIDTH="34" HEIGHT="22" WC="0.96" CONTENT="Hr"/><SP WIDTH="15" VPOS="1288" HPOS="501"/>
							<String ID="string_299" HPOS="516" VPOS="1288" WIDTH="107" HEIGHT="22" WC="0.93" CONTENT="Mechelin"/><SP WIDTH="15" VPOS="1288" HPOS="623"/>
							<String ID="string_300" HPOS="638" VPOS="1288" WIDTH="115" HEIGHT="28" WC="0.92" CONTENT="föreslagit."/>
						</TextLine>
					</TextBlock>
				</ComposedBlock>
				<ComposedBlock ID="cblock_9" HPOS="49" VPOS="1344" WIDTH="822" HEIGHT="170">
					<TextBlock ID="block_8" HPOS="49" VPOS="1344" WIDTH="822" HEIGHT="170">
						<TextLine ID="line_34" HPOS="118" VPOS="1344" WIDTH="751" HEIGHT="28">
							<String ID="string_301" HPOS="118" VPOS="1344" WIDTH="33" HEIGHT="22" WC="0.90" CONTENT="Pä"/><SP WIDTH="22" VPOS="1344" HPOS="151"/>
							<String ID="string_302" HPOS="173" VPOS="1345" WIDTH="92" HEIGHT="27" WC="0.90" CONTENT="begäran"/><SP WIDTH="23" VPOS="1345" HPOS="265"/>
							<String ID="string_303" HPOS="288" VPOS="1344" WIDTH="108" HEIGHT="21" WC="0.90" CONTENT="anstäldes"/><SP WIDTH="23" VPOS="1344" HPOS="396"/>
							<String ID="string_304" HPOS="419" VPOS="1344" WIDTH="69" HEIGHT="21" WC="0.92" CONTENT="sluten"/><SP WIDTH="16" VPOS="1344" HPOS="488"/>
							<String ID="string_305" HPOS="504" VPOS="1345" WIDTH="101" HEIGHT="27" WC="0.92" CONTENT="votering,"/><SP WIDTH="18" VPOS="1345" HPOS="605"/>
							<String ID="string_306" HPOS="623" VPOS="1344" WIDTH="41" HEIGHT="20" WC="0.96" CONTENT="och"/><SP WIDTH="15" VPOS="1344" HPOS="664"/>
							<String ID="string_307" HPOS="679" VPOS="1344" WIDTH="28" HEIGHT="20" WC="0.96" CONTENT="dä"/><SP WIDTH="15" VPOS="1344" HPOS="707"/>
							<String ID="string_308" HPOS="722" VPOS="1344" WIDTH="69" HEIGHT="20" WC="0.93" CONTENT="denna"/><SP WIDTH="15" VPOS="1344" HPOS="791"/>
							<String ID="string_309" HPOS="806" VPOS="1344" WIDTH="63" HEIGHT="20" WC="0.92" CONTENT="utföll"/>
						</TextLine>
						<TextLine ID="line_35" HPOS="50" VPOS="1372" WIDTH="819" HEIGHT="29">
							<String ID="string_310" HPOS="50" VPOS="1372" WIDTH="49" HEIGHT="22" WC="0.96" CONTENT="med"/><SP WIDTH="23" VPOS="1372" HPOS="99"/>
							<String ID="string_311" HPOS="122" VPOS="1374" WIDTH="26" HEIGHT="20" WC="0.96" CONTENT="19"/><SP WIDTH="21" VPOS="1374" HPOS="148"/>
							<String ID="string_312" HPOS="169" VPOS="1374" WIDTH="21" HEIGHT="27" WC="0.96" CONTENT="ja"/><SP WIDTH="20" VPOS="1374" HPOS="190"/>
							<String ID="string_313" HPOS="210" VPOS="1375" WIDTH="57" HEIGHT="19" WC="0.96" CONTENT="emot"/><SP WIDTH="14" VPOS="1375" HPOS="267"/>
							<String ID="string_314" HPOS="281" VPOS="1373" WIDTH="27" HEIGHT="20" WC="0.96" CONTENT="44"/><SP WIDTH="16" VPOS="1373" HPOS="308"/>
							<String ID="string_315" HPOS="324" VPOS="1373" WIDTH="40" HEIGHT="27" WC="0.96" CONTENT="nej,"/><SP WIDTH="15" VPOS="1373" HPOS="364"/>
							<String ID="string_316" HPOS="379" VPOS="1372" WIDTH="55" HEIGHT="21" WC="0.96" CONTENT="hade"/><SP WIDTH="14" VPOS="1372" HPOS="434"/>
							<String ID="string_317" HPOS="448" VPOS="1372" WIDTH="26" HEIGHT="21" WC="0.96" CONTENT="R."/><SP WIDTH="16" VPOS="1372" HPOS="474"/>
							<String ID="string_318" HPOS="490" VPOS="1380" WIDTH="19" HEIGHT="13" WC="0.96" CONTENT="o."/><SP WIDTH="15" VPOS="1380" HPOS="509"/>
							<String ID="string_319" HPOS="524" VPOS="1372" WIDTH="25" HEIGHT="21" WC="0.93" CONTENT="A."/><SP WIDTH="18" VPOS="1372" HPOS="549"/>
							<String ID="string_320" HPOS="567" VPOS="1372" WIDTH="86" HEIGHT="21" WC="0.93" CONTENT="beslutit"/><SP WIDTH="14" VPOS="1372" HPOS="653"/>
							<String ID="string_321" HPOS="667" VPOS="1372" WIDTH="153" HEIGHT="21" WC="0.93" CONTENT="återremittera"/><SP WIDTH="16" VPOS="1372" HPOS="820"/>
							<String ID="string_322" HPOS="836" VPOS="1373" WIDTH="33" HEIGHT="27" WC="0.85" CONTENT="$:n"/>
						</TextLine>
						<TextLine ID="line_36" HPOS="49" VPOS="1400" WIDTH="822" HEIGHT="29">
							<String ID="string_323" HPOS="49" VPOS="1402" WIDTH="34" HEIGHT="21" WC="0.92" CONTENT="till"/><SP WIDTH="20" VPOS="1402" HPOS="83"/>
							<String ID="string_324" HPOS="103" VPOS="1402" WIDTH="55" HEIGHT="27" WC="0.92" CONTENT="Lag-"/><SP WIDTH="24" VPOS="1402" HPOS="158"/>
							<String ID="string_325" HPOS="182" VPOS="1401" WIDTH="39" HEIGHT="21" WC="0.93" CONTENT="och"/><SP WIDTH="22" VPOS="1401" HPOS="221"/>
							<String ID="string_326" HPOS="243" VPOS="1401" WIDTH="213" HEIGHT="21" WC="0.91" CONTENT="Ekonomiutskottet"/><SP WIDTH="21" VPOS="1401" HPOS="456"/>
							<String ID="string_327" HPOS="477" VPOS="1402" WIDTH="7" HEIGHT="19" WC="0.96" CONTENT="i"/><SP WIDTH="23" VPOS="1402" HPOS="484"/>
							<String ID="string_328" HPOS="507" VPOS="1400" WIDTH="56" HEIGHT="28" WC="0.96" CONTENT="syfte"/><SP WIDTH="22" VPOS="1400" HPOS="563"/>
							<String ID="string_329" HPOS="585" VPOS="1404" WIDTH="32" HEIGHT="17" WC="0.96" CONTENT="att"/><SP WIDTH="21" VPOS="1404" HPOS="617"/>
							<String ID="string_330" HPOS="638" VPOS="1401" WIDTH="47" HEIGHT="20" WC="0.88" CONTENT="dei"/><SP WIDTH="17" VPOS="1401" HPOS="685"/>
							<String ID="string_331" HPOS="702" VPOS="1400" WIDTH="122" HEIGHT="22" WC="0.89" CONTENT="densamma"/><SP WIDTH="14" VPOS="1400" HPOS="824"/>
							<String ID="string_332" HPOS="838" VPOS="1402" WIDTH="33" HEIGHT="19" WC="0.90" CONTENT="in-"/>
						</TextLine>
						<TextLine ID="line_37" HPOS="50" VPOS="1429" WIDTH="821" HEIGHT="29">
							<String ID="string_333" HPOS="50" VPOS="1430" WIDTH="83" HEIGHT="28" WC="0.90" CONTENT="gäende"/><SP WIDTH="22" VPOS="1430" HPOS="133"/>
							<String ID="string_334" HPOS="155" VPOS="1430" WIDTH="185" HEIGHT="27" WC="0.91" CONTENT="bestämningarna"/><SP WIDTH="22" VPOS="1430" HPOS="340"/>
							<String ID="string_335" HPOS="362" VPOS="1430" WIDTH="68" HEIGHT="21" WC="0.93" CONTENT="skulle"/><SP WIDTH="21" VPOS="1430" HPOS="430"/>
							<String ID="string_336" HPOS="451" VPOS="1429" WIDTH="102" HEIGHT="22" WC="0.93" CONTENT="äterföras"/><SP WIDTH="23" VPOS="1429" HPOS="553"/>
							<String ID="string_337" HPOS="576" VPOS="1429" WIDTH="31" HEIGHT="21" WC="0.96" CONTENT="till"/><SP WIDTH="16" VPOS="1429" HPOS="607"/>
							<String ID="string_338" HPOS="623" VPOS="1429" WIDTH="41" HEIGHT="22" WC="0.93" CONTENT="den"/><SP WIDTH="17" VPOS="1429" HPOS="664"/>
							<String ID="string_339" HPOS="681" VPOS="1437" WIDTH="73" HEIGHT="20" WC="0.92" CONTENT="prop:n"/><SP WIDTH="16" VPOS="1437" HPOS="754"/>
							<String ID="string_340" HPOS="770" VPOS="1429" WIDTH="101" HEIGHT="28" WC="0.92" CONTENT="bifogade"/>
						</TextLine>
						<TextLine ID="line_38" HPOS="50" VPOS="1458" WIDTH="821" HEIGHT="28">
							<String ID="string_341" HPOS="50" VPOS="1459" WIDTH="128" HEIGHT="27" WC="0.94" CONTENT="författning"/><SP WIDTH="23" VPOS="1459" HPOS="178"/>
							<String ID="string_342" HPOS="201" VPOS="1466" WIDTH="33" HEIGHT="13" WC="0.93" CONTENT="om"/><SP WIDTH="22" VPOS="1466" HPOS="234"/>
							<String ID="string_343" HPOS="256" VPOS="1458" WIDTH="118" HEIGHT="21" WC="0.91" CONTENT="utöfvande"/><SP WIDTH="23" VPOS="1458" HPOS="374"/>
							<String ID="string_344" HPOS="397" VPOS="1458" WIDTH="23" HEIGHT="20" WC="0.93" CONTENT="af"/><SP WIDTH="22" VPOS="1458" HPOS="420"/>
							<String ID="string_345" HPOS="442" VPOS="1458" WIDTH="291" HEIGHT="28" WC="0.91" CONTENT="auktionsförrättareyrke."/><SP WIDTH="-6" VPOS="1458" HPOS="733"/>
							<String ID="string_346" HPOS="727" VPOS="1454" WIDTH="12" HEIGHT="36" WC="0.94" CONTENT="i"/><SP WIDTH="18" VPOS="1454" HPOS="739"/>
							<String ID="string_347" HPOS="757" VPOS="1458" WIDTH="53" HEIGHT="26" WC="0.96" CONTENT="stad,"/><SP WIDTH="15" VPOS="1458" HPOS="810"/>
							<String ID="string_348" HPOS="825" VPOS="1465" WIDTH="46" HEIGHT="14" WC="0.96" CONTENT="som"/>
						</TextLine>
						<TextLine ID="line_39" HPOS="49" VPOS="1486" WIDTH="550" HEIGHT="28">
							<String ID="string_349" HPOS="49" VPOS="1496" WIDTH="52" HEIGHT="14" WC="0.93" CONTENT="vore"/><SP WIDTH="16" VPOS="1496" HPOS="101"/>
							<String ID="string_350" HPOS="117" VPOS="1487" WIDTH="76" HEIGHT="22" WC="0.92" CONTENT="afsedd"/><SP WIDTH="15" VPOS="1487" HPOS="193"/>
							<String ID="string_351" HPOS="208" VPOS="1490" WIDTH="31" HEIGHT="18" WC="0.96" CONTENT="att"/><SP WIDTH="15" VPOS="1490" HPOS="239"/>
							<String ID="string_352" HPOS="254" VPOS="1488" WIDTH="7" HEIGHT="20" WC="0.93" CONTENT="i"/><SP WIDTH="15" VPOS="1488" HPOS="261"/>
							<String ID="string_353" HPOS="276" VPOS="1487" WIDTH="156" HEIGHT="21" WC="0.91" CONTENT="administrativ"/><SP WIDTH="10" VPOS="1487" HPOS="432"/>
							<String ID="string_354" HPOS="442" VPOS="1488" WIDTH="41" HEIGHT="26" WC="0.93" CONTENT="väg"/><SP WIDTH="15" VPOS="1488" HPOS="483"/>
							<String ID="string_355" HPOS="498" VPOS="1486" WIDTH="101" HEIGHT="22" WC="0.92" CONTENT="utfärdas."/>
						</TextLine>
					</TextBlock>
				</ComposedBlock>
			</PrintSpace>
		</Page>
	</Layout>
</alto>
