1064 1681
223 97 95 18 Svenska
330 99 38 16 och
380 98 68 17 finska
461 99 100 22 språkens
574 99 144 21 likställighet.
809 94 39 21 105

57 166 164 27 petitionärerne
236 166 48 21 icke
300 167 97 28 upptagit
411 167 32 20 till
451 167 105 28 reglering
563 175 76 20 genom
651 167 26 21 de
690 167 123 22 framstälda
821 169 57 27 prin-

56 195 92 27 ciperna,
170 197 52 18 utan
245 194 75 23 dervid
336 196 99 21 hänvisat
449 197 7 19 i
472 197 52 20 sista
539 197 94 27 punkten
648 196 32 20 till
695 196 57 21 hvad
768 196 110 28 angående

56 222 80 21 sådana
152 225 75 18 ämnen
244 225 22 18 är
282 224 51 21 eller
348 224 41 20 kan
406 224 65 21 varda
486 224 105 27 stadgadt.
620 225 43 20 Det
676 225 76 27 nådiga
764 226 114 27 reskriptet

55 250 47 21 från
125 251 23 20 år
165 251 61 25 1886,
242 259 32 12 om
291 252 82 20 hvilket
387 253 36 27 jag
437 260 50 20 nyss
503 260 76 20 genom
595 253 48 20 dess
659 253 131 27 uppläsande
806 253 74 21 tillåtit

56 279 43 27 mig
114 279 106 27 påminna,
234 281 82 20 utvisar
332 283 30 17 att
377 280 30 21 H.
422 281 29 20 M.
467 284 70 17 ansett
550 281 164 27 likställigheten
727 282 7 19 i
747 289 28 12 nu
790 282 89 20 berörda

56 307 102 21 afseende
182 315 50 13 vara
254 308 80 21 erkänd
356 316 77 19 genom
455 309 144 28 förklaringen
617 313 32 17 att
663 309 37 21 det
716 311 23 18 är
753 309 78 21 tillåtet
845 310 35 20 för

56 335 124 28 myndighet
196 339 30 18 att
243 336 95 28 begagna
354 336 60 22 såväl
429 337 92 21 svenska
536 345 45 13 som
597 338 67 20 finska
680 337 92 28 språket.

124 364 44 21 Det
182 365 64 28 yrkas
261 366 7 19 i
284 365 58 21 detta
358 366 209 27 petitionsmemorial
582 366 28 28 på
625 374 25 13 en
662 366 134 28 underdånig
806 366 72 21 anhål-

55 392 34 21 lan
110 392 78 27 derom,
211 397 32 17 att
263 393 27 21 H.
314 394 30 21 M.
367 394 65 21 måtte
455 395 64 21 aflåta
533 395 116 28 lagförslag
664 395 32 20 till
712 394 118 22 Ständerna
845 395 35 21 för

56 421 58 21 detta
129 422 187 28 maktpåliggande
332 423 89 21 ärendes
436 423 85 28 slutliga
536 423 89 28 lösning.
651 423 74 21 Såsom
737 423 67 21 kändt
814 423 65 22 hafva

56 449 26 21 de
97 449 67 22 hittils
181 451 102 21 utkomna
298 451 179 28 författningarna
493 451 109 28 angående
618 452 140 28 språkfrågan
774 452 106 21 utfärdats

55 479 7 20 i
78 486 15 13 s.
108 479 20 21 k.
151 479 156 22 administrativ
322 482 46 26 väg.
399 480 65 22 Olika
487 481 79 27 åsigter
588 481 65 21 hafva
676 481 124 27 visserligen
824 483 56 19 utta-

56 508 40 20 lats
126 508 110 26 angående
266 508 41 21 den
340 510 54 20 rätta
424 510 164 27 uppfattningen
613 517 34 13 om
673 510 207 26 lagstiftningskom-

56 538 102 25 petensen
179 536 27 28 på
228 536 58 21 detta
306 537 64 27 gebit,
392 545 48 13 men
462 538 65 27 något
542 537 116 28 afgörande
674 537 108 21 uttalande
799 538 6 20 i
821 538 59 20 detta

56 564 121 21 hänseende
199 564 115 28 föreligger
336 565 54 21 icke.
422 566 58 21 Vore
503 566 36 21 det
562 566 28 27 på
614 566 70 27 grund
706 566 23 20 af
744 566 38 20 vår
794 566 86 21 författ-

55 594 56 26 ning,
142 592 50 22 våra
216 594 135 28 grundlagar,
378 594 92 26 evident,
502 597 31 18 att
561 594 161 28 lagstiftningen
746 595 31 20 uti
800 594 80 21 sådana

55 623 76 19 ämnen
153 628 45 14 som
214 622 41 25 det,
270 622 102 21 hvarmed
388 623 23 20 vi
426 622 38 21 här
479 623 123 27 sysselsätta
617 630 41 18 oss,
674 622 120 28 otvetydigt
808 623 72 21 tillhör

55 649 28 21 H.
101 650 28 20 M.
145 657 78 19 ensam,
238 650 28 21 dä
281 651 71 21 kunde
368 651 22 20 vi
406 651 48 21 med
470 652 45 20 skäl
528 651 64 21 tveka
607 654 31 17 att
653 651 50 27 ingå
718 651 47 21 med
778 659 25 13 en
814 651 65 21 fram-

55 678 101 28 ställning
178 686 33 13 om
228 682 30 18 att
281 679 28 21 H.
331 679 30 21 M.
378 680 81 20 täcktes
475 680 56 21 afstå
545 680 48 21 från
610 680 32 20 sin
658 680 59 20 makt
731 681 7 19 i
754 680 59 21 detta
827 680 53 21 hän-

55 707 77 21 seende
148 714 77 21 genom
241 711 31 17 att
287 708 84 28 påkalla
387 708 130 22 Ständernas
533 708 135 22 medverkan.
695 708 32 28 Ty
743 708 37 22 det
795 711 23 19 är
828 711 51 19 utan

54 736 78 21 tvifvel
155 743 26 13 en
203 737 135 27 synnerligen
361 738 68 26 vigtig
451 738 82 27 princip
555 738 34 20 för
611 736 48 21 vårt
680 737 61 21 lands
756 738 76 27 politik
848 740 32 18 att

55 764 71 22 städse
142 764 32 22 till
188 765 52 21 fullo
256 766 122 28 respektera
393 766 131 21 Monarkens
540 765 108 22 maktsfer.
680 765 42 21 Till
735 766 109 21 uttalande
857 766 23 20 af

55 793 70 21 denna
141 797 43 17 sats
199 796 45 18 tror
258 795 35 26 jag
305 795 44 27 mig
363 797 77 25 genast
456 795 50 20 böra
521 794 51 28 foga
588 795 47 25 den,
651 797 31 18 att
694 802 26 13 en
733 794 98 21 anhållan
844 802 35 14 om

53 822 161 27 gemensamhet
236 823 6 20 i
266 822 162 29 lagstiftningen
450 823 90 21 rörande
564 826 30 18 ett
614 824 53 20 visst
682 824 61 19 ämne
759 824 57 20 ännu
831 823 47 21 icke

53 852 63 26 utgör
138 850 66 28 något
223 851 85 27 intrång
323 852 6 20 i
345 852 131 20 Monarkens
493 852 106 20 maktsfer.
632 851 44 21 Det
691 851 41 21 kan
748 852 67 20 finnas
831 856 47 24 nyt-

53 879 127 27 tighetsskäl
200 886 44 14 som
268 880 47 20 från
338 880 231 28 folkpresentationens
592 880 47 21 sida
663 880 52 20 böra
730 881 5 19 i
752 880 59 20 detta
826 880 52 20 hän-

54 907 78 22 seende
154 908 72 28 någon
248 908 57 28 gång
327 910 63 26 göras
412 908 104 29 gällande.
546 908 51 21 Men
613 908 57 22 hvad
685 908 35 28 jag
735 908 35 21 för
784 909 44 20 min
844 908 34 21 del

54 936 61 21 utber
129 937 45 27 mig
192 936 23 22 få
230 937 112 21 framhålla
358 937 69 21 såsom
443 940 30 18 ett
488 938 52 25 skäl,
555 937 87 22 hvarför
653 938 35 27 jag
700 937 47 21 icke
759 937 77 21 tvekar
848 942 31 16 att

53 965 107 28 tillstyrka
176 973 26 14 en
218 967 88 27 petition
324 973 32 14 om
372 969 32 18 att
418 966 117 28 lagförslag
549 967 31 20 till
593 967 120 21 Ständerna
725 966 65 21 måtte
804 966 73 21 aflåtas

53 994 7 20 i
83 993 58 22 detta
157 996 67 25 ämne,
239 996 23 19 är
276 994 147 28 förnämligast
439 995 42 25 det,
496 998 31 18 att
541 995 76 28 frågan
633 1003 35 12 om
684 994 26 21 de
726 995 55 20 båda
796 995 82 20 inhem-

54 1022 38 21 ska
112 1023 103 28 språkens
231 1023 100 28 ställning
346 1024 6 20 i
368 1024 49 21 vårt
432 1023 49 22 land
497 1023 87 22 alldeles
600 1024 47 21 icke
663 1023 69 22 bildar
746 1023 71 28 någon
832 1024 45 21 viss

53 1051 97 28 kategori
166 1052 22 20 af
203 1052 244 27 lagstiftningsärenden.
463 1053 28 21 Se
507 1053 21 20 vi
541 1052 27 28 på
576 1052 82 21 hvilket
666 1055 65 18 annat
739 1052 85 21 område
832 1060 45 13 som

53 1080 61 26 helst,
127 1081 124 27 civillagens
265 1081 50 20 eller
327 1081 172 28 kriminallagens
513 1081 50 20 eller
575 1081 104 21 särskilda
692 1081 104 20 brancher
808 1081 69 21 såsom

53 1109 257 28 kommunallagstiftning
326 1117 18 12 o.
360 1117 16 13 s.
386 1117 26 18 v.,
423 1109 23 22 så
454 1109 89 22 omfatta
551 1109 40 21 alla
599 1109 63 21 dessa
670 1109 120 28 kategorier
798 1109 79 21 sådana

52 1137 227 28 lagstiftningsfrägor,
295 1145 45 14 som
355 1137 31 21 tid
403 1138 54 21 efter
473 1145 70 14 annan
554 1138 75 21 kräfva
640 1145 25 13 en
677 1137 90 28 förnyad
778 1138 99 25 revision,

53 1166 37 21 der
112 1173 50 13 man
182 1167 7 19 i
213 1166 48 21 män
285 1166 23 21 af
322 1166 121 21 samhällets
459 1166 192 27 utvecklingsgäng
667 1167 41 19 kan
726 1166 92 21 behöfva
832 1166 45 20 för-

52 1195 76 22 bättra,
154 1194 173 27 förfullständiga
352 1195 40 20 och
418 1195 99 21 utveckla
538 1194 58 21 förut
618 1194 84 27 utgifna
717 1194 161 27 författningar.

52 1222 52 22 Men
128 1223 172 26 spräkreformen
323 1224 23 19 är
366 1226 30 18 ett
411 1223 112 21 historiskt
537 1225 94 18 moment
646 1223 7 20 i
664 1223 69 22 finska
748 1222 80 21 folkets
844 1226 34 17 ut-

53 1251 105 28 veckling.
189 1251 43 21 Det
256 1251 38 21 har
315 1251 45 28 gält
382 1254 31 18 att
428 1255 49 24 taga
493 1259 50 14 vara
556 1251 57 28 uppå
628 1251 158 28 den:riktning,
800 1251 7 20 i
822 1251 55 20 hvil-

52 1280 41 21 ken
117 1280 70 21 denna
210 1281 125 27 utveckling
350 1280 133 28 nödvändigt
497 1281 68 20 måste
579 1280 28 27 gå
622 1280 34 20 för
671 1283 31 17 att
717 1280 41 21 alla
772 1279 104 22 Finlands

52 1309 117 27 inbyggare
190 1308 34 20 må
248 1309 70 20 kunna
340 1309 71 19 känna
425 1308 185 21 tillfredsställelse
626 1309 5 18 i
648 1307 173 21 fäderneslandet
836 1308 42 19 och

51 1337 34 20 för
107 1339 32 18 att
162 1336 92 21 omsider
276 1337 75 27 bringa
374 1336 37 20 det
429 1336 85 21 derhän.
529 1340 31 17 att
575 1336 26 20 de
616 1336 132 26 rättigheter,
763 1343 45 13 som
824 1336 53 20 nöd-

52 1365 123 28 vändigtvis
197 1364 51 21 böra
271 1372 50 13 vara
342 1366 7 19 i
364 1364 95 20 harmoni
475 1364 48 21 med
538 1364 103 21 Finlands
656 1364 57 20 folks
729 1365 148 19 sammansätt-

51 1394 57 27 ning,
131 1393 34 21 må
186 1400 75 20 genom
284 1394 35 26 lag
340 1393 67 21 blifva
428 1393 117 21 faststälda.
575 1393 66 21 Detta
656 1392 38 21 har
709 1393 55 20 varit
779 1392 38 22 vår
832 1392 46 27 lag-

51 1422 111 28 stiftnings
178 1422 86 28 uppgift
278 1422 133 21 härutinnan.
441 1421 46 21 När
501 1421 70 22 denna
585 1420 87 30 uppgift
682 1421 72 21 blifvit
764 1421 47 25 löst,
823 1420 54 22 skall

51 1458 49 14 man
121 1452 7 20 i
150 1451 162 27 lagstiftningen
335 1451 47 21 icke
406 1450 72 27 vidare
501 1450 94 22 behöfva
615 1450 44 20 tala
680 1457 33 13 om
729 1449 147 29 språkfrågan.

51 1480 48 21 Här
113 1482 23 19 är
151 1479 83 22 således
249 1480 76 21 endast
340 1479 67 28 fråga:
433 1479 32 21 Ar
478 1479 48 21 icke
541 1479 71 22 denna
627 1478 153 28 angelägenhet
794 1478 23 21 af
835 1478 41 21 den
