1045 1678
331 88 236 33 Expropriationslagen.
786 90 41 21 299

39 164 66 22 också
127 164 61 26 visat,
206 167 32 18 att
259 163 37 22 det
318 163 37 22 vid
378 164 26 21 de
426 163 97 29 nordliga
545 164 93 21 banorna
653 163 48 22 icke
717 164 55 21 varit
786 164 70 27 någon

38 193 109 28 svårighet
168 195 32 19 att
222 193 48 21 med
293 192 110 29 jordegare
419 193 184 21 öfverenskomma
618 200 35 14 om
667 192 189 29 stängselskyldig-

38 221 74 21 hetens
128 221 158 28 öfvertagande.
315 221 53 21 Men
383 221 37 21 det
434 223 23 18 är
472 221 132 28 nödvändigt
619 221 47 21 att
657 217 12 36 i
677 222 179 27 expropriations-

37 250 130 27 handlingen
189 249 22 21 få
234 250 74 21 aftalet
330 249 82 21 infördt
432 250 34 20 för
487 252 32 18 att
540 249 119 22 sedermera
674 249 7 20 i
696 249 160 28 registerboken

37 278 115 21 antecknas
182 278 47 21 med
259 285 79 14 samma
367 277 63 28 helgd
452 285 46 14 som
520 277 68 28 öfriga
611 277 245 28 expropriationsbeslut.

37 306 92 21 Finland
145 308 23 19 är
183 305 36 22 det
234 306 54 21 enda
304 306 48 21 land
369 307 7 20 i
390 305 48 22 heia
453 306 93 26 verlden,
561 306 38 21 der
613 304 139 30 jernvägarne
766 307 37 20 äro
813 306 44 21 för-

37 335 67 21 sedda
128 334 48 22 med
192 334 66 21 sådan
273 335 100 27 stängsel,
388 334 88 21 hvarför
490 334 36 21 det
541 334 66 22 också
621 335 48 21 icke
684 336 23 19 är
722 334 88 28 sällsynt
826 337 31 18 att

37 362 23 22 af
81 362 90 22 resande
192 363 136 28 utlänningar
348 362 24 22 få
392 362 52 22 höra
465 362 138 29 försmädliga
623 362 73 29 frågor
711 370 33 14 om
760 362 96 27 orsaken,

36 392 88 21 hvarför
146 399 47 14 man
217 392 87 28 uppfört
322 391 63 22 dessa
400 391 90 28 dyrbara
505 391 101 22 barridrer
621 391 36 22 vid
673 391 52 22 våra
738 392 118 27 jernvägar,

37 420 55 21 helst
113 419 27 22 de
161 421 86 25 trakter,
267 427 76 21 genom
365 420 73 21 hvilka
458 421 138 27 jernvägarne
619 420 86 27 dragits,
723 421 37 20 äro
775 420 81 27 ganska

35 449 57 27 glest
114 448 119 22 befolkade.
263 449 80 21 Månne
366 449 34 21 för
422 451 31 18 att
474 448 83 29 skydda
577 449 115 28 jernvägen
707 451 45 18 mot
766 449 90 27 vargar?

104 477 60 22 Inom
180 477 59 22 detta
255 477 66 22 Stånd
337 477 39 22 har
390 477 35 21 för
439 478 47 20 icke
502 478 61 27 länge
579 477 65 21 sedan
660 477 86 21 uttalats
757 479 31 19 att
798 478 57 19 inom

36 506 27 21 R.
87 513 18 14 0.
126 507 26 20 A.
174 506 66 21 borde
261 505 149 29 jordegarenes
426 507 104 20 intressen
545 505 100 22 särskildt
660 506 56 21 finna
731 505 125 26 försvarare,

37 541 49 14 men
100 535 35 28 jag
149 537 45 18 tror
208 537 31 18 att
254 535 36 28 jag
303 542 77 20 genom
395 534 102 28 förslaget
512 541 33 14 om
561 534 151 29 upphäfvande
727 534 23 21 af
765 534 91 21 bestäm-

36 564 79 27 ningen
130 563 7 21 i
152 563 49 22 näd.
216 571 59 20 prop.
290 563 46 21 icke
352 563 38 22 har
404 563 56 28 gjort
474 566 65 21 annat
549 565 26 18 än
586 565 31 19 att
629 563 97 21 försvara
736 562 119 29 jordegare-

35 592 106 27 intresset,
156 595 24 25 ty
195 591 58 22 detta
264 592 66 21 måste
340 599 52 14 vara
404 592 71 21 intimt
484 591 100 22 förenadt
593 591 48 22 med
652 591 204 22 kommunikations-

35 621 106 21 intresset.
178 621 43 21 Det
245 623 23 18 är
293 620 74 22 endast
408 628 62 13 genom
497 620 136 26 förbättrade,
658 620 113 28 tidsenliga
796 620 59 21 kom-

36 649 157 22 munikationer
214 657 45 14 som
283 649 37 22 vär
334 649 46 28 jord
406 649 24 21 fär
444 649 71 27 värde,
529 649 87 22 hvarför
630 657 48 13 man
694 649 66 22 ocksä
775 649 6 20 i
797 649 59 21 detta

35 678 69 21 Ständ
128 678 64 21 borde
214 680 52 26 göra
287 678 37 21 allt
344 678 35 21 för
398 680 32 19 att
444 678 119 21 underlätta
578 678 141 28 uppkomsten
735 677 23 21 af
772 678 83 28 privata

34 708 120 27 jernvägar,
176 706 27 22 dä
222 714 47 14 man
285 707 47 21 icke
347 706 42 22 kan
404 706 82 29 hoppas
501 710 31 18 att
547 709 68 19 staten
631 706 69 22 allena
715 706 54 22 skall
784 706 72 22 kunna

35 735 147 21 ästadkomma
196 736 113 28 jernvägar
314 731 13 37 i
345 735 115 28 tillräcklig
474 735 84 28 mängd.

105 764 52 21 Man
178 764 38 21 har
236 765 55 21 visst
311 763 36 22 vid
365 772 79 14 samma
458 764 84 21 tillfälle
557 764 57 21 velat
627 765 53 27 göra
694 764 74 28 troligt
782 766 31 19 att
829 770 26 15 en

34 792 185 29 jernvägssvindel
239 793 44 21 höll
303 792 28 30 pä
352 796 32 18 att
401 792 81 22 utbilda
497 794 34 27 sig
544 792 39 22 hos
599 800 41 19 oss,
655 800 48 14 men
718 792 24 22 sä
756 792 63 28 länge
834 793 21 21 vi

36 822 48 20 icke
99 829 40 20 ega
153 829 45 14 mer
213 823 26 19 än
255 830 26 12 en
298 822 70 29 privat
382 822 89 28 jernväg
485 821 76 28 färdig,
577 829 25 13 en
617 821 68 21 under
700 821 98 29 byggnad
815 821 40 21 och

35 858 27 14 en
78 850 67 22 sådan
159 850 186 27 koncessionerad,
360 851 80 21 enhvar
455 850 22 21 af
493 851 64 27 några
572 850 59 21 tiotal
648 850 122 22 kilometers
785 850 71 28 längd,

35 887 64 20 synes
122 879 36 22 det
173 887 51 14 vara
240 879 37 21 bra
291 887 43 20 nog
349 879 151 29 pessimistiskt
515 882 31 19 att
559 879 66 22 redan
640 879 43 21 tala
697 887 35 13 om
746 879 109 28 jernvägs-

35 908 91 21 svindel.
155 908 41 28 Jag
214 908 66 28 vägar
294 908 66 21 uttala
376 908 41 21 den
432 908 145 29 förhoppning
591 910 32 19 att
637 908 158 27 Lagutskottet,
810 915 45 14 som

36 937 36 20 väl
91 937 95 21 kommer
200 940 32 18 att
245 936 114 23 förbereda
374 937 59 21 detta
448 937 121 28 lagförslag,
584 937 54 21 skall
653 937 53 21 söka
720 939 90 26 utvägar
824 939 31 19 att

35 965 24 21 få
80 965 161 29 bestämningen
262 967 31 20 uti
311 965 59 22 förra
391 965 62 22 delen
474 966 23 21 af
511 967 13 20 3
539 973 62 14 mom.
616 967 12 26 8
645 966 25 20 17
686 965 106 22 utesluten
807 965 47 22 från

35 994 249 28 författningsförslaget,
305 994 28 21 då
354 994 65 22 äfven
434 994 47 21 med
497 994 116 22 detsamma
629 1001 26 14 en
669 993 125 29 förändring
809 993 47 21 utaf

35 1022 13 28 $
64 1023 25 21 11
105 1023 30 21 uti
156 1022 153 29 förordningen
324 1030 35 14 om
374 1022 97 22 enskilda
484 1023 112 27 jernvägar
609 1023 36 20 för
659 1022 77 21 allmän
751 1022 104 21 samfärd-

35 1050 33 22 sel
90 1051 40 21 blir
151 1050 129 30 nödvändig,
302 1058 48 14 men.
370 1052 6 20 i
392 1051 70 21 stället
476 1052 30 20 uti
522 1051 70 29 någon
606 1050 131 28 föregående
751 1050 105 29 paragraf,

34 1082 16 18 t.
63 1087 32 14 ex.
106 1080 12 27 $
131 1081 18 27 9,
164 1080 70 21 införa
249 1083 30 18 ett
294 1079 158 29 förtydligande
467 1080 78 26 derom,
558 1082 30 19 att
600 1079 255 29 expropriationsförrätt-

36 1109 52 27 ning
107 1109 65 21 äfven
194 1108 38 22 bör
247 1109 89 21 omfatta
352 1109 116 27 ersättning
483 1108 22 22 åt
518 1108 111 28 jordegare
644 1108 34 22 för
693 1108 55 22 ökad
764 1107 90 22 kostnad

34 1136 36 22 för
84 1137 127 28 husdjurens
227 1138 58 20 vård.

104 1165 35 21 En
166 1173 69 13 annan
265 1166 134 28 bestämning
423 1167 7 19 i
455 1165 58 21 detta
537 1164 121 29 lagförslag,
682 1165 107 27 nämligen
814 1165 42 20 den

36 1194 6 20 i
65 1195 12 26 8
99 1195 28 21 29
149 1201 62 14 mom.
235 1195 19 25 1,
274 1202 46 14 som
334 1194 61 28 lyder
410 1193 117 29 »Uppdrag
542 1196 31 19 att
590 1201 51 14 vara
658 1192 129 22 ordförande
804 1193 52 21 eller

35 1222 94 22 ledamot
144 1223 7 21 i
166 1222 105 22 nämnden
286 1222 35 22 må
336 1223 18 27 ej
370 1222 71 28 någon
456 1222 138 28 undandraga
609 1223 39 26 sig,
663 1222 38 21 der
715 1222 41 21 han
772 1222 18 28 ej
806 1222 49 28 fyllt

36 1251 69 21 sextio
127 1250 23 22 år
170 1251 51 21 eller
235 1250 38 22 har
288 1251 48 28 laga
350 1250 73 22 förfall
438 1251 51 21 eller
504 1252 65 20 annat
583 1250 81 26 hinder,
679 1257 45 14 som
740 1250 41 21 kan
796 1250 59 28 pröf-

35 1286 39 14 vas
98 1279 91 28 giltigt»,
213 1286 63 21 synes
299 1280 44 28 mig
368 1286 50 14 vara
442 1279 38 21 bra
502 1286 42 22 nog
562 1280 77 27 sträng.
668 1278 70 22 Dessa
752 1278 104 22 nämnder

36 1308 85 20 komma
143 1308 105 27 sjelffallet
268 1311 31 17 att
321 1308 81 27 åtnjuta
424 1307 94 27 aflöning
540 1307 41 21 och
599 1307 156 20 ordförandene
770 1308 7 19 i
792 1307 63 20 dessa

36 1336 84 20 komma
142 1335 107 21 sannolikt
271 1338 32 18 att
322 1335 80 21 erhålla
416 1335 25 21 så
459 1338 45 18 stor
519 1335 122 27 ersättning,
656 1338 31 17 att
701 1334 38 21 det
753 1334 48 21 icke
817 1334 39 21 bör

36 1363 68 22 blifva
126 1363 59 22 svårt
206 1366 31 18 att
258 1364 56 21 finna
336 1363 101 29 lämpliga
457 1370 101 22 personer
579 1362 32 22 till
631 1365 31 18 att
677 1362 62 29 åtaga
754 1363 33 28 sig
801 1370 54 21 upp-

35 1392 82 28 draget.
150 1392 41 22 Att
210 1399 77 21 genom
307 1392 36 28 lag
364 1394 51 27 göra
437 1392 37 21 det
495 1391 148 29 obligatoriskt
664 1391 35 21 för
720 1391 86 27 enhvar,
827 1391 29 28 på

35 1422 98 21 hvilkens
156 1421 39 22 lott
216 1423 144 26 guvernörens
381 1420 35 22 val
435 1421 41 21 kan
491 1420 58 27 falla,
563 1423 31 19 att
609 1423 106 25 emottaga
729 1420 126 29 uppdraget,

35 1450 76 29 tyckes
133 1450 43 29 mig
197 1458 51 14 vara
268 1458 43 21 nog
332 1452 88 26 strängt,
442 1450 88 22 hvarför
550 1450 36 28 jag
603 1449 68 22 skulle
685 1449 54 28 yrka
753 1451 31 20 att
798 1449 57 28 Lag-

36 1479 105 22 utskottet
154 1479 65 22 äfven
235 1479 50 21 ville
299 1482 50 26 taga
364 1478 69 22 denna
448 1478 38 22 sak
501 1478 68 22 under
583 1478 141 28 ompröfning.
