1048 1681
225 99 40 20 190
416 119 3 2 E
468 104 24 17 R.
505 108 17 13 0.
535 104 22 18 A.
571 104 55 17 1897.
652 104 22 16 12
686 103 58 17 Febr.

263 172 34 21 Hr
319 173 26 20 A.
368 172 191 27 Gripenberg:
590 172 64 20 Emot
670 171 26 21 de
712 171 72 26 talare,
799 178 45 14 som
859 170 112 28 föreslagit
987 173 31 18 att

194 200 26 21 R.
235 207 18 14 0.
269 201 27 20 A.
311 201 7 20 i
335 200 70 21 denna
420 199 38 22 sak
473 200 48 21 icke
537 200 68 21 skulle
620 200 55 20 fatta
689 199 67 28 något
771 199 75 26 beslut,
861 201 50 18 utan
927 201 32 18 att
970 199 49 20 mitt

195 228 82 28 förslag
292 228 75 21 endast
383 228 68 21 skulle
467 228 107 21 betraktas
590 228 70 21 säsom
676 230 31 18 ett
718 227 110 21 uttalande
838 227 33 21 till
882 227 137 28 protokollet,

196 257 37 21 ber
249 257 34 27 jag
297 256 24 21 fä
335 257 112 21 framhälla
463 259 30 18 att
509 256 59 21 detta
583 264 51 14 vore
650 256 117 21 detsamma
783 263 45 14 som
839 259 31 18 att
880 255 139 28 omöjliggöra

196 285 35 22 det
247 285 98 28 äsyftade
361 284 128 26 ändamälet,
503 288 23 25 ty
541 285 23 21 af
578 285 25 21 R.
619 293 18 13 o.
649 285 36 21 A:s
697 284 71 21 beslut
778 286 37 19 äro
823 284 50 21 dess
881 283 138 22 medlemmar

195 315 7 20 i
225 313 26 22 de
273 313 57 22 olika
351 313 110 22 utskotten
477 313 91 27 bundna,
584 313 22 22 af
621 316 31 18 ett
666 313 111 22 uttalande
792 313 31 21 till
839 313 129 28 protokollet
983 314 36 19 äro

195 342 27 22 de
245 341 37 22 det
304 342 54 21 icke.
389 342 122 21 Resultatet
530 342 22 21 af
572 345 31 18 ett
623 341 76 22 sädant
719 341 109 22 uttalande
847 342 41 21 kan
904 341 69 22 blifva
988 344 31 18 att

195 371 65 28 några
281 370 22 21 af
318 370 26 21 de
360 370 163 28 ifrågavarande
539 372 131 20 motionerna
686 370 41 22 och
742 371 143 27 petitionerna
902 369 69 22 blifva
985 377 34 14 re-

195 399 111 22 mitterade
328 399 33 21 till
383 399 219 27 Ekonomiutskottet,
623 399 66 22 andra
707 399 23 22 af
745 400 70 27 precis
830 407 80 14 samma
925 398 93 22 innehäll

195 429 51 20 eller
260 435 81 14 samma
356 428 56 28 syfte
427 428 54 27 icke,
496 428 41 21 och
552 428 88 21 dermed
655 430 23 19 är
693 428 84 21 absolut
792 429 54 20 intet
861 431 86 18 vunnet.

263 485 34 21 Hr
315 485 175 28 Furuhjelm:
521 485 51 21 Med
594 485 115 28 anledning
730 485 23 21 af
773 485 34 21 Hr
823 485 146 28 Gripenbergs
985 492 34 14 se-

195 516 60 19 naste
275 513 100 29 yttrande
397 513 38 22 ber
455 515 35 27 jag
511 513 53 22 blott
583 514 23 21 få
625 513 118 27 framhålla,
762 516 31 19 att
815 514 66 27 enligt
896 515 42 20 min
954 513 65 22 tanke

196 541 26 22 R.
243 549 19 14 0.
277 543 26 20 A.
322 549 77 20 genom
414 543 54 20 intet
483 542 69 21 beslut
567 543 7 20 i
590 542 87 21 verlden
694 542 42 21 kan
751 543 74 27 tvinga
841 542 27 21 de
883 542 137 21 medlemmar

195 570 23 21 af
233 570 96 26 Ständet,
344 577 45 14 som
404 572 36 20 äro
456 571 117 21 ledamöter
588 572 7 19 i
610 571 87 27 utskott,
713 574 32 18 att
761 570 38 22 der
809 571 118 21 framställa
937 571 81 28 förslag

196 599 6 20 i
218 606 25 14 en
260 599 51 21 eller
326 607 70 13 annan
411 599 101 28 riktning.

263 656 34 21 Hr
318 657 27 20 A.
365 656 25 21 L.
412 664 54 13 von
484 657 152 27 Knorring:
666 656 69 21 Jemte
751 657 37 21 det
802 657 36 28 jag
853 657 7 20 i
875 657 42 20 allo
932 657 87 21 förenar

194 685 45 28 mig
257 692 35 13 om
313 685 41 21 den
369 685 138 28 uppfattning
522 685 42 22 den
580 687 84 20 senaste
679 685 64 21 ärade
757 685 82 22 talaren
855 685 64 28 hyser
933 686 8 20 i
957 685 61 28 fräga

196 721 33 14 om
253 713 41 21 den
315 713 120 29 platoniska
455 715 158 27 uppmaningen
628 714 32 21 till
675 713 226 22 Ekonomiutskottets
916 713 39 22 här
969 716 49 19 när-

195 741 94 22 varande
310 742 142 26 medlemmar,
477 743 38 20 ber
536 743 34 28 jag
590 742 23 21 få
633 743 77 20 nämna
732 745 31 18 att
783 743 234 21 Ekonomiutskottet
1007 737 14 38 i

195 771 50 20 flere
267 770 74 28 frägor
363 771 22 20 af
403 770 41 21 den
460 771 152 26 beskaffenhet,
628 773 31 18 att
674 771 26 21 de
721 771 74 22 beröra
813 771 104 21 likartade
933 773 83 24 ämnen,

195 799 42 21 fätt
257 800 100 21 remisser
375 799 48 21 frän
443 799 58 21 olika
518 799 70 27 ständ,
607 799 75 21 medan
703 799 73 28 frägor
796 800 47 21 utaf
859 799 111 22 enahanda
985 803 32 18 art

194 828 127 21 remitterats
342 828 33 21 till
395 827 66 22 andra
478 828 89 21 utskott.
596 827 53 22 Med
664 827 101 22 afseende
781 828 13 21 &
809 828 58 21 detta
882 828 134 22 förhällande

194 856 39 21 har
253 856 214 22 Ekonomiutskottet
488 857 7 20 i
516 857 42 28 dag
578 857 64 21 fattat
664 856 69 21 beslut
754 857 79 26 derom,
849 859 32 19 att
901 857 116 22 utskottets

195 884 136 22 medlemmar
355 885 61 22 skola
434 885 88 22 insamla
541 885 109 29 uppgifter
670 885 110 28 angäende
801 886 40 21 alla
863 885 27 22 de
911 887 106 24 remisser,

195 921 46 14 som
256 916 37 25 egt
306 921 47 14 rum
368 915 6 20 i
391 914 69 21 skilda
475 914 79 27 frägor,
568 914 73 22 hvilka
657 913 103 22 mähända
776 914 71 21 kunna
864 921 39 22 ega
914 915 103 20 samband

195 942 48 21 med
263 941 80 22 sädana
363 943 98 26 ärenden,
476 950 45 14 som
537 944 127 20 remitterats
679 943 33 20 till
727 943 218 26 Ekonomiutskottet,
961 944 6 20 i
983 943 33 21 af-

196 970 77 22 seende
296 971 12 21 å
329 971 48 22 dess
396 971 135 29 behandling.
561 972 54 26 Och,
635 971 65 22 sedan
723 979 48 14 man
788 973 75 20 vunnit
878 971 41 23 den
935 971 80 23 äskade

195 999 146 27 utredningen,
360 1000 68 22 skulle
448 1000 213 22 Ekonomiutskottet
677 1002 52 27 göra
745 1000 26 22 de
786 1000 181 29 framställningar
981 1008 35 14 om

195 1028 184 22 sammanförande
402 1030 101 27 antingen
525 1030 33 20 till
578 1030 58 20 detta
656 1030 50 20 eller
727 1032 31 18 ett
776 1032 65 18 annat
855 1030 83 21 utskott
952 1029 23 22 af
989 1029 27 22 de

195 1056 98 27 ärenden,
313 1064 46 14 som
377 1057 28 29 pä
420 1058 136 21 omförmäldt
571 1060 43 19 sätt
629 1058 71 21 blifvit
714 1058 32 20 till
761 1057 70 22 skilda
845 1058 83 22 utskott
945 1059 71 20 remit-

194 1086 79 21 terade.

262 1114 42 28 Jag
319 1117 44 18 tror
378 1114 59 22 detta
451 1114 41 22 blir
507 1114 41 21 den
564 1114 55 22 enda
634 1115 103 21 tänkbara
751 1116 94 27 utvägen
860 1115 35 21 för
909 1114 108 23 vinnande

195 1142 23 21 af
233 1142 67 28 nödig
314 1142 57 21 reda.

263 1198 36 22 Då
321 1199 63 27 ingen
407 1199 72 22 vidare
502 1199 95 22 önskade
618 1202 56 26 yttra
689 1201 33 27 sig
737 1202 7 19 i
759 1200 82 28 frågan,
856 1200 161 22 öfverlemnade

195 1226 34 21 Hr
250 1226 207 22 Landtmarskalken
479 1228 33 20 till
532 1228 26 20 R.
579 1235 18 13 o.
612 1229 39 19 Å:s
667 1228 133 22 besvarande
815 1229 96 27 följande

459 1312 293 28 Omröstningsproposition:

263 1368 56 26 Den,
339 1376 46 14 som
400 1368 37 22 vill
453 1371 31 19 att
498 1369 105 22 särskilda
618 1369 98 29 ätgärder
731 1370 60 22 skola
806 1370 99 29 vidtagas
921 1372 7 20 i
943 1370 73 22 anled-

195 1398 52 27 ning
261 1397 23 21 af
299 1397 34 21 Hr
347 1397 146 29 Gripenbergs
507 1398 163 28 framställning,
684 1400 69 20 röstar
767 1400 32 28 ja;

263 1455 76 21 vinner
353 1455 41 28 nej,
409 1455 95 21 kommer
519 1456 66 28 sagda
599 1456 158 28 framställning
772 1456 76 23 endast
864 1459 31 19 att
907 1457 108 22 betraktas

195 1482 69 22 säsom
279 1486 32 18 ett
325 1483 108 22 uttalande
448 1484 32 21 till
496 1484 130 28 protokollet
