1067 1678
256 106 195 22 Läraretjensterna
463 108 7 16 i
482 107 63 20 tyska
558 109 38 16 och
609 108 92 17 franska.
832 103 26 20 89

131 174 57 21 Frih.
214 173 28 23 V.
267 182 52 14 von
342 175 118 22 Hellens
482 176 66 21 utbad
570 177 33 26 sig
624 176 49 21 med
695 176 115 27 anledning
826 176 61 21 häraf

62 202 61 21 ordet
138 203 40 20 och
192 203 95 28 yttrade:
302 203 42 28 Jag
359 204 51 21 ville
426 204 54 21 blott
495 205 65 21 uttala
576 205 43 20 min
634 204 70 29 glädje
720 205 62 21 öfver
792 207 31 18 att
833 205 54 21 Rid-

62 231 185 21 darhusutskottet
268 239 28 13 nu
319 232 38 21 har
376 235 70 18 ansett
462 232 37 21 det
514 241 49 12 vara
580 233 44 20 skäl
641 236 31 17 att
687 236 93 25 upptaga
796 235 31 19 ett
842 233 45 20 för-

62 259 52 28 slag,
129 267 46 13 som
190 260 35 27 jag
240 260 35 21 vid
292 263 84 18 senaste
391 260 103 29 landtdag
508 261 74 28 gjorde
595 269 33 13 om
640 264 31 17 att
682 261 128 28 protokollet
820 261 66 21 borde

61 288 91 27 justeras
167 288 48 20 icke
231 287 54 22 blott
300 288 23 21 af
337 288 206 22 Landtmarskalken
560 289 40 21 och
615 289 145 21 sekreteraren
777 292 50 18 utan
838 289 48 21 der-

60 317 65 27 jemte
141 316 23 20 af
178 317 80 20 tvänne
274 317 116 20 ledamöter
405 317 23 20 af
443 317 95 21 Ständet.
568 317 46 21 Vid
630 321 84 17 senaste
729 317 104 28 landtdag
848 325 40 13 var

61 345 35 27 jag
117 344 48 21 icke
188 344 80 28 lycklig
290 352 42 21 nog
354 348 32 18 att
407 346 65 21 vinna
487 346 116 21 understöd
618 346 24 20 af
656 353 25 14 en
698 346 55 21 enda
768 347 44 19 röst
828 346 58 20 inom

61 373 27 21 R.
110 380 18 14 o.
151 374 26 19 A.
198 373 36 21 för
255 374 59 21 detta
329 374 85 27 förslag.
445 374 29 22 Sä
488 375 85 27 mycket
588 382 44 13 mer
647 374 82 29 glädjer
744 374 36 21 det
795 375 43 27 mig
854 377 31 18 att

61 401 228 22 Riddarhusutskottet
312 403 98 27 upptagit
432 403 59 21 detta
506 403 80 28 förslag
602 403 70 21 säsom
687 404 43 20 sitt.
760 403 126 28 Nägonting

62 429 74 22 vidare
151 430 38 21 vill
204 431 35 28 jag
253 431 48 20 icke
317 431 7 20 i
339 431 65 20 saken
420 435 62 24 yttra.

130 493 60 21 Enär
204 494 64 27 ingen
284 501 69 14 annan
369 493 23 21 af
407 494 101 21 Ständets
523 493 137 22 medlemmar
674 493 95 22 önskade
784 496 56 25 yttra
851 495 33 26 sig

63 529 34 13 om
120 521 59 22 detta
195 522 140 27 betänkande,
350 522 123 21 framstälde
488 523 34 20 Hr
537 522 207 22 Landtmarskalken
760 522 76 21 endast
851 530 34 13 om

62 551 120 26 antagande
204 550 22 21 af
246 551 238 21 Riddarhusutskottets
504 551 87 28 förslag;
612 551 41 21 och
676 551 45 20 blef
735 550 71 21 denna
822 550 64 22 fram-

62 579 102 28 ställning
186 579 22 21 af
230 579 24 21 R.
273 587 18 14 o.
306 581 27 19 A.
348 580 106 27 godkänd.
484 580 82 21 Härom
582 579 65 22 borde
663 580 17 27 ej
698 579 80 21 mindre
794 579 92 21 Riddar-

62 607 146 22 husutskottet
228 610 28 19 än
271 608 41 21 ock
328 608 164 21 Statsutskottet
506 616 76 20 genom
598 607 195 30 protokollsutdrag
808 607 77 22 under-

62 637 72 26 rättas,
152 637 37 20 det
204 636 132 22 sistnämnda
350 638 6 20 i
373 637 101 21 afseende
490 637 13 20 &
518 637 114 21 ansläende
647 637 23 20 af
685 636 69 21 medel
764 636 34 21 för
809 636 75 21 bestri-

63 665 69 21 dande
157 665 23 21 af
205 665 118 21 kostnaden
348 666 35 20 för
405 665 102 21 Ständets
530 665 179 28 stenografkansli
724 665 111 21 äfvensom
850 665 36 20 för

62 694 146 27 protokollens
224 694 119 28 tryckning.

190 836 197 29 Läraretjensterna
402 836 4 23 i
422 836 64 29 tyska
500 837 40 22 och
555 836 89 23 franska
659 834 98 30 spräken.

132 900 34 21 Hr
187 899 207 22 Landtmarskalken
408 900 143 28 tillkännagaf
566 903 31 18 att
611 900 32 21 till
658 900 26 21 R.
700 907 18 14 o.
733 901 27 20 A.
774 900 112 21 inlemnats

64 932 30 19 ett
109 929 216 28 petitionsmemorial,
340 929 170 21 undertecknadt
526 929 23 21 af
564 929 80 21 Herrar
657 929 25 20 A.
691 928 194 23 Wallensköld

64 958 40 21 och
126 957 28 22 U.
175 958 25 21 L.
220 957 147 26 Lindelöf,
390 957 123 28 angäende
533 957 208 28 omorganisation
758 958 27 21 af
797 958 90 21 lärare-

64 987 136 28 tjensterna
215 986 9 22 i
239 987 71 27 tyska
326 986 45 22 och
386 986 100 22 franska
502 987 104 27 språken
621 986 41 21 vid
673 986 121 22 klassiska
804 987 83 25 lyceer

64 1015 45 22 och
124 1014 190 28 normallyceer,
324 1014 82 22 hvilket
414 1015 109 21 memorial
530 1014 51 21 härä
589 1014 23 21 af
619 1014 34 20 Hr
661 1014 102 21 Lindelöf
770 1015 116 27 upplästes.

132 1077 97 29 (Bihang.
258 1078 48 20 Pet.
320 1078 42 21 N:o
378 1078 25 26 3.)

132 1140 238 22 Petitionsmemorialet
386 1140 112 22 bordlades
514 1140 32 21 till
560 1142 62 20 nästa
636 1140 92 29 plenum.

227 1278 28 22 De
270 1276 55 23 båda
340 1277 108 23 inhemska
463 1276 103 29 språkens
582 1276 139 29 likställighet.

132 1339 32 21 Af
186 1339 58 21 Frih.
258 1339 31 20 M.
307 1339 33 21 W.
356 1339 27 20 af
398 1339 133 20 Schultén
546 1339 64 26 jemte
625 1338 65 27 några
702 1337 67 21 andra
784 1338 102 21 medlem-

64 1374 46 14 mar
124 1368 23 20 af
162 1366 90 22 Ståndet
268 1366 55 21 hade
338 1367 33 20 till
385 1366 26 21 R.
426 1374 18 13 o.
460 1367 27 19 A.
502 1366 112 21 inlemnats
630 1369 31 17 ett
675 1366 211 28 petitionsmemorial

65 1396 125 28 angående
212 1395 137 23 ordnandet
364 1395 27 22 af
404 1395 29 22 de
449 1395 127 22 inhemska
591 1394 117 29 språkens
724 1394 165 28 likställighet

65 1425 42 23 vid
123 1424 135 23 domstolar
273 1424 46 22 och
335 1424 159 22 embetsverk.

134 1488 96 28 (Bihang.
260 1488 46 22 Pet.
321 1488 41 22 N:o
378 1489 25 26 4)
