1045 1681
320 101 258 22 Jernvägsbyggnaderna.
786 96 40 21 307

36 170 74 21 landet
125 170 6 21 i
147 170 68 22 sinom
230 170 32 21 tid
278 170 53 21 skall
346 172 52 26 göra
413 172 33 26 sig
460 170 97 28 gällande
573 170 27 28 på
616 173 30 19 ett
661 172 48 25 sätt,
726 178 45 13 som
787 170 67 21 måste

35 198 172 22 tillfredsställas.
246 198 35 21 Dä
301 199 67 27 gäller
386 198 36 21 det
442 202 31 18 att
496 198 69 28 bygga
584 206 25 14 en
625 198 55 22 bana
695 198 48 21 från
758 198 96 21 Joensuu

35 227 33 20 till
91 227 87 21 Nurmis
201 227 40 21 och
263 227 107 21 sannolikt
387 227 48 21 från
450 227 87 21 Nurmis
551 227 33 20 till
599 227 70 27 någon
685 227 87 27 lämplig
786 226 70 28 punkt

34 254 29 28 på
77 254 235 28 Kuopio—Idensalmi
327 254 75 22 banan.
432 255 42 21 Om
486 255 62 21 dessa
562 255 92 21 nämnda
664 255 96 21 sträckor
771 255 84 20 komma

35 282 33 21 till
90 282 121 26 utförande,
233 283 24 21 så
278 283 66 21 hafva
363 284 21 20 vi
399 283 34 21 för
451 290 35 14 vss
502 286 31 18 ett
547 283 119 21 nordfinskt
680 284 137 26 jernvägsnät
832 282 24 21 af

36 312 40 20 550
103 311 32 21 till
161 312 41 20 580
224 311 122 21 kilometers
367 311 71 28 längd,
453 324 27 3 —
502 311 36 21 det
561 311 41 21 kan
624 311 48 21 icke
688 313 57 19 ännu
760 311 24 21 så
799 318 56 20 noga

35 339 105 21 beräknas
163 352 28 3 —
213 339 83 21 hvilket
318 339 42 21 kan
379 340 158 21 åstadkommas
552 340 34 20 för
601 340 128 20 åtminstone
745 340 109 26 7,000,000

35 368 60 21 mark
110 368 82 21 mindre
207 368 120 26 kostnader,
338 368 46 21 ifall
400 368 70 21 banan
487 369 79 27 bygges
582 368 130 28 smalspårig,
727 370 27 18 än
768 375 34 13 om
813 367 42 22 den

38 396 81 29 bygges
151 396 125 29 bredspårig
306 397 67 27 enligt
395 397 37 21 det
454 396 199 29 byggnadssystem,
667 404 46 14 som
736 396 58 28 följts
817 396 37 21 vid

36 425 182 22 Savolaksbanan.
247 426 45 20 Det
306 433 63 21 synes
384 426 45 27 mig
444 429 31 17 att
490 426 62 20 dessa
568 425 140 27 beräkningar
723 426 37 20 äro
775 424 79 28 nödiga

35 454 35 20 för
91 456 32 18 att
144 456 51 26 göra
216 454 56 21 klart
288 454 35 21 för
345 455 33 27 sig
394 454 41 21 den
450 454 118 21 finansiella
583 454 40 21 och
639 454 138 20 ekonomiska
794 454 60 27 bety-

36 482 73 21 delsen
125 483 23 20 af
162 486 32 17 att
208 483 70 28 lämpa
293 482 213 28 byggnadssystemet
516 484 7 19 i
534 482 62 21 dessa
606 482 154 28 jemförelsevis
772 482 83 27 ödsliga

35 511 80 21 trakter
138 511 54 21 efter
207 511 41 21 den
264 511 68 26 trafik,
348 518 45 14 som
409 511 27 21 de
451 511 72 21 kunna
537 510 100 29 uppbära.
667 510 77 21 Dertill
760 510 94 21 kommer

36 539 37 21 det
94 540 81 27 ganska
197 541 81 27 vigtiga
300 540 69 21 skälet
390 543 32 17 att
443 547 47 13 man
513 540 7 20 i
538 540 50 20 vida
606 539 68 21 bättre
689 538 54 28 grad
759 538 95 29 betjenar

35 568 63 21 dessa
112 568 81 21 trakter
207 576 76 20 genom
298 568 61 22 trafik
374 568 28 28 på
417 576 27 13 en
459 568 125 28 smalspårig
598 568 55 20 bana
668 569 27 19 än
710 567 28 29 på
754 575 25 13 en
791 567 62 21 bred-

35 596 77 29 spårig,
134 600 23 25 ty
180 597 36 21 det
233 604 51 14 vore
304 598 5 20 i
326 597 41 21 alla
382 597 38 21 fall
435 596 149 22 oekonomiskt
598 599 31 18 att
643 596 28 28 på
686 604 27 13 en
728 596 125 28 bredspårig

34 626 55 21 bana
105 625 98 29 dagligen
219 626 90 21 utsända
324 626 50 20 flere
389 626 104 20 halftoma
507 625 43 28 tåg,
566 625 75 21 medan
658 632 48 14 man
720 624 96 22 deremot
826 626 28 27 på

35 662 26 13 en
79 654 126 29 smalspårig
220 654 55 22 bana
289 654 68 22 måste
372 654 34 21 för
421 662 80 13 samma
515 653 139 29 trafikmängd
670 653 67 21 sända
751 653 51 21 flere
817 653 37 29 tåg

35 683 99 28 dagligen
150 685 25 19 än
192 683 27 29 på
234 684 41 20 den
291 683 143 28 bredspåriga,
449 683 40 21 och
505 682 82 22 således
603 682 68 22 oftare
686 682 68 22 skulle
765 682 33 21 stå
812 682 42 21 den

35 712 143 21 trafikerande
193 712 141 21 allmänheten
349 712 33 20 till
396 712 71 28 tjenst.

103 740 44 22 Det
168 740 38 22 har
229 741 71 21 blifvit
322 740 63 28 sagdt
400 741 21 20 af
436 740 98 21 tekniska
549 740 145 26 auktoriteter,
709 747 44 13 som
769 740 35 27 jag
819 739 35 21 för

34 770 43 20 min
93 769 35 21 del
143 770 115 27 ingalunda
273 769 112 21 fördristar
399 770 43 26 mig
457 772 31 18 att
503 769 65 28 jäfva,
583 771 31 18 att
627 768 112 21 skilnaden
749 768 7 20 i
768 768 86 28 anlägg-

34 798 155 27 ningskostnad
211 798 35 21 för
266 799 140 27 jernvägarna
428 797 47 21 icke
492 798 23 20 så
530 797 133 27 väsentligen
679 797 62 20 beror
756 796 23 21 af
795 796 59 28 spår-

34 826 87 26 vidden,
142 834 46 14 som
208 827 22 20 af
251 826 48 21 hela
317 827 147 26 utrustningen
485 826 6 20 i
510 826 71 27 öfrigt.
610 825 47 22 Vill
672 832 49 14 man
737 824 27 22 då
780 825 74 21 bevisa

35 858 31 18 att
87 862 25 14 en
129 855 125 28 bredspårig
277 854 55 22 bana
354 855 41 20 kan
412 854 79 28 byggas
507 856 75 19 nästan
596 854 45 20 lika
656 854 43 20 billig
731 860 44 14 som
792 853 62 21 smal-

35 884 84 28 spåriga
142 884 71 25 banor,
229 884 23 21 så
266 883 60 21 torde
342 891 47 13 man
406 883 80 21 kanske
502 883 84 21 komma
600 882 32 21 till
647 890 26 13 en
689 890 24 13 så
727 882 39 21 lätt
781 882 72 22 öfver-

35 912 107 28 byggnad,
157 915 32 18 att
204 920 79 13 samma
298 912 78 27 rörliga
391 912 100 26 materiel,
507 919 45 13 som
567 913 23 19 är
605 910 87 29 lämplig
707 910 35 21 för
756 918 27 14 en
799 910 55 22 bana

35 941 47 21 med
99 944 75 25 tyngre
190 940 168 29 öfverbyggnad,
373 940 48 21 icke
437 940 41 21 kan
494 940 49 21 med
557 940 38 20 full
610 939 121 28 belastning
746 940 107 27 begagnas

35 969 28 29 på
85 969 73 27 dylika
180 969 136 29 bredspåriga
339 969 72 21 banor.
444 968 44 22 Det
506 976 63 21 synes
585 969 43 27 mig
642 976 51 13 vara
709 968 23 20 af
746 968 108 28 synnerlig

35 999 46 27 vigt
96 1001 32 18 att
141 998 217 28 Jernvägsutskottet,
373 998 70 20 såsom
458 997 37 21 det
510 997 107 21 sannolikt
632 996 66 22 också
715 996 95 22 kommer
822 999 32 18 att

34 1028 57 27 göra,
102 1026 35 22 må
152 1034 53 20 egna
220 1027 62 21 dessa
296 1026 73 28 frågor
384 1034 34 13 om
434 1026 212 28 byggnadssystemet
657 1032 26 14 en
693 1025 97 27 allvarlig
800 1032 54 21 upp-

35 1055 147 21 märksamhet.
220 1055 31 22 Vi
272 1055 33 21 stå
325 1058 51 18 utan
391 1054 78 22 tvifvel
484 1054 94 28 återigen
597 1055 7 20 i
628 1056 30 19 ett
679 1053 175 28 öfvergångsmo-

35 1087 58 18 ment
116 1084 22 21 af
160 1091 80 13 samma
261 1083 147 22 beskaffenhet
430 1090 45 14 som
493 1083 34 21 för
542 1084 27 20 20
585 1082 22 21 år
623 1082 72 26 sedan,
710 1082 27 21 då
752 1082 28 28 på
795 1082 59 21 detta

35 1120 47 13 rum
97 1112 37 21 det
148 1112 95 28 yrkande
258 1112 124 28 uppstäldes
398 1112 40 20 och
453 1111 119 21 sedermera
587 1110 22 22 af
619 1110 120 22 Ständerna
754 1110 100 21 omfatta-

37 1140 44 27 des,
103 1143 31 19 att
148 1142 65 19 innan
228 1140 73 22 vidare
321 1140 71 21 beslut
406 1147 35 13 om
455 1140 169 28 jernvägsnätets
639 1138 127 28 utvidgning
782 1138 72 22 kunde

37 1169 40 21 och
99 1169 68 21 skulle
182 1169 72 26 fattas,
272 1176 48 14 man
335 1168 68 21 måste
418 1168 65 21 vinna
498 1168 114 27 utredning
627 1167 111 28 angående
753 1170 31 18 ett
798 1167 56 21 billi-

35 1205 50 20 gare
109 1197 189 28 byggnadssystem
321 1199 26 19 än
370 1197 37 21 det
426 1196 59 29 förut
500 1196 72 28 följda.
601 1196 53 20 Man
668 1195 55 21 hade
739 1195 27 21 då
781 1198 73 18 senast

36 1226 52 28 bygt
103 1225 384 22 Tavastehus—Tammerfors--Åbo
504 1225 68 21 banan
587 1224 34 21 för
637 1225 89 25 100,000
741 1224 60 21 mark
816 1231 38 21 per

36 1254 111 22 kilometer
162 1254 40 21 och
217 1254 70 22 kände
302 1255 33 27 sig
350 1254 126 28 öfvertygad
491 1261 33 14 om
535 1256 31 18 att
577 1252 118 22 kostnaden
707 1252 65 22 borde
782 1252 72 21 kunna

36 1283 132 27 väsentligen
184 1283 134 27 nedbringas,
333 1282 41 22 och
388 1290 50 13 man
452 1282 82 21 fattade
550 1282 23 20 af
587 1281 86 22 hvilken
689 1282 47 27 vigt
751 1281 37 21 det
802 1288 52 14 vore

36 1314 31 17 att
89 1312 6 19 i
117 1312 48 20 vårt
184 1311 132 21 vidsträckta
336 1310 51 21 land
407 1311 72 20 kunna
493 1310 48 20 med
557 1317 79 13 samma
651 1309 203 28 kapitaluppoffring

35 1339 147 21 åstadkomma
204 1346 26 14 en
252 1341 67 19 större
341 1338 112 28 banlängd.
490 1338 34 20 En
546 1337 91 21 särskild
656 1337 138 21 kommission
809 1336 45 22 blef

35 1367 29 29 på
82 1367 129 22 Ständernas
228 1367 91 28 begäran
337 1366 90 27 nedsatt,
442 1366 86 22 hvilken
544 1365 27 29 på
585 1365 75 21 hösten
677 1366 54 21 1877
746 1365 55 21 hade
816 1365 38 22 sitt

36 1396 134 22 betänkande
193 1396 86 28 färdigt.
317 1395 12 21 I
344 1396 94 27 enlighet
452 1394 48 22 med
523 1394 50 22 dess
591 1394 81 28 förslag
687 1394 79 21 beslöts
782 1393 74 22 Vasa-

36 1425 81 21 banans
133 1424 111 30 byggande
260 1425 40 21 och
315 1424 143 22 kostnaderna
469 1423 155 28 nedbringades
635 1423 48 21 från
695 1424 88 25 100,000
794 1422 61 21 mark

36 1462 38 21 per
82 1454 110 22 kilometer
199 1454 33 20 till
246 1454 74 26 52,000
338 1453 65 21 mark.
418 1452 41 29 Jag
467 1455 44 19 tror
525 1452 48 22 icke
582 1454 31 19 att
623 1452 101 21 tekniken
735 1453 56 19 ännu
807 1454 49 18 sagt

37 1484 37 20 sitt
96 1484 52 21 sista
169 1482 39 22 ord
229 1484 8 20 i
251 1482 49 22 vårt
314 1482 50 22 land
379 1482 7 21 i
401 1481 62 29 fråga
478 1488 34 15 om
527 1480 266 29 anläggningskostnaden.
847 1480 8 20 Vi
