1086 1695
216 117 26 20 32
462 123 25 17 R.
500 127 17 12 o.
531 123 20 16 A.
565 123 55 20 1897.
645 123 26 17 23
683 122 46 18 Jan.

288 190 36 21 för
337 190 201 21 Riddarhuskassan
552 192 64 27 utgör
640 207 4 4 .
674 207 5 4 .
708 191 47 27 9
786 191 69 24 1,575:
871 191 32 20 52.

300 228 9 10 >
336 219 242 27 Jungfrustiftskassan.
608 235 5 5 .
643 235 4 5 .
677 235 4 4 .
722 228 9 10 »
775 219 81 26 14,048:
872 219 32 20 02.

300 256 9 11 »
336 247 100 28 Boijeska
458 247 81 22 fonden
573 265 4 4 .
607 264 5 5 .
642 264 4 4 .
676 264 5 5 .
721 256 10 11 >
809 249 46 20 777:
872 248 33 21 65.

254 310 99 21 Nämnda
375 310 80 26 kassor,
480 310 72 21 hvilka
577 310 37 22 vid
638 311 54 21 1896
708 310 33 21 ärs
757 310 81 28 utgäng
853 310 155 28 sammanlagdt

185 340 110 27 uppgingo
319 339 32 21 till
376 340 89 25 617,430
490 339 59 21 mark
572 340 12 20 6
608 339 70 28 penni,
702 339 65 21 hafva
785 339 48 21 icke
848 339 68 20 under
930 339 78 21 treärs-

185 367 102 29 perioden
302 367 13 22 &
329 367 94 22 derifrän
438 367 83 29 utgifna
536 367 35 22 län
586 367 42 22 fätt
643 367 118 22 vidkännas
777 367 70 29 nägon
863 367 83 22 förlust.

571 460 45 22 IX.

254 523 51 21 Med
329 523 115 28 anledning
467 523 23 21 af
512 523 128 28 stadgandet
654 523 7 21 i
677 523 12 27 8
706 524 10 20 7
733 523 22 21 af
770 522 42 22 den
827 522 34 21 för
875 522 134 22 Riddarhus-

184 551 135 22 direktionen
342 552 98 28 gällande
463 552 128 21 instruktion
614 552 38 21 har
667 551 141 22 Direktionen
824 551 36 22 vid
876 552 49 21 dess
941 551 67 22 första

184 581 157 21 sammanträde
356 581 55 21 efter
423 581 111 21 sisthällna
548 580 104 29 landtdag
666 581 7 20 i
690 580 72 29 början
779 580 23 21 af
816 580 50 21 Juni
883 581 55 20 1894
954 581 6 20 i
976 580 32 21 af-

182 609 81 22 seende
288 609 13 22 å
322 609 122 29 fördelning
468 609 24 22 af
516 609 26 22 de
566 611 7 20 i
591 609 92 22 nämnda
698 610 13 27 8
727 609 139 22 omförmälda
879 609 128 29 åligganden

183 639 92 20 emellan
291 639 151 21 Direktionens
458 639 117 21 ledamöter
590 641 89 19 utsett:.

254 696 193 27 Öfverdirektören.
474 701 98 22 Friherre
595 701 21 22 S.
636 701 135 29 Gripenberg
790 701 40 22 och
845 702 163 22 Referendarie-

185 731 148 21 sekreteraren
355 730 21 22 S.
396 730 130 29 Segersträle
541 734 31 18 att
586 731 66 21 hafva
667 731 41 21 den
723 733 107 19 närmaste
845 732 115 27 uppsigten
975 731 33 21 öf-

186 767 38 14 ver
239 759 242 29 riddarhusbyggnaden
497 759 41 22 och
553 759 48 22 dess
617 759 162 29 tillhörigheter;

253 788 138 29 Lagmannen
414 789 25 21 L.
462 789 64 28 Prytz
549 789 40 21 och
608 789 225 22 Landträntmästaren
852 789 27 22 V.
893 789 68 22 Falck
977 792 31 19 att

184 817 113 22 skiftesvis
312 817 75 22 utöfva
402 817 102 22 inseende
519 817 62 22 öfver
595 817 178 30 räkenskaperna,
783 818 224 29 kassaförvaltningen

184 846 42 22 och
241 847 35 26 alt,
291 854 46 14 som
352 847 39 21 hör
405 847 33 20 till
453 847 228 26 kamrerarekontoret;
696 849 55 19 samt
1021 871 2 2 N

254 875 244 27 Hofrättspresidenten,
520 883 87 14 numera
631 875 203 23 Viceordföranden
857 877 7 20 i
886 876 122 29 Kejserliga

185 903 105 22 Senatens
305 903 237 30 Justitiedepartement
556 905 41 21 och
611 904 155 22 Hofmästaren
782 905 36 21 vid
833 905 63 21 Hans
906 884 102 50 Majestät

184 932 118 29 Kejsarens
318 933 39 21 hof
370 933 26 21 R.
412 933 149 28 Montgomery
576 933 41 22 och
632 933 278 28 Försäkringsinspektören
923 934 85 21 Doktor

185 962 27 20 A.
237 961 94 29 Ramsay
355 964 31 19 att
410 961 124 22 handhafva
555 962 100 29 tillsynen
678 962 61 22 öfver
761 962 156 22 Riddarhusets
933 963 75 27 kansli,

185 990 62 22 arkiv
269 990 41 21 och
332 990 104 22 bibliotek
458 991 111 21 äfvensom
592 991 62 22 öfver
676 991 27 22 de
718 991 150 28 genealogiska
883 991 41 22 och
939 991 69 22 heral-

185 1019 62 21 diska
263 1019 142 28 samlingarna
420 1019 40 22 och
476 1019 60 22 deras
549 1020 173 29 komplettering.

255 1082 49 21 Den
329 1082 89 21 sålunda
433 1082 122 22 verkstälda
571 1083 149 28 fördelningen
735 1083 38 22 har
788 1083 68 22 under
870 1084 139 29 treårsperio-

185 1110 42 21 den
244 1110 139 22 oförändradt
398 1111 127 22 bibehållits.
786 1135 3 3 N

255 1139 151 21 Ordföranden
422 1140 7 20 i
444 1139 141 22 Direktionen
601 1140 166 23 Geheimerädet
781 1141 30 23 V.
827 1149 41 14 von
884 1141 125 28 Haartman,

185 1175 47 14 som
255 1167 65 22 sedan
340 1168 76 21 hösten
433 1169 55 20 1894
504 1169 22 20 af
541 1169 98 28 sjukdom
654 1170 56 20 varit
724 1169 125 22 förhindrad
864 1173 32 18 att
909 1171 7 20 i
932 1171 77 20 Direk-

184 1197 85 20 tionens
285 1196 189 29 öfverläggningar
489 1197 41 21 och
545 1197 71 22 beslut
630 1197 91 29 deltaga,
737 1198 55 21 afled
807 1198 14 22 &
835 1199 81 21 utrikes
926 1202 33 18 ort
967 1199 41 21 den

184 1225 27 20 21
235 1224 44 27 Maj
304 1226 60 20 1895.
394 1225 48 22 Vid
464 1225 165 22 Geheimerädet
651 1233 42 14 von
715 1227 129 20 Haartmans
859 1227 150 27 jordfästning,

184 1251 88 21 hvilken
295 1252 54 26 egde
371 1259 46 13 rum
440 1253 7 19 i
462 1253 149 27 Helsingfors,
626 1253 101 21 nedlades
743 1254 23 20 af
780 1254 141 21 Presidenten
936 1255 74 20 Mont-

184 1286 88 21 gomery
293 1280 28 27 pä
345 1280 270 22 Riddarhusdirektionens
634 1283 80 25 vägnar
729 1282 41 21 och
785 1282 28 28 pä
829 1282 97 28 uppdrag
941 1282 23 22 af
978 1285 32 19 ett

184 1310 55 19 stort
261 1308 57 21 antal
341 1308 137 22 medlemmar
500 1308 23 22 af
543 1308 160 33 Ridderskapet
727 1310 41 22 och
789 1310 71 22 Adeln
875 1319 26 14 en
916 1312 94 21 minnes-

183 1336 65 22 krans
273 1337 70 22 såsom
370 1338 85 28 uttryck
480 1338 35 21 för
541 1338 152 23 Direktionens
712 1339 41 22 och
768 1339 101 22 Ständets
885 1340 87 22 känslor
986 1341 24 21 af

184 1365 51 29 djup
251 1365 97 23 vördnad
364 1367 34 21 för
412 1367 41 22 och
468 1367 133 22 tacksamhet
616 1371 46 18 mot
676 1368 42 22 den
733 1369 79 22 aflidne
827 1369 34 22 för
875 1369 53 22 hans
944 1369 64 22 fram-

182 1394 90 23 stäende
287 1395 41 22 och
342 1396 112 28 gagneliga
468 1397 135 22 verksamhet
617 1397 7 21 i
639 1397 150 23 fosterlandets
805 1399 70 28 tjenst.

252 1424 105 26 Altsedan
380 1424 164 23 Geheimerädet
566 1433 43 14 von
632 1426 130 23 Haartmans
784 1427 99 29 sjukdom
898 1427 38 22 har
952 1427 57 23 Ord-

182 1452 233 30 förandesuppleanten
438 1455 6 20 i
467 1454 142 23 Direktionen
632 1455 141 22 Presidenten
793 1457 151 28 Montgomery
960 1457 49 21 fun-

181 1484 62 25 gerat
257 1481 72 22 säsom
344 1482 153 23 Direktionens
513 1483 136 28 ordförande,
661 1484 117 29 hvarjemte
789 1485 68 21 förste
868 1485 141 29 suppleanten

182 1510 304 24 Senatskammarförvandten
509 1512 28 22 N.
551 1512 26 22 B.
593 1511 124 24 Grotenfelt
731 1514 7 21 i
753 1513 152 22 Direktionens
921 1514 88 22 arbeten
