1045 1686
389 108 119 23 Jagtlagen.
786 105 41 20 213

30 184 63 15 norra
117 176 61 22 delen
201 176 23 22 af
245 176 73 22 landet
338 177 45 22 ofta
408 179 24 20 är
452 178 66 21 fallet.
548 179 66 21 Detta
635 179 86 28 uppnås
744 179 54 28 icke,
821 187 35 13 om

30 206 47 21 åter
98 205 59 22 tiden
177 205 72 22 blefve
273 206 139 29 framskjuten
427 207 33 21 till
475 207 41 22 den
533 209 26 21 16
574 207 128 22 November.
732 208 121 24 Efteriden

31 236 12 20 1
66 235 124 21 November
213 237 23 19 är
257 235 108 22 dessutom
384 236 28 20 all
426 236 153 29 rapphönsjagt
593 236 24 22 sä
631 237 53 27 godt
699 244 46 14 som
760 237 94 28 omöjlig,

31 263 129 21 åtminstone
176 263 49 21 med
240 263 64 21 hund.
333 264 51 20 Men
400 264 87 21 hvarför
503 265 6 20 i
525 265 48 21 nåd.
588 273 60 20 prop.
663 265 75 27 början
753 265 23 21 af
784 265 70 21 denna

31 292 92 27 lofgifna
146 292 30 20 tid
199 292 68 20 skulle
290 292 125 28 uppskjutas
438 292 32 22 till
489 293 40 21 den
547 294 26 20 10
588 294 7 20 i
610 296 25 18 st.
651 293 34 21 för
701 294 11 20 1
729 293 127 28 September

31 323 38 18 vet
83 320 35 28 jag
134 320 54 26 icke,
203 320 28 21 dä
244 320 22 28 ju
281 320 107 28 rapphöns
403 321 66 21 redan
485 322 11 20 1
513 321 125 29 September
648 323 37 19 äro
695 322 50 20 fullt
754 322 101 28 jagtdug-

31 349 48 28 liga.
103 362 12 2 —
124 348 44 22 För
191 348 131 22 bevarandet
336 349 23 21 af
374 357 42 13 orr-
432 350 40 21 och
487 350 172 28 tjäderstammen
675 350 38 21 har
728 350 126 21 komiteför-

31 378 74 27 slaget,
127 377 83 22 hvilket
229 378 65 21 äfven
309 379 91 27 antagits
416 379 7 21 i
438 378 48 22 nåd.
502 386 65 22 prop.,
582 378 85 28 stadgat
682 381 31 19 att
729 379 57 22 olika
801 378 54 22 frid-

31 406 127 29 lysningstid
180 406 67 22 skulle
271 406 127 22 bestämmas
420 407 35 21 för
475 415 44 14 orr-
542 408 41 21 och
600 408 125 28 tjäderhöna
741 410 55 19 samt
810 415 44 13 orr-

32 435 41 22 och
91 435 128 29 tjädertupp.
249 435 103 22 Komitén
368 436 109 22 bestämde
491 436 106 29 ingången
613 436 24 22 af
651 436 203 28 fridlysningstiden

31 464 35 22 för
81 472 44 13 orr-
140 464 40 22 och
195 464 124 29 tjäderhöna
333 465 33 21 till
390 466 3 20 I
409 465 126 22 December.
564 465 55 21 Nåd.
634 473 60 21 prop.
706 465 46 22 åter
762 466 92 20 bestäm-

32 501 45 13 mer
99 493 74 29 början
195 494 22 20 af
240 493 69 22 denna
324 493 171 29 fridlysningstid
511 494 32 21 till
566 495 4 21 I
586 494 94 22 Januari.
710 494 35 21 Då
760 494 94 21 komitén

33 522 109 22 bestämde
158 525 31 19 att
203 522 200 29 fridlysningstiden
418 523 69 22 skulle
503 523 58 29 börja
576 522 41 23 den
635 524 10 20 1
663 523 126 25 December,
799 522 56 22 hade

32 551 94 21 komitén
148 552 7 20 i
178 553 54 27 sigte
254 554 31 18 att
307 551 76 21 hindra
406 552 58 21 detta
484 552 170 21 massutrotande
679 552 22 21 af
716 552 91 21 orrhöna
822 552 34 20 för

32 580 109 27 bulvaner,
156 588 45 14 som
217 580 66 29 pågår
297 581 7 20 i
319 580 27 21 de
361 580 97 28 nordliga
474 581 109 21 trakterna
597 580 68 22 under
680 580 120 22 December
812 580 45 21 må-

33 609 48 21 nad.
111 609 41 28 Jag
174 617 62 13 anser
258 612 31 18 att
310 609 48 21 hela
380 609 97 22 försöket
499 612 30 19 att
544 609 66 22 rädda
626 609 91 21 orrhöna
732 617 77 20 genom
825 612 32 18 att

33 640 80 19 utsätta
129 638 80 21 dennas
224 638 170 28 fridlysningstid
416 639 33 20 till
464 646 27 14 en
507 646 69 14 annan
592 640 25 19 än
634 638 34 21 för
683 641 89 25 orrtupp
788 641 69 18 stran-

33 667 44 26 dar,
99 674 34 14 om
156 666 198 29 fridlysningstiden
377 666 55 22 först
458 667 69 29 börjar
547 667 41 21 den
605 668 11 20 1
632 666 93 26 Januari,
741 670 23 25 ty
779 667 77 21 mellan

34 697 11 20 1
71 695 87 21 Januari
174 695 40 21 och
231 696 11 20 1
258 696 61 25 Mars,
334 695 70 21 säsom
420 695 197 29 fridlysningstiden
633 703 28 13 nu
677 697 23 19 är
715 695 103 26 bestämd,
833 697 24 19 är

34 724 111 22 skilnaden
160 724 83 28 ganska
257 724 57 26 liten,
330 724 40 21 och
386 724 26 21 de
427 724 75 28 fäglar,
517 732 45 14 som
577 724 62 21 fällas
655 724 76 21 mellan
748 725 11 20 1
767 724 89 21 Januari

34 753 40 21 och
90 754 11 20 1
125 753 65 26 Mars,
206 754 35 20 äro
257 752 63 29 högst
334 752 28 22 fä.
392 753 43 21 För
449 756 78 26 tuppar
541 755 24 19 är
580 752 74 29 början
669 753 22 21 af
707 752 40 22 den
763 752 93 28 lofgifna

33 782 59 21 tiden
108 782 67 28 enligt
190 781 47 22 nåd.
253 789 59 21 prop.
326 784 68 19 utsatt
408 782 32 21 till
455 782 41 21 den
513 783 26 21 14
555 782 98 28 Augusti.
667 782 74 28 Huru
755 782 42 21 den
807 781 49 21 nåd.

33 819 59 21 prop.
118 811 90 21 kommit
231 811 32 21 till
304 813 43 19 detta
373 810 81 22 känner
476 811 52 21 hvar
543 810 41 22 och
599 818 32 14 en.
660 811 116 27 Asigterna
790 810 66 21 hafva

33 841 57 20 varit
108 840 86 28 mycket
209 839 76 22 delade
300 839 41 22 och
356 847 26 13 en
397 842 45 18 stor
457 840 92 28 polemik
564 839 37 21 har
616 839 53 21 förts
683 840 6 19 i
707 839 149 21 facktidskrif-

33 871 39 19 ter.
101 869 73 28 Några
195 875 51 14 anse
269 869 6 20 i
298 867 95 29 enlighet
412 868 48 21 med
475 867 226 22 komitebetänkandet
715 871 31 18 att
762 867 41 22 den
818 867 38 26 tid,

34 897 29 22 då
85 905 48 14 man
154 897 54 21 skall
229 897 24 21 få
277 897 59 28 börja
357 897 71 28 skjuta
450 905 46 13 orre
512 897 40 21 och
567 896 74 29 tjäder,
657 896 66 21 borde
738 896 118 21 bibehållas

35 926 69 21 såsom
127 926 81 26 hittills,
231 925 19 22 d.
271 933 20 14 v.
313 933 16 14 s.
350 927 90 20 utsättas
461 926 32 21 till
516 925 42 22 den
574 926 25 20 10
615 925 99 28 Augusti,
729 925 66 21 andra
810 925 46 21 åter

34 955 81 21 föreslå
137 954 41 22 den
200 955 27 21 24
249 955 99 28 Augusti.
378 954 49 21 Den
448 954 49 22 nåd.
512 961 59 22 prop.
585 954 75 28 tyckes
675 953 28 29 gå
717 953 139 28 medelvägen

36 984 41 22 och
91 983 116 22 fastställer
222 983 41 22 den
280 984 26 21 14
321 984 99 27 Augusti.

103 1013 104 21 Kommer
229 1012 24 21 så
277 1012 75 28 frågan
368 1019 33 14 om
417 1012 148 21 morkullorna.
594 1011 31 22 Af
640 1012 93 21 komitén
748 1019 39 13 var
801 1011 55 21 före-

35 1042 69 28 slaget
125 1044 31 19 att
180 1041 104 22 morkulla
306 1041 68 21 skulle
396 1041 23 21 få
440 1041 81 28 skjutas
538 1040 65 29 under
618 1041 77 21 streck.
725 1040 10 21 I
751 1040 41 21 den
808 1039 48 22 nåd.

35 1078 74 22 prop:n
125 1072 24 19 är
164 1070 59 21 detta
237 1070 81 29 förslag
329 1070 47 21 icke
386 1069 116 29 godkändt.
517 1070 114 28 Åsigterna
653 1069 72 22 härom
744 1069 66 21 hafva
824 1069 33 20 äf-

35 1108 42 13 ven
102 1100 56 21 varit
172 1099 81 22 delade.
283 1099 41 27 Jag
339 1099 105 21 vidhåller
458 1099 66 21 likväl
539 1102 32 18 att
585 1098 103 21 morkulla
703 1097 68 22 under
786 1097 70 22 streck

36 1128 39 22 bör
90 1128 24 22 få
129 1128 81 28 skjutas
226 1135 34 14 om
275 1127 66 22 våren
356 1127 64 21 redan
438 1127 78 27 derför,
531 1130 31 18 att
577 1134 25 14 en
617 1126 67 22 sådan
695 1127 44 28 jagt
750 1126 107 28 försiggår

36 1158 6 21 i
66 1158 41 21 alla
127 1156 74 22 länder
215 1156 48 22 med
279 1158 67 20 större
362 1156 120 21 erfarenhet
497 1157 6 20 i
517 1155 126 30 jagtvården
658 1157 26 19 än
700 1156 21 21 vi
736 1155 66 21 hafva
816 1154 41 22 och

35 1186 51 21 med
101 1193 57 14 mera
173 1185 122 28 utbildning
309 1185 40 22 och
365 1185 164 21 framåtskridna
543 1185 200 28 jagtförordningar.

105 1216 12 26 8
139 1215 27 21 18
187 1215 7 20 i
209 1214 225 21 komitébetänkandet
448 1214 89 21 handlar
551 1213 72 22 derom
639 1216 30 18 att
686 1211 78 23 »Hvad
779 1213 6 20 i
802 1213 12 26 $
831 1213 25 20 16

37 1243 97 28 stadgats
150 1243 57 21 afser
221 1244 18 20 ej
257 1242 103 27 vildbråd,
376 1250 44 13 som
436 1243 95 20 förvaras
547 1243 7 20 i
569 1241 100 29 djurgård
685 1242 51 20 eller
750 1240 106 28 inhägnad

37 1272 105 29 jagtpark,
162 1272 19 28 ej
204 1251 66 41 Heller
284 1271 118 28 fångandet
417 1271 23 21 af
454 1271 100 21 lefvande
570 1270 53 21 vildt
638 1270 34 21 för
687 1272 31 19 att
733 1271 7 19 i
755 1269 46 21 fritt
815 1269 43 20 till-

39 1301 63 21 stånd
117 1299 139 22 annorstädes
272 1301 110 20 utsättas».
411 1299 78 21 Denna
504 1299 98 28 paragraf
617 1299 38 20 har
669 1298 131 27 fullkomligt
811 1301 46 18 ute-

38 1329 70 20 slutits
131 1335 25 14 ur
178 1328 47 21 nåd.
241 1335 60 20 prop.
330 1327 175 21 Bortlemnandet
520 1327 23 21 af
557 1327 69 20 denna
642 1327 99 27 paragraf
755 1326 103 20 utesluter

38 1356 83 21 således
145 1355 136 29 möjligheten
303 1358 32 18 att
355 1356 77 20 inrätta
447 1355 147 28 afvelsparker
607 1354 34 21 för
657 1353 93 22 ökandet
764 1353 23 21 af
802 1353 56 21 vild-

39 1385 70 21 naden
125 1385 42 21 och
182 1384 101 22 särskildt
297 1383 163 29 utplanterande
475 1383 23 22 af
512 1382 104 23 villebråd
631 1382 14 21 å
660 1382 26 22 de
702 1385 62 23 orter,
778 1381 38 22 der
824 1381 34 22 så-

39 1413 42 22 dan
95 1414 122 21 försvunnit
232 1412 51 22 eller
298 1412 38 22 der
351 1412 65 22 sådan
432 1412 58 21 förut
505 1412 47 21 icke
567 1411 141 21 förekommit.
737 1410 41 28 Jag
789 1410 69 22 skulle

39 1450 51 14 anse
113 1445 31 19 att
166 1450 62 13 mom.
252 1443 10 20 1
285 1442 22 21 af
322 1442 12 28 &
351 1442 27 20 18
392 1442 7 20 i
415 1440 224 22 komitébetänkandet
653 1439 66 22 borde
735 1439 123 21 bibehållas.

39 1472 104 22 Deremot
157 1471 38 22 har
209 1472 35 28 jag
259 1472 110 27 ingenting
384 1473 57 19 emot
455 1472 32 19 att
500 1477 62 14 mom.
578 1470 12 20 2
606 1468 67 29 utgår.
