1045 1681
258 96 71 17 Skada
340 96 8 17 i
360 96 52 21 följd
424 96 23 17 af
455 97 154 21 jernvägsdrift.
776 93 41 21 285

35 164 84 30 ;rkändt
133 164 72 26 behof,
220 164 83 22 hvilket
316 166 56 27 gjort
386 166 34 27 sig
434 165 98 28 gällande
546 173 77 20 genom
638 164 80 22 timade
728 164 118 22 händelser.

35 192 96 22 Avarken
148 194 29 20 uti
194 193 122 22 Utskottets
331 194 134 21 betänkande
480 194 51 21 eller
545 194 68 21 under
627 194 42 20 den
684 193 79 27 debatt,
778 201 46 13 som
839 194 7 20 i

35 222 32 28 lag
88 222 75 20 hittills
179 222 119 28 försiggätt,
313 222 39 21 har
366 222 118 28 någonting
498 223 114 27 framförts,
627 230 45 13 som
688 222 68 21 skulle
771 224 76 26 utgöra

35 253 21 18 tt
77 250 78 28 sakligt
177 250 60 21 bevis
260 251 39 25 för,
322 254 31 18 att
375 251 99 27 åtgärder
495 252 8 20 i
520 251 43 21 den
578 251 94 27 riktning
686 251 160 27 propositionen

35 278 114 26 nnehäller,
165 286 50 13 vore
231 279 22 21 af
268 279 76 21 nöden.
374 280 43 20 Om
432 286 48 14 man
496 280 61 20 anför
572 282 30 18 att
618 279 28 28 pä
661 280 26 20 30
703 279 24 21 är
742 280 39 20 341
800 286 47 20 per-

35 314 55 13 soner
111 306 68 21 aflidit
196 307 32 20 till
242 307 54 28 följd
310 307 24 21 af
348 307 73 27 skada,
436 307 125 21 förorsakad
577 308 22 20 af
613 307 158 28 jernvägsdrift,
785 307 24 21 sä
824 308 23 19 är

34 334 52 22 letta
101 337 32 19 ett
148 335 86 27 mycket
248 336 47 20 litet
309 336 30 20 tal
354 336 7 20 i
376 335 121 29 jemförelse
512 336 48 20 med
575 338 15 18 t.
605 343 32 13 ex.
652 335 56 22 hvad
722 343 45 13 som
780 334 67 22 under

34 371 73 13 amma
121 363 32 21 tid
168 363 95 21 inträffat
278 364 37 21 vid
330 364 109 28 sjöfarten.
462 364 83 21 Endast
560 364 180 28 ängbätstrafiken
755 364 38 20 har
803 364 44 20 helt

34 392 64 21 äkert
112 392 93 21 medfört
220 394 67 19 större
302 392 102 21 förluster
418 393 23 20 af
453 393 136 21 menniskolif
601 392 68 22 under
679 393 63 21 dessa
753 392 28 21 är.
804 392 43 21 Om

34 428 22 14 m
81 420 26 21 de
131 420 164 29 bestämningar,
316 428 46 14 som
385 421 137 28 lagförslaget
543 421 122 26 innehåller,
688 421 68 21 skulle
779 420 68 22 blifva

34 449 95 27 sällande,
151 448 24 22 så
196 450 68 20 skulle
287 449 37 21 det
346 450 101 21 innebära
470 451 110 27 ingenting
599 453 66 18 annat
681 452 27 19 än
728 453 31 17 att
773 449 74 28 hvarje

34 478 48 27 sång
101 485 26 13 en
146 485 77 21 person
239 478 67 28 köper
320 486 26 13 en
361 479 169 28 jernvägsbiljett
546 479 51 21 eller
611 486 27 13 en
653 479 99 21 trafikant
768 478 79 21 betalar

34 514 17 13 n
72 506 123 26 fraktsedel,
217 507 42 20 han
281 507 48 20 med
352 507 117 21 detsamma
491 507 28 29 på
540 507 198 28 jernvägsbolagets
757 507 91 27 räkning

33 535 60 21 .kulle
109 535 45 21 lösa
169 537 33 26 sig
217 543 26 13 en
259 535 188 29 försäkringspolis
462 536 35 20 för
510 537 38 19 sitt
563 536 25 20 lif
603 538 44 18 mot
662 536 78 27 olycka
752 536 28 27 på
791 536 56 27 jern-

33 565 61 26 rägen
110 564 51 20 eller
175 564 35 20 för
225 564 32 20 sin
273 571 50 13 vara
338 568 44 16 mot
397 564 67 21 skada
479 564 37 21 vid
531 567 108 25 transport
649 572 38 20 per
696 565 93 27 jernväg.
814 563 33 22 Vi

35 592 57 20 kulle
115 592 84 20 således
220 592 69 20 införa
304 599 26 13 en
346 592 198 27 tvångsförsäkring
560 592 36 21 vid
611 592 150 28 jernvägsfart,
776 591 71 28 något,

33 627 39 14 som
87 619 75 22 hittills
177 620 48 21 icke
242 619 72 21 blifvit
328 620 136 27 genomfördt
478 621 27 28 på
520 620 67 21 andra
600 620 170 25 trafikområden,
786 622 14 18 t.
815 627 32 13 ex.

49 648 108 28 sjöfarten.
187 648 46 21 Der
247 648 34 21 får
296 648 80 22 enhvar
391 649 56 28 sörja
460 649 35 20 för
510 650 31 19 sin
558 657 53 20 egen
626 656 88 20 persons
727 648 76 21 liksom
814 648 34 21 för

33 677 38 20 ina
93 685 73 13 varors
189 677 127 27 försäkring.
346 677 52 21 Man
421 677 69 21 skulle
510 677 89 22 sålunda
619 677 28 28 på
666 677 37 20 det
718 680 74 25 nyaste
807 677 41 21 och

33 705 87 22 säkraste
136 705 241 28 fortskaffningsmedlet
392 706 62 27 lägga
470 713 26 14 en
512 706 50 28 boja
577 706 87 21 alldeles
675 705 104 22 olikartad
791 705 57 21 hvad

33 741 40 14 nan
96 737 70 18 ansett
188 733 133 29 nödvändigt
343 737 31 18 att
393 735 70 20 införa
482 738 14 18 t.
516 742 32 14 ex.
568 736 6 20 i
591 734 187 29 ängbätstrafiken.
807 734 42 28 Jag

33 770 35 13 san
90 763 47 21 icke
159 763 94 20 förklara
271 763 59 21 detta
350 763 27 28 pä
396 766 65 18 annat
480 765 48 24 sätt,
544 765 26 19 än
585 766 31 18 att
631 771 47 13 man
694 763 66 21 redan
776 763 72 21 blifvit

33 799 34 14 ran
83 791 36 22 vid
135 791 103 28 ängbätar
253 791 40 22 och
308 793 7 20 i
330 792 48 21 dem
394 799 34 14 ser
444 792 65 28 nägot
523 793 116 27 alldagligt,
649 792 28 21 dä
687 791 96 22 deremot
792 793 56 26 jern-

33 821 63 27 rägar,
115 819 124 29 isynnerhet
260 820 102 26 enskilda,
376 821 118 20 tillsvidare
510 821 46 21 icke
572 823 36 18 äro
624 820 96 21 inrotade
736 821 6 20 i
759 820 36 21 det
809 820 38 21 all-

33 851 69 19 nänna
120 849 156 21 medvetandet.
307 849 43 21 Om
370 849 62 28 lagen
450 849 68 21 skulle
536 849 107 21 innehålla
659 852 30 17 ett
704 849 81 28 förslag
800 849 47 20 der-

33 879 42 26 län,
89 880 31 18 att
135 877 41 21 alla
191 877 122 22 trafikanter
328 877 69 22 skulle
412 877 100 28 päläggas
524 877 104 22 likartade
643 877 164 28 bestämningar,
823 877 24 20 sä

33 913 43 14 rore
91 906 66 21 saken
173 907 112 20 teoretiskt
300 906 40 21 och
356 906 81 21 kanske
452 906 67 21 också
533 907 108 28 praktiskt
655 908 59 25 taget
728 906 71 27 riktig,
813 905 34 22 sä-

33 934 75 21 illvida
131 937 30 18 att
184 934 146 28 likformighet
352 934 126 21 härutinnan
500 935 27 20 då
547 935 68 20 skulle
636 934 57 26 råda,
709 942 46 13 men
772 942 28 13 nu
815 935 32 20 in-

33 963 65 20 räffar
120 970 25 13 en
168 962 87 22 alldeles
275 963 95 28 påtaglig
392 963 164 28 olikformighet,
576 971 33 13 om
625 963 139 28 lagförslaget
779 963 68 20 skulle

32 994 85 25 intagas.
147 991 43 21 För
212 993 42 19 min
271 992 34 21 del
322 991 50 22 ville
385 992 36 27 jag
437 991 70 22 derför
521 992 76 21 förena
612 992 42 27 mig
669 991 48 22 med
733 991 34 21 Hr
781 991 66 21 Norr-

32 1022 40 19 nén
91 1020 80 27 derom,
191 1023 31 18 att
241 1020 25 21 R.
285 1028 18 13 o.
321 1021 27 20 A.
366 1021 69 20 skulle
450 1021 42 21 låta
508 1020 58 21 detta
582 1020 115 28 lagförslag
712 1020 92 21 förfalla.
819 1033 28 2 —

32 1049 33 28 flag
84 1049 37 21 vill
139 1049 100 28 slutligen
259 1049 32 21 till
305 1049 58 21 Frih.
377 1049 80 22 Wrede
472 1049 56 22 rikta
544 1057 25 13 en
586 1050 89 25 erinran,
690 1052 38 23 att,
743 1056 34 14 om
792 1051 55 18 stor-

32 1078 98 21 ndustrin
151 1077 93 22 medfört
263 1078 90 27 obehag,
371 1077 23 21 så
409 1078 61 21 torde
486 1078 40 21 den
542 1078 35 21 väl
593 1077 66 22 också
673 1078 66 21 hafva
753 1077 94 21 medfört

32 1107 17 20 jä
59 1110 66 17 stora
145 1106 74 29 behag,
239 1109 31 18 att
292 1106 62 21 dessa
370 1107 116 28 öfverväga
501 1107 116 27 obehagen,
631 1106 88 22 hvarför
734 1113 48 14 man
797 1106 48 21 icke

32 1135 58 21 orde
112 1137 102 19 motsätta
236 1135 32 28 sig
289 1143 26 13 en
335 1135 129 28 utveckling,
484 1143 45 14 som
547 1135 45 21 helt
606 1135 55 21 visst
675 1142 52 15 vore
742 1135 32 20 till
789 1142 56 20 gagn

32 1164 27 20 'ör
73 1163 37 22 det
125 1163 110 22 allmänna.

92 1220 34 21 Hr
138 1220 20 22 J.
171 1220 169 22 Grotenfelt:
366 1221 41 28 Jag
428 1221 39 21 har
486 1222 6 19 i
510 1221 38 20 allt
565 1221 115 27 väsentligt
699 1220 73 21 blifvit
789 1220 56 21 före-

31 1256 92 14 zommen
140 1249 23 21 af
177 1249 58 21 Frih.
250 1249 85 26 Wrede,
350 1250 41 21 och
406 1249 94 21 anhåller
516 1249 72 21 derför
602 1249 75 21 endast
692 1251 32 18 att
738 1248 23 21 få
770 1248 76 21 förena

31 1278 38 27 nig
84 1285 34 13 om
133 1278 27 21 de
175 1278 138 28 synpunkter,
328 1277 41 22 han
385 1279 7 20 i
407 1278 76 28 frågan
498 1278 76 21 anfört.
596 1277 42 28 Jag
653 1277 37 21 ber
705 1277 56 21 dock
777 1279 31 18 att
822 1277 23 20 få

31 1306 80 26 illägga
126 1309 31 17 att
172 1308 35 18 det
221 1306 110 20 förefaller
345 1307 49 26 mig,
409 1314 46 12 som
470 1314 34 12 om
519 1313 48 13 man
583 1307 68 19 skulle
661 1305 132 20 öfverskatta
803 1305 42 20 den

31 1333 132 21 skonomiska
181 1336 72 24 tunga,
274 1340 45 14 som
334 1340 78 21 genom
428 1341 25 13 en
470 1333 134 27 lagstiftning
619 1333 65 21 sådan
701 1340 45 13 som
762 1332 40 21 den
816 1340 30 13 nu

31 1361 115 29 "öreslagna
161 1362 83 20 komme
260 1364 32 18 att
305 1362 7 20 i
328 1362 115 21 framtiden
459 1362 58 20 hvila
533 1361 27 28 pä
577 1362 167 27 jernvägsegare.
770 1360 76 22 Såsom

31 1390 60 22 sedan
106 1391 119 28 äberopats,
240 1391 58 21 visar
313 1390 148 22 erfarenheten
476 1390 47 21 från
539 1397 66 15 andra
615 1390 80 26 länder,
704 1389 39 21 der
753 1396 25 15 en
789 1397 57 14 mera

31 1419 126 22 »mfattande
175 1419 139 28 ansvarighet
328 1422 27 18 än
370 1419 42 21 den
428 1427 28 13 nu
471 1419 121 28 föreslagna
606 1420 24 20 är
645 1418 113 29 päbjuden,
773 1421 32 19 att
819 1418 26 22 de

31 1448 85 28 atgifter
134 1448 39 21 här
187 1450 24 19 är
225 1448 61 28 fräga
300 1456 34 13 om
350 1448 47 21 icke
413 1448 55 28 stiga
482 1448 32 20 till
530 1450 67 19 större
612 1448 78 28 belopp
706 1449 28 19 än
749 1448 98 27 omkring

31 1477 21 27 /a
67 1478 28 28 %/o
115 1477 24 21 af
159 1478 150 28 jernvägarnes
325 1477 98 27 samtliga
437 1476 89 28 utgifter
540 1476 35 21 för
589 1476 51 26 året,
655 1476 40 22 och
711 1476 87 28 belöper
813 1476 33 28 sig
