1061 1686
199 111 41 21 130
456 117 25 17 R.
495 121 16 13 o.
524 117 22 17 A.
560 117 54 18 1897.
638 117 14 17 8
663 117 58 17 Febr.

424 213 313 28 Härads-brandstodsbolagen.

238 270 32 21 Af
291 270 35 21 Hr
346 271 27 20 A.
390 270 25 21 L.
430 278 52 13 von
498 270 141 28 Knorring
653 271 109 28 upplästes
778 270 52 21 härä
845 273 31 18 ett
891 270 104 21 motions-

170 298 81 29 förslag
266 305 34 14 om
315 298 152 29 upphäfvande
483 299 24 21 af
521 299 26 27 $$
562 301 20 24 4,
598 300 12 20 5
626 299 41 21 och
682 301 12 19 6
709 299 8 20 i
732 299 28 21 24
775 298 56 29 Kap.
846 298 25 21 B.
886 299 26 21 B.

239 355 98 28 (Bihang.
352 356 53 21 Mot.
421 356 41 21 N:o
478 357 27 26 2.)

239 413 70 22 Sedan
325 414 132 21 motionären
472 413 88 22 anhällit
575 421 34 14 om
624 413 115 28 förslagets
750 415 75 20 remiss
835 414 33 21 till
876 413 118 22 Ekonomi-

169 442 111 28 utskottet,
295 442 109 22 lemnades
419 442 29 29 pä
463 443 91 28 begäran
570 442 62 22 ordet
647 443 21 20 ät

238 500 35 21 Hr
293 501 129 28 Ramsay,
443 508 45 14 som
503 500 97 29 yttrade:
616 500 48 21 Den
679 499 68 29 fräga,
762 507 46 14 som
823 500 23 21 af
860 501 133 20 motionären

169 530 82 21 herörts
273 530 33 20 uti
327 529 37 21 det
385 529 99 28 upplästa
499 529 136 26 memorialet,
650 529 38 21 har
702 529 66 21 redan
783 528 92 28 tidigare
889 529 106 28 tilldragit

170 559 33 27 sig
225 557 189 29 uppmärksamhet
434 558 56 20 ifrän
506 558 41 20 den
562 557 135 28 myndighets
713 557 52 25 sida,
780 564 46 14 som
841 558 39 20 har
894 560 32 18 att
940 557 52 28 följa

170 586 48 21 med
240 586 296 28 försäkringsverksamheten
556 587 7 20 i
578 586 79 21 landet.
685 586 12 20 I
711 585 283 29 försäkringsinspektörens

170 617 85 19 senaste
277 614 38 22 två
330 614 160 22 ärsherättelser
505 616 35 19 äro
556 622 80 14 samma
651 614 182 27 omständigheter
848 614 89 21 berörda
953 614 40 21 och

170 644 38 21 har
223 644 46 21 deri
283 643 111 29 päpekats,
408 642 54 23 huru
478 643 134 28 nödvändigt
627 642 37 22 det
678 644 24 20 är
716 646 31 18 att
762 644 64 20 vinna
842 643 113 28 utredning
970 642 24 22 af

170 673 97 28 sakläget
289 672 28 28 pä
337 672 162 28 ifrägavarande
519 672 85 21 omräde
619 672 35 20 för
668 674 32 18 att
714 679 37 14 ens
767 672 138 22 närmelsevis
921 672 72 21 kunna

169 702 92 21 bedöma
277 700 167 22 förhällandena.
474 700 76 23 Under
564 708 75 14 senare
654 700 82 22 hälften
752 700 23 21 af
789 704 85 18 senaste
889 700 24 22 är
927 700 66 22 hafva

170 730 65 22 äfven
257 730 100 28 ätgärder
371 729 73 22 blifvit
459 730 102 28 vidtagna
576 730 34 21 för
625 732 31 18 att
670 729 127 21 införskaffa
812 732 31 19 ett
858 729 136 29 utrednings-

170 759 95 22 material
281 758 110 29 angäende
406 758 88 22 härads-
509 759 41 21 och
565 758 314 28 socknebrandstodsbolagens
892 758 101 29 ställning

169 796 77 20 genom
269 790 32 19 att
319 787 24 21 af
357 786 162 22 vederbörande
534 787 148 29 myndigheter
696 787 96 21 infordra
810 788 66 27 enligt
890 788 104 21 formulär

169 816 75 29 gjorda
265 818 112 26 rapporter
398 823 35 14 om
455 816 296 28 försäkringsföreningarnas
773 816 101 28 ställning
895 816 41 22 och
956 824 37 14 an-

169 845 82 28 gäende
271 844 137 29 möjligheten
421 844 23 21 af
459 847 32 19 att
505 844 62 22 dessa
583 845 60 21 skola
659 845 71 20 kunna
745 844 99 21 fortsätta
860 846 33 20 sin
907 845 87 21 tillvaro

169 875 29 28 pä
220 876 31 19 ett
269 874 100 21 rationeit
384 875 47 19 sätt.
460 873 65 22 Dock
539 874 116 27 föreligger
669 875 57 19 ännu
741 873 54 21 intet
809 873 89 22 resultat
913 873 23 22 af
951 873 42 22 den

168 903 119 21 tillsvidare
302 902 77 21 endast
393 901 87 22 inledda
494 902 194 27 undersökningen.
702 902 42 27 Jag
758 905 46 18 tror
814 902 35 21 för
861 903 43 20 min
915 902 35 21 del
961 905 34 18 att

170 931 70 22 denna
261 931 115 27 utredning
398 931 55 21 skall
472 930 50 21 leda
535 931 33 20 till
583 931 36 20 det
634 930 92 27 slutmäl,
741 938 46 14 som
802 931 131 21 motionären
949 930 44 22 för-

170 959 66 28 ordat,
258 967 49 14 men
329 959 59 22 detta
410 961 23 19 är
454 959 62 26 dock,
536 959 128 22 ätminstone
680 959 47 21 frän
743 960 43 20 min
803 959 52 26 sida,
870 959 76 22 endast
961 962 34 18 ett

169 988 147 28 förmodande,
342 988 24 21 sä
390 987 63 28 länge
477 987 49 22 icke
552 990 32 19 ett
608 987 157 22 bevismaterial
789 987 120 29 föreligger.
945 987 47 22 Vid

169 1017 76 22 sådant
260 1016 134 22 förhållande
409 1016 55 22 hade
479 1017 35 28 jag
529 1018 56 21 varit
597 1024 44 13 mer
650 1016 155 27 tillfredsstäld,
816 1024 33 13 om
860 1017 132 21 motionären

169 1045 55 22 hade
243 1045 113 22 inskränkt
370 1045 37 21 sitt
421 1045 96 28 yrkande
531 1045 33 22 till
580 1047 30 20 ett
625 1045 184 28 petitionsförslag
824 1046 6 19 i
845 1045 101 28 riktning,
961 1048 34 19 att

168 1075 33 20 till
223 1073 247 24 nästsammanträdande
493 1074 143 21 ständermöte
652 1073 65 22 saken
732 1073 73 22 kunde
820 1073 85 28 bringas
921 1075 7 20 i
943 1081 49 20 pro-

169 1103 148 27 positionsväg
337 1102 32 21 till
389 1103 53 25 tals;
464 1109 48 14 men
533 1102 28 21 dä
583 1102 25 21 sä
630 1102 48 21 icke
697 1102 64 26 skett,
776 1102 24 21 sä
814 1102 82 28 hoppas
911 1103 36 27 jag
961 1105 32 18 att

168 1130 82 28 frågan,
265 1138 46 14 som
326 1130 7 21 i
349 1130 41 21 och
404 1130 35 21 för
453 1131 34 27 sig
502 1132 23 19 är
539 1131 23 21 af
576 1130 117 28 betydelse,
707 1131 66 20 måtte
783 1132 8 19 i
801 1130 192 22 Ekonomiutskot-

168 1162 38 23 tet,
221 1159 32 21 dit
266 1159 36 27 jag
315 1158 77 21 tänker
406 1160 44 26 mig
465 1161 32 18 att
511 1159 123 21 densamma
644 1158 96 21 kommer
750 1161 31 18 att
791 1159 126 26 remitteras,
927 1160 65 19 vinna

169 1187 37 21 det
231 1187 120 21 beaktande
376 1189 36 24 att,
437 1195 34 13 om
494 1186 66 22 ocksä
580 1187 108 21 motionen
703 1187 68 21 skulle
786 1187 114 26 förkastas,
914 1187 78 28 frägan

168 1215 67 20 likväl
249 1215 72 20 kunde
337 1215 130 20 äterkomma
480 1215 35 24 till
529 1215 119 20 Ständerna
664 1216 7 19 i
685 1215 56 21 form
757 1215 22 20 af
795 1223 24 13 en
836 1216 97 27 petition.

237 1270 35 21 Hr
294 1270 27 21 A.
342 1270 25 21 L.
387 1277 52 14 von
454 1270 151 27 Knorring:
620 1270 46 21 Det
679 1277 39 15 var
732 1271 8 20 i
755 1271 77 27 sjelfva
847 1270 76 22 verket
937 1270 56 22 först

168 1300 44 21 min
233 1299 66 28 afsigt
318 1301 32 19 att
364 1298 118 29 framlägga
497 1301 32 19 ett
542 1299 211 28 petitionsmemorial
767 1299 8 21 i
789 1299 82 29 frägan,
885 1307 49 14 men
949 1299 43 22 den

169 1327 122 22 erfarenhet
313 1328 34 27 jag
368 1327 38 22 har
428 1329 77 20 vunnit
525 1335 34 14 om
575 1327 27 22 de
617 1327 130 29 vidtgäende
761 1328 74 28 vädor,
850 1336 46 14 som
911 1328 37 22 det
962 1336 29 13 nu

169 1357 116 22 bestående
315 1356 133 22 förhållandet
469 1356 50 22 med
540 1357 102 21 afseende
662 1357 12 21 å
689 1357 304 22 häradsbrandstodsförenin-

168 1393 67 21 garna
253 1385 98 21 medföra
364 1385 34 21 för
414 1385 26 21 de
455 1385 104 28 hemman,
574 1385 74 23 hvilka
662 1386 58 28 ligga
734 1387 58 20 inom
807 1386 72 28 härad,
894 1386 38 21 der
947 1394 45 13 ma-

168 1415 99 28 joriteten
289 1414 23 21 af
327 1414 172 28 hemmansegare
514 1414 80 22 inträdt
608 1415 7 20 i
630 1414 38 22 det
682 1414 105 22 allmänna
802 1414 189 22 brandstodsbola-

169 1447 37 24 get
227 1443 34 21 för
283 1443 78 26 landet,
380 1443 74 28 gjorde
469 1446 32 18 att
515 1444 33 27 jag
564 1443 69 21 beslöt
647 1444 44 27 mig
706 1444 34 20 för
755 1446 31 19 att
801 1444 86 21 försöka
903 1444 88 28 bidraga

157 1472 44 21 «till
221 1471 187 29 undanrödjandet
428 1471 23 21 af
472 1472 62 21 dessa
551 1472 68 22 vädor
634 1472 24 21 sä
673 1475 58 19 snart
746 1480 46 13 som
807 1472 82 28 möjligt
904 1472 41 21 och
959 1475 32 19 att

169 1500 72 22 derför
255 1500 119 28 framlägga
389 1500 59 22 detta
462 1500 81 29 förslag
558 1501 8 21 i
581 1501 55 21 form
651 1500 23 22 af
688 1508 27 14 en
729 1502 88 21 motion.
846 1500 41 29 Jag
902 1501 91 28 harmig
