1045 1689
219 101 41 22 348
456 108 25 17 R.
494 113 17 12 o.
523 109 22 17 A.
559 108 54 18 1897.
635 108 23 18 19
670 108 63 17 Mars.

316 209 146 35 Fredagen
480 210 56 27 den
553 210 32 27 19
602 210 76 27 Mars
696 209 40 27 kl.
753 210 50 28 '/:7
822 217 21 19 e.
861 217 36 19 m.

257 285 35 21 Hr
306 284 207 23 Landtmarskalken
526 285 97 22 lemnade
638 285 61 22 ordet
714 284 23 22 ät
747 284 144 23 ordföranden
902 285 7 21 i
919 284 93 22 Riddar-

188 313 152 27 husutskottet,

257 377 35 21 Hr
313 378 26 20 A.
362 376 180 29 Gripenberg,
560 385 45 14 som
619 377 95 28 yttrade:
730 376 229 22 Riddarhusutskottet
974 377 39 21 har

189 408 32 19 att
242 405 130 22 underställa
391 405 26 22 R.
433 413 18 14 o.
466 406 26 21 A.
508 413 26 14 en
549 406 33 21 till
596 405 113 22 Utskottet
724 405 6 21 i
746 405 41 22 och
802 405 34 21 för
851 405 122 22 erhällande
988 405 25 22 af

205 434 60 22 ollett
285 434 22 22 af
321 434 241 22 Medicinekandidaten
577 435 59 21 Onni
650 434 161 29 Tavaststjerna
826 435 6 20 i
849 434 42 28 dag
904 433 108 22 inlemnad

189 443 101 42 follmakt
306 463 35 21 för
356 463 70 28 adliga
441 465 59 20 ätten
514 463 42 22 N:o
572 465 33 25 52,
620 470 50 14 von
685 463 117 26 Becker,
816 462 101 23 utfärdad
932 463 24 21 af
964 463 50 22 Ma-

189 493 60 28 joren
273 491 83 22 Robert
380 492 54 21 Otto
459 492 75 21 Albert
558 499 43 14 von
625 491 91 26 Becker,
736 491 87 22 hvilken
845 491 100 22 fullmakt
966 492 7 21 i
988 491 26 22 så

190 521 67 20 måtto
279 520 73 29 skiljer
372 521 34 27 sig
427 520 48 21 från
498 521 37 21 det
554 521 8 20 i
584 520 240 29 Riddarhusordningen
846 519 106 30 ingående
968 520 45 22 for-

189 549 96 26 muläret,
300 552 32 19 att
346 549 8 21 i
368 549 128 22 fullmakten
511 549 42 22 den
568 550 51 21 sista
634 549 72 22 frasen
722 549 70 28 lyder:
810 549 102 22 >hvarvid
928 549 85 22 landets

190 577 129 29 grundlagar
341 577 51 22 böra
412 580 61 25 tagas
494 578 33 21 till
545 578 162 27 efterrättelse»,
723 577 66 22 ehuru
804 585 46 15 som
865 577 68 22 kändt
947 579 7 20 i
969 577 45 22 for-

190 607 90 21 muläret
302 607 51 21 står:
376 606 90 22 hvarvid
488 607 42 21 han
549 614 50 21 eger
613 607 62 21 ställa
690 608 34 27 sig
737 607 84 22 landets
837 607 129 28 grundlagar
980 607 33 21 till

191 635 113 28 ovilkorlig
327 635 148 22 efterrättelse.
504 635 33 22 På
551 635 69 29 grund
635 635 23 22 af
673 635 70 22 denna
758 635 146 30 skiljaktighet
919 635 39 22 har
971 635 43 23 Ut-

190 664 82 22 skottet
293 665 47 21 icke
363 667 71 18 ansett
455 665 33 28 sig
507 665 73 21 kunna
594 667 51 19 utan
660 665 74 21 vidare
748 665 115 27 godkänna
878 664 71 22 denna
963 665 52 21 full-

190 693 65 27 makt,
275 701 49 14 men
343 692 123 22 hemställer
488 693 109 22 vördsamt
618 695 32 20 att
665 693 122 22 densamma
802 693 67 22 mätte
884 693 23 22 af
922 693 93 23 Ständet

189 722 68 28 gillas.

259 785 57 22 Frih.
338 792 49 15 von
408 785 82 22 Born:
510 785 35 22 Då
557 785 121 22 afvikelsen
692 786 67 27 gäller
774 793 26 14 en
816 785 24 22 sä
855 786 69 28 vigtig
939 785 35 22 del
988 785 25 22 af

190 813 130 29 formuläret,
335 814 83 22 hvilket
432 815 7 20 i
455 814 70 21 denna
539 814 69 29 punkt
622 814 69 29 lyder:
706 814 103 22 »hvarvid
819 815 42 21 han
872 814 141 29 ovilkorligen

190 842 113 29 förpligtas
325 846 32 18 att
378 843 62 21 ställa
465 844 33 28 sig
520 843 82 22 landets
623 843 129 28 grundlagar
767 843 32 22 till
814 843 161 27 efterrättelse»,
990 843 25 22 sä

191 871 41 22 och
255 851 28 42 då
303 879 49 14 man
368 872 41 21 kan
426 872 78 29 begära
519 875 31 18 att
565 879 25 14 en
606 872 115 26 adelsman,
736 879 45 15 som
796 872 98 22 utfärdar
908 872 106 27 fullmakt,

191 899 62 30 följer
276 903 30 18 ett
328 901 7 20 i
357 901 35 28 lag
407 901 48 21 med
470 901 181 28 grundlagshelgd
666 901 141 22 föreskrifvet
821 901 108 26 formulär,
944 901 69 22 skulle

190 929 35 50 be
247 929 35 22 för
302 930 43 21 min
368 929 36 22 del
424 930 107 27 tillstyrka
549 932 31 19 att
594 929 127 22 fullmakten
737 930 47 21 icke
800 929 66 22 borde
881 930 132 28 godkännas.

213 957 109 22 tfärdaren
338 960 23 19 är
375 959 22 28 ju
412 959 6 20 i
433 959 84 21 tillfälle
533 961 31 19 att
578 959 61 21 ställa
654 959 65 21 saken
735 959 32 21 till
782 960 61 20 rätta.

259 1021 34 21 Hr
313 1020 25 22 L.
353 1021 153 22 Mechelin:
520 1021 42 28 Jag
578 1022 37 21 ber
629 1024 32 18 att
675 1021 23 21 få
714 1021 83 22 biträda
811 1021 58 22 Frih.
884 1029 43 14 von
942 1021 70 22 Borns

190 1049 56 28 äsigt
267 1050 8 20 i
297 1049 72 21 saken.
398 1049 112 22 Formulär
532 1050 22 20 af
569 1050 59 22 detta
643 1050 18 20 slag
705 1051 36 20 äro
757 1050 89 21 ämnade
861 1052 32 19 att
907 1053 106 25 noggrant

191 1077 124 29 efterföljas,
337 1078 41 21 och
400 1085 34 14 om
456 1078 36 21 det
508 1078 65 21 ocksä
588 1078 128 28 nägongäng
731 1078 72 26 händt,
819 1081 31 18 att
865 1086 26 14 en
906 1078 48 22 frän
969 1078 44 22 for-

190 1106 90 21 muläret
295 1106 115 22 afvikande
425 1106 99 22 fullmakt
538 1106 112 28 godkänts,
664 1106 25 22 sä
703 1107 39 21 har
757 1107 120 21 afvikelsen
892 1107 121 28 säkerligen

190 1134 28 22 dä
232 1134 45 28 gält
292 1134 70 28 nägon
376 1134 83 22 mindre
475 1136 68 28 vigtig
558 1135 34 21 del
607 1135 24 21 af
645 1135 133 22 fullmakten.

258 1197 52 21 Med
332 1197 116 29 anledning
469 1198 62 22 häraf
552 1198 125 22 framstälde
698 1198 35 22 Hr
753 1198 207 22 Landtmarskalken
980 1198 33 22 till

189 1225 27 22 R.
231 1233 19 13 o.
265 1226 38 21 A:s
317 1226 132 21 besvarande
467 1226 95 28 följande

453 1310 285 29 Omröstningsproposition
744 1319 5 13 :

258 1372 55 27 Den,
334 1379 45 15 som
400 1372 126 28 godkänner
547 1372 239 23 Riddarhusutskottets
806 1374 157 28 framställning
978 1382 35 14 om

188 1400 157 29 godkännande
364 1401 22 21 af
407 1401 41 22 den
463 1401 35 21 för
512 1401 240 23 Medicinekandidaten
768 1402 161 30 Tavaststjerna
944 1403 68 22 utfär-

189 1430 55 21 dade
259 1430 133 26 fullmakten,
406 1432 69 20 röstar
488 1431 32 28 ja;

257 1487 75 21 vinner
346 1488 41 28 nej,
402 1487 65 22 afsläs
483 1488 190 28 framställningen.
