1053 1686
378 94 144 34 Patentlagen.
792 99 41 22 401

111 169 42 28 Jag
168 169 37 22 vill
221 169 33 22 för
269 171 44 20 min
328 170 35 22 del
377 171 115 21 ingalunda
520 172 40 21 yrka
588 172 19 27 på,
621 173 52 20 eller
685 180 37 14 ens
733 172 129 27 ifrågasätta,

43 200 32 19 att
96 197 119 22 Ständerna
236 198 40 22 och
297 199 26 22 R.
343 207 19 14 o.
385 179 29 42 A
433 200 70 21 kulle
523 180 117 42 desavuera
665 201 42 21 den
730 176 75 59 priset
814 201 48 22 iella

43 226 133 28 ståndpunkt
199 227 7 20 i
231 227 82 28 frågan,
337 235 46 14 som
409 229 54 21 1894
478 229 34 21 års
528 229 92 21 Ständer
634 230 85 27 intagit;
734 230 48 21 icke
812 230 51 21 heller

43 254 39 21 har
98 255 22 27 ju
135 254 112 22 Utskottet
262 257 56 26 gjort
333 256 42 21 det.
404 257 51 21 Men
470 257 38 21 vill
523 265 48 13 man
586 260 109 24 gentemot
710 258 40 21 den
762 260 101 19 motsatta

43 282 144 28 uppfattning,
208 290 45 14 som
275 284 7 20 i
305 284 41 20 den
361 284 48 22 nåd.
424 292 58 21 prop.
499 285 82 21 erhållit
596 286 93 28 uttryck,
703 288 109 26 gentemot
826 285 37 22 det

43 310 184 28 tillmötesgående
243 315 44 17 mot
303 313 55 20 1894
373 312 34 22 års
422 313 102 21 Ständers
539 313 129 26 uttalanden,
683 322 46 13 som
745 315 7 20 i
763 314 42 20 den
815 314 48 21 nåd.

43 346 60 21 prop.
125 338 127 23 åtminstone
277 340 130 22 beträffande
429 342 65 27 några
510 342 122 28 paragrafer
649 342 72 29 gjorts,
736 342 48 21 från
800 341 62 22 Stän-

43 367 76 21 dernas
135 367 53 27 sida,
203 368 28 28 på
246 370 42 20 sätt
304 368 112 22 Utskottet
430 370 41 22 och
486 370 68 22 delvis
570 370 66 21 också
650 374 160 18 reservanterne
825 370 38 22 det

42 396 63 28 gjort,
126 397 46 21 visa
195 397 184 28 tillmötesgående
401 399 41 21 och
463 399 56 21 afstå
534 398 47 22 från
597 406 26 14 en
638 399 35 22 del
688 400 23 21 af
725 402 31 19 ett
771 399 92 28 lagstift-

43 424 155 28 ningsområde,
214 426 32 21 till
261 426 84 21 hvilket
359 434 48 14 man
423 428 42 20 kan
480 435 51 14 anse
546 427 120 22 Ständerna
678 428 67 21 hafva
756 428 107 28 rättighet,

43 453 25 21 så
83 461 63 21 synes
162 453 36 22 det
213 455 49 27 mig,
277 458 32 18 att
323 454 37 22 det
375 455 28 21 då
418 458 23 19 är
455 456 47 21 skäl
517 459 31 18 att
563 456 48 21 med
627 464 37 14 ens
674 460 49 25 taga
735 460 70 25 steget
814 456 49 22 fullt

43 484 25 19 ut
82 482 40 21 och
138 485 76 26 antaga
230 483 41 21 den
286 483 49 22 nåd.
350 491 65 22 prop.,
429 485 65 21 hellre
509 486 27 20 än
553 487 30 19 att
598 492 76 20 genom
690 489 30 17 ett
735 486 56 28 slags
804 489 58 25 prut-

44 511 51 27 ning
117 511 52 21 söka
188 512 67 21 rädda
270 512 22 21 åt
307 512 119 22 Ständerna
441 513 64 28 några
521 513 85 29 spillror
620 514 23 21 af
657 516 150 26 patenträtten,
821 514 42 22 lös-

44 540 75 27 ryckta
141 540 47 21 från
210 542 37 20 sitt
269 541 113 28 organiska
401 542 152 28 sammanhang
568 542 47 22 med
630 542 75 28 öfriga,
719 543 44 21 lika
778 544 86 20 väsent-

43 568 43 28 liga
109 568 59 22 delar
192 569 23 21 af
229 569 71 22 denna
316 571 49 25 rätt,
380 570 131 22 beträffande
525 571 74 21 hvilka
613 571 251 29 lagstiftningsbefogen-

43 597 64 21 heten
123 597 69 22 skulle
207 598 112 22 ankomma
334 598 13 22 å
360 599 111 29 Regenten
487 607 78 14 ensam.

112 626 42 28 Jag
174 626 95 22 anhåller
289 627 28 29 på
336 627 62 23 dessa
418 628 46 22 skäl
485 632 31 18 att
536 628 23 22 få
577 629 105 28 tillstyrka
697 629 129 28 antagandet
840 630 24 21 af

44 654 123 23 Utskottets
183 656 140 21 betänkande.

113 712 57 22 Frih.
190 713 24 21 R.
230 714 27 20 A.
272 713 107 22 Wrede:
401 714 42 28 Jag
458 716 23 19 är
495 715 7 21 i
517 714 39 22 allt
571 715 115 28 väsentligt
700 722 50 14 ense
765 715 49 21 med
829 715 34 22 Hr

44 741 115 21 Mechelin.
184 742 43 21 Om
243 742 36 21 det
294 743 71 27 gifves
380 743 69 28 någon
465 744 164 28 omständighet,
645 751 46 14 som
706 744 55 20 klart
776 745 87 25 utvisar,

45 770 53 21 huru
115 770 58 28 långt
188 771 21 20 vi
224 772 57 19 ännu
296 772 36 20 äro
347 772 120 28 aflägsnade
483 772 48 22 från
546 775 31 19 ett
592 772 90 21 normalt
693 772 171 22 konstitutionelt

45 799 86 25 statslif,
149 799 25 21 så
194 800 23 20 är
239 799 37 21 det
297 800 35 21 väl
351 800 63 21 dessa
429 800 28 28 på
471 808 74 14 senare
560 800 56 22 tider
630 801 46 21 ofta
690 800 173 23 återkommande

45 828 38 20 fall
99 828 22 20 af
136 828 56 20 olika
207 828 138 28 uppfattning
360 829 75 20 mellan
451 829 205 28 Representationen
671 829 13 21 å
699 837 40 14 ena
750 830 62 21 sidan
823 830 40 21 och

45 855 135 29 Regeringen
196 856 12 21 å
223 856 67 21 andra
305 857 61 21 sidan
381 857 109 28 angående
505 858 27 21 de
547 859 55 20 rätta
616 859 114 26 gränserna
740 859 76 20 mellan
827 858 37 21 det

47 884 92 27 område,
154 885 38 20 der
206 885 162 28 lagstiftningen
383 886 83 28 jemlikt
481 886 41 21 den
537 887 105 20 allmänna
656 887 73 27 regeln
744 887 86 21 utöfvas
840 887 24 21 af

45 914 86 27 Regent
145 913 41 22 och
201 913 92 22 Ständer
308 914 107 27 samfäldt,
433 915 42 21 och
490 915 37 21 det
541 915 93 26 område,
648 915 39 21 der
702 915 118 21 Monarken
835 915 29 29 på

46 942 68 29 grund
130 942 23 21 af
168 943 33 20 sin
216 944 41 19 rätt
272 946 31 18 att
313 943 102 21 förordna
424 944 7 20 i
441 943 274 29 hushållsangelägenheter
727 952 50 20 eger
788 944 76 21 utöfva

47 980 26 13 en
89 971 132 29 obegränsad
236 972 276 28 lagstiftningsbefogenhet
527 975 50 18 utan
593 972 130 22 Ständernas
731 973 133 21 samverkan.

45 1001 45 21 Det
112 1003 24 19 är
158 1001 48 21 icke
227 1001 68 21 första
316 1001 91 28 gången,
428 1001 47 21 icke
498 1009 37 13 ens
558 1001 68 21 första
642 1001 83 28 gången
741 1001 38 21 vid
794 1001 70 21 denna

45 1029 109 28 landtdag,
177 1037 45 13 som
245 1029 119 22 Ständerna
383 1029 64 22 hafva
472 1033 31 18 att
530 1029 119 28 handlägga
672 1031 132 27 proposition
826 1037 38 14 an-

45 1058 83 28 gående
150 1065 25 14 en
196 1058 67 28 fråga,
279 1058 44 21 deri
339 1058 62 21 deras
417 1058 70 21 beslut
502 1058 35 21 vid
553 1058 129 28 föregående
698 1058 103 28 landtdag
815 1058 48 21 icke

45 1088 77 20 vunnit
137 1086 74 29 nådigt
225 1086 164 28 godkännande,
403 1087 89 21 emedan
508 1090 30 18 ett
553 1087 51 21 eller
619 1090 65 18 annat
698 1087 46 21 deri
759 1086 104 28 ingående

46 1115 118 28 stadgande
180 1118 80 18 ansetts
276 1123 51 13 vara
342 1115 23 21 af
380 1115 41 21 den
433 1115 146 21 beskaffenhet
589 1117 32 19 att
630 1115 73 21 derom
714 1115 81 21 kunnat
807 1115 57 21 stad-

48 1151 39 21 gas
102 1147 50 17 utan
168 1143 130 22 Ständernas
313 1143 100 22 hörande.
433 1144 35 20 Hr
483 1144 135 28 Gripenberg
632 1143 38 21 har
685 1144 76 25 anfört,
777 1143 40 21 och
828 1143 36 21 det

47 1174 24 19 är
81 1172 131 28 fullkomligt
218 1172 81 28 riktigt,
307 1174 31 19 att
345 1173 90 26 gränsen
443 1172 89 21 emellan
540 1172 64 21 dessa
613 1171 55 22 båda
673 1172 192 27 lagstiftningsom-

46 1200 73 27 råden,
134 1200 26 22 då
176 1201 37 21 det
226 1201 67 27 gäller
308 1200 138 22 ekonomiska
461 1200 78 28 frågor,
549 1202 23 18 är
582 1200 51 21 svår
642 1203 32 18 att
683 1200 116 28 uppdraga.
823 1200 42 28 Jag

47 1230 37 20 vill
97 1229 47 21 icke
160 1229 65 21 heller
240 1229 50 27 ingå
304 1230 31 20 uti
351 1228 70 28 någon
435 1230 131 26 granskning
581 1228 66 27 deraf,
657 1229 73 21 hvilka
743 1229 122 27 paragrafer

47 1258 52 20 eller
113 1257 74 21 hvilka
202 1257 59 21 delar
275 1257 24 21 af
314 1258 122 27 paragrafer
454 1257 112 28 rätteligen
582 1257 68 21 skulle
664 1257 51 21 höra
730 1257 33 21 till
778 1256 38 21 det
826 1264 39 14 ena

47 1286 52 21 eller
120 1286 66 21 andra
201 1286 102 25 området,
325 1288 23 25 ty
371 1286 65 28 enligt
458 1287 43 20 min
521 1285 137 29 uppfattning
673 1287 23 19 är
710 1285 37 21 det
763 1285 38 21 alls
817 1286 47 20 icke

47 1314 73 21 härom
138 1314 74 27 frågan
229 1314 38 21 bör
281 1314 80 26 ställas,
373 1317 50 17 utan
439 1321 34 13 om
489 1314 117 27 någonting
621 1314 44 20 helt
679 1316 70 18 annat.
779 1313 35 21 Då
829 1314 36 20 det

47 1342 25 21 så
93 1342 101 21 förhåller
211 1343 33 26 sig
259 1345 32 18 att
305 1341 41 22 den
361 1342 105 21 allmänna
481 1342 72 27 regeln
569 1342 34 20 för
617 1341 168 28 lagstiftningen,
795 1341 70 22 såsom

47 1371 95 26 nämndt,
176 1370 13 21 på
204 1370 36 21 det
257 1369 94 29 antydda
366 1370 96 21 området
476 1369 150 29 genombrytes
641 1369 23 21 af
678 1369 131 22 Monarkens
824 1371 42 20 rätt

49 1402 32 18 att
94 1401 7 19 i
117 1399 104 22 särskilda
235 1399 38 21 fall
288 1399 108 23 förordna,
411 1399 23 21 så
449 1400 24 19 är
487 1398 38 21 det
539 1398 119 28 uppenbart
673 1401 31 17 att
719 1397 28 29 på
759 1398 107 26 områden,

49 1427 79 23 sådana
143 1436 47 13 som
204 1427 41 22 den
261 1435 28 13 nu
305 1427 146 29 föreliggande
468 1426 49 22 nåd.
529 1434 64 22 prop.,
603 1426 162 28 lagstiftningen
775 1426 90 22 rörande

48 1464 81 15 samma
150 1456 61 29 fråga
234 1456 66 22 måste
323 1456 106 22 innehålla
449 1456 163 28 bestämningar,
630 1463 45 13 som
696 1455 51 21 höra
763 1455 55 22 både
833 1456 32 21 till

49 1486 37 22 det
107 1494 40 14 ena
169 1486 41 22 och
230 1485 37 22 det
281 1486 66 21 andra
363 1484 100 27 området,
478 1485 40 21 och
533 1488 32 18 att
580 1488 31 18 ett
625 1484 138 29 särskiljande
779 1484 24 22 af
817 1484 48 22 dem

774 1525 23 18 26
