1053 1678
338 92 235 34 Stämpelbevillningen.
797 95 43 21 203

343 194 234 29 Stämpelbevillningen.

115 251 42 21 Till
179 251 58 22 detta
256 252 86 28 plenum
361 251 55 22 hade
436 252 109 29 bordlagts
560 253 41 21 och
616 253 111 28 föredrogs
743 253 48 22 nåd.
807 261 59 22 prop.

44 279 45 22 N:o
105 280 33 26 15,
153 279 124 29 angående
292 280 247 29 stämpelbevillning.

114 336 33 21 På
162 337 73 21 derom
250 337 82 21 uttalad
347 337 82 21 önskan
444 338 108 21 lemnades
568 322 61 47 ordet
645 338 22 21 åt

115 394 34 21 Hr
168 395 134 26 Norrmén,
317 402 45 13 som
380 395 93 28 yttrade:
496 395 48 22 Den
560 395 37 22 vid
612 399 85 18 senaste
712 396 103 27 landtdag
830 404 36 13 an-

43 425 68 26 tagna
126 423 175 28 stämpelskatten
316 423 27 28 på
359 424 78 25 vexlar,
452 423 93 22 checker
559 424 41 21 och
612 425 138 27 anvisningar
759 427 105 26 emottogs

44 451 25 21 af
83 451 84 21 landets
182 451 125 22 affärsverld
321 451 49 22 med
384 452 51 28 föga
450 453 98 28 sympati,
562 453 48 20 icke
626 453 23 20 så
665 453 85 28 mycket
765 453 22 21 af
803 453 62 21 orsak

44 482 33 19 att
97 480 86 21 skatten
197 481 7 20 i
220 480 40 21 och
275 480 34 21 för
323 481 33 26 sig
371 487 51 15 vore
437 481 135 28 synnerligen
589 481 142 28 betungande,
746 489 49 14 men
810 489 56 14 eme-

45 508 43 21 dan
111 515 48 14 man
178 516 38 14 var
238 509 127 28 öfvertygad
387 517 34 13 om
444 512 31 18 att
496 510 86 21 skatten
600 509 48 22 icke
667 518 39 13 var
725 510 92 28 behöflig
831 510 35 21 för

44 536 200 23 åstadkommandet
267 537 23 21 af
311 538 104 27 jemnvigt
436 538 8 20 i
466 538 114 28 budgeten,
599 539 31 28 ity
651 541 32 18 att
705 538 36 21 det
757 539 107 21 bristande

45 565 102 29 beloppet
168 568 51 19 utan
244 566 109 28 svårighet
374 566 54 21 hade
449 566 81 22 kunnat
544 567 86 21 anvisas
645 567 12 25 å
671 567 104 21 Finlands
790 567 74 22 Banks

45 594 134 22 vinstmedel.
208 595 155 21 Erfarenheten
383 595 38 21 har
439 603 87 14 numera
544 595 87 22 tillfullo
651 595 108 22 bekräftat
774 599 31 18 att
820 595 44 22 för-

45 623 110 21 hållandet
174 625 55 20 varit
248 623 82 22 sådant.
358 623 41 28 Jag
415 623 104 22 behöfver
533 624 48 21 icke
596 624 99 28 påminna
711 632 33 13 om
759 627 32 18 att
806 625 58 21 skat-

44 655 37 18 ten
100 652 151 28 genomfördes
271 652 56 21 efter
346 655 31 18 ett
396 652 86 28 mycket
497 655 47 25 segt
558 652 106 22 motstånd
680 653 41 21 och
736 653 76 21 endast
825 660 38 20 ge-

44 687 51 14 nom
118 681 99 27 votering
236 682 6 20 i
262 680 103 22 förstärkt
383 680 147 22 Siatsutskott.
559 680 76 22 Under
649 681 42 21 den
705 681 39 26 tid,
759 688 45 14 som
820 682 44 20 för-

44 709 57 21 flutit
116 709 65 21 sedan
197 709 162 28 ifrågavarande
375 709 57 21 skatt
446 710 121 28 tillämpats,
582 710 38 21 har
635 709 41 22 den
689 710 115 28 ingalunda
814 710 50 21 blif-

45 738 33 21 vit
93 745 56 14 mera
164 738 95 28 populär.
281 738 66 21 Detta
362 739 23 19 är
400 738 47 21 icke
462 738 66 21 heller
543 740 31 19 att
582 738 67 22 undra
662 738 33 28 pä,
704 741 23 25 ty
739 741 44 19 mot
794 738 69 22 denna

43 766 128 22 skatteform
188 766 71 22 kunna
273 768 63 26 göras
351 766 27 22 de
393 770 55 18 mest
462 766 131 28 graverande
608 767 169 28 anmärkningar.
800 767 63 21 Skat-

43 798 38 18 ten
103 795 28 29 på
153 795 73 22 vexlar
245 797 23 19 är
287 796 134 27 synnerligen
441 796 89 21 orättvis
550 796 40 21 och
610 796 79 27 obillig,
703 796 8 20 i
724 796 37 21 det
775 798 32 18 att
821 796 42 21 den

42 823 78 22 endast
135 824 92 21 drabbar
246 826 30 19 ett
292 824 45 28 slag
352 824 22 21 af
389 824 226 27 affärstransaktioner,
630 832 48 14 men
697 824 81 22 lemnar
795 824 69 29 öfriga
880 834 2 2 +

42 853 149 21 obeskattade.
213 853 48 21 Den
277 853 68 21 skulle
360 853 72 21 kunna
447 853 65 22 hafva
526 856 31 19 ett
569 854 55 20 visst
633 853 147 28 berättigande
793 853 70 22 säsom

43 884 34 19 ett
98 881 145 29 komplement
265 881 33 22 till
317 889 26 14 en
363 881 76 22 allmän
455 882 58 21 skatt
527 882 28 29 pä
570 883 75 27 näring
659 882 42 21 och
714 881 86 27 rörelse,
815 889 48 14 men

43 910 30 21 dä
88 917 25 14 en
129 911 67 21 sädan
211 910 218 28 förmögenhetsskatt
444 911 49 21 icke
507 911 39 21 hos
562 918 35 14 oss
612 911 73 25 finnes,
700 911 24 20 sä
734 913 23 18 är
767 911 40 20 och
819 911 44 21 för-

43 939 42 21 blir
103 939 85 21 skatten
203 939 27 28 pä
245 939 73 22 vexlar
334 939 41 21 och
390 939 86 21 dermed
492 939 103 22 likartade
610 947 81 21 papper
705 947 26 14 en
747 939 116 28 obillighet.

42 967 51 22 Den
108 969 23 19 är
147 967 73 28 obillig
235 968 64 21 äfven
314 967 78 28 derför,
407 971 31 18 att
452 968 41 21 den
509 969 89 20 innebär
612 971 31 18 att
658 968 97 21 enskilda
765 968 99 21 medbor-

41 1004 54 20 gare
115 996 60 21 skola
194 996 68 21 blifva
285 996 229 28 skatteuppbördsmän
533 997 42 21 och
594 997 229 21 skattekontrollanter.
852 997 12 20 I

44 1024 77 28 mänga
143 1024 38 21 fall
202 1024 120 22 förorsakas
345 1024 122 28 härigenom
488 1024 34 22 för
540 1025 62 21 desse
618 1025 108 28 betydliga
741 1024 121 22 kostnader.

41 1053 44 28 Jag
99 1054 39 20 har
152 1054 44 27 mig
211 1053 85 27 bekant,
311 1056 31 18 att
357 1053 26 21 de
399 1055 67 19 större
481 1053 109 21 bankerna
605 1054 54 21 varit
673 1056 96 25 tvungna
785 1056 31 18 att
826 1060 36 14 an-

41 1082 65 21 ställa
125 1081 105 22 särskilda
248 1082 126 28 tjenstemän
390 1082 34 20 för
438 1085 32 18 att
484 1082 124 22 handhafva
622 1082 186 28 stämpelförrädet
823 1082 40 21 och

41 1110 59 22 tillse
115 1113 32 18 att
161 1111 73 21 vexlar
248 1110 41 21 och
304 1110 91 22 checker
410 1110 68 22 blifva
489 1110 115 28 behörigen
615 1110 123 28 stämplade.
758 1110 104 28 Stämpel-

41 1138 87 22 skatten
148 1139 13 21 å
180 1139 74 21 vexlar
272 1139 42 21 kan
335 1138 107 22 dessutom
465 1139 71 27 rentaf
558 1139 95 21 medföra
669 1138 96 28 skadliga
780 1138 82 28 följder.

43 1167 46 21 Det
102 1168 69 27 ligger
185 1168 6 20 i
208 1168 77 21 sakens
300 1170 63 19 natur
377 1170 32 18 att
423 1168 153 20 affärsmännen
592 1168 59 20 skola
667 1168 52 20 söka
729 1168 91 27 utvägar
833 1170 31 18 att

42 1196 141 27 undandraga
199 1197 33 27 sig
246 1196 91 26 skatten,
352 1196 40 21 och
407 1196 83 21 tillfälle
504 1196 70 21 dertill
584 1196 99 28 erbjuder
697 1196 34 27 sig
743 1195 120 27 naturligen

40 1232 80 20 genom
135 1227 32 18 att
181 1224 48 22 icke
244 1224 73 22 vidare
333 1224 99 22 använda
447 1225 73 21 vexlar
534 1224 40 22 och
590 1224 91 22 checker
690 1224 37 22 vid
739 1223 124 22 förmedlin-

40 1260 44 20 gen
107 1253 23 21 af
152 1253 211 21 affärsförbindelser.
392 1253 35 21 Då
448 1261 29 13 nu
499 1253 76 22 vexeln
595 1254 23 20 är
637 1255 31 19 ett
683 1253 23 21 af
721 1252 26 21 de
761 1255 103 26 yppersta

44 1281 140 22 kreditmedel
207 1289 45 14 som
274 1282 74 25 finnas,
367 1281 24 22 så
411 1288 50 15 vore
482 1281 36 22 det
538 1289 25 14 en
578 1281 87 28 mycket
678 1281 111 28 betänklig
804 1280 59 29 följd,

41 1317 37 12 om
101 1310 117 21 detsamma
240 1310 68 20 skulle
330 1312 109 25 utträngas
461 1310 101 20 särskildt
584 1310 36 20 vid
637 1309 38 21 det
693 1310 170 19 internationella

42 1338 144 28 varuutbytet.
215 1337 39 21 Ett
272 1337 84 21 faktum
375 1339 24 19 är
418 1337 118 21 emellertid
554 1339 32 18 att
600 1337 58 21 detta
673 1337 65 21 redan
753 1337 68 20 håller
835 1337 28 27 på

42 1368 33 18 att
96 1366 43 20 ske.
169 1365 34 21 De
222 1366 52 20 allra
293 1365 60 21 flesta
373 1365 91 29 liqvider
478 1365 49 21 med
541 1365 97 21 utlandet
653 1367 107 27 uppgöras
775 1372 88 14 numera

41 1394 58 22 efter
121 1394 185 29 stämpelskattens
328 1394 104 21 tillkomst
452 1394 48 22 icke
522 1401 76 21 genom
618 1394 74 22 vexlar
711 1393 41 23 och
771 1393 92 22 checker

43 1426 52 19 utan
109 1431 77 20 genom
202 1424 87 26 brefliga
303 1423 163 28 utbetalningar.

111 1451 175 24 Vidkommande
306 1452 65 22 sedan
391 1451 249 29 detaljbestämningarne
659 1450 111 30 angående
791 1451 72 22 vexel-

41 1481 87 22 skatten
151 1480 24 23 så
197 1480 103 30 påbjudes
322 1482 7 20 i
351 1480 247 29 författningsförslaget,
617 1483 32 19 att
667 1480 49 22 med
731 1480 63 22 vexel
809 1480 54 22 skall
