1045 1686
345 94 200 34 Pantlånerörelsen.
785 95 41 21 337

32 168 165 28 pantlånebolag
217 168 53 22 söka
288 170 52 26 göra
355 168 122 23 detsamma.
508 169 39 21 Att
561 169 123 28 härigenom
700 172 31 19 ett
746 169 110 22 konstladt

32 196 108 23 anlitande
155 196 23 22 af
193 196 97 22 krediten
305 197 42 21 kan
362 197 85 27 skapas,
461 205 63 21 synes
539 198 109 22 bekräftas
663 198 24 22 af
697 206 26 14 en
735 198 121 29 jemförelse

33 226 77 20 mellan
125 225 163 22 förhållandena
302 227 7 19 i
347 226 32 26 Åbo,
391 201 42 58 der
447 226 195 28 pantlånerörelsen
657 228 24 20 är
695 234 26 14 en
735 228 122 28 kommunal

33 254 122 27 inrättning,
171 254 41 21 och
226 255 8 19 i
249 254 143 28 Helsingfors,
407 254 38 22 der
460 254 41 22 den
516 256 24 20 är
554 258 32 18 ett
598 255 93 21 enskildt
703 255 89 28 företag.
806 256 50 22 Åbo

34 282 180 27 pantlåneanstalt
235 282 106 21 inrättades
371 282 65 21 redan
452 283 24 21 år
491 284 65 25 1869;
570 283 42 22 den
627 284 8 20 i
649 283 138 28 Helsingfors
802 284 55 22 först

33 310 24 21 år
74 311 60 20 1882.
155 310 149 27 Inrättningen
319 311 8 20 i
341 290 50 42 Åbo
405 313 24 20 är
443 311 83 22 således
541 311 134 28 väsentligen
685 311 58 22 äldre
754 312 40 21 och
801 312 56 22 hade

33 338 74 21 derför
137 338 48 22 bort
214 338 72 22 kunna
305 339 50 21 vida
370 347 57 14 mera
442 339 117 29 upparbeta
574 340 62 21 fältet
650 340 35 21 för
699 348 26 13 en
740 341 79 22 rörelse
834 341 23 22 af

33 367 60 21 detta
115 367 51 28 slag.
195 359 32 30 År
249 368 54 21 1892
319 367 72 29 utgafs
406 368 36 21 vid
458 368 70 22 denna
543 368 217 29 pantlåneinrättning
774 369 35 22 lån
824 370 33 21 till

33 398 32 19 ett
87 396 159 28 sammanlagdt
264 396 79 29 belopp
365 396 23 22 af
409 398 89 26 273,939
521 397 65 22 mark.
615 397 85 22 Samma
720 397 24 22 år
758 398 99 36 utgjorde

34 423 37 22 det
93 424 85 29 utgifna
200 424 151 29 länebeloppet
372 426 7 21 i
392 425 145 28 Helsingfors
562 427 108 25 1,828,038
692 427 66 26 mark,
772 427 84 22 således

34 453 67 28 dryga
116 453 48 28 61/,
174 453 81 28 gånger
269 461 45 14 mer
328 456 27 19 än
368 455 7 20 i
384 454 55 22 Åbo.
455 454 35 29 Då
504 454 145 29 Helsingfors”
656 455 124 29 folkmängd
789 457 24 20 är
820 463 37 14 en-

34 481 49 23 dast
97 483 12 22 2
125 484 13 19 A
153 484 12 20 3
180 482 82 29 gånger
276 484 67 20 större
359 485 26 20 än
401 483 42 22 den
457 484 7 21 i
474 483 55 27 Åbo,
540 483 24 22 så
576 483 93 29 framgår
680 484 66 27 häraf,
758 487 31 19 att
798 485 59 22 läne-

34 511 101 29 beloppet
155 519 39 21 per
215 511 83 22 individ
320 513 23 21 är
365 513 13 20 2
399 514 12 19 ä
428 513 12 20 3
454 513 82 28 gånger
550 514 67 20 större
632 513 7 20 i
655 513 137 28 Helsingfors
807 515 27 20 än
849 515 7 20 i

35 540 56 24 Abo.
119 540 52 21 Man
187 540 42 21 kan
244 540 107 28 svårligen
366 541 119 27 förutsätta,
500 544 32 19 att
544 541 164 28 befolkningens
719 542 138 22 ekonomiska

34 568 102 29 ställning
150 569 7 21 i
172 568 138 29 Helsingfors
326 570 68 21 skulle
410 569 174 29 nödvändiggöra
600 572 30 19 ett
643 570 94 22 starkare
748 570 108 22 anlitande

33 597 39 21 här
87 598 23 20 af
124 598 205 28 pantlånekrediten.
359 598 43 22 Det
416 598 67 22 finnes
499 598 73 22 derför
586 598 107 29 svårligen
706 599 69 28 någon
786 607 69 14 annan

33 626 119 28 förklaring
174 626 32 21 till
228 634 28 14 nu
279 626 90 22 anförda
390 626 140 27 förhållande,
550 629 26 19 än
592 630 31 18 att
637 628 8 20 i
660 627 144 29 Helsingfors,
819 628 38 22 der

35 656 105 20 anstalten
155 655 71 21 såsom
241 655 63 28 sagdt
319 657 23 20 är
357 658 30 18 ett
403 656 93 21 enskildt
511 656 89 28 företag,
615 664 49 13 man
680 656 49 22 sökt
743 658 52 26 göra
810 657 47 21 kre-

35 683 58 21 diten
115 691 57 14 mera
194 683 119 29 tillgänglig
334 684 40 22 och
396 684 90 28 beqväm
507 684 34 22 för
556 684 147 28 allmänheten,
719 688 31 18 att
764 693 55 19 man,
833 685 24 22 så

35 715 32 18 att
91 714 58 26 säga,
171 712 49 21 sökt
241 720 44 21 upp
305 712 110 22 kunderna
435 713 41 21 och
498 716 32 18 att
544 714 7 20 i
566 713 53 29 följd
640 713 61 21 häraf
725 714 132 21 framkallats

35 743 31 18 ett
86 740 108 22 anlitande
218 741 22 21 af
263 741 70 21 denna
355 741 70 21 kredit
440 742 7 21 i
463 742 58 27 långt
535 742 66 28 högre
615 742 54 28 grad
684 744 27 19 än
727 742 74 28 nödigt
816 742 41 22 och

35 769 102 28 behöfligt
152 770 60 20 varit.

101 798 44 21 För
166 798 41 21 den
230 798 120 27 allmänhet,
373 806 45 14 som
442 799 106 28 begagnar
562 799 206 29 pantlånekrediten,
782 801 23 19 är
820 799 37 22 det

35 827 134 28 naturligtvis
185 827 23 20 af
222 828 90 20 intresse
328 831 31 17 att
373 827 70 22 denna
458 828 42 21 kan
516 828 89 21 erhållas
621 828 28 28 på
664 828 106 28 billigaste
781 828 76 21 vilkor.

34 855 74 21 Afven
130 856 6 20 i
160 857 59 20 detta
244 855 101 22 afseende
360 856 53 21 talar
428 856 162 22 sannolikheten
605 857 40 26 för,
660 859 31 18 att
707 864 26 13 en
748 856 109 29 pantläne-

35 885 122 27 inrättning,
172 884 112 21 bedrifven
300 885 70 21 såsom
386 885 78 21 anstalt
474 885 7 21 i
492 885 129 28 välgörande
633 885 62 28 syfte,
705 885 55 22 skall
770 885 87 28 erbjuda

35 915 66 18 större
117 912 98 22 fördelar.
245 913 44 21 Det
303 914 24 20 är
341 913 126 28 visserligen
483 913 60 28 långt
558 913 55 22 ifrån
629 913 68 28 sagdt,
712 917 31 18 att
754 921 25 14 en
790 913 67 22 sådan

35 941 218 28 pantlåneinrättning
275 941 54 22 skall
351 942 72 21 kunna
446 941 157 22 administreras
622 942 95 28 billigare
733 944 27 19 än
775 945 30 18 ett
820 950 37 13 en-

36 969 67 22 skildt
117 969 147 29 affärsföretag
281 983 24 2 —
322 978 85 13 snarare
422 970 41 21 kan
479 978 48 13 man
542 971 114 21 förutsätta
666 974 123 18 motsatsen.
804 971 53 21 Men

36 998 28 21 då
78 998 197 29 vinstutdelningen
294 1000 6 20 i
316 999 59 21 detta
390 999 38 21 fall
443 1001 23 19 är
481 999 124 28 begränsad,
620 999 41 22 och
676 999 41 22 den
733 1000 63 25 vinst,
811 1007 46 14 som

35 1027 94 21 rörelsen
154 1027 125 22 derutöfver
303 1028 86 26 lemnar,
414 1027 42 21 kan
481 1028 109 22 användas.
612 1028 32 21 till
660 1028 92 28 lindring
767 1028 23 21 af
799 1028 58 21 låne-

36 1055 103 27 vilkoren,
162 1055 24 22 så
210 1063 62 20 synes
288 1056 7 21 i
310 1056 41 21 alla
365 1056 113 21 händelser
493 1056 135 22 sannolikhet
642 1057 114 21 förefinnas
772 1056 33 21 för
821 1059 37 23 att,

35 1083 29 22 då
86 1083 179 30 pantlånerörelse
288 1084 109 22 bedrifves
419 1085 70 20 såsom
512 1085 271 28 välgörenhetsinrättning,
805 1085 52 22 den-

35 1121 80 13 samma
136 1113 54 21 skall
210 1113 72 21 kunna
296 1113 70 21 lemna
380 1113 96 28 billigare
492 1113 75 22 kredit.
596 1113 85 21 Härvid
696 1114 39 20 bör
749 1114 47 21 icke
811 1113 46 21 hel-

35 1141 31 21 ler
89 1141 92 21 förbises
206 1144 31 18 att
262 1142 41 20 den
327 1142 88 28 garanti,
438 1149 45 14 som
506 1142 61 28 eljest
589 1142 113 21 förefinnes
725 1142 34 21 för
774 1142 83 28 oskälig

35 1170 141 27 exploitering
198 1170 22 21 af
241 1170 142 21 allmänheten
398 1170 48 21 från
462 1170 96 21 enskilda
573 1170 94 28 företags
683 1170 53 26 sida,
751 1171 106 27 nämligen

35 1198 167 26 konkurrensen,
222 1199 7 20 i
250 1198 61 27 fråga
332 1206 35 13 om
388 1198 241 29 pantläneinrättningar
652 1199 6 20 i
680 1199 114 20 allmänhet
809 1199 48 20 icke

35 1226 39 21 hos
90 1233 35 14 oss
141 1227 107 21 existerar.
277 1226 32 22 Vi
324 1227 70 20 känna
409 1227 27 28 ju,
451 1230 32 18 att
497 1227 64 21 äfven
576 1228 7 20 i
598 1227 84 21 landets
697 1229 78 19 största
786 1227 71 21 städer

35 1255 70 28 någon
121 1255 117 21 nämnvärd
253 1255 132 21 konkurrens
400 1256 8 19 i
423 1255 59 21 detta
497 1255 101 22 afseende
613 1255 48 22 icke
676 1255 121 26 förefinnes;
808 1262 49 14 man

35 1283 42 21 kan
99 1283 106 28 nämligen
226 1283 48 22 icke
295 1284 89 21 tillmäta
406 1283 71 28 någon
499 1283 110 29 betydelse
623 1283 23 22 åt
661 1283 42 22 den
718 1284 139 25 konkurrens,

36 1318 45 13 som
103 1318 51 20 eger
175 1319 46 12 rum
242 1312 49 20 från
313 1312 41 20 den
375 1312 97 20 enskilda
490 1312 24 20 så
528 1315 32 18 att
574 1314 51 25 säga
640 1312 92 27 hemliga
747 1312 110 27 pantlåne-

36 1339 105 21 rörelsens
156 1339 52 21 sida.

105 1367 48 22 Den
175 1367 103 28 farhågan
294 1367 38 22 har
347 1367 125 28 visserligen
486 1367 87 22 uttalats
589 1370 37 23 att,
641 1375 34 14 om
690 1367 167 29 pantlånerörel-

37 1404 49 15 sens
108 1396 142 22 bedrifvande
271 1396 68 21 skulle
355 1396 126 21 inskränkas
497 1396 76 21 endast
587 1396 32 21 till
635 1396 222 28 välgörenhetsinrätt-

36 1426 82 28 ningar,
142 1425 59 22 detta
223 1425 100 28 möjligen
345 1424 68 23 skulle
434 1424 49 22 leda
504 1425 80 21 derhän
608 1428 38 23 att,
660 1432 35 14 om
710 1425 40 21 ock
765 1425 92 28 verkligt

37 1454 66 22 behof
124 1454 23 22 af
168 1454 70 22 denna
259 1454 70 21 kredit
343 1454 14 21 å
375 1454 71 28 någon
462 1456 33 19 ort
508 1454 132 26 förefunnes,
655 1453 59 22 detta
730 1453 65 22 bebof
809 1454 48 21 icke

37 1484 84 21 komme
136 1486 31 18 att
181 1483 70 29 fyllas.
280 1482 41 29 Jag
335 1486 50 24 tror,
401 1486 31 19 att
447 1482 69 23 denna
531 1482 90 29 farhåga
635 1484 24 20 är
673 1482 116 29 ogrundad.
804 1482 53 22 Man

766 1522 21 18 22
