1070 1689
207 100 44 21 470
456 107 23 17 R.
492 111 17 13 o.
521 107 23 17 A.
557 107 55 17 1897.
630 105 27 18 30
668 106 62 17 Mars.

181 174 64 21 innan
268 173 71 28 någon
362 173 74 28 åtgärd
458 174 84 28 vidtogs
564 173 35 22 för
620 173 95 22 ökandet
735 173 23 21 af
775 173 27 21 de
817 173 58 28 lägre
890 172 111 22 undervis-

180 202 193 27 ningsanstalterna
388 203 6 20 i
409 202 111 27 jordbruk,
537 202 88 21 emedan
641 209 49 14 man
705 201 94 22 önskade
815 201 109 28 samtidigt
939 201 62 21 verk-

180 231 63 20 ställa
265 229 69 22 denna
349 230 90 21 komit6s
454 231 48 21 hela
516 237 104 22 program.
648 231 43 27 Jag
705 230 43 21 kan
762 230 48 21 icke
825 232 65 19 annat
904 231 33 25 än,
952 229 47 22 med

180 258 42 22 den
245 259 47 28 vigt
313 259 70 21 denna
397 258 61 29 fråga
473 259 44 27 har,
530 259 29 29 pä
573 259 37 22 det
624 259 96 28 ifrigaste
735 259 75 22 förena
824 259 44 28 mig
882 258 49 22 med
947 257 55 27 dem,

180 287 75 22 hvilka
275 287 89 22 anhållit
384 295 34 14 om
440 287 126 23 återremiss.
596 287 162 29 Skogssköfling
776 287 67 29 pågår
856 287 49 27 icke
920 286 81 28 endast,

181 315 39 22 der
241 316 107 21 flottleder
369 324 62 14 mana
451 317 33 20 till
504 317 133 28 försäljning,
658 317 41 21 den
722 316 66 29 pågår
806 315 29 30 på
849 315 152 22 Österbottens

181 345 76 21 slätter
275 345 8 21 i
303 347 45 19 stor
370 345 66 22 skala.
464 345 46 22 Der
531 345 40 22 har
593 345 37 22 det
643 345 66 22 redan
725 345 94 22 inträffat
832 347 32 19 att
878 345 50 21 flere
943 345 58 21 hem-

180 379 123 22 mansegare
319 374 57 28 köpa
390 374 73 28 hvarje
478 374 65 22 klabb
558 373 27 22 de
600 374 85 21 bränna.

250 430 34 21 Hr
299 430 81 21 Arthur
394 431 29 21 af
436 430 151 22 Forselles:
603 430 75 22 Under
693 438 26 14 en
735 430 50 28 lång
800 429 53 30 följd
868 430 24 21 af
903 430 24 21 år
936 430 65 21 hafva

180 459 24 20 vi
213 460 57 20 varit
284 460 7 20 i
306 459 83 21 tillfälle
404 462 32 18 att
452 459 94 22 bevittna
561 462 32 19 att
605 462 70 19 staten
684 459 51 28 sjelf
743 466 77 21 genom
830 461 32 19 att
872 458 129 22 bortskänka

182 489 57 19 stora
261 487 102 22 domäner
382 487 24 22 af
426 489 47 20 sina
494 488 77 28 skogar
586 487 38 22 har
638 487 94 22 indirekt
747 488 55 21 varit
818 487 90 22 orsaken
923 487 32 21 till
970 490 31 19 att

180 515 110 22 desamma
308 515 140 22 devasterats.
478 516 75 22 Under
573 516 79 22 sådana
674 516 148 21 förhållanden
846 516 101 21 förvånar
965 515 36 22 det

176 540 54 57 mig,
244 547 32 18 att
289 545 213 21 Ekonomiutskottet
516 545 77 22 uttalar
607 545 35 21 för
656 545 134 28 Regeringen
806 545 24 21 sä
846 545 70 28 ampla
930 544 70 22 loford

181 579 26 15 och
245 575 66 20 sätter
332 573 48 22 hela
395 575 32 20 sin
443 574 110 28 tillförsigt
567 574 32 21 till
614 573 147 29 Regeringens
776 573 97 29 förmäga
888 576 31 19 att
934 573 67 22 ordna

180 601 148 29 föreliggande
344 602 207 22 missförhällanden.
583 603 41 21 Det
639 604 23 19 är
676 603 66 21 äfven
757 606 98 24 nogsamt
870 602 85 25 bekant,
970 605 31 18 att

181 630 179 29 Forststyrelsens
378 631 81 28 förslag
474 631 32 21 till
521 631 146 22 förbättrande
682 631 52 22 eller
749 631 125 28 förhöjande
888 631 24 20 af
926 631 75 21 skogs-

180 659 80 21 värden
276 659 51 22 flere
341 659 81 28 gänger
436 660 48 21 icke
499 661 76 20 vunnit
590 659 125 27 beaktande,
731 659 40 22 och
786 659 36 22 det
836 661 24 20 är
870 659 72 22 derför
952 661 49 20 icke

180 687 68 22 heller
267 688 180 22 förvänansvärdt
469 691 31 19 att
520 688 57 22 Frih.
599 688 80 23 Wrede
701 690 8 19 i
731 689 41 27 dag
788 688 106 28 begagnat
908 688 93 21 tillfället

181 719 31 18 att
227 716 84 22 anhälla
326 724 33 14 om
376 716 130 23 Ständernas
521 717 129 22 medverkan
665 717 36 21 för
713 720 31 18 att
754 717 23 21 fä
787 717 214 22 missförhällandena

180 745 7 20 i
210 744 41 21 den
274 745 98 22 enskilda
393 745 146 28 skogsvärden
560 745 138 22 förbättrade.
727 746 41 28 Jag
791 746 37 21 ber
848 747 7 20 i
871 745 66 22 likhet
952 745 47 22 med

180 773 42 22 den
237 773 130 29 föregäende
386 774 65 21 ärade
465 775 87 26 talaren,
567 782 45 14 som
627 775 111 28 föreslagit
753 777 32 19 att
800 775 116 28 petitionen
932 774 68 22 skulle

180 801 164 23 terremitteras
365 803 33 21 till
422 803 116 27 Utskottet,
552 803 23 22 få
591 803 129 22 understöda
735 803 57 22 Frih.
808 803 90 22 Wredes
914 803 86 28 förslag.

248 860 64 21 Efter
333 860 86 22 härmed
442 860 93 22 afslutad
558 860 122 23 diskussion
696 860 159 23 öfverlemnade
870 861 34 21 Hr
919 861 81 21 Landt-

180 889 134 22 marskalken
329 889 33 22 till
376 889 26 22 R.
418 897 18 14 o.
451 889 38 22 A:s
505 889 132 22 besvarande
652 889 95 29 följande

444 981 284 29 Omröstningsproposition
733 989 6 14 :

249 1038 55 26 Den,
326 1045 44 14 som
392 1037 125 29 godkänner
531 1037 223 23 Ekonomiutskottets
769 1038 142 22 förevarande
925 1039 75 21 betän-

179 1065 78 28 kände,
271 1068 70 20 röstar
354 1067 31 28 ja;

248 1123 76 22 vinner
345 1119 41 58 nej,
406 1123 164 22 återremitteras
586 1122 145 22 betänkandet
745 1123 32 21 till
792 1123 114 23 Utskottet
920 1124 35 21 för
969 1126 32 20 att

180 1152 119 21 omarbetas
323 1152 8 21 i
356 1152 76 21 sådant
456 1152 63 28 syfte,
543 1154 32 20 att
597 1152 242 28 petitionsmemorialets
864 1152 136 29 yrkanden
987 1148 17 37 i

178 1179 124 23 hufvudsak
317 1180 103 22 förordas.

247 1238 50 20 Den
318 1238 104 26 votering,
444 1243 46 15 som
512 1238 29 27 på
558 1237 69 28 grund
642 1238 24 20 af
680 1238 72 20 derom
767 1234 72 56 ejordt
852 1238 96 28 yrkande
963 1244 38 15 an-

178 1263 87 27 stäldes,
284 1264 64 22 utföll
368 1265 49 21 med
440 1266 13 20 8
474 1265 21 27 ja
517 1265 40 21 och
579 1266 26 20 71
627 1265 42 28 nej,
690 1266 33 20 till
738 1265 38 28 följd
808 1266 76 22 hvaraf
898 1266 25 21 R.
938 1273 20 14 o.
973 1267 26 20 A.

178 1292 89 22 beslutit
281 1296 31 18 att
326 1292 153 22 återremittera
495 1292 146 23 betänkandet
654 1293 33 22 till
702 1294 213 22 Ekonomiutskottet
925 1294 34 21 för
969 1297 32 19 att

179 1321 119 22 omarbetas
313 1322 7 21 i
335 1321 58 29 syfte
408 1324 32 19 att
454 1321 27 22 de
496 1322 7 20 i
518 1322 243 28 petitionsmemorialets
777 1322 56 22 kläm
848 1322 105 30 ingäende
965 1330 35 22 yr-

177 1349 100 23 kandena
292 1350 73 22 blefve
380 1350 8 21 i
402 1350 125 22 hufvudsak
541 1350 121 22 förordade.
