<?xml version="1.0" encoding="UTF-8"?>
<alto xmlns="http://www.loc.gov/standards/alto/ns-v3#" xmlns:xlink="http://www.w3.org/1999/xlink" xmlns:xsi="http://www.w3.org/2001/XMLSchema-instance" xsi:schemaLocation="http://www.loc.gov/standards/alto/ns-v3# http://www.loc.gov/alto/v3/alto-3-0.xsd">
	<Description>
		<MeasurementUnit>pixel</MeasurementUnit>
		<sourceImageInformation>
			<fileName>/tmp/tess_b9bkx55r_input.PNG</fileName>
		</sourceImageInformation>
		<OCRProcessing ID="OCR_0">
			<ocrProcessingStep>
				<processingSoftware>
					<softwareName>tesseract 5.3.4</softwareName>
				</processingSoftware>
			</ocrProcessingStep>
		</OCRProcessing>
	</Description>
	<Layout>
		<Page WIDTH="1045" HEIGHT="1678" PHYSICAL_IMG_NR="0" ID="page_0">
			<PrintSpace HPOS="0" VPOS="0" WIDTH="1045" HEIGHT="1678">
				<ComposedBlock ID="cblock_0" HPOS="219" VPOS="101" WIDTH="517" HEIGHT="22">
					<TextBlock ID="block_0" HPOS="219" VPOS="101" WIDTH="517" HEIGHT="22">
						<TextLine ID="line_0" HPOS="219" VPOS="101" WIDTH="517" HEIGHT="22">
							<String ID="string_0" HPOS="219" VPOS="101" WIDTH="40" HEIGHT="21" WC="0.96" CONTENT="316"/><SP WIDTH="209" VPOS="101" HPOS="259"/>
							<String ID="string_1" HPOS="468" VPOS="106" WIDTH="24" HEIGHT="17" WC="0.96" CONTENT="R."/><SP WIDTH="14" VPOS="106" HPOS="492"/>
							<String ID="string_2" HPOS="506" VPOS="111" WIDTH="16" HEIGHT="12" WC="0.93" CONTENT="o."/><SP WIDTH="13" VPOS="111" HPOS="522"/>
							<String ID="string_3" HPOS="535" VPOS="106" WIDTH="22" HEIGHT="17" WC="0.96" CONTENT="A."/><SP WIDTH="13" VPOS="106" HPOS="557"/>
							<String ID="string_4" HPOS="570" VPOS="106" WIDTH="55" HEIGHT="17" WC="0.94" CONTENT="1897."/><SP WIDTH="24" VPOS="106" HPOS="625"/>
							<String ID="string_5" HPOS="649" VPOS="106" WIDTH="13" HEIGHT="17" WC="0.95" CONTENT="9"/><SP WIDTH="11" VPOS="106" HPOS="662"/>
							<String ID="string_6" HPOS="673" VPOS="106" WIDTH="63" HEIGHT="17" WC="0.96" CONTENT="Mars."/>
						</TextLine>
					</TextBlock>
				</ComposedBlock>
				<GraphicalElement ID="cblock_1" HPOS="190" VPOS="132" WIDTH="821" HEIGHT="8"></GraphicalElement >
				<ComposedBlock ID="cblock_2" HPOS="189" VPOS="173" WIDTH="826" HEIGHT="514">
					<TextBlock ID="block_1" HPOS="189" VPOS="173" WIDTH="826" HEIGHT="400">
						<TextLine ID="line_1" HPOS="190" VPOS="173" WIDTH="821" HEIGHT="28">
							<String ID="string_7" HPOS="190" VPOS="174" WIDTH="85" HEIGHT="21" WC="0.96" CONTENT="kelussa"/><SP WIDTH="23" VPOS="174" HPOS="275"/>
							<String ID="string_8" HPOS="298" VPOS="173" WIDTH="133" HEIGHT="28" WC="0.96" CONTENT="havaittujen"/><SP WIDTH="21" VPOS="173" HPOS="431"/>
							<String ID="string_9" HPOS="452" VPOS="177" WIDTH="87" HEIGHT="18" WC="0.93" CONTENT="suurten"/><SP WIDTH="22" VPOS="177" HPOS="539"/>
							<String ID="string_10" HPOS="561" VPOS="173" WIDTH="128" HEIGHT="28" WC="0.92" CONTENT="epäkohtain"/><SP WIDTH="18" VPOS="173" HPOS="689"/>
							<String ID="string_11" HPOS="707" VPOS="173" WIDTH="140" HEIGHT="28" WC="0.96" CONTENT="poistamista,"/><SP WIDTH="20" VPOS="173" HPOS="847"/>
							<String ID="string_12" HPOS="867" VPOS="173" WIDTH="47" HEIGHT="22" WC="0.96" CONTENT="olisi"/><SP WIDTH="15" VPOS="173" HPOS="914"/>
							<String ID="string_13" HPOS="929" VPOS="173" WIDTH="82" HEIGHT="26" WC="0.94" CONTENT="luullut,"/>
						</TextLine>
						<TextLine ID="line_2" HPOS="190" VPOS="201" WIDTH="823" HEIGHT="29">
							<String ID="string_14" HPOS="190" VPOS="204" WIDTH="44" HEIGHT="19" WC="0.96" CONTENT="että"/><SP WIDTH="21" VPOS="204" HPOS="234"/>
							<String ID="string_15" HPOS="255" VPOS="203" WIDTH="45" HEIGHT="20" WC="0.96" CONTENT="tätä"/><SP WIDTH="22" VPOS="203" HPOS="300"/>
							<String ID="string_16" HPOS="322" VPOS="202" WIDTH="114" HEIGHT="21" WC="0.96" CONTENT="ehdotusta"/><SP WIDTH="22" VPOS="202" HPOS="436"/>
							<String ID="string_17" HPOS="458" VPOS="201" WIDTH="115" HEIGHT="22" WC="0.96" CONTENT="kaikkialla"/><SP WIDTH="22" VPOS="201" HPOS="573"/>
							<String ID="string_18" HPOS="595" VPOS="201" WIDTH="48" HEIGHT="22" WC="0.96" CONTENT="olisi"/><SP WIDTH="22" VPOS="201" HPOS="643"/>
							<String ID="string_19" HPOS="665" VPOS="204" WIDTH="68" HEIGHT="18" WC="0.96" CONTENT="otettu"/><SP WIDTH="20" VPOS="204" HPOS="733"/>
							<String ID="string_20" HPOS="753" VPOS="204" WIDTH="88" HEIGHT="19" WC="0.91" CONTENT="vastaan"/><SP WIDTH="23" VPOS="204" HPOS="841"/>
							<String ID="string_21" HPOS="864" VPOS="201" WIDTH="149" HEIGHT="29" WC="0.90" CONTENT="mielihyvällä,"/>
						</TextLine>
						<TextLine ID="line_3" HPOS="189" VPOS="229" WIDTH="825" HEIGHT="29">
							<String ID="string_22" HPOS="189" VPOS="230" WIDTH="52" HEIGHT="21" WC="0.96" CONTENT="Niin"/><SP WIDTH="24" VPOS="230" HPOS="241"/>
							<String ID="string_23" HPOS="265" VPOS="231" WIDTH="19" HEIGHT="20" WC="0.96" CONTENT="ei"/><SP WIDTH="20" VPOS="231" HPOS="284"/>
							<String ID="string_24" HPOS="304" VPOS="230" WIDTH="152" HEIGHT="21" WC="0.96" CONTENT="kumminkaan"/><SP WIDTH="21" VPOS="230" HPOS="456"/>
							<String ID="string_25" HPOS="477" VPOS="231" WIDTH="33" HEIGHT="20" WC="0.96" CONTENT="ole"/><SP WIDTH="23" VPOS="231" HPOS="510"/>
							<String ID="string_26" HPOS="533" VPOS="229" WIDTH="85" HEIGHT="29" WC="0.93" CONTENT="käynyt."/><SP WIDTH="29" VPOS="229" HPOS="618"/>
							<String ID="string_27" HPOS="647" VPOS="229" WIDTH="246" HEIGHT="22" WC="0.68" CONTENT="Talousvaliokunnassa"/><SP WIDTH="15" VPOS="229" HPOS="893"/>
							<String ID="string_28" HPOS="908" VPOS="237" WIDTH="27" HEIGHT="14" WC="0.96" CONTENT="on"/><SP WIDTH="15" VPOS="237" HPOS="935"/>
							<String ID="string_29" HPOS="950" VPOS="229" WIDTH="64" HEIGHT="22" WC="0.96" CONTENT="kaksi"/>
						</TextLine>
						<TextLine ID="line_4" HPOS="191" VPOS="258" WIDTH="823" HEIGHT="29">
							<String ID="string_30" HPOS="191" VPOS="259" WIDTH="81" HEIGHT="21" WC="0.96" CONTENT="jäsentä"/><SP WIDTH="25" VPOS="259" HPOS="272"/>
							<String ID="string_31" HPOS="297" VPOS="259" WIDTH="116" HEIGHT="28" WC="0.90" CONTENT="sepittänyt"/><SP WIDTH="25" VPOS="259" HPOS="413"/>
							<String ID="string_32" HPOS="438" VPOS="259" WIDTH="150" HEIGHT="21" WC="0.94" CONTENT="vastalauseita"/><SP WIDTH="25" VPOS="259" HPOS="588"/>
							<String ID="string_33" HPOS="613" VPOS="258" WIDTH="155" HEIGHT="22" WC="0.92" CONTENT="Valiokunnan"/><SP WIDTH="25" VPOS="258" HPOS="768"/>
							<String ID="string_34" HPOS="793" VPOS="259" WIDTH="111" HEIGHT="20" WC="0.95" CONTENT="mietintöä"/><SP WIDTH="14" VPOS="259" HPOS="904"/>
							<String ID="string_35" HPOS="918" VPOS="261" WIDTH="96" HEIGHT="19" WC="0.96" CONTENT="vastaan."/>
						</TextLine>
						<TextLine ID="line_5" HPOS="189" VPOS="266" WIDTH="825" HEIGHT="70">
							<String ID="string_36" HPOS="189" VPOS="266" WIDTH="81" HEIGHT="43" WC="0.0" CONTENT="Toisen"/><SP WIDTH="23" VPOS="266" HPOS="270"/>
							<String ID="string_37" HPOS="293" VPOS="287" WIDTH="148" HEIGHT="22" WC="0.96" CONTENT="vastalauseen"/><SP WIDTH="22" VPOS="287" HPOS="441"/>
							<String ID="string_38" HPOS="463" VPOS="288" WIDTH="65" HEIGHT="28" WC="0.96" CONTENT="tekijä"/><SP WIDTH="19" VPOS="288" HPOS="528"/>
							<String ID="string_39" HPOS="547" VPOS="294" WIDTH="65" HEIGHT="14" WC="0.96" CONTENT="sanoo"/><SP WIDTH="16" VPOS="294" HPOS="612"/>
							<String ID="string_40" HPOS="628" VPOS="287" WIDTH="54" HEIGHT="21" WC="0.96" CONTENT="siinä"/><SP WIDTH="15" VPOS="287" HPOS="682"/>
							<String ID="string_41" HPOS="697" VPOS="289" WIDTH="44" HEIGHT="19" WC="0.93" CONTENT="että"/><SP WIDTH="16" VPOS="289" HPOS="741"/>
							<String ID="string_42" HPOS="757" VPOS="287" WIDTH="159" HEIGHT="22" WC="0.72" CONTENT="»lainsäädäntö"/><SP WIDTH="14" VPOS="287" HPOS="916"/>
							<String ID="string_43" HPOS="930" VPOS="287" WIDTH="22" HEIGHT="28" WC="0.96" CONTENT="jo"/><SP WIDTH="14" VPOS="287" HPOS="952"/>
							<String ID="string_44" HPOS="966" VPOS="289" WIDTH="48" HEIGHT="47" WC="0.0" CONTENT="tyy"/>
						</TextLine>
						<TextLine ID="line_6" HPOS="190" VPOS="315" WIDTH="823" HEIGHT="29">
							<String ID="string_45" HPOS="190" VPOS="315" WIDTH="117" HEIGHT="29" WC="0.92" CONTENT="dyttävällä"/><SP WIDTH="21" VPOS="315" HPOS="307"/>
							<String ID="string_46" HPOS="328" VPOS="316" WIDTH="78" HEIGHT="21" WC="0.96" CONTENT="tavalla"/><SP WIDTH="22" VPOS="316" HPOS="406"/>
							<String ID="string_47" HPOS="428" VPOS="323" WIDTH="28" HEIGHT="14" WC="0.96" CONTENT="on"/><SP WIDTH="22" VPOS="323" HPOS="456"/>
							<String ID="string_48" HPOS="478" VPOS="317" WIDTH="124" HEIGHT="27" WC="0.96" CONTENT="järjestänyt"/><SP WIDTH="19" VPOS="317" HPOS="602"/>
							<String ID="string_49" HPOS="621" VPOS="316" WIDTH="166" HEIGHT="28" WC="0.96" CONTENT="kysymyksessä"/><SP WIDTH="22" VPOS="316" HPOS="787"/>
							<String ID="string_50" HPOS="809" VPOS="315" WIDTH="72" HEIGHT="22" WC="0.96" CONTENT="olevat"/><SP WIDTH="19" VPOS="315" HPOS="881"/>
							<String ID="string_51" HPOS="900" VPOS="316" WIDTH="59" HEIGHT="21" WC="0.96" CONTENT="asiat."/><SP WIDTH="47" VPOS="316" HPOS="959"/>
							<String ID="string_52" HPOS="1006" VPOS="316" WIDTH="7" HEIGHT="20" WC="0.89" CONTENT="Fi"/>
						</TextLine>
						<TextLine ID="line_7" HPOS="191" VPOS="344" WIDTH="823" HEIGHT="29">
							<String ID="string_53" HPOS="191" VPOS="345" WIDTH="124" HEIGHT="21" WC="0.94" CONTENT="ainoastaan"/><SP WIDTH="18" VPOS="345" HPOS="315"/>
							<String ID="string_54" HPOS="333" VPOS="344" WIDTH="122" HEIGHT="29" WC="0.96" CONTENT="kauppalan"/><SP WIDTH="16" VPOS="344" HPOS="455"/>
							<String ID="string_55" HPOS="471" VPOS="344" WIDTH="149" HEIGHT="26" WC="0.96" CONTENT="hallitukselle,"/><SP WIDTH="15" VPOS="344" HPOS="620"/>
							<String ID="string_56" HPOS="635" VPOS="352" WIDTH="54" HEIGHT="13" WC="0.96" CONTENT="vaan"/><SP WIDTH="16" VPOS="352" HPOS="689"/>
							<String ID="string_57" HPOS="705" VPOS="344" WIDTH="97" HEIGHT="28" WC="0.96" CONTENT="myöskin"/><SP WIDTH="16" VPOS="344" HPOS="802"/>
							<String ID="string_58" HPOS="818" VPOS="351" WIDTH="37" HEIGHT="14" WC="0.93" CONTENT="sen"/><SP WIDTH="16" VPOS="351" HPOS="855"/>
							<String ID="string_59" HPOS="871" VPOS="344" WIDTH="143" HEIGHT="21" WC="0.92" CONTENT="äänioikeute-"/>
						</TextLine>
						<TextLine ID="line_8" HPOS="191" VPOS="372" WIDTH="823" HEIGHT="30">
							<String ID="string_60" HPOS="191" VPOS="373" WIDTH="60" HEIGHT="21" WC="0.94" CONTENT="tuille"/><SP WIDTH="21" VPOS="373" HPOS="251"/>
							<String ID="string_61" HPOS="272" VPOS="372" WIDTH="118" HEIGHT="23" WC="0.94" CONTENT="asukkaille"/><SP WIDTH="22" VPOS="372" HPOS="390"/>
							<String ID="string_62" HPOS="412" VPOS="380" WIDTH="28" HEIGHT="15" WC="0.96" CONTENT="on"/><SP WIDTH="17" VPOS="380" HPOS="440"/>
							<String ID="string_63" HPOS="457" VPOS="373" WIDTH="64" HEIGHT="22" WC="0.96" CONTENT="muka"/><SP WIDTH="14" VPOS="373" HPOS="521"/>
							<String ID="string_64" HPOS="535" VPOS="374" WIDTH="75" HEIGHT="28" WC="0.96" CONTENT="jätetty"/><SP WIDTH="15" VPOS="374" HPOS="610"/>
							<String ID="string_65" HPOS="625" VPOS="372" WIDTH="97" HEIGHT="23" WC="0.96" CONTENT="tilaisuus"/><SP WIDTH="16" VPOS="372" HPOS="722"/>
							<String ID="string_66" HPOS="738" VPOS="374" WIDTH="90" HEIGHT="27" WC="0.93" CONTENT="päättää,"/><SP WIDTH="15" VPOS="374" HPOS="828"/>
							<String ID="string_67" HPOS="843" VPOS="372" WIDTH="171" HEIGHT="29" WC="0.92" CONTENT="myönnetäänkö"/>
						</TextLine>
						<TextLine ID="line_9" HPOS="190" VPOS="401" WIDTH="825" HEIGHT="29">
							<String ID="string_68" HPOS="190" VPOS="402" WIDTH="21" HEIGHT="27" WC="0.96" CONTENT="ja"/><SP WIDTH="15" VPOS="402" HPOS="211"/>
							<String ID="string_69" HPOS="226" VPOS="401" WIDTH="80" HEIGHT="22" WC="0.96" CONTENT="kuinka"/><SP WIDTH="15" VPOS="401" HPOS="306"/>
							<String ID="string_70" HPOS="321" VPOS="404" WIDTH="72" HEIGHT="19" WC="0.93" CONTENT="monta"/><SP WIDTH="15" VPOS="404" HPOS="393"/>
							<String ID="string_71" HPOS="408" VPOS="403" WIDTH="92" HEIGHT="27" WC="0.91" CONTENT="myynti-"/><SP WIDTH="10" VPOS="403" HPOS="500"/>
							<String ID="string_72" HPOS="510" VPOS="403" WIDTH="20" HEIGHT="27" WC="0.93" CONTENT="ja"/><SP WIDTH="10" VPOS="403" HPOS="530"/>
							<String ID="string_73" HPOS="540" VPOS="401" WIDTH="228" HEIGHT="22" WC="0.79" CONTENT="anniskeluoikeutta»."/><SP WIDTH="21" VPOS="401" HPOS="768"/>
							<String ID="string_74" HPOS="789" VPOS="402" WIDTH="36" HEIGHT="21" WC="0.96" CONTENT="On"/><SP WIDTH="8" VPOS="402" HPOS="825"/>
							<String ID="string_75" HPOS="833" VPOS="401" WIDTH="77" HEIGHT="22" WC="0.96" CONTENT="vaikea"/><SP WIDTH="6" VPOS="401" HPOS="910"/>
							<String ID="string_76" HPOS="916" VPOS="401" WIDTH="99" HEIGHT="26" WC="0.96" CONTENT="käsittää,"/>
						</TextLine>
						<TextLine ID="line_10" HPOS="190" VPOS="429" WIDTH="825" HEIGHT="27">
							<String ID="string_77" HPOS="190" VPOS="430" WIDTH="81" HEIGHT="21" WC="0.96" CONTENT="kuinka"/><SP WIDTH="23" VPOS="430" HPOS="271"/>
							<String ID="string_78" HPOS="294" VPOS="430" WIDTH="148" HEIGHT="22" WC="0.95" CONTENT="vastalauseen"/><SP WIDTH="22" VPOS="430" HPOS="442"/>
							<String ID="string_79" HPOS="464" VPOS="431" WIDTH="66" HEIGHT="25" WC="0.95" CONTENT="tekijä"/><SP WIDTH="22" VPOS="431" HPOS="530"/>
							<String ID="string_80" HPOS="552" VPOS="432" WIDTH="81" HEIGHT="19" WC="0.96" CONTENT="saattaa"/><SP WIDTH="19" VPOS="432" HPOS="633"/>
							<String ID="string_81" HPOS="652" VPOS="430" WIDTH="93" HEIGHT="21" WC="0.96" CONTENT="tällaista"/><SP WIDTH="20" VPOS="430" HPOS="745"/>
							<String ID="string_82" HPOS="765" VPOS="431" WIDTH="86" HEIGHT="25" WC="0.96" CONTENT="väittää,"/><SP WIDTH="18" VPOS="431" HPOS="851"/>
							<String ID="string_83" HPOS="869" VPOS="429" WIDTH="79" HEIGHT="22" WC="0.96" CONTENT="vaikka"/><SP WIDTH="14" VPOS="429" HPOS="948"/>
							<String ID="string_84" HPOS="962" VPOS="429" WIDTH="53" HEIGHT="22" WC="0.96" CONTENT="sekä"/>
						</TextLine>
						<TextLine ID="line_11" HPOS="191" VPOS="458" WIDTH="824" HEIGHT="29">
							<String ID="string_85" HPOS="191" VPOS="459" WIDTH="109" HEIGHT="28" WC="0.93" CONTENT="esityksen"/><SP WIDTH="16" VPOS="459" HPOS="300"/>
							<String ID="string_86" HPOS="316" VPOS="458" WIDTH="118" HEIGHT="29" WC="0.93" CONTENT="ehdottajat"/><SP WIDTH="15" VPOS="458" HPOS="434"/>
							<String ID="string_87" HPOS="449" VPOS="461" WIDTH="44" HEIGHT="19" WC="0.93" CONTENT="että"/><SP WIDTH="14" VPOS="461" HPOS="493"/>
							<String ID="string_88" HPOS="507" VPOS="458" WIDTH="242" HEIGHT="22" WC="0.92" CONTENT="Talousvaliokuntakin"/><SP WIDTH="15" VPOS="458" HPOS="749"/>
							<String ID="string_89" HPOS="764" VPOS="459" WIDTH="86" HEIGHT="21" WC="0.96" CONTENT="selvästi"/><SP WIDTH="16" VPOS="459" HPOS="850"/>
							<String ID="string_90" HPOS="866" VPOS="461" WIDTH="50" HEIGHT="18" WC="0.93" CONTENT="ovat"/><SP WIDTH="10" VPOS="461" HPOS="916"/>
							<String ID="string_91" HPOS="926" VPOS="459" WIDTH="89" HEIGHT="20" WC="0.92" CONTENT="osoitta-"/>
						</TextLine>
						<TextLine ID="line_12" HPOS="190" VPOS="487" WIDTH="825" HEIGHT="29">
							<String ID="string_92" HPOS="190" VPOS="490" WIDTH="55" HEIGHT="23" WC="0.96" CONTENT="neet,"/><SP WIDTH="22" VPOS="490" HPOS="245"/>
							<String ID="string_93" HPOS="267" VPOS="489" WIDTH="43" HEIGHT="20" WC="0.95" CONTENT="että"/><SP WIDTH="22" VPOS="489" HPOS="310"/>
							<String ID="string_94" HPOS="332" VPOS="487" WIDTH="44" HEIGHT="21" WC="0.95" CONTENT="olot"/><SP WIDTH="22" VPOS="487" HPOS="376"/>
							<String ID="string_95" HPOS="398" VPOS="487" WIDTH="86" HEIGHT="22" WC="0.96" CONTENT="ainakin"/><SP WIDTH="20" VPOS="487" HPOS="484"/>
							<String ID="string_96" HPOS="504" VPOS="487" WIDTH="92" HEIGHT="28" WC="0.96" CONTENT="yhdessä"/><SP WIDTH="15" VPOS="487" HPOS="596"/>
							<String ID="string_97" HPOS="611" VPOS="487" WIDTH="142" HEIGHT="29" WC="0.96" CONTENT="kauppalassa"/><SP WIDTH="15" VPOS="487" HPOS="753"/>
							<String ID="string_98" HPOS="768" VPOS="491" WIDTH="51" HEIGHT="18" WC="0.96" CONTENT="ovat"/><SP WIDTH="14" VPOS="491" HPOS="819"/>
							<String ID="string_99" HPOS="833" VPOS="487" WIDTH="93" HEIGHT="22" WC="0.96" CONTENT="kaikkea"/><SP WIDTH="15" VPOS="487" HPOS="926"/>
							<String ID="string_100" HPOS="941" VPOS="489" WIDTH="74" HEIGHT="19" WC="0.96" CONTENT="muuta"/>
						</TextLine>
						<TextLine ID="line_13" HPOS="190" VPOS="515" WIDTH="824" HEIGHT="30">
							<String ID="string_101" HPOS="190" VPOS="515" WIDTH="52" HEIGHT="22" WC="0.96" CONTENT="kuin"/><SP WIDTH="19" VPOS="515" HPOS="242"/>
							<String ID="string_102" HPOS="261" VPOS="516" WIDTH="156" HEIGHT="29" WC="0.96" CONTENT="tyydyttävällä"/><SP WIDTH="16" VPOS="516" HPOS="417"/>
							<String ID="string_103" HPOS="433" VPOS="516" WIDTH="104" HEIGHT="27" WC="0.96" CONTENT="kannalla,"/><SP WIDTH="14" VPOS="516" HPOS="537"/>
							<String ID="string_104" HPOS="551" VPOS="517" WIDTH="21" HEIGHT="28" WC="0.96" CONTENT="ja"/><SP WIDTH="14" VPOS="517" HPOS="572"/>
							<String ID="string_105" HPOS="586" VPOS="516" WIDTH="80" HEIGHT="21" WC="0.93" CONTENT="vaikka"/><SP WIDTH="15" VPOS="516" HPOS="666"/>
							<String ID="string_106" HPOS="681" VPOS="516" WIDTH="108" HEIGHT="28" WC="0.92" CONTENT="pelättävä"/><SP WIDTH="15" VPOS="516" HPOS="789"/>
							<String ID="string_107" HPOS="804" VPOS="524" WIDTH="28" HEIGHT="13" WC="0.96" CONTENT="on"/><SP WIDTH="15" VPOS="524" HPOS="832"/>
							<String ID="string_108" HPOS="847" VPOS="517" WIDTH="43" HEIGHT="20" WC="0.97" CONTENT="että"/><SP WIDTH="16" VPOS="517" HPOS="890"/>
							<String ID="string_109" HPOS="906" VPOS="523" WIDTH="26" HEIGHT="14" WC="0.93" CONTENT="ne"/><SP WIDTH="16" VPOS="523" HPOS="932"/>
							<String ID="string_110" HPOS="948" VPOS="517" WIDTH="66" HEIGHT="20" WC="0.92" CONTENT="muis-"/>
						</TextLine>
						<TextLine ID="line_14" HPOS="191" VPOS="544" WIDTH="671" HEIGHT="29">
							<String ID="string_111" HPOS="191" VPOS="545" WIDTH="60" HEIGHT="20" WC="0.96" CONTENT="sakin"/><SP WIDTH="16" VPOS="545" HPOS="251"/>
							<String ID="string_112" HPOS="267" VPOS="545" WIDTH="106" HEIGHT="21" WC="0.96" CONTENT="kolmessa"/><SP WIDTH="15" VPOS="545" HPOS="373"/>
							<String ID="string_113" HPOS="388" VPOS="547" WIDTH="107" HEIGHT="19" WC="0.96" CONTENT="saattavat"/><SP WIDTH="14" VPOS="547" HPOS="495"/>
							<String ID="string_114" HPOS="509" VPOS="545" WIDTH="53" HEIGHT="21" WC="0.96" CONTENT="tulla"/><SP WIDTH="13" VPOS="545" HPOS="562"/>
							<String ID="string_115" HPOS="575" VPOS="544" WIDTH="51" HEIGHT="29" WC="0.96" CONTENT="yhtä"/><SP WIDTH="15" VPOS="544" HPOS="626"/>
							<String ID="string_116" HPOS="641" VPOS="545" WIDTH="101" HEIGHT="21" WC="0.96" CONTENT="huonolle"/><SP WIDTH="15" VPOS="545" HPOS="742"/>
							<String ID="string_117" HPOS="757" VPOS="545" WIDTH="105" HEIGHT="21" WC="0.96" CONTENT="kannalle."/>
						</TextLine>
					</TextBlock>
					<TextBlock ID="block_2" HPOS="189" VPOS="573" WIDTH="826" HEIGHT="114">
						<TextLine ID="line_15" HPOS="259" VPOS="573" WIDTH="755" HEIGHT="28">
							<String ID="string_118" HPOS="259" VPOS="573" WIDTH="193" HEIGHT="22" WC="0.59" CONTENT="Ensimmäisenkin"/><SP WIDTH="16" VPOS="573" HPOS="452"/>
							<String ID="string_119" HPOS="468" VPOS="574" WIDTH="149" HEIGHT="21" WC="0.96" CONTENT="vastalauseen"/><SP WIDTH="15" VPOS="574" HPOS="617"/>
							<String ID="string_120" HPOS="632" VPOS="576" WIDTH="110" HEIGHT="25" WC="0.96" CONTENT="perusteet"/><SP WIDTH="15" VPOS="576" HPOS="742"/>
							<String ID="string_121" HPOS="757" VPOS="577" WIDTH="51" HEIGHT="18" WC="0.96" CONTENT="ovat"/><SP WIDTH="9" VPOS="577" HPOS="808"/>
							<String ID="string_122" HPOS="817" VPOS="574" WIDTH="118" HEIGHT="21" WC="0.93" CONTENT="mielestäni"/><SP WIDTH="8" VPOS="574" HPOS="935"/>
							<String ID="string_123" HPOS="943" VPOS="573" WIDTH="71" HEIGHT="22" WC="0.91" CONTENT="hölliä."/>
						</TextLine>
						<TextLine ID="line_16" HPOS="192" VPOS="601" WIDTH="823" HEIGHT="29">
							<String ID="string_124" HPOS="192" VPOS="601" WIDTH="34" HEIGHT="22" WC="0.95" CONTENT="En"/><SP WIDTH="16" VPOS="601" HPOS="226"/>
							<String ID="string_125" HPOS="242" VPOS="602" WIDTH="37" HEIGHT="21" WC="0.96" CONTENT="siis"/><SP WIDTH="16" VPOS="602" HPOS="279"/>
							<String ID="string_126" HPOS="295" VPOS="604" WIDTH="59" HEIGHT="19" WC="0.96" CONTENT="saata"/><SP WIDTH="15" VPOS="604" HPOS="354"/>
							<String ID="string_127" HPOS="369" VPOS="603" WIDTH="56" HEIGHT="26" WC="0.96" CONTENT="pitää"/><SP WIDTH="16" VPOS="603" HPOS="425"/>
							<String ID="string_128" HPOS="441" VPOS="602" WIDTH="106" HEIGHT="28" WC="0.93" CONTENT="yhtäkään"/><SP WIDTH="13" VPOS="602" HPOS="547"/>
							<String ID="string_129" HPOS="560" VPOS="602" WIDTH="164" HEIGHT="21" WC="0.93" CONTENT="vastalauseissa"/><SP WIDTH="12" VPOS="602" HPOS="724"/>
							<String ID="string_130" HPOS="736" VPOS="603" WIDTH="52" HEIGHT="20" WC="0.96" CONTENT="esiin"/><SP WIDTH="13" VPOS="603" HPOS="788"/>
							<String ID="string_131" HPOS="801" VPOS="605" WIDTH="74" HEIGHT="18" WC="0.96" CONTENT="tuotua"/><SP WIDTH="10" VPOS="605" HPOS="875"/>
							<String ID="string_132" HPOS="885" VPOS="603" WIDTH="61" HEIGHT="27" WC="0.92" CONTENT="syytä"/><SP WIDTH="8" VPOS="603" HPOS="946"/>
							<String ID="string_133" HPOS="954" VPOS="604" WIDTH="61" HEIGHT="26" WC="0.92" CONTENT="päte-"/>
						</TextLine>
						<TextLine ID="line_17" HPOS="190" VPOS="630" WIDTH="824" HEIGHT="29">
							<String ID="string_134" HPOS="190" VPOS="632" WIDTH="55" HEIGHT="20" WC="0.95" CONTENT="vänä"/><SP WIDTH="22" VPOS="632" HPOS="245"/>
							<String ID="string_135" HPOS="267" VPOS="631" WIDTH="21" HEIGHT="28" WC="0.95" CONTENT="ja"/><SP WIDTH="20" VPOS="631" HPOS="288"/>
							<String ID="string_136" HPOS="308" VPOS="630" WIDTH="85" HEIGHT="29" WC="0.95" CONTENT="pyydän"/><SP WIDTH="24" VPOS="630" HPOS="393"/>
							<String ID="string_137" HPOS="417" VPOS="631" WIDTH="66" HEIGHT="21" WC="0.95" CONTENT="saada"/><SP WIDTH="21" VPOS="631" HPOS="483"/>
							<String ID="string_138" HPOS="504" VPOS="631" WIDTH="127" HEIGHT="28" WC="0.96" CONTENT="lämpimästi"/><SP WIDTH="25" VPOS="631" HPOS="631"/>
							<String ID="string_139" HPOS="656" VPOS="631" WIDTH="112" HEIGHT="28" WC="0.93" CONTENT="puolustaa"/><SP WIDTH="22" VPOS="631" HPOS="768"/>
							<String ID="string_140" HPOS="790" VPOS="631" WIDTH="224" HEIGHT="21" WC="0.88" CONTENT="Talousvaliokunnan"/>
						</TextLine>
						<TextLine ID="line_18" HPOS="189" VPOS="659" WIDTH="322" HEIGHT="28">
							<String ID="string_141" HPOS="189" VPOS="659" WIDTH="111" HEIGHT="21" WC="0.96" CONTENT="mietintöä"/><SP WIDTH="14" VPOS="659" HPOS="300"/>
							<String ID="string_142" HPOS="314" VPOS="659" WIDTH="197" HEIGHT="28" WC="0.96" CONTENT="hyväksyttäväksi."/>
						</TextLine>
					</TextBlock>
				</ComposedBlock>
				<ComposedBlock ID="cblock_3" HPOS="187" VPOS="715" WIDTH="827" HEIGHT="803">
					<TextBlock ID="block_3" HPOS="187" VPOS="715" WIDTH="827" HEIGHT="803">
						<TextLine ID="line_19" HPOS="258" VPOS="715" WIDTH="755" HEIGHT="29">
							<String ID="string_143" HPOS="258" VPOS="716" WIDTH="34" HEIGHT="20" WC="0.95" CONTENT="Hr"/><SP WIDTH="14" VPOS="716" HPOS="292"/>
							<String ID="string_144" HPOS="306" VPOS="716" WIDTH="26" HEIGHT="21" WC="0.91" CONTENT="A."/><SP WIDTH="16" VPOS="716" HPOS="332"/>
							<String ID="string_145" HPOS="348" VPOS="715" WIDTH="24" HEIGHT="21" WC="0.95" CONTENT="L."/><SP WIDTH="16" VPOS="715" HPOS="372"/>
							<String ID="string_146" HPOS="388" VPOS="723" WIDTH="56" HEIGHT="13" WC="0.96" CONTENT="von"/><SP WIDTH="16" VPOS="723" HPOS="444"/>
							<String ID="string_147" HPOS="460" VPOS="716" WIDTH="159" HEIGHT="28" WC="0.96" CONTENT="Knorring:"/><SP WIDTH="24" VPOS="716" HPOS="619"/>
							<String ID="string_148" HPOS="643" VPOS="716" WIDTH="47" HEIGHT="20" WC="0.93" CONTENT="Här"/><SP WIDTH="14" VPOS="716" HPOS="690"/>
							<String ID="string_149" HPOS="704" VPOS="716" WIDTH="39" HEIGHT="21" WC="0.96" CONTENT="har"/><SP WIDTH="14" VPOS="716" HPOS="743"/>
							<String ID="string_150" HPOS="757" VPOS="716" WIDTH="32" HEIGHT="21" WC="0.95" CONTENT="till"/><SP WIDTH="10" VPOS="716" HPOS="789"/>
							<String ID="string_151" HPOS="799" VPOS="716" WIDTH="49" HEIGHT="21" WC="0.96" CONTENT="stöd"/><SP WIDTH="10" VPOS="716" HPOS="848"/>
							<String ID="string_152" HPOS="858" VPOS="716" WIDTH="35" HEIGHT="21" WC="0.96" CONTENT="för"/><SP WIDTH="8" VPOS="716" HPOS="893"/>
							<String ID="string_153" HPOS="901" VPOS="715" WIDTH="26" HEIGHT="22" WC="0.93" CONTENT="de"/><SP WIDTH="8" VPOS="715" HPOS="927"/>
							<String ID="string_154" HPOS="935" VPOS="716" WIDTH="78" HEIGHT="28" WC="0.91" CONTENT="yrkan-"/>
						</TextLine>
						<TextLine ID="line_20" HPOS="190" VPOS="744" WIDTH="823" HEIGHT="28">
							<String ID="string_155" HPOS="190" VPOS="744" WIDTH="47" HEIGHT="27" WC="0.93" CONTENT="den,"/><SP WIDTH="15" VPOS="744" HPOS="237"/>
							<String ID="string_156" HPOS="252" VPOS="744" WIDTH="73" HEIGHT="21" WC="0.92" CONTENT="hvilka"/><SP WIDTH="17" VPOS="744" HPOS="325"/>
							<String ID="string_157" HPOS="342" VPOS="744" WIDTH="71" HEIGHT="21" WC="0.93" CONTENT="blifvit"/><SP WIDTH="17" VPOS="744" HPOS="413"/>
							<String ID="string_158" HPOS="430" VPOS="744" WIDTH="125" HEIGHT="22" WC="0.92" CONTENT="framstälda"/><SP WIDTH="11" VPOS="744" HPOS="555"/>
							<String ID="string_159" HPOS="566" VPOS="744" WIDTH="33" HEIGHT="22" WC="0.93" CONTENT="för"/><SP WIDTH="8" VPOS="744" HPOS="599"/>
							<String ID="string_160" HPOS="607" VPOS="745" WIDTH="206" HEIGHT="27" WC="0.92" CONTENT="motionsförslagets"/><SP WIDTH="12" VPOS="745" HPOS="813"/>
							<String ID="string_161" HPOS="825" VPOS="744" WIDTH="188" HEIGHT="26" WC="0.92" CONTENT="underkännande,"/>
						</TextLine>
						<TextLine ID="line_21" HPOS="190" VPOS="772" WIDTH="822" HEIGHT="29">
							<String ID="string_162" HPOS="190" VPOS="772" WIDTH="112" HEIGHT="29" WC="0.71" CONTENT="&amp;beropats"/><SP WIDTH="22" VPOS="772" HPOS="302"/>
							<String ID="string_163" HPOS="324" VPOS="773" WIDTH="75" HEIGHT="21" WC="0.96" CONTENT="skälen"/><SP WIDTH="22" VPOS="773" HPOS="399"/>
							<String ID="string_164" HPOS="421" VPOS="773" WIDTH="46" HEIGHT="21" WC="0.95" CONTENT="från"/><SP WIDTH="23" VPOS="773" HPOS="467"/>
							<String ID="string_165" HPOS="490" VPOS="773" WIDTH="40" HEIGHT="21" WC="0.96" CONTENT="den"/><SP WIDTH="23" VPOS="773" HPOS="530"/>
							<String ID="string_166" HPOS="553" VPOS="773" WIDTH="66" HEIGHT="21" WC="0.93" CONTENT="andra"/><SP WIDTH="14" VPOS="773" HPOS="619"/>
							<String ID="string_167" HPOS="633" VPOS="774" WIDTH="164" HEIGHT="20" WC="0.96" CONTENT="reservationen."/><SP WIDTH="30" VPOS="774" HPOS="797"/>
							<String ID="string_168" HPOS="827" VPOS="773" WIDTH="53" HEIGHT="21" WC="0.96" CONTENT="Man"/><SP WIDTH="15" VPOS="773" HPOS="880"/>
							<String ID="string_169" HPOS="895" VPOS="773" WIDTH="38" HEIGHT="21" WC="0.95" CONTENT="har"/><SP WIDTH="15" VPOS="773" HPOS="933"/>
							<String ID="string_170" HPOS="948" VPOS="773" WIDTH="64" HEIGHT="21" WC="0.96" CONTENT="bland"/>
						</TextLine>
						<TextLine ID="line_22" HPOS="189" VPOS="801" WIDTH="824" HEIGHT="29">
							<String ID="string_171" HPOS="189" VPOS="804" WIDTH="66" HEIGHT="18" WC="0.93" CONTENT="annat"/><SP WIDTH="18" VPOS="804" HPOS="255"/>
							<String ID="string_172" HPOS="273" VPOS="801" WIDTH="71" HEIGHT="21" WC="0.95" CONTENT="anfört"/><SP WIDTH="17" VPOS="801" HPOS="344"/>
							<String ID="string_173" HPOS="361" VPOS="804" WIDTH="31" HEIGHT="18" WC="0.95" CONTENT="att"/><SP WIDTH="17" VPOS="804" HPOS="392"/>
							<String ID="string_174" HPOS="409" VPOS="802" WIDTH="57" HEIGHT="20" WC="0.93" CONTENT="inom"/><SP WIDTH="16" VPOS="802" HPOS="466"/>
							<String ID="string_175" HPOS="482" VPOS="801" WIDTH="112" HEIGHT="23" WC="0.95" CONTENT="Utskottet"/><SP WIDTH="15" VPOS="801" HPOS="594"/>
							<String ID="string_176" HPOS="609" VPOS="802" WIDTH="149" HEIGHT="26" WC="0.93" CONTENT="konstaterats,"/><SP WIDTH="15" VPOS="802" HPOS="758"/>
							<String ID="string_177" HPOS="773" VPOS="802" WIDTH="100" HEIGHT="21" WC="0.91" CONTENT="hurusom"/><SP WIDTH="16" VPOS="802" HPOS="873"/>
							<String ID="string_178" HPOS="889" VPOS="802" WIDTH="65" HEIGHT="28" WC="0.92" CONTENT="några"/><SP WIDTH="16" VPOS="802" HPOS="954"/>
							<String ID="string_179" HPOS="970" VPOS="802" WIDTH="43" HEIGHT="21" WC="0.93" CONTENT="olä-"/>
						</TextLine>
						<TextLine ID="line_23" HPOS="189" VPOS="830" WIDTH="824" HEIGHT="29">
							<String ID="string_180" HPOS="189" VPOS="830" WIDTH="102" HEIGHT="29" WC="0.91" CONTENT="genheter"/><SP WIDTH="22" VPOS="830" HPOS="291"/>
							<String ID="string_181" HPOS="313" VPOS="831" WIDTH="30" HEIGHT="20" WC="0.90" CONTENT="uti"/><SP WIDTH="22" VPOS="831" HPOS="343"/>
							<String ID="string_182" HPOS="365" VPOS="830" WIDTH="162" HEIGHT="28" WC="0.91" CONTENT="ifrägavarande"/><SP WIDTH="22" VPOS="830" HPOS="527"/>
							<String ID="string_183" HPOS="549" VPOS="830" WIDTH="102" HEIGHT="22" WC="0.92" CONTENT="afseende"/><SP WIDTH="20" VPOS="830" HPOS="651"/>
							<String ID="string_184" HPOS="671" VPOS="830" WIDTH="48" HEIGHT="22" WC="0.92" CONTENT="icke"/><SP WIDTH="20" VPOS="830" HPOS="719"/>
							<String ID="string_185" HPOS="739" VPOS="831" WIDTH="105" HEIGHT="28" WC="0.92" CONTENT="försports"/><SP WIDTH="22" VPOS="831" HPOS="844"/>
							<String ID="string_186" HPOS="866" VPOS="832" WIDTH="57" HEIGHT="20" WC="0.93" CONTENT="inom"/><SP WIDTH="19" VPOS="832" HPOS="923"/>
							<String ID="string_187" HPOS="942" VPOS="830" WIDTH="71" HEIGHT="29" WC="0.92" CONTENT="nägon"/>
						</TextLine>
						<TextLine ID="line_24" HPOS="189" VPOS="859" WIDTH="825" HEIGHT="28">
							<String ID="string_188" HPOS="189" VPOS="867" WIDTH="70" HEIGHT="13" WC="0.96" CONTENT="annan"/><SP WIDTH="22" VPOS="867" HPOS="259"/>
							<String ID="string_189" HPOS="281" VPOS="859" WIDTH="23" HEIGHT="21" WC="0.92" CONTENT="af"/><SP WIDTH="18" VPOS="859" HPOS="304"/>
							<String ID="string_190" HPOS="322" VPOS="859" WIDTH="84" HEIGHT="21" WC="0.92" CONTENT="landets"/><SP WIDTH="21" VPOS="859" HPOS="406"/>
							<String ID="string_191" HPOS="427" VPOS="859" WIDTH="109" HEIGHT="28" WC="0.92" CONTENT="köpingar."/><SP WIDTH="30" VPOS="859" HPOS="536"/>
							<String ID="string_192" HPOS="566" VPOS="859" WIDTH="66" HEIGHT="22" WC="0.93" CONTENT="Detta"/><SP WIDTH="22" VPOS="859" HPOS="632"/>
							<String ID="string_193" HPOS="654" VPOS="859" WIDTH="165" HEIGHT="22" WC="0.91" CONTENT="konstaterande"/><SP WIDTH="19" VPOS="859" HPOS="819"/>
							<String ID="string_194" HPOS="838" VPOS="860" WIDTH="39" HEIGHT="21" WC="0.93" CONTENT="har"/><SP WIDTH="17" VPOS="860" HPOS="877"/>
							<String ID="string_195" HPOS="894" VPOS="860" WIDTH="48" HEIGHT="21" WC="0.91" CONTENT="icke"/><SP WIDTH="14" VPOS="860" HPOS="942"/>
							<String ID="string_196" HPOS="956" VPOS="859" WIDTH="58" HEIGHT="22" WC="0.96" CONTENT="skett"/>
						</TextLine>
						<TextLine ID="line_25" HPOS="189" VPOS="887" WIDTH="824" HEIGHT="29">
							<String ID="string_197" HPOS="189" VPOS="889" WIDTH="58" HEIGHT="20" WC="0.93" CONTENT="inom"/><SP WIDTH="11" VPOS="889" HPOS="247"/>
							<String ID="string_198" HPOS="258" VPOS="887" WIDTH="110" HEIGHT="22" WC="0.91" CONTENT="Utskottet"/><SP WIDTH="8" VPOS="887" HPOS="368"/>
							<String ID="string_199" HPOS="376" VPOS="888" WIDTH="39" HEIGHT="21" WC="0.96" CONTENT="och"/><SP WIDTH="8" VPOS="888" HPOS="415"/>
							<String ID="string_200" HPOS="423" VPOS="888" WIDTH="38" HEIGHT="21" WC="0.93" CONTENT="har"/><SP WIDTH="8" VPOS="888" HPOS="461"/>
							<String ID="string_201" HPOS="469" VPOS="889" WIDTH="47" HEIGHT="20" WC="0.89" CONTENT="icke"/><SP WIDTH="8" VPOS="889" HPOS="516"/>
							<String ID="string_202" HPOS="524" VPOS="888" WIDTH="66" HEIGHT="21" WC="0.91" CONTENT="heller"/><SP WIDTH="7" VPOS="888" HPOS="590"/>
							<String ID="string_203" HPOS="597" VPOS="888" WIDTH="110" HEIGHT="21" WC="0.91" CONTENT="framförts"/><SP WIDTH="11" VPOS="888" HPOS="707"/>
							<String ID="string_204" HPOS="718" VPOS="896" WIDTH="76" HEIGHT="20" WC="0.93" CONTENT="genom"/><SP WIDTH="9" VPOS="896" HPOS="794"/>
							<String ID="string_205" HPOS="803" VPOS="888" WIDTH="123" HEIGHT="22" WC="0.92" CONTENT="Utskottets"/><SP WIDTH="13" VPOS="888" HPOS="926"/>
							<String ID="string_206" HPOS="939" VPOS="888" WIDTH="74" HEIGHT="21" WC="0.88" CONTENT="betän-"/>
						</TextLine>
						<TextLine ID="line_26" HPOS="189" VPOS="916" WIDTH="824" HEIGHT="29">
							<String ID="string_207" HPOS="189" VPOS="916" WIDTH="76" HEIGHT="27" WC="0.95" CONTENT="kande,"/><SP WIDTH="25" VPOS="916" HPOS="265"/>
							<String ID="string_208" HPOS="290" VPOS="919" WIDTH="50" HEIGHT="18" WC="0.96" CONTENT="utan"/><SP WIDTH="24" VPOS="919" HPOS="340"/>
							<String ID="string_209" HPOS="364" VPOS="918" WIDTH="22" HEIGHT="19" WC="0.96" CONTENT="är"/><SP WIDTH="23" VPOS="918" HPOS="386"/>
							<String ID="string_210" HPOS="409" VPOS="924" WIDTH="26" HEIGHT="13" WC="0.93" CONTENT="en"/><SP WIDTH="19" VPOS="924" HPOS="435"/>
							<String ID="string_211" HPOS="454" VPOS="917" WIDTH="62" HEIGHT="27" WC="0.89" CONTENT="äsigt,"/><SP WIDTH="20" VPOS="917" HPOS="516"/>
							<String ID="string_212" HPOS="536" VPOS="924" WIDTH="45" HEIGHT="13" WC="0.93" CONTENT="som"/><SP WIDTH="19" VPOS="924" HPOS="581"/>
							<String ID="string_213" HPOS="600" VPOS="919" WIDTH="157" HEIGHT="26" WC="0.92" CONTENT="representeras"/><SP WIDTH="16" VPOS="919" HPOS="757"/>
							<String ID="string_214" HPOS="773" VPOS="917" WIDTH="22" HEIGHT="21" WC="0.96" CONTENT="af"/><SP WIDTH="15" VPOS="917" HPOS="795"/>
							<String ID="string_215" HPOS="810" VPOS="917" WIDTH="41" HEIGHT="20" WC="0.93" CONTENT="den"/><SP WIDTH="16" VPOS="917" HPOS="851"/>
							<String ID="string_216" HPOS="867" VPOS="917" WIDTH="63" HEIGHT="21" WC="0.90" CONTENT="ärade"/><SP WIDTH="14" VPOS="917" HPOS="930"/>
							<String ID="string_217" HPOS="944" VPOS="924" WIDTH="69" HEIGHT="14" WC="0.92" CONTENT="reser-"/>
						</TextLine>
						<TextLine ID="line_27" HPOS="188" VPOS="944" WIDTH="825" HEIGHT="29">
							<String ID="string_218" HPOS="188" VPOS="948" WIDTH="87" HEIGHT="22" WC="0.92" CONTENT="vanten,"/><SP WIDTH="15" VPOS="948" HPOS="275"/>
							<String ID="string_219" HPOS="290" VPOS="944" WIDTH="33" HEIGHT="21" WC="0.96" CONTENT="Hr"/><SP WIDTH="14" VPOS="944" HPOS="323"/>
							<String ID="string_220" HPOS="337" VPOS="945" WIDTH="106" HEIGHT="20" WC="0.93" CONTENT="Renlund."/><SP WIDTH="23" VPOS="945" HPOS="443"/>
							<String ID="string_221" HPOS="466" VPOS="945" WIDTH="112" HEIGHT="21" WC="0.92" CONTENT="Utskottet"/><SP WIDTH="14" VPOS="945" HPOS="578"/>
							<String ID="string_222" HPOS="592" VPOS="945" WIDTH="39" HEIGHT="21" WC="0.93" CONTENT="har"/><SP WIDTH="14" VPOS="945" HPOS="631"/>
							<String ID="string_223" HPOS="645" VPOS="945" WIDTH="89" HEIGHT="21" WC="0.92" CONTENT="fastmer"/><SP WIDTH="15" VPOS="945" HPOS="734"/>
							<String ID="string_224" HPOS="749" VPOS="948" WIDTH="53" HEIGHT="25" WC="0.92" CONTENT="sagt,"/><SP WIDTH="17" VPOS="948" HPOS="802"/>
							<String ID="string_225" HPOS="819" VPOS="948" WIDTH="31" HEIGHT="17" WC="0.93" CONTENT="att"/><SP WIDTH="15" VPOS="948" HPOS="850"/>
							<String ID="string_226" HPOS="865" VPOS="945" WIDTH="72" HEIGHT="28" WC="0.92" CONTENT="dylika"/><SP WIDTH="15" VPOS="945" HPOS="937"/>
							<String ID="string_227" HPOS="952" VPOS="946" WIDTH="61" HEIGHT="20" WC="0.93" CONTENT="miss-"/>
						</TextLine>
						<TextLine ID="line_28" HPOS="189" VPOS="973" WIDTH="823" HEIGHT="29">
							<String ID="string_228" HPOS="189" VPOS="973" WIDTH="148" HEIGHT="21" WC="0.93" CONTENT="förhällanden"/><SP WIDTH="15" VPOS="973" HPOS="337"/>
							<String ID="string_229" HPOS="352" VPOS="973" WIDTH="144" HEIGHT="28" WC="0.93" CONTENT="tilläfventyrs"/><SP WIDTH="15" VPOS="973" HPOS="496"/>
							<String ID="string_230" HPOS="511" VPOS="973" WIDTH="64" HEIGHT="22" WC="0.92" CONTENT="äfven"/><SP WIDTH="16" VPOS="973" HPOS="575"/>
							<String ID="string_231" HPOS="591" VPOS="974" WIDTH="71" HEIGHT="21" WC="0.93" CONTENT="kunna"/><SP WIDTH="15" VPOS="974" HPOS="662"/>
							<String ID="string_232" HPOS="677" VPOS="973" WIDTH="63" HEIGHT="22" WC="0.92" CONTENT="bestä"/><SP WIDTH="13" VPOS="973" HPOS="740"/>
							<String ID="string_233" HPOS="753" VPOS="975" WIDTH="7" HEIGHT="20" WC="0.96" CONTENT="i"/><SP WIDTH="16" VPOS="975" HPOS="760"/>
							<String ID="string_234" HPOS="776" VPOS="973" WIDTH="65" HEIGHT="22" WC="0.93" CONTENT="andra"/><SP WIDTH="15" VPOS="973" HPOS="841"/>
							<String ID="string_235" HPOS="856" VPOS="974" WIDTH="105" HEIGHT="28" WC="0.91" CONTENT="köpingar"/><SP WIDTH="10" VPOS="974" HPOS="961"/>
							<String ID="string_236" HPOS="971" VPOS="974" WIDTH="41" HEIGHT="21" WC="0.96" CONTENT="och"/>
						</TextLine>
						<TextLine ID="line_29" HPOS="190" VPOS="1001" WIDTH="822" HEIGHT="28">
							<String ID="string_237" HPOS="190" VPOS="1001" WIDTH="85" HEIGHT="21" WC="0.92" CONTENT="dermed"/><SP WIDTH="17" VPOS="1001" HPOS="275"/>
							<String ID="string_238" HPOS="292" VPOS="1001" WIDTH="56" HEIGHT="21" WC="0.93" CONTENT="velat"/><SP WIDTH="15" VPOS="1001" HPOS="348"/>
							<String ID="string_239" HPOS="363" VPOS="1001" WIDTH="72" HEIGHT="26" WC="0.92" CONTENT="uttala,"/><SP WIDTH="15" VPOS="1001" HPOS="435"/>
							<String ID="string_240" HPOS="450" VPOS="1005" WIDTH="32" HEIGHT="17" WC="0.93" CONTENT="att"/><SP WIDTH="11" VPOS="1005" HPOS="482"/>
							<String ID="string_241" HPOS="493" VPOS="1001" WIDTH="111" HEIGHT="22" WC="0.93" CONTENT="Utskottet"/><SP WIDTH="12" VPOS="1001" HPOS="604"/>
							<String ID="string_242" HPOS="616" VPOS="1002" WIDTH="125" HEIGHT="27" WC="0.91" CONTENT="visserligen"/><SP WIDTH="10" VPOS="1002" HPOS="741"/>
							<String ID="string_243" HPOS="751" VPOS="1002" WIDTH="39" HEIGHT="20" WC="0.93" CONTENT="har"/><SP WIDTH="12" VPOS="1002" HPOS="790"/>
							<String ID="string_244" HPOS="802" VPOS="1002" WIDTH="76" HEIGHT="21" WC="0.93" CONTENT="saknat"/><SP WIDTH="13" VPOS="1002" HPOS="878"/>
							<String ID="string_245" HPOS="891" VPOS="1002" WIDTH="121" HEIGHT="21" WC="0.92" CONTENT="erfarenhet"/>
						</TextLine>
						<TextLine ID="line_30" HPOS="188" VPOS="1029" WIDTH="825" HEIGHT="30">
							<String ID="string_246" HPOS="188" VPOS="1029" WIDTH="160" HEIGHT="29" WC="0.96" CONTENT="representerad"/><SP WIDTH="23" VPOS="1029" HPOS="348"/>
							<String ID="string_247" HPOS="371" VPOS="1030" WIDTH="47" HEIGHT="20" WC="0.96" CONTENT="från"/><SP WIDTH="23" VPOS="1030" HPOS="418"/>
							<String ID="string_248" HPOS="441" VPOS="1030" WIDTH="67" HEIGHT="21" WC="0.93" CONTENT="andra"/><SP WIDTH="15" VPOS="1030" HPOS="508"/>
							<String ID="string_249" HPOS="523" VPOS="1030" WIDTH="108" HEIGHT="29" WC="0.96" CONTENT="köpingar,"/><SP WIDTH="16" VPOS="1030" HPOS="631"/>
							<String ID="string_250" HPOS="647" VPOS="1038" WIDTH="46" HEIGHT="13" WC="0.96" CONTENT="men"/><SP WIDTH="16" VPOS="1038" HPOS="693"/>
							<String ID="string_251" HPOS="709" VPOS="1030" WIDTH="38" HEIGHT="21" WC="0.92" CONTENT="har"/><SP WIDTH="15" VPOS="1030" HPOS="747"/>
							<String ID="string_252" HPOS="762" VPOS="1030" WIDTH="123" HEIGHT="28" WC="0.92" CONTENT="derigenom"/><SP WIDTH="15" VPOS="1030" HPOS="885"/>
							<String ID="string_253" HPOS="900" VPOS="1030" WIDTH="48" HEIGHT="22" WC="0.96" CONTENT="icke"/><SP WIDTH="16" VPOS="1030" HPOS="948"/>
							<String ID="string_254" HPOS="964" VPOS="1034" WIDTH="49" HEIGHT="24" WC="0.96" CONTENT="sagt"/>
						</TextLine>
						<TextLine ID="line_31" HPOS="189" VPOS="1058" WIDTH="822" HEIGHT="28">
							<String ID="string_255" HPOS="189" VPOS="1061" WIDTH="31" HEIGHT="18" WC="0.95" CONTENT="att"/><SP WIDTH="22" VPOS="1061" HPOS="220"/>
							<String ID="string_256" HPOS="242" VPOS="1058" WIDTH="112" HEIGHT="22" WC="0.95" CONTENT="Utskottet"/><SP WIDTH="21" VPOS="1058" HPOS="354"/>
							<String ID="string_257" HPOS="375" VPOS="1058" WIDTH="68" HEIGHT="21" WC="0.95" CONTENT="skulle"/><SP WIDTH="20" VPOS="1058" HPOS="443"/>
							<String ID="string_258" HPOS="463" VPOS="1058" WIDTH="131" HEIGHT="22" WC="0.96" CONTENT="konstaterat"/><SP WIDTH="15" VPOS="1058" HPOS="594"/>
							<String ID="string_259" HPOS="609" VPOS="1062" WIDTH="31" HEIGHT="18" WC="0.96" CONTENT="att"/><SP WIDTH="15" VPOS="1062" HPOS="640"/>
							<String ID="string_260" HPOS="655" VPOS="1059" WIDTH="72" HEIGHT="27" WC="0.96" CONTENT="dylika"/><SP WIDTH="15" VPOS="1059" HPOS="727"/>
							<String ID="string_261" HPOS="742" VPOS="1059" WIDTH="136" HEIGHT="27" WC="0.95" CONTENT="olägenheter"/><SP WIDTH="15" VPOS="1059" HPOS="878"/>
							<String ID="string_262" HPOS="893" VPOS="1059" WIDTH="41" HEIGHT="21" WC="0.93" CONTENT="och"/><SP WIDTH="16" VPOS="1059" HPOS="934"/>
							<String ID="string_263" HPOS="950" VPOS="1060" WIDTH="61" HEIGHT="20" WC="0.91" CONTENT="miss-"/>
						</TextLine>
						<TextLine ID="line_32" HPOS="188" VPOS="1086" WIDTH="825" HEIGHT="29">
							<String ID="string_264" HPOS="188" VPOS="1086" WIDTH="148" HEIGHT="22" WC="0.96" CONTENT="förhållanden"/><SP WIDTH="24" VPOS="1086" HPOS="336"/>
							<String ID="string_265" HPOS="360" VPOS="1086" WIDTH="47" HEIGHT="22" WC="0.96" CONTENT="icke"/><SP WIDTH="22" VPOS="1086" HPOS="407"/>
							<String ID="string_266" HPOS="429" VPOS="1086" WIDTH="68" HEIGHT="22" WC="0.95" CONTENT="skulle"/><SP WIDTH="21" VPOS="1086" HPOS="497"/>
							<String ID="string_267" HPOS="518" VPOS="1090" WIDTH="36" HEIGHT="25" WC="0.96" CONTENT="egt"/><SP WIDTH="20" VPOS="1090" HPOS="554"/>
							<String ID="string_268" HPOS="574" VPOS="1094" WIDTH="51" HEIGHT="14" WC="0.96" CONTENT="rum."/><SP WIDTH="32" VPOS="1094" HPOS="625"/>
							<String ID="string_269" HPOS="657" VPOS="1087" WIDTH="81" HEIGHT="22" WC="0.94" CONTENT="Vidare"/><SP WIDTH="15" VPOS="1087" HPOS="738"/>
							<String ID="string_270" HPOS="753" VPOS="1087" WIDTH="39" HEIGHT="21" WC="0.96" CONTENT="har"/><SP WIDTH="15" VPOS="1087" HPOS="792"/>
							<String ID="string_271" HPOS="807" VPOS="1088" WIDTH="42" HEIGHT="20" WC="0.96" CONTENT="den"/><SP WIDTH="15" VPOS="1088" HPOS="849"/>
							<String ID="string_272" HPOS="864" VPOS="1087" WIDTH="64" HEIGHT="21" WC="0.93" CONTENT="ärade"/><SP WIDTH="15" VPOS="1087" HPOS="928"/>
							<String ID="string_273" HPOS="943" VPOS="1094" WIDTH="70" HEIGHT="15" WC="0.91" CONTENT="reser-"/>
						</TextLine>
						<TextLine ID="line_33" HPOS="189" VPOS="1114" WIDTH="821" HEIGHT="30">
							<String ID="string_274" HPOS="189" VPOS="1117" WIDTH="79" HEIGHT="19" WC="0.92" CONTENT="vanten"/><SP WIDTH="21" VPOS="1117" HPOS="268"/>
							<String ID="string_275" HPOS="289" VPOS="1114" WIDTH="121" HEIGHT="27" WC="0.95" CONTENT="framhållit,"/><SP WIDTH="23" VPOS="1114" HPOS="410"/>
							<String ID="string_276" HPOS="433" VPOS="1118" WIDTH="31" HEIGHT="18" WC="0.96" CONTENT="att"/><SP WIDTH="14" VPOS="1118" HPOS="464"/>
							<String ID="string_277" HPOS="478" VPOS="1115" WIDTH="41" HEIGHT="21" WC="0.96" CONTENT="han"/><SP WIDTH="21" VPOS="1115" HPOS="519"/>
							<String ID="string_278" HPOS="540" VPOS="1115" WIDTH="66" HEIGHT="21" WC="0.96" CONTENT="måste"/><SP WIDTH="15" VPOS="1115" HPOS="606"/>
							<String ID="string_279" HPOS="621" VPOS="1115" WIDTH="115" HEIGHT="22" WC="0.96" CONTENT="förutsätta"/><SP WIDTH="15" VPOS="1115" HPOS="736"/>
							<String ID="string_280" HPOS="751" VPOS="1116" WIDTH="39" HEIGHT="21" WC="0.93" CONTENT="hos"/><SP WIDTH="16" VPOS="1116" HPOS="790"/>
							<String ID="string_281" HPOS="806" VPOS="1116" WIDTH="204" HEIGHT="28" WC="0.92" CONTENT="köpingsstyrelsen,"/>
						</TextLine>
						<TextLine ID="line_34" HPOS="190" VPOS="1143" WIDTH="823" HEIGHT="29">
							<String ID="string_282" HPOS="190" VPOS="1143" WIDTH="59" HEIGHT="21" WC="0.96" CONTENT="såväl"/><SP WIDTH="20" VPOS="1143" HPOS="249"/>
							<String ID="string_283" HPOS="269" VPOS="1151" WIDTH="45" HEIGHT="13" WC="0.96" CONTENT="som"/><SP WIDTH="22" VPOS="1151" HPOS="314"/>
							<String ID="string_284" HPOS="336" VPOS="1143" WIDTH="39" HEIGHT="21" WC="0.93" CONTENT="hos"/><SP WIDTH="15" VPOS="1143" HPOS="375"/>
							<String ID="string_285" HPOS="390" VPOS="1144" WIDTH="165" HEIGHT="28" WC="0.92" CONTENT="köpingsborna,"/><SP WIDTH="17" VPOS="1144" HPOS="555"/>
							<String ID="string_286" HPOS="572" VPOS="1144" WIDTH="36" HEIGHT="21" WC="0.96" CONTENT="det"/><SP WIDTH="15" VPOS="1144" HPOS="608"/>
							<String ID="string_287" HPOS="623" VPOS="1144" WIDTH="89" HEIGHT="21" WC="0.96" CONTENT="intresse"/><SP WIDTH="16" VPOS="1144" HPOS="712"/>
							<String ID="string_288" HPOS="728" VPOS="1144" WIDTH="35" HEIGHT="21" WC="0.96" CONTENT="för"/><SP WIDTH="14" VPOS="1144" HPOS="763"/>
							<String ID="string_289" HPOS="777" VPOS="1144" WIDTH="196" HEIGHT="28" WC="0.95" CONTENT="upprätthållandet"/><SP WIDTH="15" VPOS="1144" HPOS="973"/>
							<String ID="string_290" HPOS="988" VPOS="1144" WIDTH="25" HEIGHT="22" WC="0.96" CONTENT="af"/>
						</TextLine>
						<TextLine ID="line_35" HPOS="189" VPOS="1171" WIDTH="822" HEIGHT="30">
							<String ID="string_291" HPOS="189" VPOS="1171" WIDTH="42" HEIGHT="28" WC="0.96" CONTENT="god"/><SP WIDTH="16" VPOS="1171" HPOS="231"/>
							<String ID="string_292" HPOS="247" VPOS="1172" WIDTH="91" HEIGHT="27" WC="0.93" CONTENT="ordning"/><SP WIDTH="15" VPOS="1172" HPOS="338"/>
							<String ID="string_293" HPOS="353" VPOS="1172" WIDTH="12" HEIGHT="20" WC="0.92" CONTENT="å"/><SP WIDTH="15" VPOS="1172" HPOS="365"/>
							<String ID="string_294" HPOS="380" VPOS="1175" WIDTH="67" HEIGHT="23" WC="0.96" CONTENT="orten,"/><SP WIDTH="15" VPOS="1175" HPOS="447"/>
							<String ID="string_295" HPOS="462" VPOS="1180" WIDTH="46" HEIGHT="13" WC="0.96" CONTENT="som"/><SP WIDTH="15" VPOS="1180" HPOS="508"/>
							<String ID="string_296" HPOS="523" VPOS="1173" WIDTH="35" HEIGHT="21" WC="0.93" CONTENT="för"/><SP WIDTH="14" VPOS="1173" HPOS="558"/>
							<String ID="string_297" HPOS="572" VPOS="1172" WIDTH="146" HEIGHT="28" WC="0.92" CONTENT="aflägsnandet"/><SP WIDTH="15" VPOS="1172" HPOS="718"/>
							<String ID="string_298" HPOS="733" VPOS="1173" WIDTH="23" HEIGHT="21" WC="0.96" CONTENT="af"/><SP WIDTH="14" VPOS="1173" HPOS="756"/>
							<String ID="string_299" HPOS="770" VPOS="1173" WIDTH="164" HEIGHT="28" WC="0.92" CONTENT="ifrågavarande"/><SP WIDTH="16" VPOS="1173" HPOS="934"/>
							<String ID="string_300" HPOS="950" VPOS="1174" WIDTH="61" HEIGHT="20" WC="0.90" CONTENT="miss-"/>
						</TextLine>
						<TextLine ID="line_36" HPOS="188" VPOS="1200" WIDTH="825" HEIGHT="30">
							<String ID="string_301" HPOS="188" VPOS="1200" WIDTH="148" HEIGHT="22" WC="0.96" CONTENT="förhållanden"/><SP WIDTH="17" VPOS="1200" HPOS="336"/>
							<String ID="string_302" HPOS="353" VPOS="1208" WIDTH="52" HEIGHT="13" WC="0.96" CONTENT="voro"/><SP WIDTH="15" VPOS="1208" HPOS="405"/>
							<String ID="string_303" HPOS="420" VPOS="1200" WIDTH="143" HEIGHT="28" WC="0.96" CONTENT="nödvändiga."/><SP WIDTH="22" VPOS="1200" HPOS="563"/>
							<String ID="string_304" HPOS="585" VPOS="1200" WIDTH="73" HEIGHT="22" WC="0.95" CONTENT="Skulle"/><SP WIDTH="15" VPOS="1200" HPOS="658"/>
							<String ID="string_305" HPOS="673" VPOS="1210" WIDTH="29" HEIGHT="12" WC="0.96" CONTENT="nu"/><SP WIDTH="16" VPOS="1210" HPOS="702"/>
							<String ID="string_306" HPOS="718" VPOS="1201" WIDTH="24" HEIGHT="21" WC="0.96" CONTENT="så"/><SP WIDTH="14" VPOS="1201" HPOS="742"/>
							<String ID="string_307" HPOS="756" VPOS="1209" WIDTH="51" HEIGHT="13" WC="0.96" CONTENT="vara"/><SP WIDTH="15" VPOS="1209" HPOS="807"/>
							<String ID="string_308" HPOS="822" VPOS="1205" WIDTH="31" HEIGHT="17" WC="0.96" CONTENT="att"/><SP WIDTH="15" VPOS="1205" HPOS="853"/>
							<String ID="string_309" HPOS="868" VPOS="1201" WIDTH="50" HEIGHT="21" WC="0.96" CONTENT="Salo"/><SP WIDTH="12" VPOS="1201" HPOS="918"/>
							<String ID="string_310" HPOS="930" VPOS="1202" WIDTH="83" HEIGHT="28" WC="0.96" CONTENT="köping"/>
						</TextLine>
						<TextLine ID="line_37" HPOS="189" VPOS="1228" WIDTH="822" HEIGHT="26">
							<String ID="string_311" HPOS="189" VPOS="1235" WIDTH="52" HEIGHT="13" WC="0.96" CONTENT="vore"/><SP WIDTH="23" VPOS="1235" HPOS="241"/>
							<String ID="string_312" HPOS="264" VPOS="1236" WIDTH="26" HEIGHT="13" WC="0.93" CONTENT="en"/><SP WIDTH="22" VPOS="1236" HPOS="290"/>
							<String ID="string_313" HPOS="312" VPOS="1228" WIDTH="157" HEIGHT="21" WC="0.91" CONTENT="idealkommun"/><SP WIDTH="20" VPOS="1228" HPOS="469"/>
							<String ID="string_314" HPOS="489" VPOS="1230" WIDTH="7" HEIGHT="19" WC="0.96" CONTENT="i"/><SP WIDTH="23" VPOS="1230" HPOS="496"/>
							<String ID="string_315" HPOS="519" VPOS="1229" WIDTH="41" HEIGHT="21" WC="0.96" CONTENT="den"/><SP WIDTH="21" VPOS="1229" HPOS="560"/>
							<String ID="string_316" HPOS="581" VPOS="1229" WIDTH="138" HEIGHT="25" WC="0.96" CONTENT="bemärkelse,"/><SP WIDTH="22" VPOS="1229" HPOS="719"/>
							<String ID="string_317" HPOS="741" VPOS="1236" WIDTH="46" HEIGHT="14" WC="0.96" CONTENT="som"/><SP WIDTH="20" VPOS="1236" HPOS="787"/>
							<String ID="string_318" HPOS="807" VPOS="1230" WIDTH="41" HEIGHT="20" WC="0.96" CONTENT="den"/><SP WIDTH="17" VPOS="1230" HPOS="848"/>
							<String ID="string_319" HPOS="865" VPOS="1229" WIDTH="63" HEIGHT="21" WC="0.92" CONTENT="ärade"/><SP WIDTH="15" VPOS="1229" HPOS="928"/>
							<String ID="string_320" HPOS="943" VPOS="1237" WIDTH="68" HEIGHT="13" WC="0.91" CONTENT="reser-"/>
						</TextLine>
						<TextLine ID="line_38" HPOS="189" VPOS="1256" WIDTH="822" HEIGHT="30">
							<String ID="string_321" HPOS="189" VPOS="1259" WIDTH="78" HEIGHT="18" WC="0.92" CONTENT="vanten"/><SP WIDTH="24" VPOS="1259" HPOS="267"/>
							<String ID="string_322" HPOS="291" VPOS="1256" WIDTH="36" HEIGHT="21" WC="0.95" CONTENT="vill"/><SP WIDTH="22" VPOS="1256" HPOS="327"/>
							<String ID="string_323" HPOS="349" VPOS="1258" WIDTH="51" HEIGHT="26" WC="0.95" CONTENT="göra"/><SP WIDTH="22" VPOS="1258" HPOS="400"/>
							<String ID="string_324" HPOS="422" VPOS="1256" WIDTH="105" HEIGHT="28" WC="0.95" CONTENT="gällande,"/><SP WIDTH="22" VPOS="1256" HPOS="527"/>
							<String ID="string_325" HPOS="549" VPOS="1257" WIDTH="24" HEIGHT="21" WC="0.96" CONTENT="så"/><SP WIDTH="22" VPOS="1257" HPOS="573"/>
							<String ID="string_326" HPOS="595" VPOS="1257" WIDTH="68" HEIGHT="21" WC="0.96" CONTENT="skulle"/><SP WIDTH="21" VPOS="1257" HPOS="663"/>
							<String ID="string_327" HPOS="684" VPOS="1257" WIDTH="49" HEIGHT="21" WC="0.96" CONTENT="hela"/><SP WIDTH="14" VPOS="1257" HPOS="733"/>
							<String ID="string_328" HPOS="747" VPOS="1257" WIDTH="70" HEIGHT="21" WC="0.96" CONTENT="denna"/><SP WIDTH="15" VPOS="1257" HPOS="817"/>
							<String ID="string_329" HPOS="832" VPOS="1258" WIDTH="62" HEIGHT="28" WC="0.96" CONTENT="fråga"/><SP WIDTH="14" VPOS="1258" HPOS="894"/>
							<String ID="string_330" HPOS="908" VPOS="1258" WIDTH="39" HEIGHT="20" WC="0.96" CONTENT="alls"/><SP WIDTH="15" VPOS="1258" HPOS="947"/>
							<String ID="string_331" HPOS="962" VPOS="1258" WIDTH="49" HEIGHT="21" WC="0.96" CONTENT="icke"/>
						</TextLine>
						<TextLine ID="line_39" HPOS="188" VPOS="1284" WIDTH="823" HEIGHT="31">
							<String ID="string_332" HPOS="188" VPOS="1284" WIDTH="90" HEIGHT="22" WC="0.96" CONTENT="kommit"/><SP WIDTH="14" VPOS="1284" HPOS="278"/>
							<String ID="string_333" HPOS="292" VPOS="1292" WIDTH="50" HEIGHT="21" WC="0.95" CONTENT="upp."/><SP WIDTH="29" VPOS="1292" HPOS="342"/>
							<String ID="string_334" HPOS="371" VPOS="1284" WIDTH="53" HEIGHT="22" WC="0.95" CONTENT="Men"/><SP WIDTH="14" VPOS="1284" HPOS="424"/>
							<String ID="string_335" HPOS="438" VPOS="1286" WIDTH="43" HEIGHT="27" WC="0.95" CONTENT="just"/><SP WIDTH="15" VPOS="1286" HPOS="481"/>
							<String ID="string_336" HPOS="496" VPOS="1284" WIDTH="37" HEIGHT="23" WC="0.96" CONTENT="det"/><SP WIDTH="14" VPOS="1284" HPOS="533"/>
							<String ID="string_337" HPOS="547" VPOS="1285" WIDTH="143" HEIGHT="27" WC="0.96" CONTENT="förhållandet"/><SP WIDTH="15" VPOS="1285" HPOS="690"/>
							<String ID="string_338" HPOS="705" VPOS="1288" WIDTH="32" HEIGHT="19" WC="0.96" CONTENT="att"/><SP WIDTH="15" VPOS="1288" HPOS="737"/>
							<String ID="string_339" HPOS="752" VPOS="1285" WIDTH="49" HEIGHT="22" WC="0.93" CONTENT="Salo"/><SP WIDTH="13" VPOS="1285" HPOS="801"/>
							<String ID="string_340" HPOS="814" VPOS="1286" WIDTH="130" HEIGHT="29" WC="0.92" CONTENT="köpingsbor"/><SP WIDTH="11" VPOS="1286" HPOS="944"/>
							<String ID="string_341" HPOS="955" VPOS="1287" WIDTH="56" HEIGHT="21" WC="0.96" CONTENT="visat"/>
						</TextLine>
						<TextLine ID="line_40" HPOS="189" VPOS="1313" WIDTH="823" HEIGHT="30">
							<String ID="string_342" HPOS="189" VPOS="1314" WIDTH="33" HEIGHT="27" WC="0.96" CONTENT="sig"/><SP WIDTH="15" VPOS="1314" HPOS="222"/>
							<String ID="string_343" HPOS="237" VPOS="1314" WIDTH="6" HEIGHT="21" WC="0.96" CONTENT="i"/><SP WIDTH="16" VPOS="1314" HPOS="243"/>
							<String ID="string_344" HPOS="259" VPOS="1313" WIDTH="41" HEIGHT="29" WC="0.96" CONTENT="hög"/><SP WIDTH="14" VPOS="1313" HPOS="300"/>
							<String ID="string_345" HPOS="314" VPOS="1313" WIDTH="53" HEIGHT="29" WC="0.96" CONTENT="grad"/><SP WIDTH="16" VPOS="1313" HPOS="367"/>
							<String ID="string_346" HPOS="383" VPOS="1314" WIDTH="142" HEIGHT="21" WC="0.96" CONTENT="intresserade"/><SP WIDTH="15" VPOS="1314" HPOS="525"/>
							<String ID="string_347" HPOS="540" VPOS="1315" WIDTH="24" HEIGHT="20" WC="0.96" CONTENT="af"/><SP WIDTH="15" VPOS="1315" HPOS="564"/>
							<String ID="string_348" HPOS="579" VPOS="1314" WIDTH="36" HEIGHT="22" WC="0.96" CONTENT="det"/><SP WIDTH="16" VPOS="1314" HPOS="615"/>
							<String ID="string_349" HPOS="631" VPOS="1314" WIDTH="73" HEIGHT="29" WC="0.96" CONTENT="bidrag"/><SP WIDTH="16" VPOS="1314" HPOS="704"/>
							<String ID="string_350" HPOS="720" VPOS="1323" WIDTH="33" HEIGHT="14" WC="0.96" CONTENT="om"/><SP WIDTH="16" VPOS="1323" HPOS="753"/>
							<String ID="string_351" HPOS="769" VPOS="1317" WIDTH="61" HEIGHT="24" WC="0.96" CONTENT="6,000"/><SP WIDTH="16" VPOS="1317" HPOS="830"/>
							<String ID="string_352" HPOS="846" VPOS="1315" WIDTH="65" HEIGHT="26" WC="0.96" CONTENT="mark,"/><SP WIDTH="12" VPOS="1315" HPOS="911"/>
							<String ID="string_353" HPOS="923" VPOS="1323" WIDTH="45" HEIGHT="14" WC="0.96" CONTENT="som"/><SP WIDTH="8" VPOS="1323" HPOS="968"/>
							<String ID="string_354" HPOS="976" VPOS="1316" WIDTH="36" HEIGHT="21" WC="0.96" CONTENT="för"/>
						</TextLine>
						<TextLine ID="line_41" HPOS="188" VPOS="1342" WIDTH="822" HEIGHT="31">
							<String ID="string_355" HPOS="188" VPOS="1342" WIDTH="305" HEIGHT="29" WC="0.91" CONTENT="ölutskänkningsrättigheten"/><SP WIDTH="19" VPOS="1342" HPOS="493"/>
							<String ID="string_356" HPOS="512" VPOS="1342" WIDTH="79" HEIGHT="29" WC="0.93" CONTENT="årligen"/><SP WIDTH="15" VPOS="1342" HPOS="591"/>
							<String ID="string_357" HPOS="606" VPOS="1343" WIDTH="138" HEIGHT="22" WC="0.92" CONTENT="inlevererats"/><SP WIDTH="15" VPOS="1343" HPOS="744"/>
							<String ID="string_358" HPOS="759" VPOS="1344" WIDTH="32" HEIGHT="21" WC="0.96" CONTENT="till"/><SP WIDTH="16" VPOS="1344" HPOS="791"/>
							<String ID="string_359" HPOS="807" VPOS="1344" WIDTH="118" HEIGHT="29" WC="0.96" CONTENT="köpingens"/><SP WIDTH="15" VPOS="1344" HPOS="925"/>
							<String ID="string_360" HPOS="940" VPOS="1344" WIDTH="70" HEIGHT="28" WC="0.96" CONTENT="kassa,"/>
						</TextLine>
						<TextLine ID="line_42" HPOS="188" VPOS="1371" WIDTH="823" HEIGHT="30">
							<String ID="string_361" HPOS="188" VPOS="1372" WIDTH="58" HEIGHT="20" WC="0.95" CONTENT="visar"/><SP WIDTH="21" VPOS="1372" HPOS="246"/>
							<String ID="string_362" HPOS="267" VPOS="1375" WIDTH="31" HEIGHT="18" WC="0.96" CONTENT="att"/><SP WIDTH="22" VPOS="1375" HPOS="298"/>
							<String ID="string_363" HPOS="320" VPOS="1371" WIDTH="66" HEIGHT="22" WC="0.96" CONTENT="sådan"/><SP WIDTH="23" VPOS="1371" HPOS="386"/>
							<String ID="string_364" HPOS="409" VPOS="1372" WIDTH="91" HEIGHT="28" WC="0.96" CONTENT="mognad"/><SP WIDTH="22" VPOS="1372" HPOS="500"/>
							<String ID="string_365" HPOS="522" VPOS="1373" WIDTH="7" HEIGHT="20" WC="0.96" CONTENT="i"/><SP WIDTH="19" VPOS="1373" HPOS="529"/>
							<String ID="string_366" HPOS="548" VPOS="1372" WIDTH="61" HEIGHT="28" WC="0.96" CONTENT="fråga"/><SP WIDTH="17" VPOS="1372" HPOS="609"/>
							<String ID="string_367" HPOS="626" VPOS="1379" WIDTH="33" HEIGHT="14" WC="0.96" CONTENT="om"/><SP WIDTH="16" VPOS="1379" HPOS="659"/>
							<String ID="string_368" HPOS="675" VPOS="1372" WIDTH="158" HEIGHT="29" WC="0.96" CONTENT="förvaltningen"/><SP WIDTH="17" VPOS="1372" HPOS="833"/>
							<String ID="string_369" HPOS="850" VPOS="1374" WIDTH="23" HEIGHT="20" WC="0.96" CONTENT="af"/><SP WIDTH="14" VPOS="1374" HPOS="873"/>
							<String ID="string_370" HPOS="887" VPOS="1373" WIDTH="124" HEIGHT="22" WC="0.96" CONTENT="samhällets"/>
						</TextLine>
						<TextLine ID="line_43" HPOS="189" VPOS="1400" WIDTH="821" HEIGHT="30">
							<String ID="string_371" HPOS="189" VPOS="1400" WIDTH="177" HEIGHT="29" WC="0.96" CONTENT="angelägenheter"/><SP WIDTH="14" VPOS="1400" HPOS="366"/>
							<String ID="string_372" HPOS="380" VPOS="1400" WIDTH="47" HEIGHT="22" WC="0.96" CONTENT="icke"/><SP WIDTH="16" VPOS="1400" HPOS="427"/>
							<String ID="string_373" HPOS="443" VPOS="1401" WIDTH="65" HEIGHT="21" WC="0.96" CONTENT="finnes"/><SP WIDTH="16" VPOS="1401" HPOS="508"/>
							<String ID="string_374" HPOS="524" VPOS="1401" WIDTH="160" HEIGHT="29" WC="0.96" CONTENT="representerad"/><SP WIDTH="13" VPOS="1401" HPOS="684"/>
							<String ID="string_375" HPOS="697" VPOS="1402" WIDTH="58" HEIGHT="21" WC="0.96" CONTENT="inom"/><SP WIDTH="12" VPOS="1402" HPOS="755"/>
							<String ID="string_376" HPOS="767" VPOS="1402" WIDTH="127" HEIGHT="27" WC="0.95" CONTENT="densamma,"/><SP WIDTH="8" VPOS="1402" HPOS="894"/>
							<String ID="string_377" HPOS="902" VPOS="1405" WIDTH="32" HEIGHT="19" WC="0.96" CONTENT="att"/><SP WIDTH="6" VPOS="1405" HPOS="934"/>
							<String ID="string_378" HPOS="940" VPOS="1402" WIDTH="70" HEIGHT="22" WC="0.96" CONTENT="denna"/>
						</TextLine>
						<TextLine ID="line_44" HPOS="188" VPOS="1429" WIDTH="822" HEIGHT="30">
							<String ID="string_379" HPOS="188" VPOS="1429" WIDTH="160" HEIGHT="28" WC="0.92" CONTENT="lagförändring"/><SP WIDTH="19" VPOS="1429" HPOS="348"/>
							<String ID="string_380" HPOS="367" VPOS="1429" WIDTH="72" HEIGHT="22" WC="0.95" CONTENT="kunde"/><SP WIDTH="21" VPOS="1429" HPOS="439"/>
							<String ID="string_381" HPOS="460" VPOS="1437" WIDTH="62" HEIGHT="14" WC="0.96" CONTENT="anses"/><SP WIDTH="16" VPOS="1437" HPOS="522"/>
							<String ID="string_382" HPOS="538" VPOS="1438" WIDTH="50" HEIGHT="14" WC="0.93" CONTENT="vara"/><SP WIDTH="15" VPOS="1438" HPOS="588"/>
							<String ID="string_383" HPOS="603" VPOS="1430" WIDTH="111" HEIGHT="28" WC="0.91" CONTENT="obehöflig."/><SP WIDTH="29" VPOS="1430" HPOS="714"/>
							<String ID="string_384" HPOS="743" VPOS="1431" WIDTH="42" HEIGHT="28" WC="0.96" CONTENT="Jag"/><SP WIDTH="14" VPOS="1431" HPOS="785"/>
							<String ID="string_385" HPOS="799" VPOS="1434" WIDTH="50" HEIGHT="22" WC="0.96" CONTENT="tror,"/><SP WIDTH="16" VPOS="1434" HPOS="849"/>
							<String ID="string_386" HPOS="865" VPOS="1435" WIDTH="31" HEIGHT="18" WC="0.95" CONTENT="att"/><SP WIDTH="16" VPOS="1435" HPOS="896"/>
							<String ID="string_387" HPOS="912" VPOS="1439" WIDTH="34" HEIGHT="14" WC="0.95" CONTENT="om"/><SP WIDTH="14" VPOS="1439" HPOS="946"/>
							<String ID="string_388" HPOS="960" VPOS="1439" WIDTH="50" HEIGHT="14" WC="0.96" CONTENT="man"/>
						</TextLine>
						<TextLine ID="line_45" HPOS="187" VPOS="1458" WIDTH="823" HEIGHT="29">
							<String ID="string_389" HPOS="187" VPOS="1459" WIDTH="66" HEIGHT="27" WC="0.96" CONTENT="väger"/><SP WIDTH="22" VPOS="1459" HPOS="253"/>
							<String ID="string_390" HPOS="275" VPOS="1458" WIDTH="25" HEIGHT="22" WC="0.94" CONTENT="de"/><SP WIDTH="23" VPOS="1458" HPOS="300"/>
							<String ID="string_391" HPOS="323" VPOS="1458" WIDTH="142" HEIGHT="28" WC="0.94" CONTENT="olägenheter,"/><SP WIDTH="23" VPOS="1458" HPOS="465"/>
							<String ID="string_392" HPOS="488" VPOS="1466" WIDTH="45" HEIGHT="14" WC="0.91" CONTENT="som"/><SP WIDTH="22" VPOS="1466" HPOS="533"/>
							<String ID="string_393" HPOS="555" VPOS="1459" WIDTH="142" HEIGHT="28" WC="0.88" CONTENT="tilläfventyrs"/><SP WIDTH="23" VPOS="1459" HPOS="697"/>
							<String ID="string_394" HPOS="720" VPOS="1460" WIDTH="72" HEIGHT="21" WC="0.93" CONTENT="kunde"/><SP WIDTH="16" VPOS="1460" HPOS="792"/>
							<String ID="string_395" HPOS="808" VPOS="1460" WIDTH="67" HEIGHT="21" WC="0.91" CONTENT="vållas"/><SP WIDTH="16" VPOS="1460" HPOS="875"/>
							<String ID="string_396" HPOS="891" VPOS="1460" WIDTH="41" HEIGHT="22" WC="0.93" CONTENT="den"/><SP WIDTH="16" VPOS="1460" HPOS="932"/>
							<String ID="string_397" HPOS="948" VPOS="1460" WIDTH="62" HEIGHT="21" WC="0.92" CONTENT="malt-"/>
						</TextLine>
						<TextLine ID="line_46" HPOS="187" VPOS="1486" WIDTH="824" HEIGHT="32">
							<String ID="string_398" HPOS="187" VPOS="1486" WIDTH="224" HEIGHT="29" WC="0.92" CONTENT="drycksförbrukande"/><SP WIDTH="23" VPOS="1486" HPOS="411"/>
							<String ID="string_399" HPOS="434" VPOS="1488" WIDTH="140" HEIGHT="21" WC="0.95" CONTENT="allmänheten"/><SP WIDTH="22" VPOS="1488" HPOS="574"/>
							<String ID="string_400" HPOS="596" VPOS="1489" WIDTH="57" HEIGHT="21" WC="0.96" CONTENT="inom"/><SP WIDTH="20" VPOS="1489" HPOS="653"/>
							<String ID="string_401" HPOS="673" VPOS="1488" WIDTH="83" HEIGHT="22" WC="0.96" CONTENT="landets"/><SP WIDTH="21" VPOS="1488" HPOS="756"/>
							<String ID="string_402" HPOS="777" VPOS="1489" WIDTH="105" HEIGHT="29" WC="0.92" CONTENT="köpingar"/><SP WIDTH="18" VPOS="1489" HPOS="882"/>
							<String ID="string_403" HPOS="900" VPOS="1488" WIDTH="111" HEIGHT="22" WC="0.88" CONTENT="öfverhuf-"/>
						</TextLine>
					</TextBlock>
				</ComposedBlock>
			</PrintSpace>
		</Page>
	</Layout>
</alto>
