1056 1686
218 108 42 21 402
464 113 25 17 R.
502 117 17 13 o.
530 113 23 17 A.
566 113 55 18 1897.
641 111 28 19 26
680 112 62 17 Mars.

190 181 50 22 ieke
256 180 63 22 alltid
340 182 26 19 är
385 179 113 22 utförbart.
526 179 43 28 Jag
590 180 55 21 talar
659 186 29 14 nu
703 179 39 21 alls
757 179 48 21 icke
821 178 72 21 derom
908 180 33 19 att
955 178 59 21 stad-

234 209 43 22 den
300 209 24 21 af
344 208 130 28 fullkomligt
495 208 176 29 reglementarisk
690 210 64 18 natur
774 207 41 21 och
829 207 7 20 i
851 207 66 28 öfrigt
931 206 24 22 af
969 213 46 15 mer

190 237 95 28 tillfällig
300 236 149 22 beskaftenhet
463 237 55 21 både
534 237 71 20 kunna
620 236 41 21 och
675 235 53 22 böra
742 234 112 23 afsöndras
869 235 48 21 från
928 235 86 21 författ-

190 267 84 27 ningar,
287 273 48 13 som
350 265 62 21 skola
425 267 89 26 antagas
530 265 23 21 af
568 264 119 22 Ständerna
702 264 41 21 och
757 264 126 28 godkännas
893 263 24 21 af
926 263 88 21 Monar-

191 294 49 22 ken.
268 294 54 21 Men
344 301 34 14 om
401 300 48 14 man
473 293 65 22 också
560 294 39 27 gör
621 292 65 27 detta,
706 292 24 22 så
749 291 91 23 återstår
854 292 7 21 i
877 292 41 21 alla
932 292 39 21 fall
986 299 27 14 en

191 323 80 29 mängd
290 322 164 28 bestämningar,
469 322 73 22 hvilka
556 322 53 21 höra
624 322 25 21 så
663 323 52 19 nära
729 321 146 26 tillsammans,
885 323 31 19 att
926 320 27 22 de
965 320 49 22 icke

191 354 52 19 utan
267 352 42 21 den
332 353 78 20 största
430 350 68 22 skada
518 352 7 20 i
545 350 56 22 både
616 350 86 21 formelt
716 350 42 21 och
772 349 105 22 materielt
892 349 122 22 hänseende

191 380 35 22 för
245 383 31 19 ett
290 380 117 28 lagförslag
422 378 72 22 kunna
509 380 73 28 skiljas
598 378 47 22 från
660 378 126 22 hvarandra.
815 378 12 21 I
842 378 80 22 sådana
937 378 38 22 fall
991 380 24 19 är

190 410 23 28 ju
236 410 94 27 utvägen
352 408 81 28 ganska
455 408 67 25 enkel,
538 408 106 28 nämligen
660 410 32 19 att
705 407 44 21 låta
764 407 42 21 den
821 407 106 21 allmänna
941 406 73 29 regeln

192 438 35 20 för
242 437 201 22 åstadkommandet
457 436 23 22 af
494 436 220 29 lagstiftningsarbete
729 436 57 28 gälla
796 436 40 21 och
847 435 43 22 låta
900 436 41 21 alla
951 436 64 22 dessa

192 466 159 28 bestämningar
372 466 50 28 ingå
444 466 7 20 i
466 465 37 22 det
517 465 122 29 lagförslag,
654 472 46 14 som
711 464 121 29 förelägges
847 464 120 22 Ständerna
981 464 33 22 till

191 495 127 29 antagande.
346 494 33 22 På
401 494 60 22 detta
482 496 43 20 sätt
546 494 38 22 har
604 494 66 21 också
683 496 7 19 i
705 494 73 28 regeln
793 494 96 21 förfarits
905 493 68 22 under
987 500 26 15 en

190 524 74 28 längre
279 524 38 21 tid.

260 552 43 28 Jag
328 552 71 21 kunde
424 552 93 28 åberopa
542 552 50 21 flere
618 551 96 28 exempel
742 550 72 29 derpå,
833 558 49 14 men
901 550 39 21 vill
961 550 54 21 blott

192 583 78 19 nämna
285 583 37 24 ett,
337 580 89 22 emedan
441 580 59 21 detta
514 580 79 21 hänför
607 580 33 27 sig
654 580 34 21 till
703 582 31 19 ett
749 581 67 26 ämne,
832 587 45 13 som
892 579 61 21 står
946 575 13 37 i
964 581 50 19 nära

192 609 103 22 samband
325 609 49 22 med
400 609 43 26 det,
462 616 46 14 som
537 617 29 13 nu
594 609 120 27 föreligger,
736 608 106 28 nämligen
862 607 153 29 förordningen

192 646 34 14 om
242 646 16 13 s.
274 639 20 20 k.
305 639 81 20 litterär
397 638 41 21 och
449 637 93 22 artistisk
553 637 129 28 eganderätt.
706 637 83 22 Genom
800 640 37 23 att,
847 637 71 21 såsom
927 637 8 20 i
946 637 70 21 denna

191 667 129 28 författning
335 666 63 26 skett,
412 667 48 20 föra
470 666 138 21 tillsammans
619 666 57 21 hvad
687 673 46 14 som
744 666 39 21 hör
790 666 146 25 tillsammans,
944 665 72 22 åstad-

192 696 96 21 kommer
302 703 49 14 man
367 702 26 14 en
408 695 244 28 lagstiftningsprodukt,
672 702 45 14 som
733 695 43 21 kan
790 695 8 20 i
813 694 86 21 formelt
914 694 102 21 afseende

192 724 126 28 godkännas
338 723 41 22 och
400 724 8 20 i
430 724 107 28 praktiskt
558 723 122 22 hänseende
700 725 25 19 är
742 724 39 20 lätt
796 725 31 19 att
841 723 102 28 tillämpa.
973 723 42 21 Om

192 760 48 14 man
257 752 96 22 deremot
367 752 48 21 med
431 752 41 21 den
488 753 130 27 ängsligaste
628 759 86 20 omsorg
723 759 25 14 ur
759 754 31 19 ett
800 751 116 29 lagförslag
928 751 89 28 plockar

193 784 24 19 ut
237 781 74 28 hvarje
332 780 126 29 stadgande,
479 782 20 27 ja
521 781 73 28 hvarje
617 781 34 21 del
666 781 24 20 af
704 788 27 13 en
747 781 106 28 paragraf,
868 781 38 20 der
921 780 36 21 det
973 780 41 21 kan

192 809 74 27 påstås
289 812 32 19 att
343 812 31 19 ett
396 809 77 22 sådant
500 809 118 28 stadgande
640 809 68 22 skulle
731 809 73 22 kunna
825 809 119 21 tillkomma
965 811 51 19 utan

193 837 132 23 Ständernas
345 838 137 25 medverkan,
500 838 28 22 då
542 838 158 21 åstadkommer
714 845 49 14 man
779 845 27 14 en
821 837 72 27 effekt,
908 844 46 15 som
969 837 48 21 illu-

193 870 78 18 streras
294 867 22 21 af
337 874 28 14 nu
388 866 164 28 ifrågavarande
574 866 123 28 lagförslag,
711 866 83 22 hvilket
810 866 68 28 enligt
892 867 43 21 min
950 866 66 22 tanke

192 897 24 20 är
237 897 7 19 i
266 895 87 21 formelt
371 895 122 22 hänseende
508 895 131 28 fullkomligt
654 896 101 27 omöjligt.
783 895 43 28 Jag
840 895 42 21 kan
898 895 48 21 icke
961 895 55 21 neka

192 927 32 18 att
239 924 69 21 under
326 926 86 19 senaste
426 924 57 21 tider
498 932 26 13 en
539 924 91 21 tendens
646 925 56 20 visat
717 925 32 27 sig
763 924 33 21 till
811 926 32 18 ett
857 924 160 28 uppfattnings-

193 954 49 25 sätt,
264 952 78 22 sådant
364 960 46 14 som
424 953 36 27 jag
475 954 39 20 sist
529 952 97 22 nämnde.
656 952 74 28 Enligt
744 954 44 20 min
803 952 65 22 tanke
883 953 69 20 skulle
967 960 49 13 man

193 982 113 27 rätteligen
329 981 48 21 icke
399 981 78 27 kunna,
500 981 70 21 såsom
592 981 34 21 Hr
645 981 135 28 Gripenberg
794 982 63 27 gjort,
871 981 39 21 här
924 981 43 21 tala
982 988 34 14 om

193 1011 80 19 tvänne
288 1009 58 21 olika
360 1010 113 28 principer,
487 1012 24 26 ty
526 1009 76 22 endast
617 1010 6 20 i
639 1010 58 21 förra
711 1010 62 20 fallet
787 1010 116 27 föreligger
917 1017 26 13 en
959 1010 58 28 prin-

192 1039 44 27 eip.
259 1038 43 21 Det
316 1045 76 14 senare
407 1038 188 28 tillvägagäendet,
610 1045 34 14 om
661 1038 37 21 det
712 1038 54 21 skall
781 1038 116 22 betecknas
908 1038 70 21 såsom
989 1045 27 14 en

193 1067 92 27 princip,
306 1068 23 19 är
352 1067 128 21 åtminstone
496 1074 26 14 en
545 1067 63 27 högst
631 1067 114 27 bristfällig
765 1067 41 21 och
821 1067 107 27 oegentlig
943 1066 74 22 sådan.

193 1094 42 29 Jag
250 1095 41 21 kan
307 1094 47 22 icke
370 1095 24 21 så
408 1095 100 28 uppfatta
523 1096 72 25 saken,
610 1102 45 14 som
671 1103 33 13 om
720 1095 37 21 det
772 1095 63 28 gälde
849 1095 36 21 för
897 1094 120 22 Ständerna

194 1126 32 18 att
247 1124 85 20 komma
354 1124 23 20 åt
396 1123 24 21 så
435 1124 87 27 mycket
536 1124 24 21 af
574 1124 162 27 lagstiftningen
752 1124 28 27 på
795 1124 58 21 detta
869 1124 87 21 område
971 1130 46 15 som

193 1151 89 28 möjligt,
295 1151 42 22 och
352 1152 36 27 jag
402 1154 44 18 tror
460 1152 48 20 icke
525 1152 67 21 heller
607 1155 32 17 att
654 1160 26 13 en
694 1151 66 22 sådan
777 1152 138 28 uppfattning
930 1153 6 20 i
951 1152 66 27 öfrigt

193 1179 143 22 förekommer
355 1181 57 20 inom
429 1180 86 21 landets
536 1181 186 28 Representation,
737 1183 50 18 utan
804 1181 64 20 målet
880 1181 34 20 för
924 1180 92 28 lagstift-

191 1209 81 26 ningen
294 1208 40 21 bör
355 1209 34 20 väl
412 1216 51 13 vara
482 1209 34 20 för
530 1209 59 21 såväl
605 1208 178 27 Representation
802 1217 45 12 som
862 1209 109 27 Regering
985 1212 32 17 att

195 1235 148 22 åstadkomma
359 1235 37 21 det
410 1236 61 21 bästa
486 1237 86 26 möjliga
586 1237 94 20 resultat.
705 1237 52 20 Men
774 1236 59 21 detta
848 1237 41 20 kan
905 1244 48 13 man
968 1237 48 20 icke

194 1264 73 27 uppnå
282 1264 28 27 på
326 1263 76 22 sådant
417 1266 43 19 sätt
474 1267 32 17 att
520 1272 48 13 man
585 1264 106 21 undviker
706 1268 31 17 att
749 1265 6 20 i
771 1265 123 27 lagförslag,
903 1272 45 13 som
959 1265 58 20 före-

194 1291 74 29 läggas
286 1291 126 28 Ständerna,
427 1292 70 21 införa
513 1291 42 22 den
570 1293 78 21 minsta
664 1293 139 28 bestämning,
813 1293 88 21 hvarom
911 1293 105 28 Regerin-

192 1328 42 21 gen
257 1321 69 21 skulle
349 1320 72 22 kunna
444 1328 62 14 anses
529 1329 51 14 vara
601 1321 92 28 befogad
709 1325 32 18 att
756 1329 72 14 ensam
843 1322 102 27 lagstifta.
974 1322 43 29 Jag

193 1349 38 22 ber
253 1357 35 19 nu,
310 1349 36 22 för
367 1352 31 19 att
420 1349 23 22 få
464 1350 73 28 belysa
558 1350 64 28 detta,
640 1353 32 18 att
686 1351 71 21 såsom
771 1351 76 28 tillägg
861 1351 33 21 till
909 1351 57 21 hvad
982 1351 35 21 Hr

193 1378 108 22 Mechelin
324 1379 7 20 i
354 1378 76 21 sådant
452 1379 102 21 afseende
577 1381 79 25 nämnt,
680 1380 107 28 nämligen
810 1387 33 14 om
859 1380 99 22 rubriken
975 1380 40 21 och

194 1408 12 27 8
229 1408 11 20 1
262 1407 22 21 af
305 1407 110 28 förslaget,
429 1407 24 21 få
467 1408 84 28 påpeka
570 1408 68 28 några
654 1408 65 22 andra
735 1408 186 29 omständigheter.
951 1410 12 26 $
979 1410 13 20 4
1007 1410 8 20 i

192 1436 104 28 förslaget
318 1436 32 21 till
373 1411 216 58 Ständerförtattning
616 1437 117 21 innehåller
754 1438 163 28 bestämningar,
941 1438 74 22 hvilka

192 1465 69 21 delvis
285 1465 115 29 ordagrant
422 1473 107 21 upprepas
550 1466 6 20 i
577 1467 25 21 17
619 1466 40 22 och
675 1467 26 21 18
716 1468 28 26 8$
759 1466 23 22 af
797 1466 148 29 kungörelsen,
960 1467 57 21 blott

192 1494 50 22 med
258 1496 41 19 den
314 1494 112 22 skilnaden
443 1497 31 19 att
488 1494 28 30 på
531 1495 144 29 nyssnämnda
690 1496 61 21 ställe
766 1496 103 28 derjemte
883 1496 132 22 förekomma
