1045 1686
218 110 40 20 226
468 116 24 16 R.
506 120 16 12 o.
535 116 22 16 A.
570 116 55 17 1897.
650 116 23 16 18
685 115 58 17 Febr.

189 184 50 20 kein
255 183 69 21 liiaksi
340 186 84 18 otetaan
439 183 114 21 huomioon
573 183 160 29 sporttimiehen
749 184 56 28 etuja
819 184 22 28 ja
855 184 92 28 jätetään
962 191 46 21 syr-

187 212 50 28 jään
251 212 180 27 maanomistajan,
446 212 108 21 varsinkin
570 213 76 27 pienen
662 212 180 28 maanomistajan.

256 240 68 20 Tässä
339 240 111 21 suhteessa
472 248 26 12 on
522 242 44 20 28:s
587 241 32 27 $:ä
641 240 118 21 mielestäni
779 240 91 21 melkein
890 240 119 22 kummalli-

188 276 47 13 nen.
250 268 134 21 Ensinnäkin
394 269 54 20 siinä
459 268 114 21 säädetään
585 270 62 19 aivan
659 270 47 19 uusi
718 270 43 19 asia
773 268 84 21 meidän
868 269 140 26 oloissamme,

188 296 113 22 vaaditaan
325 298 183 27 metsästysveroa.
545 297 28 22 Se
601 305 26 13 on
650 297 142 21 kohtuutonta
816 297 94 22 sellaista
936 298 72 28 pientä

188 326 173 28 maanomistajaa
376 325 100 26 kohtaan,
490 326 50 28 joka
555 326 54 21 ehkä
625 326 162 21 elatuksekseen
802 326 128 29 pohjoisissa
940 327 68 21 osissa

188 357 125 19 maatamme
335 354 42 29 käy
398 357 176 19 metsästämässä.
604 355 57 26 Sille,
680 355 50 28 joka
745 355 180 22 huvituksekseen
945 355 63 22 tekee

188 383 82 22 kalliita
285 383 93 28 matkoja
394 383 132 22 saadakseen
542 391 75 22 ampua
632 384 80 28 jonkun
730 385 76 20 ainoan
817 384 97 27 otuksen,
930 384 46 22 sille
987 385 20 20 ei

187 414 57 20 tämä
259 419 51 15 vero
324 412 100 21 merkitse
441 413 84 26 mitään,
538 413 21 28 ja
575 413 101 21 sellainen
692 413 36 20 voi
740 413 97 28 myöskin
849 414 63 21 aivan
922 413 85 28 hyvästi

189 442 102 21 suorittaa
307 449 37 13 sen
360 442 29 20 eri
406 441 88 22 kuntiin.
519 441 65 22 Näitä
599 442 56 27 oloja
670 442 19 21 ei
705 441 115 22 ensinkään
836 445 73 18 muuta
924 450 29 19 se,
964 444 43 19 että

189 477 47 14 oma
251 470 97 28 pihamaa
362 471 21 27 ja
398 477 48 14 oma
461 471 103 27 puutarha
580 478 27 14 on
622 470 103 21 sellainen
740 471 39 25 ala,
793 471 58 28 jossa
866 471 64 21 ilman
943 479 65 13 veroa

188 506 37 15 saa
244 500 135 27 metsästystä
393 499 118 28 harjoittaa.
540 499 61 21 Minä
615 499 103 21 tahtoisin
733 499 67 28 kysyä
814 500 65 21 missä
893 499 115 23 Suomessa

189 535 27 13 on
231 527 90 21 tällaisia
337 527 152 28 eläintarhoja?

257 556 92 20 Käsitän
364 556 62 20 aivan
442 556 84 27 hyvästi
541 563 37 14 sen
599 563 60 20 syyn,
674 558 44 19 että
732 556 51 21 tällä
797 556 80 21 verolla
892 556 115 21 tahdotaan

188 583 101 22 kehottaa
303 583 74 21 kuntia
393 584 134 21 maksamaan
543 584 143 29 petoeläinten
701 584 144 29 tapporahoja.
874 585 71 20 Mutta
960 585 47 21 kui-

187 612 75 21 tenkin
284 613 72 20 luulen
378 614 43 19 että
435 615 57 18 tämä
508 616 40 23 etu,
563 615 57 18 tämä
634 613 45 21 tulo
695 613 94 21 kunnille
805 615 19 19 ei
840 613 33 21 ole
889 613 117 22 ensinkään

188 648 37 14 sen
248 648 94 15 arvonen
362 643 44 19 että
426 649 23 14 se
465 642 92 21 korvaisi
574 643 39 20 sitä
629 642 120 21 moraalista
765 643 101 27 tappiota,
882 644 42 19 että
940 643 66 21 lakiin

188 672 85 19 otelaan
294 671 101 25 määräys,
415 671 44 27 jota
480 671 20 21 ei
515 671 98 28 laajoissa
627 671 151 21 maakunnissa
793 671 85 21 kukaan
893 671 43 21 tule
952 679 54 14 nou-

189 698 126 22 dattamaan.
345 698 51 21 Sillä
416 700 98 27 kantajaa
534 700 18 20 ei
572 699 39 26 ole,
625 700 22 27 ja
662 700 64 21 missä
742 700 98 28 kantajaa
856 701 19 20 ei
891 700 38 26 ole,
945 700 60 21 siellä

188 728 20 20 ei
230 727 115 28 myöskään
368 727 32 21 ole
423 728 61 21 lakia.
514 728 38 21 Jos
568 728 75 21 kerran
659 730 56 19 tämä
731 729 74 20 maksu
821 729 63 20 laissa
899 729 106 28 pidetään,

187 756 122 28 pantakoon
332 763 22 14 se
378 757 48 20 sitte
449 757 107 26 erilainen,
578 757 152 21 suuremmaksi
751 757 52 26 sille,
823 757 50 28 joka
888 757 119 22 huvikseen

187 785 42 28 käy
244 785 101 26 metsällä,
360 785 153 28 pienemmäksi
528 785 52 26 sille,
595 785 49 28 joka
659 785 41 29 käy
716 786 76 21 omalla
804 787 109 25 maallaan,
924 787 83 28 ehkäpä

188 813 167 21 elatuksekseen.
384 814 112 21 Tahtoisin
518 814 148 21 vertaukseksi
689 815 194 27 periaatteelliselta
905 815 101 21 kannalta

187 841 64 21 tähän
274 844 57 18 ottaa
352 849 36 13 sen
404 842 176 26 huomautuksen,
595 843 49 20 ettei
661 843 125 21 kenenkään
802 843 82 28 päähän
900 843 28 21 lie
943 844 64 20 tullut

188 877 71 21 panna
279 877 64 14 veroa
363 870 51 26 sille,
429 870 49 28 joka
494 874 82 18 omasta
590 870 165 22 kalavedestään
771 871 42 28 käy
827 871 70 29 kaloja
912 872 94 28 pyydys-

187 900 98 20 tämässä.

255 955 57 21 Frih.
328 963 50 14 von
394 956 86 22 Born:
496 956 29 22 Så
539 956 108 22 frestande
663 957 36 21 det
714 959 27 19 än
757 965 57 19 vore,
829 957 67 21 afstär
911 958 35 28 jag
956 958 48 21 från

187 987 32 18 att
240 984 89 21 anställa
352 992 26 13 en
399 985 121 28 jemförelse
540 986 88 20 emellan
647 986 150 27 jagtkomitens
813 986 80 28 förslag
908 986 40 21 och
964 986 42 21 den

187 1013 48 21 nåd.
257 1020 66 21 prop.
345 1013 126 28 öfvertygad
493 1021 33 13 om
549 1017 31 18 att
595 1014 105 21 utskottet
715 1014 47 21 icke
779 1015 53 20 skall
847 1015 111 21 underlåta
974 1018 32 18 att

187 1041 52 21 söka
261 1041 55 28 välja
339 1041 37 22 det
397 1042 61 21 bästa
480 1042 48 21 från
550 1042 110 22 hvardera.
689 1043 42 28 Jag
751 1043 78 21 önskar
842 1046 56 25 yttra
914 1044 43 27 mig
972 1052 34 13 om

187 1069 65 28 nägra
276 1070 96 21 enskilda
394 1071 92 27 punkter
505 1071 27 28 pä
552 1071 61 21 sidan
629 1079 34 12 om
679 1079 25 13 en
721 1071 66 21 sädan
802 1072 126 27 jemförelse.
959 1073 12 26 $
988 1074 19 25 1,

187 1105 46 14 som
253 1099 8 20 i
280 1099 54 20 visst
355 1098 101 22 afseende
472 1101 22 19 är
509 1107 25 13 ur
548 1099 83 27 rättslig
646 1100 109 27 synpunkt
769 1100 180 28 grundläggande,
964 1101 43 20 till-

186 1126 132 21 fredsställer
334 1127 42 27 mig
391 1127 54 21 icke.
474 1128 12 20 2
502 1135 61 13 mom.
579 1128 6 20 i
601 1127 69 21 denna
686 1129 11 25 $
713 1128 69 28 lyder:
800 1128 88 22 »Under
902 1129 46 28 jord
965 1129 41 21 och

187 1154 59 21 mark
260 1154 121 29 inbegripes
397 1155 67 21 sädan
479 1156 31 28 sjö
526 1156 52 20 eller
592 1159 65 18 annat
671 1156 127 28 vattendrag
814 1157 51 21 eller
875 1157 77 21 sädant
962 1165 44 13 om-

186 1183 52 21 råde
253 1183 22 21 af
290 1183 133 29 vattendrag,
439 1191 45 14 som
499 1184 39 21 hör
552 1185 32 20 till
599 1184 94 29 jorden».
704 1201 35 5 ...
753 1185 36 21 Uti
805 1193 27 13 nu
847 1186 99 28 gällande
961 1186 44 21 för-

186 1212 117 27 fattningar
323 1212 110 27 uttryckes
454 1213 116 27 begreppet
585 1216 73 18 vatten
673 1213 28 27 pä
717 1214 56 20 olika
789 1216 47 19 sätt.
865 1215 11 20 I
891 1214 115 21 fiskeriför-

186 1240 121 26 fattningen
326 1240 54 20 talas
400 1240 143 28 uttryckligen
560 1248 34 13 om
610 1241 88 27 saltsjön
714 1241 70 21 säsom
800 1244 30 18 ett
845 1242 162 21 vattenomräde

187 1268 132 26 väsentligen
341 1268 57 20 olika
416 1269 40 20 och
472 1268 90 22 afskildt
576 1269 48 21 frän
639 1269 57 21 hvad
711 1270 23 20 vi
749 1270 56 20 kalla
820 1271 31 27 sjö
867 1270 41 21 och
923 1273 83 19 vatten-

187 1296 52 28 drag
260 1296 50 21 eller
331 1296 103 22 rinnande
450 1299 78 19 vatten.
558 1297 12 21 I
585 1298 298 29 vattenverksförordningen,
898 1307 45 13 som
958 1301 48 19 när-

186 1328 55 18 mast
261 1325 57 21 afser
341 1326 125 28 vattendrag
489 1326 41 22 och
550 1327 84 28 insjöar,
648 1327 54 21 talas
718 1328 6 20 i
740 1327 114 22 allmänhet
869 1336 33 14 om
918 1329 32 28 sjö
965 1329 41 21 och

186 1356 71 20 ström.
286 1354 11 21 I
312 1354 102 28 förslaget
428 1355 33 21 till
477 1363 28 21 ny
521 1357 115 20 vattenrätt
651 1356 38 21 har
703 1364 55 18 man,
773 1359 44 19 tror
831 1358 42 27 jag,
888 1357 66 22 också
970 1358 36 21 be-

185 1385 87 26 gränsat
294 1384 32 27 sig
348 1384 32 20 till
402 1384 32 27 sjö
457 1384 40 21 och
520 1386 70 24 ström,
611 1384 20 22 d.
647 1392 19 14 v.
682 1392 15 14 s.
713 1385 48 21 icke
776 1386 105 21 utsträckt
895 1386 63 28 lagen
972 1387 34 20 till

185 1411 80 22 hafvet.
295 1411 41 28 Jag
356 1411 66 22 håller
438 1412 46 21 före
500 1416 31 17 att
546 1413 37 20 det
597 1420 51 14 vore
664 1413 133 29 nödvändigt
812 1417 31 18 att
858 1415 73 21 affatta
946 1415 59 22 detta

186 1442 13 18 2
217 1448 61 13 mom.
294 1440 28 26 sä,
338 1443 32 17 att
384 1440 61 21 deraf
464 1441 95 27 tydligen
578 1441 119 28 framginge
717 1445 31 18 att
763 1444 64 20 äfven
843 1444 94 27 saltsjön,
952 1444 19 20 d.
987 1446 18 18 ä.

185 1468 80 27 hafvet,
280 1470 23 18 är
317 1468 121 29 inbegripet
452 1470 7 20 i
475 1469 55 21 hvad
547 1478 48 12 man
610 1470 38 20 här
663 1470 67 21 kallar
741 1471 85 21 omräde
839 1472 23 20 af
872 1472 133 27 vattendrag.

185 1496 35 22 Dä
241 1496 36 22 det
297 1497 48 21 icke
360 1497 68 28 ligger
443 1498 45 28 vigt
504 1498 27 28 pä
546 1500 31 19 att
591 1499 6 20 i
614 1506 25 13 en
653 1499 208 29 specialförfattning
875 1508 77 20 genom
968 1500 36 21 ka-
