1045 1684
209 98 41 22 280
457 104 25 17 R.
494 108 17 12 0.
524 104 22 16 A.
560 103 54 18 1897.
635 104 12 16 5
659 104 61 16 Mars.

250 173 163 28 Propositionen
435 172 127 22 besvarades
582 172 48 21 med
646 171 159 28 öfvervägande
821 172 41 27 nej,
877 171 40 21 och
932 171 69 21 skulle

182 201 62 21 alltså
266 201 41 20 den
327 200 34 21 del
383 201 22 20 af
423 201 123 21 Utskottets
562 200 108 21 uttalande
685 200 110 27 angående
811 201 12 26 $
841 200 32 25 16,
888 206 45 15 som
948 200 52 20 hän-

181 229 62 21 förde
265 230 33 26 sig
319 229 32 21 till
374 229 109 28 påföljden
506 229 34 20 för
558 229 97 21 iteration
673 228 47 21 utaf
741 229 7 20 i
768 229 33 26 &:n
817 227 127 22 omnämnda
958 227 44 21 för-

182 258 67 21 seelse
264 260 45 19 mot
322 257 163 29 författningen,
499 257 91 22 förfalla.

250 315 246 22 Utskottsbetänkandet
518 314 131 22 beträffande
674 313 134 23 återstående
831 313 59 22 delar
912 313 23 22 af
956 313 45 21 för-

181 343 209 29 fattningsförslaget
413 347 54 18 samt
490 343 48 22 dess
560 344 73 21 rubrik
656 343 44 22 blef
722 343 51 21 derå
792 343 23 21 af
834 343 26 22 R.
875 350 19 14 o.
909 343 26 21 A.
950 345 50 18 utan

182 373 121 21 diskussion
319 376 92 24 antaget.

250 429 80 22 Likasä
352 429 125 28 godkändes
499 429 145 22 betänkandet
664 429 32 21 till
716 429 27 21 de
758 429 63 26 delar,
837 436 44 14 som
897 427 105 22 hänförde

182 459 33 28 sig
236 459 33 20 till
292 458 37 21 det
351 458 65 21 andra
438 459 7 20 i
467 465 59 21 prop.
547 458 105 28 ingående
669 458 170 21 administrativa
853 457 149 28 författnings-

181 487 109 28 förslaget,
308 487 110 21 äfvensom
435 487 25 20 de
476 487 8 20 i
499 486 143 22 betänkandet
657 486 13 21 &
685 486 53 22 sidd.
754 487 27 20 24
796 486 40 21 och
851 486 28 21 25
894 485 108 28 befintliga

182 515 135 22 klämmarna.

409 653 71 23 Skada
495 653 5 22 i
515 652 51 29 följd
582 652 25 24 af
617 652 157 29 jernvägsdrift.

251 710 121 29 Föredrogs
387 711 32 21 till
435 710 59 22 detta
510 711 85 28 plenum
610 710 118 28 bordlagda

250 768 162 28 Lagutskottets
433 767 135 22 betänkande
588 767 41 22 N:o
650 768 11 20 1
683 768 6 20 i
711 768 115 28 anledning
841 768 23 20 af
880 767 47 22 näd.
943 775 59 21 prop.

182 796 41 22 N:o
240 797 27 21 14
282 804 34 13 om
331 796 67 21 skada
413 797 8 20 i
435 796 53 28 följd
504 796 23 21 af
540 796 158 29 jernvägsdrift.

251 853 43 22 Om
310 853 58 21 detta
383 853 115 29 lagförslag
515 857 91 26 utspann
621 854 34 27 sig
669 853 94 29 följande
778 854 107 21 allmänna
898 853 85 23 debatt:

251 911 35 22 Hr
299 911 130 22 Norrmén
443 911 95 29 yttrade:
560 911 150 22 Förevarande
725 911 116 29 lagförslag
856 912 57 21 afser
928 915 32 18 att
971 913 31 20 uti

183 939 39 22 vär
242 940 135 28 lagstiftning
399 940 70 21 införa
491 948 26 13 en
540 940 131 28 fullkomligt
693 948 28 20 ny
742 941 83 28 princip
846 941 6 21 i
873 941 101 21 afseende
989 941 13 21 å

182 968 123 29 skyldighet
320 971 31 18 att
366 969 82 27 utgifva
464 969 135 26 skadestånd,
614 976 26 14 en
656 969 89 28 princip,
760 977 45 13 som
820 969 44 21 står
879 970 7 20 i
896 969 39 22 rak
948 969 54 22 strid

182 997 49 22 med
255 997 41 22 den
319 997 104 21 härintills
445 997 98 28 gällande
565 997 142 29 grundsatsen
722 1000 31 19 att
770 998 65 21 »hvar
850 1005 50 21 eger
914 999 33 20 sin
962 998 39 21 sak

182 1033 73 14 ensam
277 1026 51 21 böta
347 1026 40 21 och
407 1027 18 27 ej
442 1033 76 14 annars
533 1028 42 19 rätt
590 1026 119 21 förverka».
739 1026 73 28 Enligt
827 1027 41 21 den
884 1034 42 20 nya
940 1027 62 27 lagen

183 1054 67 21 skulle
266 1054 105 28 nämligen
387 1062 76 20 egaren
480 1055 22 21 af
517 1062 25 14 en
558 1056 88 27 jernväg
661 1054 68 22 blifva
744 1054 75 28 pligtig
836 1058 31 18 att
882 1056 78 20 ersätta
975 1055 28 21 all

182 1082 67 22 skada
271 1082 13 22 &
305 1090 78 20 person
406 1083 40 21 och
468 1082 110 28 egendom,
599 1090 46 14 som
665 1083 33 21 till
715 1083 53 27 följd
783 1083 24 21 af
820 1083 181 28 jernvägsdriften

182 1110 72 22 kunde
276 1111 135 29 uppkomma,
431 1111 120 21 oberoende
571 1111 23 21 af
609 1119 33 13 om
657 1111 42 21 han
715 1111 49 29 sjelf
779 1112 69 20 dertill
864 1113 23 19 är
902 1111 98 22 vällande

183 1139 51 21 eller
248 1139 54 22 icke.
331 1139 83 22 Endast
429 1140 6 20 i
450 1140 37 21 det
501 1140 44 26 fall,
560 1143 32 18 att
606 1140 67 21 skada
687 1140 117 21 föranledts
819 1140 23 21 af
857 1148 83 20 person,
956 1148 45 14 som

182 1167 48 22 icke
254 1169 23 20 är
298 1168 7 21 i
326 1168 127 28 jernvägens
475 1169 66 28 tjenst
556 1168 89 27 anstäld,
660 1168 51 22 eller
726 1169 23 21 af
764 1168 142 29 öfvermäktig
920 1169 82 21 tilldra-

182 1196 65 29 gelse,
262 1197 51 21 eller
327 1197 24 21 af
364 1196 108 29 händelse,
486 1204 46 14 som
547 1198 48 21 icke
609 1197 45 21 stär
668 1198 7 20 i
690 1196 70 22 direkt
775 1197 103 22 samband
889 1192 33 38 med
941 1197 60 29 jern-

183 1225 139 27 vägsdriften,
337 1226 42 19 kan
393 1226 42 20 han
451 1226 73 27 undgä
538 1226 66 20 sädan
620 1226 257 27 ersättningsskyldighet.
906 1227 41 20 Att
959 1226 41 21 den

182 1252 97 22 enskilde
295 1253 93 28 skyddas
403 1253 32 21 till
450 1254 33 20 sin
499 1254 102 27 egendom
618 1253 41 21 och
673 1253 59 21 helsa
746 1254 35 20 för
795 1254 101 20 förluster
911 1254 37 21 vid
965 1254 37 22 be-

182 1280 122 29 gagnandet
324 1281 23 21 af
360 1281 112 29 jernvägar
487 1283 23 19 är
524 1281 54 29 godt
593 1281 40 22 och
648 1282 41 25 väl,
704 1289 48 14 men
766 1282 39 21 har
820 1290 48 14 man
883 1282 66 22 ocksä
965 1282 36 22 be-

182 1310 62 21 tänkt
258 1310 73 21 hvilka
346 1310 150 28 verkningar
486 1306 15 38 i
511 1310 135 22 ekonomiskt
661 1310 101 22 afseende
777 1310 72 28 dylika
863 1313 87 27 stränga
965 1319 36 14 an-

183 1338 218 29 svarsbestämningar
416 1339 83 21 komme
517 1342 31 19 att
562 1338 103 27 medföra,
679 1339 123 29 isynnerhet
817 1340 38 21 hos
871 1348 41 18 oss,
927 1340 38 22 der
978 1341 23 28 ju

182 1367 211 29 jernvägsföretagen
415 1368 48 21 icke
485 1370 36 19 äro
546 1368 135 28 synnerligen
703 1368 112 27 lukrativa,
837 1369 41 21 och
899 1369 38 21 der
952 1377 48 14 man

183 1396 97 21 minsann
302 1396 48 22 icke
372 1396 38 22 har
425 1397 65 27 något
505 1396 104 23 öfverflöd
625 1397 28 28 på
666 1398 118 28 jernvägar,
798 1398 110 21 tillkomna
923 1406 77 20 genom

183 1424 94 22 enskildt
292 1426 98 21 initiativ.

250 1454 31 21 At
296 1454 69 21 denna
380 1454 47 21 sida
441 1454 23 21 af
479 1454 65 21 saken
560 1454 38 22 har
612 1454 114 22 Utskottet
736 1456 47 20 icke
796 1458 64 25 egnat
868 1455 70 21 någon
948 1462 54 21 upp-

182 1481 149 22 märksamhet.
352 1482 53 21 Man
421 1490 62 21 synes
499 1482 55 22 dock
570 1482 47 22 haft
631 1485 43 19 rätt
688 1486 31 18 att
734 1483 99 22 förvänta
843 1483 37 22 det
912 1484 91 21 Utskottet
