1045 1684
215 93 41 21 272
462 99 25 16 R.
500 102 17 13 0.
529 98 22 17 A.
564 98 55 18 1897.
643 98 12 16 5
667 98 60 16 Mars.

188 166 95 28 aflöning
305 166 69 21 skulle
394 166 105 20 utbetalas
518 166 55 21 först
588 165 65 21 sedan
669 165 213 27 stenografkansliets
898 164 50 21 chef
962 164 48 22 med

189 196 60 25 intyg
271 194 23 21 af
316 193 102 22 Ständets
442 194 130 21 sekreterare
588 193 69 28 styrkt
672 194 32 26 sig
719 193 66 21 hafva
800 193 98 20 aflemnat
913 193 98 27 samtliga

188 222 28 28 pä
238 222 53 21 hans
313 221 127 29 tillgörande
463 221 156 22 ankommande
641 221 125 27 aktstycken
786 221 6 21 i
808 220 120 28 fullfärdigt
944 221 66 25 skick,

189 252 26 19 iin
231 251 40 21 ock
281 250 77 21 bifallit
365 250 74 28 gjorda
447 250 178 27 framställningar
633 249 90 21 rörande
731 249 158 28 aflöningarna
896 249 36 27 för
941 249 68 22 Stän-

189 279 45 21 dets
255 280 135 26 sekreterare,
410 279 94 21 kanslist
518 279 39 21 och
571 279 66 28 fiskal
651 278 113 27 äfvensom
779 278 37 28 för
829 279 42 20 den
886 278 35 27 för
936 278 74 21 landi-

189 308 114 27 dagstiden
326 309 99 26 antagna
445 307 142 28 betjeningen,
609 307 88 21 hvilken
720 307 93 28 aflöning
833 307 85 21 komme
933 310 31 18 att
978 307 35 20 för

189 336 84 27 mänad,
295 335 92 22 räknadt
408 336 48 21 frän
480 336 42 21 den
543 337 27 20 20
585 335 96 22 sistlidne
696 335 88 22 Januari
801 335 54 21 intill
871 335 141 28 landtdagens

189 365 127 26 afslutande,
332 365 104 21 utbetalas
452 365 47 21 med
515 364 95 29 följande
621 364 84 29 belopp,
712 364 105 28 nämligen
826 364 33 21 till
867 364 145 21 sekreteraren

190 395 60 25 1,000
266 393 66 28 mark,
347 393 33 21 till
395 393 123 26 kanslisten,
532 400 46 14 som
594 393 76 28 jemväl
686 394 105 27 tjenstgör
806 393 70 20 såsom
890 392 122 22 riddarhus-

189 422 66 26 fiskal,
267 423 42 20 400
318 421 66 27 mark,
391 422 32 21 till
432 429 25 14 en
465 422 144 21 vaktmästare
620 422 40 21 100
669 421 65 26 mark,
741 421 33 21 till
781 423 80 19 tvänne
870 422 142 21 vaktmästare

189 452 27 20 90
232 451 65 26 mark,
312 450 32 21 till
358 451 124 27 ytterligare
496 452 80 19 tvänne
587 450 148 25 vakimästare,
745 457 46 14 som
803 450 84 27 betjena
897 450 115 26 läktarena,

190 481 27 20 60
232 479 59 21 mark
306 479 111 21 äfvensom
433 479 30 20 till
479 479 279 25 riddarhusvaktmästaren,
773 478 70 21 säsom
854 479 118 28 ersättning
979 478 35 21 för

190 508 66 21 ökadt
271 507 71 21 arbete
358 508 68 21 under
440 507 179 28 landtdagstiden,
632 509 27 19 25
670 507 65 25 mark,
745 507 93 21 hvarhos
849 507 165 22 Statsutskottet

189 537 93 20 bestämt
297 539 31 18 att
335 537 30 20 uti
374 535 42 22 den
426 536 34 21 för
467 536 196 28 kanslipersonalen
671 535 114 22 faststälda
793 535 120 29 aflöningen
923 536 90 21 likasom

189 565 138 21 härförinnan
351 564 65 22 borde
439 565 121 28 inbegripas
584 565 144 27 ersättningen
750 564 35 21 för
805 564 171 29 ombesörjandet
990 564 23 21 af

190 594 42 21 den
248 593 35 22 vid
300 593 90 22 Ständet
405 593 141 22 förefallande
561 593 150 28 renskrifning.

543 736 117 24 Utskotten.

259 794 34 21 Hr
314 794 206 22 Landtmarskalken
544 794 131 26 meddelade,
697 796 32 19 att
750 794 153 22 Ordföranden
919 795 7 21 i
945 794 68 23 Kom-

189 823 178 22 munalutskottet
391 823 39 21 hos
455 823 78 21 honom
558 823 79 22 anmält
661 830 34 14 om
720 822 103 23 hbehofvet
845 823 23 22 af
890 824 123 29 ytterligare

189 854 80 20 tvänne
285 852 137 29 suppleanter
436 851 48 22 från
499 851 26 22 R.
540 859 18 14 o.
574 853 26 20 A.
615 853 7 20 i
639 851 117 22 Utskottet.

258 910 12 21 I
285 909 153 28 sammanhang
452 909 88 22 härmed
555 909 70 22 anhöll
641 909 65 21 äfven

258 967 34 22 Hr
312 968 28 21 A.
354 967 25 21 L.
394 974 51 14 von
460 967 143 28 Knorring
618 967 13 20 å
645 967 224 22 Ekonomiutskottets
886 969 81 28 vägnar
981 971 32 18 att

189 995 24 22 få
235 996 82 21 anmäla
339 999 32 18 att
392 996 78 27 jemväl
492 995 59 22 detta
572 995 90 22 Utskott
684 1003 51 14 vore
758 997 6 20 i
781 996 66 21 behof
865 996 23 21 af
903 1004 26 14 en
944 997 68 28 tredje

189 1025 113 28 suppleant
317 1024 48 21 frän
380 1025 26 20 R.
421 1032 18 13 o.
454 1025 27 21 A.

258 1081 72 21 Sedan
354 1081 26 21 R.
402 1088 19 14 o.
436 1082 26 20 A.
478 1081 48 21 med
542 1082 114 28 anledning
670 1082 62 20 häraf
747 1082 87 20 beslutit
849 1082 73 21 bifalla
936 1082 33 21 till
985 1082 27 21 de

187 1109 77 29 gjorda
285 1109 215 29 framställningarna,
522 1110 133 28 uppmanade
677 1110 35 21 Hr
727 1110 206 22 Landtmarskalken
948 1110 64 22 Stän-

190 1139 47 20 dets
253 1138 83 21 valmän
352 1140 31 19 att
398 1141 47 18 utse
461 1140 78 20 tvänne
555 1138 136 28 suppleanter
710 1140 2 20 i
724 1139 236 21 Kommunalutskottet
971 1140 40 20 och

189 1174 27 14 en
233 1166 114 29 suppleant
362 1167 6 20 i
383 1166 217 22 Ekonomiutskottet.

434 1308 116 23 Städernas
566 1308 199 29 auktionsmonopol.

257 1365 43 21 Till
315 1364 59 23 detta
388 1366 87 28 plenum
490 1365 54 22 hade
560 1366 109 28 bordlagts
685 1366 41 22 och
740 1366 112 29 föredrogs

258 1422 57 29 Lag-
336 1422 41 23 och
399 1423 222 23 Ekonomiutskottets
637 1424 136 23 betänkande
788 1425 42 22 N:o
846 1426 11 20 1
873 1426 8 20 i
896 1424 116 30 anledning

191 1451 23 21 af
235 1451 48 21 näd.
305 1459 59 20 prop.
382 1452 42 21 N:o
447 1453 18 25 5,
485 1452 111 27 angäende
617 1453 163 28 upphäfvandet
797 1454 22 21 af
834 1454 110 21 städernas
960 1454 51 21 auk-

188 1480 164 29 tionsmonopol.
