1056 1684
149 97 8 5 ”
217 92 105 26 Åtgärder
334 99 55 16 emot
400 98 182 22 skogssköflingen
595 100 8 16 i
616 99 109 17 Savolaks.
814 94 40 21 147

128 166 48 21 Här
197 166 39 21 har
258 166 73 22 vidare
353 169 84 19 nämnts
460 170 32 18 att
513 170 80 19 statens
608 168 150 22 mellankomst
772 168 112 28 härvidlag

60 194 48 22 icke
130 202 51 14 vore
203 194 28 29 på
246 196 33 19 sin
294 196 62 27 plats.
386 196 66 21 Detta
467 196 119 28 medgifver
600 198 36 27 jag
650 196 64 21 äfven
730 197 7 20 i
752 197 83 28 princip
850 196 34 21 så-

59 223 85 21 tillvida
158 226 32 18 att
204 224 35 27 jag
250 224 117 27 ingalunda
375 232 62 13 anser
445 227 31 18 att
484 227 68 18 staten
560 232 78 20 genom
646 225 32 21 sin
686 225 149 21 mellankomst
845 225 39 20 bör

58 251 78 22 hindra
157 252 134 21 industriella
313 252 85 28 företag
411 253 41 21 och
471 255 25 18 än
512 253 82 21 mindre
608 252 106 29 uppträda
729 260 45 14 som
791 253 94 21 konkur-

59 282 50 19 rent
130 282 44 19 mot
195 280 114 27 desamma,
325 288 46 13 men
387 282 35 27 jag
437 281 41 21 kan
494 281 48 21 icke
556 289 52 14 anse
622 285 32 17 att
668 281 47 22 skäl
729 281 40 21 här
784 289 50 14 vore
850 281 35 21 för

59 307 85 22 handen
167 311 37 24 att,
219 308 28 21 då
262 311 31 18 ett
308 309 93 21 enskildt
417 310 63 27 bolag
494 311 88 20 inrättat
596 317 27 14 en
639 310 67 21 sådan
720 309 103 27 rullbana,
838 317 46 14 som

59 337 22 22 vi
96 344 29 14 nu
140 337 162 22 konventionelt
317 338 50 28 vilja
378 338 57 21 kalla
442 338 40 22 den
494 338 163 28 ifrågavarande
665 338 219 28 flötningsförbindel-

60 373 44 19 sen,
118 365 48 22 icke
186 366 65 22 äfven
267 366 66 21 andra
348 366 71 22 kunde
433 369 53 26 göra
501 367 122 21 detsamma.
653 367 48 21 Den
716 367 65 26 firma,
795 375 46 13 som
851 368 34 20 in-

59 396 65 20 rättat
138 394 70 22 denna
223 395 103 26 rullbana,
341 395 38 22 har
389 396 44 28 mig
442 395 116 28 veterligen
569 396 48 21 icke
629 395 83 22 erhållit
720 395 128 22 koncession
856 395 28 29 på

60 423 128 22 densamma.
217 424 45 21 Det
279 424 44 21 står
342 424 73 21 derför
429 425 63 21 hvem
506 432 46 13 som
567 425 56 21 helst
637 425 47 21 fritt
700 427 31 19 att
746 424 52 28 följa
813 432 71 13 exem-

59 453 51 28 plet;
133 452 40 22 och
195 453 89 21 hvarför
299 453 68 21 skulle
382 453 68 22 under
465 453 79 22 sådana
560 453 181 28 omständigheter
755 453 48 21 icke
819 453 65 21 äfven

60 484 69 19 staten
151 481 33 21 till
206 481 71 22 fördel
298 481 35 21 för
355 481 165 29 befolkningens
542 483 6 20 i
571 489 27 14 en
613 485 45 18 stor
672 481 98 22 landsdel
785 481 100 22 välstånd

60 511 72 20 kunna
154 511 52 26 göra
229 510 122 21 detsamma.
381 510 137 28 Svårigheter
539 512 57 19 möta
618 511 128 28 visserligen
767 510 38 21 vid
822 510 63 21 reali-

60 538 100 22 serandet
180 539 23 20 af
221 539 84 28 planen.
333 538 43 29 Jag
390 539 67 28 vågar
471 539 48 22 icke
535 539 61 29 påstå
611 539 37 21 det
663 539 70 21 såsom
749 541 31 19 ett
794 539 91 26 faktum,

60 575 48 14 men
129 567 35 28 jag
185 567 39 21 har
241 567 49 21 hört
304 567 122 28 uppgifvas,
441 571 32 18 att
487 568 27 21 de
529 568 83 25 ställen,
626 567 39 22 der
680 575 26 14 en
721 567 67 22 sådan
803 567 80 21 förbin-

60 596 59 21 delse
143 595 48 22 med
212 597 77 20 minsta
311 596 116 21 kostnader
449 596 72 22 kunde
543 596 164 27 åstadkommas,
725 595 107 22 allaredan
847 597 37 19 äro

60 625 94 27 inköpta.
184 624 73 21 Skulle
281 625 72 21 derför
375 627 71 19 staten
468 625 83 21 besluta
573 626 33 26 sig
625 625 35 20 för
674 625 131 21 inrättandet
819 624 24 20 af
857 631 26 13 en

60 653 68 22 sådan
150 652 61 27 bana,
233 653 24 21 så
279 654 69 20 skulle
371 654 64 21 äfven
455 654 143 21 kostnaderna
613 653 34 21 för
662 653 123 21 densamma
799 652 85 22 komma

60 685 32 18 att
106 682 55 27 stiga
175 682 34 21 till
216 682 73 28 något
304 682 65 28 högre
390 684 27 19 än
439 682 34 21 för
488 682 42 22 den
545 683 65 25 firma,
624 689 46 14 som
685 682 55 20 först
754 682 88 21 inrättat
857 688 27 14 en

60 710 102 22 liknande
183 710 62 22 bana.
274 711 75 22 Äfven
373 711 226 28 exploitationsfrågan
620 710 96 22 kommer
737 713 32 19 att
784 710 59 29 spela
859 717 26 14 en

61 742 45 19 stor
120 740 38 25 rol,
172 746 49 14 men
235 740 40 21 alla
291 740 62 21 dessa
369 739 72 28 frågor
455 739 71 22 kuude
541 740 110 27 lätteligen
662 746 77 21 genom
749 738 136 28 vederbörlig

61 768 162 28 undersökning
237 769 8 20 i
260 768 66 22 saken
342 768 115 28 klargöras.

129 797 53 21 Man
203 796 38 22 har
264 797 66 21 äfven
348 797 97 21 anmärkt
460 800 31 18 att
506 797 174 21 slutklämmarna
695 797 55 21 varit
764 795 121 23 sväfvande

61 825 108 22 affattade.
197 825 106 22 Häremot
327 826 38 21 vill
388 826 35 27 jag
445 826 103 27 genmäla,
570 828 32 19 att
622 826 36 27 jag
677 826 7 19 i
706 826 49 20 mitt
774 825 112 28 petitions-

61 855 109 21 memorial
192 853 77 22 endast
291 855 58 21 velat
368 854 58 21 fästa
447 854 214 29 uppmärksamheten
684 853 28 28 pä
734 853 66 28 några
819 853 66 28 enligt

61 884 44 20 min
127 883 56 28 äsigt
200 883 101 28 lämpliga
319 883 104 28 åtgärder,
439 890 43 13 som
499 886 69 18 staten
583 883 72 21 kunde
670 882 88 28 vidtaga
773 883 7 20 i
795 881 41 22 och
851 881 35 22 för

61 911 102 29 höjandet
178 911 23 22 af
216 911 139 28 skogspriset,
369 919 48 14 men
433 911 62 22 dessa
509 911 99 28 åtgärder
618 913 37 19 äro
664 910 115 28 ingalunda
790 910 25 21 de
824 910 61 27 enda,

62 947 46 14 som
132 940 33 21 stä
186 942 69 20 staten
278 940 33 21 till
329 940 60 26 buds,
404 940 46 21 ifall
466 940 40 21 den
522 940 68 21 skulle
605 940 51 28 vilja
671 939 112 28 härvidlag
797 939 89 28 ingripa.

62 969 40 21 Ett
125 969 75 26 medel,
222 976 45 14 som
289 970 36 27 jag
347 969 66 21 likväl
435 969 76 22 tvekar
532 972 32 18 att
585 969 73 26 uttala,
681 967 90 22 emedan
785 968 35 27 jag
835 967 52 28 föga

62 999 151 27 sympatiserar
237 997 49 22 med
311 998 122 27 detsamma,
455 1005 51 14 vore
528 1000 32 19 att
582 1000 70 19 staten
671 997 68 21 skulle
758 1003 77 21 genom
855 998 32 19 att

62 1027 101 27 uppköpa
193 1027 78 27 skogar
299 1026 24 21 af
351 1026 98 21 enskilda
474 1026 49 28 sjelf
550 1025 106 29 uppträda
678 1033 46 14 som
749 1025 137 20 konkurrent.

62 1054 83 22 Försök
166 1056 7 20 i
195 1055 66 21 sådan
283 1054 96 28 riktning
401 1054 67 22 hafva
490 1054 65 22 äfven
578 1054 72 22 blifvit
666 1053 76 29 gjorda
758 1053 26 21 bl.
799 1060 18 14 a.
832 1054 8 20 i
855 1052 33 22 S:t

62 1083 92 22 Michels
169 1084 41 21 län.

131 1112 43 28 Jag
195 1112 96 22 kommer
313 1112 67 21 sedan
403 1112 32 21 till
457 1112 73 28 frågan
554 1119 34 14 om
609 1111 42 21 den
666 1111 46 21 lösa
727 1110 160 27 befolkningen.

63 1142 41 27 Jag
127 1141 38 21 har
186 1142 7 20 i
215 1141 138 27 inledningen
369 1141 32 21 till
416 1142 44 20 min
474 1141 90 29 petition
580 1140 70 22 berört
666 1140 36 20 det
717 1138 109 27 samband,
841 1146 46 13 som

63 1170 69 22 måste
154 1177 63 14 anses
238 1170 115 21 förefinnas
374 1170 77 21 mellan
474 1170 41 21 den
536 1168 66 22 redan
624 1168 69 21 under
707 1168 51 21 flere
773 1167 115 21 decennier

80 1198 96 28 ågående
198 1198 111 22 forcerade
329 1198 220 28 skogsafverkningen
565 1198 40 21 och
620 1197 112 21 tillväxten
748 1196 22 22 af
786 1196 41 20 den
841 1195 47 21 lösa

64 1207 155 48 befolkningen
241 1230 55 18 samt
317 1226 278 28 jordbruksförhållandena
616 1226 8 20 i
639 1226 71 27 öfrigt.
740 1224 93 28 Mången
849 1224 39 20 har

64 1258 53 20 trott
132 1256 33 28 sig
179 1256 70 21 häruti
264 1264 22 13 se
301 1255 149 28 kärnpunkten
466 1256 7 20 i
488 1256 48 20 mitt
550 1254 218 29 petitionsmemorial.
797 1252 48 21 Min
855 1252 33 21 af-

64 1286 44 28 sigt
129 1292 39 14 var
189 1284 56 22 blott
259 1287 32 19 att
305 1286 8 20 i
328 1284 85 21 korthet
428 1284 112 22 framhålla
554 1284 28 20 de
597 1283 121 28 beklagliga
732 1280 157 27 förhållanden,

65 1321 46 13 som
131 1314 8 19 i
160 1313 59 20 detta
241 1313 102 20 afseende
365 1313 53 19 råda
438 1314 7 18 i
467 1313 62 20 dessa
549 1312 75 20 hittills
645 1312 52 26 föga
716 1311 72 19 kända
802 1310 87 20 trakter.

64 1342 54 20 Men
141 1340 28 21 då
190 1348 29 13 nu
241 1340 72 21 denna
335 1340 62 27 fråga
412 1340 72 21 blifvit
503 1339 83 26 berörd,
601 1339 37 21 vill
652 1339 36 27 jag
702 1338 67 21 uttala
784 1344 45 14 som
844 1338 44 19 min

65 1370 99 28 lifligaste
179 1369 152 28 öfvertygelse,
346 1370 37 24 att,
395 1375 34 14 om
440 1368 162 21 förhällandena
611 1366 133 22 fortfarande
754 1366 24 21 få
787 1364 101 22 utveckla

66 1399 34 28 sig
114 1398 71 22 såsom
200 1398 81 26 hittills,
295 1405 50 14 man
360 1397 57 21 inom
433 1404 26 14 en
474 1397 48 21 icke
537 1397 92 27 aflägsen
642 1395 87 21 framtid
739 1395 55 21 skall
803 1394 86 22 komma

68 1427 80 22 derhän
162 1429 32 19 att
209 1434 26 14 en
251 1429 44 19 stor
310 1425 107 23 landsdels
433 1426 136 28 befolknings
585 1424 139 22 ekonomiska
738 1422 91 23 bestånd
844 1422 46 21 helt

68 1456 40 22 och
123 1456 66 21 hållet
203 1456 95 21 kommer
313 1458 32 19 att
359 1455 75 21 basera
449 1456 33 27 sig
497 1455 54 21 blott
566 1454 40 21 och
621 1453 49 21 bart
684 1453 28 28 på
726 1452 42 21 den
783 1452 107 32 dagspen-

67 1486 52 28 ning
143 1484 122 22 densamma
288 1484 42 21 kan
353 1483 78 22 erhålla
453 1491 77 20 genom
545 1483 73 22 arbete
633 1481 34 22 för
682 1481 72 28 andra,
769 1488 50 15 vare
834 1481 33 27 sig
882 1487 8 13 i
