1053 1686
324 100 24 17 R.
362 104 17 13 0.
392 100 22 17 A.
427 101 55 18 1897.
495 101 25 17 26
532 101 61 19 Mars.
794 97 40 21 393

156 197 146 34 Fredagen
320 197 56 27 den
394 196 36 28 26
447 198 76 26 Mars
541 197 39 27 kl.
600 198 51 28 '/,7
670 204 22 19 e.
709 205 35 19 m.

116 259 71 21 Sedan
203 263 84 18 senaste
317 260 72 21 plenum
404 260 54 21 hade
471 260 75 28 pollett
562 260 106 21 äterstälts
679 260 34 21 för
725 260 70 27 adliga
805 261 58 19 ätten

43 287 42 21 N:o
100 289 19 24 4,
135 287 101 28 Uggla,
252 288 22 21 af
313 295 33 14 Herr
361 287 49 22 Carl
425 288 77 21 Alfred
519 287 95 28 Uggla,
629 288 94 27 Kapten,
738 287 125 22 Krigskom-

44 316 102 26 missarie,
160 316 41 21 och
212 317 89 27 uttagits
316 316 35 21 för
366 323 78 14 samma
460 318 31 19 ätt
506 316 23 21 af
543 316 57 21 Herr
614 316 56 21 John
680 315 76 22 Rafael
794 315 70 29 Uggla,

45 343 229 30 Vicehäradshöfding.

112 488 201 29 Protokollsutdrag
328 488 96 22 öfver
403 483 24 39 R.
440 496 18 14 o.
474 489 38 22 A:s
527 489 85 28 plenum
627 488 42 21 den
684 490 27 20 23
727 488 81 22 dennes
823 487 41 23 fat-

44 517 49 22 tade
110 517 70 22 beslut
195 517 109 29 upplästes
320 517 32 22 till
366 518 104 28 justering
485 517 40 22 och
539 517 131 28 godkändes.

396 661 115 23 Utskotten.

112 719 57 22 Frän
192 719 100 22 Ständets
316 719 84 22 valmän
421 719 55 22 hade
496 719 68 28 ingätt
587 722 30 18 ett
639 719 23 21 af
684 720 26 20 20
732 718 64 22 bland
814 718 48 22 dem

46 748 170 22 undertecknadt
238 748 148 28 valprotokoll,
406 748 114 22 utvisande
542 751 31 19 att
590 748 33 21 till
638 748 113 28 suppleant
766 748 6 20 i
789 747 72 23 Stats-

44 778 102 21 utskottet
161 780 76 18 utsetts
252 777 58 22 Herr
325 776 85 29 George
426 776 134 22 Granfelt
575 776 48 22 med
638 778 27 20 20
680 778 73 20 röster.

111 913 21 29 Ä
154 920 221 28 Jernvägsutskottets
398 921 81 26 vägnar
500 919 97 22 anmälde
615 920 33 21 Hr
664 919 29 22 M.
708 919 82 24 von
794 921 68 19 Haart-

44 956 63 20 man,
129 951 32 19 att
182 951 50 19 enär
254 956 26 14 en
303 948 24 21 af
347 948 124 22 Utskottets
492 949 141 28 suppleanter,
650 948 35 21 Hr
703 948 25 21 R.
744 947 119 29 Gripen-

45 978 72 28 berg,
129 978 7 21 i
151 977 255 29 tjensteangelägenheter
421 977 66 21 afrest
501 978 32 21 till
549 977 80 22 utrikes
645 979 38 24 ort,
695 977 41 21 och
746 976 42 22 den
798 976 65 21 andra

44 1007 148 28 suppleanten,
207 1006 35 21 Hr
252 1005 177 28 Tigerstedt,
445 1005 64 22 äfven
525 1006 22 21 af
562 1007 32 20 sin
610 1007 64 27 tjenst
688 1005 46 22 ofta
749 1005 114 21 hindrades

45 1037 31 19 att
91 1035 35 22 vid
144 1035 66 22 behof
224 1035 84 21 inträda
322 1035 8 20 i
347 1034 116 26 Utskottet,
478 1035 75 28 nödigt
567 1041 52 15 vore
633 1037 31 18 att
679 1042 26 13 en
720 1033 68 30 tredje
799 1041 64 21 supp-

45 1064 57 21 leant
117 1065 7 20 i
139 1063 211 28 Jernvägsutskottet
365 1063 72 22 blefve
452 1063 83 22 utsedd.

113 1121 35 21 Då
168 1121 26 21 R.
215 1128 18 13 o.
255 1121 27 21 A.
304 1120 70 22 härtill
394 1120 125 28 samtyckte,
539 1119 133 29 uppmanade
687 1119 35 21 Hr
736 1119 127 21 Landtmar-

46 1149 88 21 skalken
158 1149 101 22 Ständets
281 1149 85 21 valmän
388 1151 32 19 att
441 1149 78 28 invälja
540 1148 123 28 ytterligare
684 1156 26 13 en
730 1148 134 28 suppleant
849 1144 20 37 i

45 1177 217 28 Jernvägsutskottet.

115 1313 42 20 Till
173 1313 175 20 nästkommande
363 1313 92 27 plenum,
467 1313 108 26 Tisdagen
591 1312 41 20 den
648 1313 26 20 30
685 1312 80 21 dennes
776 1312 28 20 kl.
817 1313 26 26 !/,
858 1314 5 19 7

47 1349 17 14 e.
79 1349 26 13 m.
121 1340 113 22 bordlades
249 1341 96 27 följande
360 1341 100 20 inkomna
475 1340 102 21 ärenden:

115 1399 163 28 Lagutskottets
294 1399 113 21 skrifvelse
422 1397 132 23 beträffande
569 1397 27 22 de
612 1397 75 28 beslut,
699 1397 60 21 hvari
770 1395 96 23 Stånden

47 1430 86 20 stannat
147 1427 36 23 vid
200 1428 156 22 behandlingen
372 1428 22 21 af
409 1427 123 23 Utskottets
548 1426 134 23 betänkande
696 1425 41 23 N:o
754 1426 28 22 1i
794 1425 73 22 anled-

46 1457 52 27 ning
118 1457 23 21 af
161 1456 48 22 nåd.
230 1464 59 22 prop.
328 1464 19 14 N:o
370 1458 27 20 14
420 1456 109 30 angående
553 1455 136 29 ansvarighet
711 1455 35 21 för
764 1454 74 24 skada
856 1454 10 22 i

47 1485 64 29 följd
127 1486 27 23 af
163 1485 187 30 jernvägsdrift.
