1061 1686
228 107 40 20 124
473 113 24 16 R.
511 117 16 12 0.
540 112 22 17 A.
576 112 56 17 1897.
653 112 15 17 8
680 111 57 18 Febr.

196 179 157 28 hjertansvärdt
374 180 41 21 och
437 180 88 28 förtjent
546 182 32 19 att
599 180 23 21 af
644 179 133 28 lagstiftaren
798 179 109 28 grundligt
922 179 94 28 ompröf-

197 215 45 14 vas.
264 208 64 21 Dock
343 215 62 21 synes
421 209 43 26 mig
479 208 103 27 förslaget
596 216 33 13 om
645 210 32 19 att
691 207 141 28 minderäriga
848 207 39 22 och
902 207 115 28 omyndiga

196 236 49 21 icke
268 236 68 21 skulle
358 236 22 21 få
402 239 87 25 antagas
510 237 8 20 i
537 237 64 28 tjenst
617 237 13 20 å
645 235 104 22 värdshus
765 236 39 21 och
820 236 82 25 ställen,
917 235 38 22 der
970 243 47 14 rus-

197 264 91 28 drycker
298 265 122 25 utskänkas,
430 265 72 21 alltför
511 265 92 21 radikalt
618 265 40 21 och
669 265 33 20 för
710 265 85 27 mycket
805 264 159 22 inskränkande
974 264 43 21 den

196 293 121 29 personliga
338 294 98 21 friheten.
465 293 41 29 Jag
525 296 45 19 tror
584 294 65 22 äfven
665 296 31 19 att
710 294 8 20 i
733 294 54 20 intet
801 296 65 18 annat
880 292 50 22 land
945 292 70 29 någon

196 322 150 22 motsvarande
369 323 132 27 bestämning
525 322 71 22 finnes.
626 322 66 22 Detta
712 322 80 28 förslag
811 322 68 21 skulle
894 322 99 28 slutligen
1009 322 7 20 i

196 352 47 20 sina
258 351 158 28 konseqvenser
430 351 49 22 leda
494 351 80 21 derhän
590 354 32 18 att
636 351 178 22 värdshusidkare
826 351 40 21 och
877 351 88 28 krögare
977 358 40 14 un-

196 380 39 21 der
247 379 129 21 utöfvandet
390 380 23 20 af
427 381 34 20 sin
476 380 75 28 näring
565 380 48 21 icke
628 380 68 21 skulle
711 380 24 20 få
750 379 83 29 betjena
849 380 33 28 sig
897 380 28 26 af,
936 380 21 28 ja
968 380 48 20 icke

196 416 38 13 ens
255 408 23 21 få
292 408 56 21 hålla
362 408 85 22 hemma
461 410 46 20 sina
523 416 54 20 egna
591 409 142 27 minderåriga
749 408 57 21 barn.
836 408 73 21 Ehuru
925 408 90 22 sålunda

196 432 233 58 potonsrmemorielet
451 436 48 22 med
522 437 101 21 afseende
644 437 13 21 å
675 438 37 20 sitt
727 436 99 29 syftemäl
841 438 23 19 är
879 437 81 27 ganska
978 436 38 22 be-

210 465 149 29 jertansvärdt,
378 466 24 20 så
421 466 42 21 kan
485 466 35 28 jag
541 466 56 20 dock
616 466 48 21 icke
683 466 34 21 för
732 466 43 21 min
791 465 34 21 del
840 466 115 26 godkänna
970 465 47 21 det-

196 502 80 13 samma
291 494 67 21 under
373 494 41 21 den
430 494 61 26 form,
512 495 7 21 i
542 494 88 21 hvilken
646 494 36 21 det
696 502 29 13 nu
743 494 121 28 föreligger,
878 494 88 21 hvarför
979 494 36 28 jag

196 522 65 22 äfven
277 522 108 22 vördsamt
400 523 65 27 vågar
480 522 79 22 föreslå
574 526 31 18 att
619 524 118 27 petitionen
752 523 48 21 icke
815 522 65 22 måtte
895 523 33 21 till
944 523 70 28 någon

196 551 75 28 åtgärd
286 551 48 21 från
348 551 26 21 R.
390 558 18 14 o.
424 552 39 21 A:s
479 552 47 21 sida
541 551 119 21 föranleda.

264 609 58 21 Frih.
342 616 42 13 von
399 609 132 22 Alfthan:
554 609 11 21 I
580 609 67 20 likhet
661 609 48 21 med
725 609 42 21 den
782 611 84 19 senaste
882 609 63 22 ärade
960 609 54 21 tala-

195 645 38 13 ren
248 637 67 22 finner
330 637 64 21 äfven
409 638 36 27 jag
460 640 31 19 att
506 637 36 22 det
556 637 147 28 föreliggande
717 637 206 29 petitionsförslaget
933 638 82 21 kanske

195 666 39 27 går
256 666 66 27 något
343 666 34 21 för
398 666 65 27 långt.
492 666 42 27 Jag
556 669 37 19 vet
614 666 48 21 icke
683 673 34 14 om
738 666 41 21 den
795 666 63 21 ärade
873 667 142 27 petitionären

196 695 121 27 egentligen
340 694 61 21 tänkt
422 695 33 27 sig
475 695 102 28 förslaget
597 694 120 29 tillämpadt
741 695 6 20 i
763 695 24 21 så
801 694 83 21 radikal
898 695 56 21 form
969 702 46 14 som

197 723 48 26 den,
262 723 34 20 för
310 723 87 20 hvilken
413 722 34 21 Hr
462 730 42 14 von
520 723 117 21 Haartman
653 730 50 21 nyss
718 723 39 28 gaf
772 726 31 18 ett
814 723 91 21 uttryck.
935 723 43 21 Om
993 724 22 20 vi

197 751 92 21 betänka
304 754 31 18 att
350 751 66 27 enligt
431 751 35 28 lag
481 759 26 13 en
523 753 79 26 qvinna
616 751 56 21 först
687 751 36 22 vid
737 753 28 20 25
780 751 34 22 års
830 751 59 22 ålder
903 752 41 21 blir
956 759 60 21 myn-

196 779 43 28 dig,
262 779 24 21 så
305 780 68 21 skulle
389 787 25 13 en
431 780 80 27 qvinna
526 781 67 20 under
608 781 27 20 25
651 779 24 22 år
690 781 17 27 ej
723 781 33 20 till
771 780 65 28 något
852 780 76 21 sådant
943 781 72 20 arbete

196 807 14 22 å
226 809 166 20 restaurationer
413 808 72 21 kunna
506 809 106 21 anställas.
646 808 36 21 Nu
705 811 22 18 är
750 808 37 22 det
807 809 22 28 ju
849 809 61 28 fråga
930 817 34 13 om
985 812 31 18 att

196 837 67 20 sänka
278 837 104 27 qvinnans
398 837 196 27 myndighetsålder
607 837 31 21 till
654 838 26 20 21
697 837 29 26 år,
743 844 49 14 men
810 838 64 21 äfven
885 837 48 21 med
946 837 71 21 denna

197 865 133 28 åldersgräns
346 865 68 21 skulle
430 865 35 21 väl
480 865 122 28 härigenom
613 865 80 21 införas
704 873 26 13 en
740 866 100 28 temligen
852 868 44 19 stor
905 866 112 21 inskränk-

196 894 52 27 ning
267 894 23 20 af
309 894 80 21 hennes
405 894 157 28 näringsfrihet.
592 895 40 21 Att
646 894 66 21 likväl
727 894 41 22 alla
783 895 133 28 stadganden
932 895 7 21 i
953 894 63 28 fråga

197 930 34 14 om
253 922 134 28 åldersgräns
402 923 83 26 saknas,
501 923 66 21 måste
583 924 35 20 väl
634 923 106 21 betraktas
757 930 44 14 som
817 931 26 13 en
859 924 59 26 brist,
932 926 24 25 ty
971 924 45 20 ofta

197 950 100 22 anträffas
313 951 13 21 å
340 952 164 20 restaurationer
518 954 42 18 rätt
575 960 56 20 unga
647 952 52 21 barn
713 952 8 20 i
736 959 26 14 en
778 952 60 21 ålder
852 953 24 21 af
893 953 32 25 12,
938 953 25 20 13
975 952 40 21 och

198 980 27 21 14
246 980 29 21 år.
305 980 41 20 Att
366 980 52 21 barn
433 981 8 20 i
456 980 70 21 denna
540 980 60 22 ålder
615 980 141 28 ovilkorligen
771 980 61 22 skola
846 984 50 25 taga
911 980 67 22 skada
993 980 23 22 af

196 1008 42 22 den
260 1008 135 22 verksamhet
417 1008 26 22 de
463 1008 38 21 der
519 1009 75 21 utöfva
609 1011 23 19 är
646 1010 23 27 ju
684 1009 165 28 otvifvelaktigt.
879 1010 35 20 Dä
929 1009 37 21 det
980 1009 34 21 sä-

196 1036 66 22 lunda
276 1044 63 21 synes
354 1038 43 27 mig
412 1037 128 21 motiveradt
555 1040 31 19 att
601 1038 70 28 nägon
686 1037 134 29 äldersgräns
835 1038 35 21 för
878 1038 137 27 deltagandet

196 1066 8 20 i
219 1065 66 22 sådan
300 1065 127 28 handtering
441 1066 66 21 måtte
523 1066 121 26 fastställas,
660 1066 24 21 sä
699 1066 37 22 ber
747 1067 41 27 jag,
799 1074 34 14 om
842 1068 36 26 jag
888 1066 67 22 också
966 1066 48 22 icke

196 1094 42 20 kan
258 1094 28 28 gä
303 1094 49 20 fullt
367 1094 25 21 sä
407 1094 65 28 längt,
487 1102 45 14 som
548 1094 37 22 det
599 1095 107 21 förefaller
721 1095 43 27 mig
779 1097 31 19 att
825 1095 41 21 den
882 1095 63 21 ärade
961 1095 53 27 peti-

196 1123 97 20 tionären
315 1122 74 28 syftar,
407 1122 24 21 fä
451 1123 86 21 förorda
559 1124 75 20 remiss
652 1124 23 20 af
690 1124 203 27 petitionsförslaget
908 1124 33 21 till
956 1123 59 21 Eko-

196 1150 169 22 nomiutskottet.

265 1208 34 21 Hr
314 1207 26 22 G.
355 1207 58 22 E.af
428 1208 164 21 Hällström:
609 1208 89 28 Pyydän
711 1208 66 21 saada
791 1209 115 21 kannattaa
917 1216 99 14 anomus-

196 1235 120 28 ehdotusta,
331 1237 87 20 toivoen
433 1236 58 21 ett'ei
502 1236 64 27 Sääty
576 1236 45 21 tule
633 1239 112 18 antamaan
756 1244 126 21 suurempaa
891 1244 65 14 arvoa
969 1237 46 21 sille

197 1263 166 26 vaatimukselle,
383 1264 50 27 joka
455 1264 63 21 täällä
538 1271 28 14 on
584 1264 60 27 tehty
664 1265 56 20 koko
743 1264 133 21 ehdotuksen
898 1265 117 28 hylkäämi-

196 1293 62 20 sestä.
288 1291 87 22 Vaikka
390 1292 127 21 ulkomaalla
533 1293 19 20 ei
567 1292 153 21 mentäisikään
736 1294 44 20 niin
795 1293 87 28 pitkälle
897 1293 119 22 vaatimuk-

196 1321 54 20 sissa
264 1321 98 28 puheena
371 1320 77 22 olevan
460 1321 59 21 asian
531 1321 174 28 järjestämisessä
717 1321 52 22 kuin
779 1322 76 27 meillä,
865 1323 45 20 niin
921 1330 27 13 on
958 1322 57 29 hyvä

196 1351 44 19 että
258 1350 58 27 pieni
331 1349 66 22 kansa
411 1349 74 28 joskus
501 1351 35 20 voi
552 1352 60 19 astua
626 1349 71 29 hyvän
713 1350 159 29 palveluksessa
887 1351 128 29 kehityksen

196 1378 126 28 etupäähän.
344 1378 89 28 Pyydän
449 1378 65 21 saada
528 1379 115 21 kannattaa
654 1378 133 23 ehdotuksen
797 1379 143 22 lähettämistä
952 1381 65 22 valio-

196 1406 100 22 kuntaan.

264 1463 35 21 Hr
319 1464 26 21 A.
364 1464 25 21 L.
408 1471 42 14 von
470 1464 151 29 Knorring:
643 1459 74 27 Äfven
735 1466 36 28 jag
785 1465 43 22 kan
842 1465 49 21 icke
905 1465 112 22 underläta

196 1495 31 19 att
241 1492 57 21 finna
312 1492 42 22 den
369 1492 64 22 ärade
448 1494 154 27 petitionärens
616 1494 96 28 yrkande
727 1494 28 28 gä
769 1494 66 28 nägot
846 1494 35 22 för
892 1494 65 28 längt,
967 1502 49 14 men
