1061 1692
169 101 254 23 Undervisningsspräket
434 103 8 17 i
453 103 76 21 kyrko-
541 108 17 12 o.
570 103 100 17 Finlands
681 103 94 17 historia.
808 97 41 21 437

58 170 27 22 R.
105 172 31 20 0."
145 171 23 21 A.
184 171 48 21 icke
247 171 65 21 häfda
328 171 27 29 pä
369 171 67 29 något
450 174 65 19 annat
530 173 42 20 sätt
586 173 27 19 än
628 179 76 21 genom
719 174 32 19 att
765 171 113 29 godkänna

58 199 125 22 Utskottets
198 200 142 21 betänkande.

127 255 34 21 Hr
173 263 52 14 von
246 256 165 22 Bonsdorff:
439 256 35 21 Dä
496 257 36 27 jag
552 256 146 22 understödde
719 257 159 21 reservationen

58 284 42 22 N:o
123 285 19 25 2,
164 291 38 14 var
222 285 35 27 jag
275 292 43 20 nog
333 284 112 22 medveten
461 292 34 14 om
511 284 141 28 svagheterna
666 285 8 20 i
689 285 49 21 dess
753 284 62 26 kläm,
830 292 48 14 men

58 312 38 22 vid
110 312 122 29 jemförelse
247 313 48 21 med
310 312 123 22 Utskottets
445 313 134 21 betänkande
592 313 41 21 och
643 314 159 20 reservationen
809 313 42 21 N:o
860 314 19 27 1,

58 340 67 30 ansäg
139 342 36 28 jag
189 341 42 22 den
248 342 48 21 bäst
310 344 107 19 motsvara
432 342 43 21 min
490 342 123 29 uppfattning
643 342 7 20 i
666 342 71 21 saken.
760 341 70 23 Sedan
842 342 37 28 jag

58 370 124 28 begagnade
198 370 44 28 mig
256 370 23 22 af
291 370 66 27 ordet,
372 370 39 22 har
425 370 118 22 emellertid
558 370 34 22 Hr
607 345 147 58 Wallensköld
765 371 48 21 icke
824 370 54 22 blott

58 399 77 21 uttalat
157 406 80 15 samma
259 400 138 28 synpunkter,
419 407 45 14 som
479 400 36 28 jag
530 400 56 21 velat
601 400 65 22 hafva
681 399 131 27 framhållna,
827 402 51 19 utan

59 428 64 22 äfven
139 428 125 21 formulerat
278 429 38 20 sitt
329 428 102 29 yrkande.
461 428 34 21 Då
510 428 69 22 denna
594 428 139 28 formulering
748 428 88 22 innebär
851 436 27 14 en

58 456 128 29 förbättring
207 456 23 22 af
251 457 106 22 klämmen
377 458 7 20 i
407 458 158 21 reservationen
587 457 43 21 N:o
654 458 12 21 2
688 457 41 21 och
743 457 78 21 uttalar
836 457 42 21 den

58 486 138 28 uppfattning
218 486 36 28 jag
275 486 69 28 hyser,
363 486 25 21 så
406 486 42 21 kan
469 486 35 28 jag
523 486 52 28 godt
595 486 77 28 frångå
690 486 48 21 mitt
752 486 67 21 första
834 486 44 21 för-

59 515 46 27 slag
126 514 40 22 och
184 514 87 22 förenar
285 516 44 27 mig
344 522 34 14 om
394 514 36 22 det
451 515 22 21 af
489 516 34 20 Hr
537 514 148 23 Wallensköld
700 514 119 22 stiliserade
834 515 44 21 för-

59 543 67 28 slaget
140 544 33 20 till
188 543 75 22 beslut.

126 600 34 22 Hr
181 600 81 22 Rein:
285 600 42 28 Jag
348 600 39 22 har
405 603 71 19 ansett
491 602 43 27 mig
548 600 52 22 böra
615 600 79 29 begära
709 601 60 21 ordet
784 601 7 21 i
806 600 72 22 anled-

57 630 52 27 ning
131 629 24 21 af
177 631 31 19 ett
229 630 106 28 yttrande,
350 637 45 13 som
410 637 50 21 nyss
476 630 69 21 fäldes
561 630 23 21 af
599 637 26 13 en
640 630 50 21 ärad
706 630 173 26 ståndsmedlem,

57 658 58 21 Frih.
130 666 43 14 von
188 658 64 22 Born.
275 658 57 22 Frih.
348 665 42 14 von
405 658 58 22 Born
479 658 93 29 antydde
588 661 32 19 att
634 658 66 28 något
714 658 24 22 af
753 658 27 22 de
794 659 85 27 partier,

58 694 45 14 som
125 687 37 22 vid
183 688 142 20 1877—1878
345 687 61 21 årens
421 686 103 29 landtdag
539 687 147 22 åstadkommo
702 686 37 22 det
753 687 28 21 då
795 686 83 22 fattade

57 715 94 22 beslutet
171 716 7 20 i
199 716 129 28 skolfrågan,
344 715 120 22 sedermera
479 716 68 21 skulle
562 716 66 21 hafva
647 716 142 28 undandragit
804 716 32 27 sig
852 715 26 23 de

57 744 150 28 förpligtelser,
228 752 45 14 som
296 744 26 22 de
342 744 27 22 då
389 744 73 28 ingått.
491 744 42 29 Jag
552 745 39 21 har
612 744 59 22 svårt
685 747 32 19 att
737 744 69 22 förstå
820 744 58 22 Frih.

58 780 43 14 von
123 773 70 21 Borns
215 773 100 28 yttrande
338 773 132 21 annorlunda
492 775 27 19 än
534 774 30 26 så,
579 776 31 18 att
625 773 41 21 han
681 773 58 21 velat
754 773 79 29 antyda
848 775 31 19 att

58 801 34 27 de,
113 802 75 21 hvilka
210 802 101 21 särskildt
334 802 140 21 intresserade
497 803 33 27 sig
552 802 34 21 för
601 801 199 22 åstadkommandet
814 802 23 20 af
852 809 27 13 en

57 830 66 27 högre
139 830 145 28 skolbildning
303 831 29 28 på
352 830 68 21 finska
435 830 94 27 språket,
543 830 69 22 skulle
628 831 55 21 varit
698 830 33 26 de,
746 838 46 13 som
807 830 71 21 seder-

58 866 58 14 mera
131 858 142 28 undandragit
285 860 33 27 sig
329 859 26 21 de
365 859 144 21 förbindelser
521 859 26 21 de
559 859 93 28 ingingo.
672 859 40 21 Att
723 858 156 22 öfverhufvud-

58 889 59 26 taget
139 887 42 26 det,
203 895 46 13 som
271 895 49 14 man
341 887 54 21 både
418 887 29 28 på
468 887 37 22 det
520 895 39 14 ena
574 887 42 21 och
629 887 38 21 det
682 887 65 21 andra
761 887 66 21 hållet
841 887 38 21 vid

58 915 93 24 nämnda
174 915 102 29 landtdag
297 916 74 21 tänkte
387 916 41 21 och
443 916 94 21 önskade
552 917 8 20 i
575 915 102 22 afseende
692 916 13 21 å
720 915 159 22 skolundervis-

58 945 79 27 ningen
152 945 7 20 i
175 945 36 21 det
230 945 67 21 andra
314 944 111 22 inhemska
441 945 92 28 språket,
548 945 76 21 endast
639 944 68 22 delvis
722 945 157 27 förverkligats,

59 975 23 19 är
97 974 54 21 visst
166 976 53 19 sant.
243 973 52 22 Men
311 976 31 19 att
356 973 101 22 särskildt
472 973 33 27 de,
519 973 74 22 hvilka
608 973 28 22 då
651 973 100 22 arbetade
763 973 35 21 för
808 973 71 21 åstad-

59 1001 128 22 kommande
210 1002 22 21 af
252 1003 68 20 finska
335 1002 77 27 skolor,
427 1003 69 21 skulle
512 1001 142 30 undandragit
670 1003 32 27 sig
717 1002 66 28 några
797 1001 83 22 förbin-

59 1030 70 22 delser
148 1039 44 13 mer
207 1033 27 19 än
249 1031 66 22 andra
330 1031 124 26 fraktioner,
469 1033 23 19 är
507 1032 70 27 något,
592 1039 46 14 som
652 1031 36 28 jag
703 1031 47 21 icke
765 1031 43 21 kan
820 1031 58 21 med-

59 1060 66 27 gifva,
140 1060 40 21 och
195 1062 45 19 tror
254 1063 32 18 att
301 1060 36 21 det
352 1060 47 21 icke
414 1060 49 21 med
478 1060 60 21 fakta
553 1060 55 21 skall
623 1060 72 21 kunna
710 1060 91 26 bevisas,
811 1062 32 18 att
854 1059 25 22 så

60 1089 55 21 varit
136 1089 66 21 fallet.
232 1089 43 21 Det
300 1088 29 21 är
345 1089 43 27 mig
403 1089 48 27 icke
467 1089 78 21 bekant
560 1091 31 18 att
606 1089 26 20 de
648 1088 68 22 finska
731 1088 125 22 läroverken
871 1089 8 20 i

58 1117 74 22 landet
154 1117 68 22 skulle
244 1117 49 22 med
316 1117 81 27 mindre
417 1119 32 19 nit
465 1118 95 27 vinnlagt
576 1118 32 27 sig
624 1125 34 13 om
673 1120 31 18 att
718 1117 98 28 bibringa
832 1118 46 21 sina

59 1147 71 20 elever
145 1146 98 29 kunskap
259 1147 6 20 i
280 1146 92 21 svenska
388 1146 87 28 :språket
489 1148 27 19 än
532 1146 26 21 de
574 1145 93 22 svenska
682 1146 125 21 läroverken
817 1146 62 21 vinn-

59 1174 44 28 lagt
126 1175 33 27 sig
183 1182 34 14 om
240 1177 30 18 att
291 1174 97 28 bibringa
411 1175 46 20 sina
480 1175 70 21 elever
568 1174 98 28 kunskap
681 1175 7 20 i
703 1174 68 21 finska
786 1174 93 28 språket.

58 1203 42 28 Jag
122 1203 39 21 har
182 1204 7 20 i
212 1203 51 21 flere
286 1203 24 21 år
331 1210 45 14 som
395 1203 92 21 medlem
502 1204 7 20 i
525 1202 292 22 studentexamensutskottet
831 1203 49 21 haft

59 1231 85 22 tillfälle
167 1234 31 19 att
212 1233 66 20 vinna
293 1231 119 22 kännedom
429 1239 34 14 om
478 1232 42 21 den
534 1231 67 28 insigt
616 1232 7 20 i
638 1231 83 22 landets
737 1231 55 22 båda
808 1231 71 29 språk,

59 1260 103 22 hvarmed
184 1261 122 20 alumnerna
321 1261 7 20 i
344 1260 51 22 våra
409 1261 98 21 läroverk
523 1261 84 20 komma
621 1260 32 21 till
669 1261 153 25 universitetet,
837 1260 41 22 och

59 1289 38 21 har
112 1289 48 22 icke
175 1289 43 21 fått
233 1289 41 21 den
289 1289 145 28 uppfattning,
444 1291 31 19 att
486 1289 26 21 de
523 1289 205 28 öfverhufvudtaget
740 1289 68 21 skulle
818 1289 60 21 kom-

59 1318 38 19 mit
119 1317 32 20 dit
174 1319 68 18 sämre
265 1317 138 28 underbygda
418 1319 6 18 i
441 1318 92 19 svenska
549 1319 26 18 än
592 1318 7 19 i
614 1317 73 20 finska.
717 1317 26 28 Ej
760 1317 65 20 heller
839 1317 39 20 har

57 1346 37 27 jag
115 1345 54 26 hört,
191 1348 31 18 att
246 1348 30 18 ett
298 1345 77 21 sådant
397 1345 83 20 faktum
496 1345 78 21 efteråt
589 1345 68 21 skulle
672 1345 149 21 konstaterats.
850 1345 27 28 Ej

58 1373 66 22 heller
139 1374 38 21 har
191 1374 35 28 jag
236 1373 70 22 såsom
316 1373 68 22 lärare
394 1373 36 22 vid
441 1373 148 22 universitetet
599 1373 71 21 funnit
682 1375 31 19 att
723 1373 155 22 öfverhufvud-

58 1405 59 26 taget
138 1403 27 21 de
180 1402 128 22 studerande
324 1402 68 22 skulle
407 1402 66 21 hafva
489 1403 67 20 större
571 1401 109 29 svårighet
695 1404 32 19 att
741 1401 65 22 åhöra
820 1402 57 21 före-

58 1432 109 28 läsningar
181 1431 28 29 på
224 1431 36 22 det
275 1431 92 22 svenska
382 1431 87 28 språket
481 1433 27 19 än
535 1430 13 22 på
560 1431 37 21 det
606 1431 74 26 finska,
692 1430 52 22 eller
753 1433 32 19 att
795 1431 83 50 s

59 1468 88 14 examen
168 1461 28 28 pä
220 1461 93 21 svenska
334 1462 26 19 än
383 1460 28 29 pä
433 1460 74 26 finska,
542 1459 61 22 hvaraf
622 1460 36 28 jag
672 1459 67 22 mäste
755 1459 65 29 draga
850 1467 27 14 den

59 1490 93 27 slutsats,
175 1491 31 20 att
227 1489 27 22 de
273 1489 68 22 finska
355 1489 100 21 skolorna
469 1489 8 21 i
492 1488 101 22 afseende
608 1488 13 21 &
636 1488 37 22 det
687 1488 66 22 andra
767 1488 111 22 inhemska
