1086 1692
214 109 26 21 16
455 114 24 16 R.
492 118 18 13 0.
522 114 22 16 A.
557 113 55 17 1897.
636 114 26 16 23
674 112 45 17 Jan.

185 182 59 20 inom
265 181 62 21 dessa
350 180 63 22 ständ
435 182 57 27 gjort
508 182 33 26 sig
561 180 104 28 gällande,
683 180 40 21 och
738 180 54 21 huru
808 182 27 19 än
849 180 85 22 länders
949 180 55 22 öden

185 210 81 25 länkas,
287 209 54 21 skall
362 210 92 21 förvisso
478 216 26 14 en
528 208 114 22 efterverld
663 208 48 22 icke
725 208 59 28 jäfva
799 208 41 22 den
856 212 56 18 stora
927 209 78 21 foster-

185 238 90 22 ländska
291 237 124 29 betydelsen
430 238 22 21 af
468 237 59 22 detta
542 238 124 25 samarbete,
682 237 59 21 säväl
756 237 28 21 dä
799 237 36 21 det
849 237 67 28 gäller
926 240 31 18 att
968 238 37 20 be-

185 266 57 22 hålla
257 266 37 22 det
307 266 69 28 gamla
392 273 45 14 som
452 268 32 19 att
498 267 65 20 vinna
579 266 36 21 det
630 273 47 21 nya.
697 266 11 21 I
723 266 69 21 denna
808 266 68 21 under
890 267 36 20 nio
936 266 69 21 landt-

186 296 67 27 dagar
275 294 104 28 mognade
398 295 149 27 öfvertygelse,
568 302 48 14 men
637 294 64 21 äfven
718 294 47 21 med
781 294 88 28 aktning
884 294 33 21 för
932 294 73 28 hvarje

186 331 71 13 annan
272 324 53 27 ärlig
341 322 94 22 sträfvan
451 323 34 21 för
500 322 58 22 detta
573 323 56 26 land,
644 322 81 29 hoppas
740 322 26 22 R.
781 330 19 13 o.
815 324 26 20 A.
857 325 31 18 att
903 322 59 22 säväl
978 330 28 14 nu

185 360 46 14 som
253 352 107 28 framgent
380 351 23 21 fä
422 351 48 21 med
486 351 181 28 Borgareständet
682 352 58 26 enigt
755 351 65 21 verka
835 351 34 21 för
884 351 48 22 värt
946 351 60 29 pröf-

187 380 55 22 vade
265 380 123 26 fosterland,
410 380 40 21 och
471 380 37 21 ber
530 383 30 18 att
580 380 24 20 fä
620 387 52 14 vara
687 380 115 21 inneslutet
817 380 6 20 i
839 380 36 20 det
892 380 114 28 Vällofliga

186 409 103 22 Ständets
311 409 40 21 och
368 408 49 22 dess
432 409 52 28 högt
499 408 76 22 aktade
590 408 100 22 Talmans
706 408 133 21 fortfarande
854 408 96 28 vänskap
965 408 41 22 och

185 438 54 22 fulla
255 438 129 21 förtroende.

256 496 105 28 Slutligen
375 496 99 28 uppläste
488 495 35 21 Hr
538 494 177 23 Grotenfelt
730 494 162 29 helsningstalet
906 494 32 22 till
948 495 58 21 Bon-

187 524 120 27 deständet,
314 524 82 22 hvilket
429 532 11 13 Hr
450 524 123 22 Grotenfelt
585 524 92 21 anmälte
688 524 33 28 sig
731 526 50 18 ärna
793 524 102 21 framföra
906 523 28 29 pä
944 531 63 14 sven-

186 554 39 21 ska
241 554 40 21 och
296 554 68 20 finska
379 553 99 29 språken;
494 553 41 21 och
550 560 37 14 var
602 553 59 21 detta
676 553 29 21 tal
720 553 28 28 pä
763 552 92 22 svenska
871 553 23 21 sä
902 552 104 29 lydande:

258 638 177 28 Välförständige
457 639 98 21 Talman!
585 638 103 22 Finlands
704 638 141 22 Hedervärda
859 638 148 22 Bondeständ!

256 696 31 22 Af
307 696 100 29 gammalt
429 696 73 22 består
517 696 47 22 vårt
578 696 62 22 lands
655 697 169 27 representation
840 696 23 21 af
877 696 47 29 fyra
939 696 69 22 stånd.

188 726 77 21 Denna
283 726 115 27 indelning,
420 725 56 29 bygd
492 725 27 28 på
534 724 102 22 historisk
651 725 41 21 och
707 725 66 21 social
787 725 76 28 grund,
878 725 38 21 har
930 726 78 21 visser-

187 755 57 27 ligen
260 754 27 29 på
302 754 78 28 många
394 754 43 21 håll
452 757 80 18 ansetts
548 754 114 26 föråldrad,
678 754 40 21 och
734 754 65 21 nekas
815 754 41 21 kan
873 754 47 22 icke
937 754 71 26 heller,

187 787 33 18 att
235 791 26 14 en
276 783 67 22 sådan
357 783 56 21 form
428 783 34 21 för
477 784 196 28 representationen
688 782 34 22 för
737 782 42 22 den
793 783 115 21 teoretiske
924 783 84 21 betrak-

187 815 60 19 taren
263 812 42 22 och
319 812 34 21 för
367 812 47 26 den,
430 820 45 13 som
491 812 47 21 icke
553 814 96 19 närmare
664 812 81 20 känner
755 812 48 20 vårt
815 812 56 21 folks
885 812 123 28 skaplynne,

187 840 68 23 måste
269 840 99 22 förefalla
384 840 121 28 otidsenlig.
534 840 52 21 Men
602 840 34 21 för
651 840 47 25 den,
714 847 45 14 som
775 842 23 19 är
813 840 79 21 bekant
906 840 50 21 med
968 841 41 21 fol-

188 869 47 22 kets
258 872 63 19 natur
342 870 7 19 i
372 869 58 21 detta
452 869 56 26 land,
532 869 39 21 och
593 868 35 21 för
650 869 48 26 den,
718 877 44 13 som
778 869 49 28 följt
841 869 49 21 med
905 869 103 21 Finlands

188 905 88 14 numera
299 898 48 21 icke
370 897 24 22 så
416 897 88 22 alldeles
527 897 60 22 korta
609 897 183 22 konstitutionella
813 897 93 27 historia,
927 900 33 19 ter
976 899 33 27 sig

188 927 67 21 saken
277 926 136 22 annorlunda.
443 927 11 20 I
476 927 71 20 stället
567 926 35 21 för
621 927 111 27 slitningar
747 927 40 20 och
803 926 82 26 strider,
900 928 66 20 större
982 928 27 19 än

188 958 32 19 att
235 955 81 22 sådana
331 955 72 21 städse
418 955 60 21 skola
493 956 6 20 i
515 955 40 21 fria
571 956 99 20 männers
686 955 34 28 lag
735 955 78 28 uppstå
828 955 70 21 såsom
914 963 26 13 en
952 955 57 28 förd

188 984 24 21 af
234 984 57 29 djup,
313 984 52 28 ärlig
386 983 142 29 öfvertygelse
549 983 40 22 och
613 984 198 27 meningsbrytning
826 997 27 2 —
868 985 6 19 i
890 984 71 21 stället
975 984 34 21 för

189 1015 68 19 större
273 1013 82 26 strider,
370 1014 61 26 säger
445 1014 41 27 jag,
500 1013 39 20 har
553 1012 48 22 vårt
615 1012 57 21 folks
692 1012 125 21 tideböcker
829 1013 40 20 och
881 1013 48 21 dess
940 1013 69 20 landt-

189 1041 67 28 dagar
275 1042 27 28 pä
319 1041 41 22 alla
382 1041 42 22 håll
442 1041 93 29 erbjudit
549 1049 26 13 en
590 1041 50 22 tafla
656 1041 21 21 af
692 1041 61 28 ärligt
768 1041 72 21 arbete
855 1041 40 22 och
911 1041 97 31 orubb5g

189 1069 121 29 laglydnad.
331 1070 50 21 Och
395 1069 72 28 frågar
482 1070 40 21 den
538 1069 48 22 med
601 1069 49 22 vårt
662 1069 60 22 lands
734 1073 63 18 natur
807 1070 82 21 mindre
899 1070 112 28 förtrogne

189 1106 35 14 om
247 1099 114 21 orsakerna
382 1099 32 20 till
436 1101 31 18 att
489 1097 161 22 förhållandena
671 1098 23 21 så
716 1099 61 27 varit,
799 1099 24 20 så
845 1098 59 29 lyder
927 1101 81 20 svaret:

189 1127 83 28 Hvarje
297 1127 83 22 enskild
402 1129 147 26 representant
570 1127 41 21 och
633 1127 73 28 hvarje
727 1127 62 21 stånd
812 1127 38 21 har
872 1127 60 22 alltid
954 1128 56 21 varit

188 1156 166 27 genomträngdt
380 1156 22 20 af
427 1156 86 26 tanken,
540 1159 31 18 att
597 1157 23 20 vi
644 1155 65 22 hafva
730 1155 95 22 hvarken
842 1155 65 28 några
925 1156 85 21 stånds-

189 1185 105 21 intressen
310 1185 51 20 eller
376 1184 96 21 enskilda
487 1184 94 21 fördelar
595 1187 32 18 att
639 1183 89 26 bevaka,
739 1187 49 18 utan
801 1187 32 18 att
843 1185 20 20 vi
875 1185 40 20 alla
923 1191 86 20 gemen-

188 1215 57 18 samt
259 1216 145 24 representera
419 1213 37 20 det
470 1212 68 21 finska
552 1212 73 22 folket.
655 1212 38 21 Må
708 1212 58 21 detta
781 1213 42 20 slås
838 1213 45 21 fast
897 1213 70 21 såsom
982 1220 27 14 en

188 1241 97 27 sanning,
300 1240 87 21 hvilken
403 1241 64 26 ingen
482 1241 88 20 historia
585 1241 55 20 skall
654 1241 59 26 jäfva
728 1241 41 20 och
783 1241 64 26 ingen
857 1241 85 20 framtid
954 1241 46 20 skal

188 1268 45 21 fela
255 1269 64 20 emot!
349 1268 52 21 Men
423 1269 23 20 vi
467 1268 55 27 våga
541 1268 66 21 också
622 1269 67 20 uttala
704 1267 70 22 såsom
789 1269 123 27 någonting,
927 1269 83 21 hvilket]

188 1296 48 27 alla,
252 1296 55 22 både
322 1296 78 22 samtid
410 1296 41 21 och
462 1296 121 27 efterverld,
596 1296 60 22 skola
666 1297 78 27 intyga,
752 1297 106 27 nämligen
867 1299 31 19 att
905 1296 103 23 Finlands

188 1325 93 22 Ständer
296 1325 68 28 aldrig
378 1325 53 21 felat
446 1326 7 20 i
468 1325 71 22 trohet
553 1325 41 22 och
609 1325 74 22 kärlek
692 1325 32 21 till
737 1325 94 27 monark,
841 1325 118 22 fosterland
969 1326 40 21 och

188 1355 111 28 grundlag.
329 1354 35 22 Då
386 1355 22 21 vi
426 1354 83 21 landets
532 1353 172 23 förtroendemän
724 1356 37 19 äro
781 1355 50 20 fullt
845 1355 115 21 medvetna
975 1362 34 15 om

188 1384 119 28 sanningen
323 1383 67 27 häraf,
404 1383 24 21 så
442 1383 35 21 må
492 1384 22 20 vi
530 1383 65 22 också
609 1383 107 22 förkunna
730 1383 59 22 detta
805 1383 28 26 så,
849 1386 31 19 att
895 1383 37 22 det
941 1383 68 29 ljuder

189 1412 60 29 långt
264 1412 40 22 och
319 1413 39 21 når
372 1413 56 27 högt,
444 1415 32 18 att
490 1411 86 23 hvilken
592 1411 35 22 del
643 1412 23 21 af
680 1412 58 21 detta
753 1412 50 21 land
820 1412 26 21 de
861 1412 35 22 må
908 1413 55 21 kalla
976 1414 33 21 sin

188 1441 132 29 fosterbygd,
335 1441 86 22 hvilken
437 1441 100 28 ställning
552 1442 6 20 i
574 1441 111 22 samhället
694 1441 27 22 de
732 1441 34 21 må
777 1443 72 26 intaga
861 1442 50 21 eller
921 1442 87 22 hvilken

188 1472 66 26 tunga
275 1470 26 22 de
322 1470 35 21 må
370 1471 49 25 tala,
435 1470 36 21 det
486 1471 7 19 i
508 1470 59 21 detta
582 1469 50 22 land
647 1470 70 28 gifves
732 1470 95 21 hvarken
858 1478 85 14 personer
958 1471 51 21 eller

186 1502 173 25 representanter
376 1499 34 20 för
425 1499 101 28 politiska
541 1500 83 27 partier,
640 1499 83 21 hvilkas
739 1499 138 21 sträfvanden
893 1499 40 22 och
951 1499 59 22 idéer
