<?xml version="1.0" encoding="UTF-8"?>
<alto xmlns="http://www.loc.gov/standards/alto/ns-v3#" xmlns:xlink="http://www.w3.org/1999/xlink" xmlns:xsi="http://www.w3.org/2001/XMLSchema-instance" xsi:schemaLocation="http://www.loc.gov/standards/alto/ns-v3# http://www.loc.gov/alto/v3/alto-3-0.xsd">
	<Description>
		<MeasurementUnit>pixel</MeasurementUnit>
		<sourceImageInformation>
			<fileName>/tmp/tess_kbd44vo7_input.PNG</fileName>
		</sourceImageInformation>
		<OCRProcessing ID="OCR_0">
			<ocrProcessingStep>
				<processingSoftware>
					<softwareName>tesseract 5.3.4</softwareName>
				</processingSoftware>
			</ocrProcessingStep>
		</OCRProcessing>
	</Description>
	<Layout>
		<Page WIDTH="1045" HEIGHT="1692" PHYSICAL_IMG_NR="0" ID="page_0">
			<PrintSpace HPOS="0" VPOS="0" WIDTH="1045" HEIGHT="1692">
				<ComposedBlock ID="cblock_0" HPOS="214" VPOS="105" WIDTH="514" HEIGHT="23">
					<TextBlock ID="block_0" HPOS="214" VPOS="105" WIDTH="514" HEIGHT="23">
						<TextLine ID="line_0" HPOS="214" VPOS="105" WIDTH="514" HEIGHT="23">
							<String ID="string_0" HPOS="214" VPOS="105" WIDTH="41" HEIGHT="21" WC="0.94" CONTENT="352"/><SP WIDTH="194" VPOS="105" HPOS="255"/>
							<String ID="string_1" HPOS="449" VPOS="110" WIDTH="25" HEIGHT="18" WC="0.96" CONTENT="R."/><SP WIDTH="13" VPOS="110" HPOS="474"/>
							<String ID="string_2" HPOS="487" VPOS="115" WIDTH="16" HEIGHT="13" WC="0.85" CONTENT="o."/><SP WIDTH="13" VPOS="115" HPOS="503"/>
							<String ID="string_3" HPOS="516" VPOS="110" WIDTH="22" HEIGHT="18" WC="0.95" CONTENT="A."/><SP WIDTH="14" VPOS="110" HPOS="538"/>
							<String ID="string_4" HPOS="552" VPOS="110" WIDTH="54" HEIGHT="18" WC="0.96" CONTENT="1897."/><SP WIDTH="25" VPOS="110" HPOS="606"/>
							<String ID="string_5" HPOS="631" VPOS="110" WIDTH="22" HEIGHT="18" WC="0.96" CONTENT="19"/><SP WIDTH="13" VPOS="110" HPOS="653"/>
							<String ID="string_6" HPOS="666" VPOS="110" WIDTH="62" HEIGHT="17" WC="0.96" CONTENT="Mars."/>
						</TextLine>
					</TextBlock>
				</ComposedBlock>
				<GraphicalElement ID="cblock_1" HPOS="187" VPOS="135" WIDTH="819" HEIGHT="11"></GraphicalElement >
				<ComposedBlock ID="cblock_2" HPOS="186" VPOS="176" WIDTH="827" HEIGHT="1064">
					<TextBlock ID="block_1" HPOS="186" VPOS="176" WIDTH="824" HEIGHT="255">
						<TextLine ID="line_1" HPOS="186" VPOS="176" WIDTH="822" HEIGHT="31">
							<String ID="string_7" HPOS="186" VPOS="179" WIDTH="71" HEIGHT="28" WC="0.92" CONTENT="nägon"/><SP WIDTH="22" VPOS="179" HPOS="257"/>
							<String ID="string_8" HPOS="279" VPOS="178" WIDTH="111" HEIGHT="28" WC="0.92" CONTENT="obillighet"/><SP WIDTH="20" VPOS="178" HPOS="390"/>
							<String ID="string_9" HPOS="410" VPOS="181" WIDTH="109" HEIGHT="26" WC="0.92" CONTENT="gentemot"/><SP WIDTH="19" VPOS="181" HPOS="519"/>
							<String ID="string_10" HPOS="538" VPOS="178" WIDTH="196" HEIGHT="28" WC="0.93" CONTENT="representationen"/><SP WIDTH="20" VPOS="178" HPOS="734"/>
							<String ID="string_11" HPOS="754" VPOS="178" WIDTH="7" HEIGHT="20" WC="0.96" CONTENT="i"/><SP WIDTH="24" VPOS="178" HPOS="761"/>
							<String ID="string_12" HPOS="785" VPOS="177" WIDTH="49" HEIGHT="21" WC="0.93" CONTENT="dess"/><SP WIDTH="18" VPOS="177" HPOS="834"/>
							<String ID="string_13" HPOS="852" VPOS="176" WIDTH="78" HEIGHT="27" WC="0.88" CONTENT="helhet,"/><SP WIDTH="14" VPOS="176" HPOS="930"/>
							<String ID="string_14" HPOS="944" VPOS="176" WIDTH="28" HEIGHT="22" WC="0.97" CONTENT="dä"/><SP WIDTH="14" VPOS="176" HPOS="972"/>
							<String ID="string_15" HPOS="986" VPOS="178" WIDTH="22" HEIGHT="28" WC="0.96" CONTENT="ju"/>
						</TextLine>
						<TextLine ID="line_2" HPOS="186" VPOS="205" WIDTH="822" HEIGHT="30">
							<String ID="string_16" HPOS="186" VPOS="207" WIDTH="174" HEIGHT="23" WC="0.92" CONTENT="Presteständets"/><SP WIDTH="18" VPOS="207" HPOS="360"/>
							<String ID="string_17" HPOS="378" VPOS="207" WIDTH="131" HEIGHT="28" WC="0.96" CONTENT="befogenhet"/><SP WIDTH="14" VPOS="207" HPOS="509"/>
							<String ID="string_18" HPOS="523" VPOS="208" WIDTH="58" HEIGHT="20" WC="0.93" CONTENT="inom"/><SP WIDTH="14" VPOS="208" HPOS="581"/>
							<String ID="string_19" HPOS="595" VPOS="206" WIDTH="129" HEIGHT="28" WC="0.92" CONTENT="landtdagen"/><SP WIDTH="15" VPOS="206" HPOS="724"/>
							<String ID="string_20" HPOS="739" VPOS="205" WIDTH="77" HEIGHT="22" WC="0.96" CONTENT="förblir"/><SP WIDTH="14" VPOS="205" HPOS="816"/>
							<String ID="string_21" HPOS="830" VPOS="206" WIDTH="129" HEIGHT="25" WC="0.96" CONTENT="densamma,"/><SP WIDTH="14" VPOS="206" HPOS="959"/>
							<String ID="string_22" HPOS="973" VPOS="213" WIDTH="35" HEIGHT="14" WC="0.96" CONTENT="om"/>
						</TextLine>
						<TextLine ID="line_3" HPOS="186" VPOS="234" WIDTH="823" HEIGHT="26">
							<String ID="string_23" HPOS="186" VPOS="236" WIDTH="81" HEIGHT="22" WC="0.96" CONTENT="antalet"/><SP WIDTH="22" VPOS="236" HPOS="267"/>
							<String ID="string_24" HPOS="289" VPOS="236" WIDTH="23" HEIGHT="21" WC="0.96" CONTENT="af"/><SP WIDTH="20" VPOS="236" HPOS="312"/>
							<String ID="string_25" HPOS="332" VPOS="235" WIDTH="60" HEIGHT="22" WC="0.92" CONTENT="detta"/><SP WIDTH="22" VPOS="235" HPOS="392"/>
							<String ID="string_26" HPOS="414" VPOS="235" WIDTH="79" HEIGHT="22" WC="0.92" CONTENT="Ständs"/><SP WIDTH="23" VPOS="235" HPOS="493"/>
							<String ID="string_27" HPOS="516" VPOS="235" WIDTH="136" HEIGHT="21" WC="0.96" CONTENT="medlemmar"/><SP WIDTH="19" VPOS="235" HPOS="652"/>
							<String ID="string_28" HPOS="671" VPOS="236" WIDTH="24" HEIGHT="20" WC="0.96" CONTENT="är"/><SP WIDTH="14" VPOS="236" HPOS="695"/>
							<String ID="string_29" HPOS="709" VPOS="236" WIDTH="67" HEIGHT="20" WC="0.96" CONTENT="större"/><SP WIDTH="16" VPOS="236" HPOS="776"/>
							<String ID="string_30" HPOS="792" VPOS="234" WIDTH="52" HEIGHT="22" WC="0.96" CONTENT="eller"/><SP WIDTH="14" VPOS="234" HPOS="844"/>
							<String ID="string_31" HPOS="858" VPOS="234" WIDTH="87" HEIGHT="26" WC="0.96" CONTENT="mindre,"/><SP WIDTH="15" VPOS="234" HPOS="945"/>
							<String ID="string_32" HPOS="960" VPOS="242" WIDTH="49" HEIGHT="14" WC="0.96" CONTENT="men"/>
						</TextLine>
						<TextLine ID="line_4" HPOS="186" VPOS="262" WIDTH="822" HEIGHT="31">
							<String ID="string_33" HPOS="186" VPOS="264" WIDTH="29" HEIGHT="23" WC="0.95" CONTENT="dä"/><SP WIDTH="14" VPOS="264" HPOS="215"/>
							<String ID="string_34" HPOS="229" VPOS="273" WIDTH="29" HEIGHT="13" WC="0.94" CONTENT="nu"/><SP WIDTH="16" VPOS="273" HPOS="258"/>
							<String ID="string_35" HPOS="274" VPOS="264" WIDTH="62" HEIGHT="29" WC="0.93" CONTENT="lagen"/><SP WIDTH="15" VPOS="264" HPOS="336"/>
							<String ID="string_36" HPOS="351" VPOS="264" WIDTH="65" HEIGHT="22" WC="0.96" CONTENT="likväl"/><SP WIDTH="16" VPOS="264" HPOS="416"/>
							<String ID="string_37" HPOS="432" VPOS="264" WIDTH="128" HEIGHT="22" WC="0.96" CONTENT="bestämmer"/><SP WIDTH="13" VPOS="264" HPOS="560"/>
							<String ID="string_38" HPOS="573" VPOS="264" WIDTH="54" HEIGHT="21" WC="0.93" CONTENT="huru"/><SP WIDTH="16" VPOS="264" HPOS="627"/>
							<String ID="string_39" HPOS="643" VPOS="263" WIDTH="76" HEIGHT="28" WC="0.96" CONTENT="många"/><SP WIDTH="15" VPOS="263" HPOS="719"/>
							<String ID="string_40" HPOS="734" VPOS="270" WIDTH="46" HEIGHT="14" WC="0.96" CONTENT="som"/><SP WIDTH="14" VPOS="270" HPOS="780"/>
							<String ID="string_41" HPOS="794" VPOS="264" WIDTH="66" HEIGHT="20" WC="0.96" CONTENT="minst"/><SP WIDTH="11" VPOS="264" HPOS="860"/>
							<String ID="string_42" HPOS="871" VPOS="262" WIDTH="60" HEIGHT="22" WC="0.92" CONTENT="skola"/><SP WIDTH="11" VPOS="262" HPOS="931"/>
							<String ID="string_43" HPOS="942" VPOS="263" WIDTH="66" HEIGHT="29" WC="0.96" CONTENT="väljas"/>
						</TextLine>
						<TextLine ID="line_5" HPOS="186" VPOS="292" WIDTH="823" HEIGHT="30">
							<String ID="string_44" HPOS="186" VPOS="294" WIDTH="35" HEIGHT="21" WC="0.92" CONTENT="för"/><SP WIDTH="22" VPOS="294" HPOS="221"/>
							<String ID="string_45" HPOS="243" VPOS="294" WIDTH="73" HEIGHT="28" WC="0.91" CONTENT="hvarje"/><SP WIDTH="22" VPOS="294" HPOS="316"/>
							<String ID="string_46" HPOS="338" VPOS="293" WIDTH="53" HEIGHT="27" WC="0.96" CONTENT="stift,"/><SP WIDTH="22" VPOS="293" HPOS="391"/>
							<String ID="string_47" HPOS="413" VPOS="293" WIDTH="24" HEIGHT="21" WC="0.96" CONTENT="sä"/><SP WIDTH="20" VPOS="293" HPOS="437"/>
							<String ID="string_48" HPOS="457" VPOS="293" WIDTH="38" HEIGHT="21" WC="0.93" CONTENT="har"/><SP WIDTH="16" VPOS="293" HPOS="495"/>
							<String ID="string_49" HPOS="511" VPOS="292" WIDTH="86" HEIGHT="22" WC="0.92" CONTENT="dermed"/><SP WIDTH="15" VPOS="292" HPOS="597"/>
							<String ID="string_50" HPOS="612" VPOS="292" WIDTH="123" HEIGHT="28" WC="0.92" CONTENT="pätagligen"/><SP WIDTH="15" VPOS="292" HPOS="735"/>
							<String ID="string_51" HPOS="750" VPOS="292" WIDTH="66" HEIGHT="21" WC="0.92" CONTENT="ocksä"/><SP WIDTH="15" VPOS="292" HPOS="816"/>
							<String ID="string_52" HPOS="831" VPOS="292" WIDTH="77" HEIGHT="21" WC="0.90" CONTENT="afsetts"/><SP WIDTH="16" VPOS="292" HPOS="908"/>
							<String ID="string_53" HPOS="924" VPOS="299" WIDTH="25" HEIGHT="14" WC="0.97" CONTENT="en"/><SP WIDTH="16" VPOS="299" HPOS="949"/>
							<String ID="string_54" HPOS="965" VPOS="292" WIDTH="44" HEIGHT="22" WC="0.96" CONTENT="viss"/>
						</TextLine>
						<TextLine ID="line_6" HPOS="186" VPOS="320" WIDTH="823" HEIGHT="31">
							<String ID="string_55" HPOS="186" VPOS="322" WIDTH="101" HEIGHT="22" WC="0.92" CONTENT="inbördes"/><SP WIDTH="25" VPOS="322" HPOS="287"/>
							<String ID="string_56" HPOS="312" VPOS="322" WIDTH="186" HEIGHT="29" WC="0.89" CONTENT="proportionalitet"/><SP WIDTH="15" VPOS="322" HPOS="498"/>
							<String ID="string_57" HPOS="513" VPOS="322" WIDTH="88" HEIGHT="21" WC="0.92" CONTENT="emellan"/><SP WIDTH="16" VPOS="322" HPOS="601"/>
							<String ID="string_58" HPOS="617" VPOS="320" WIDTH="27" HEIGHT="22" WC="0.96" CONTENT="de"/><SP WIDTH="15" VPOS="320" HPOS="644"/>
							<String ID="string_59" HPOS="659" VPOS="321" WIDTH="58" HEIGHT="21" WC="0.93" CONTENT="olika"/><SP WIDTH="15" VPOS="321" HPOS="717"/>
							<String ID="string_60" HPOS="732" VPOS="320" WIDTH="85" HEIGHT="22" WC="0.93" CONTENT="stiftens"/><SP WIDTH="15" VPOS="320" HPOS="817"/>
							<String ID="string_61" HPOS="832" VPOS="324" WIDTH="177" HEIGHT="26" WC="0.96" CONTENT="representanter."/>
						</TextLine>
						<TextLine ID="line_7" HPOS="186" VPOS="349" WIDTH="824" HEIGHT="31">
							<String ID="string_62" HPOS="186" VPOS="352" WIDTH="35" HEIGHT="21" WC="0.92" CONTENT="En"/><SP WIDTH="20" VPOS="352" HPOS="221"/>
							<String ID="string_63" HPOS="241" VPOS="352" WIDTH="159" HEIGHT="28" WC="0.90" CONTENT="inkonsegvens"/><SP WIDTH="16" VPOS="352" HPOS="400"/>
							<String ID="string_64" HPOS="416" VPOS="350" WIDTH="68" HEIGHT="22" WC="0.93" CONTENT="skulle"/><SP WIDTH="15" VPOS="350" HPOS="484"/>
							<String ID="string_65" HPOS="499" VPOS="350" WIDTH="72" HEIGHT="22" WC="0.93" CONTENT="derför"/><SP WIDTH="14" VPOS="350" HPOS="571"/>
							<String ID="string_66" HPOS="585" VPOS="350" WIDTH="84" HEIGHT="29" WC="0.92" CONTENT="uppstä,"/><SP WIDTH="15" VPOS="350" HPOS="669"/>
							<String ID="string_67" HPOS="684" VPOS="357" WIDTH="34" HEIGHT="14" WC="0.96" CONTENT="om"/><SP WIDTH="17" VPOS="357" HPOS="718"/>
							<String ID="string_68" HPOS="735" VPOS="352" WIDTH="30" HEIGHT="19" WC="0.96" CONTENT="ett"/><SP WIDTH="15" VPOS="352" HPOS="765"/>
							<String ID="string_69" HPOS="780" VPOS="350" WIDTH="48" HEIGHT="21" WC="0.95" CONTENT="stift"/><SP WIDTH="14" VPOS="350" HPOS="828"/>
							<String ID="string_70" HPOS="842" VPOS="350" WIDTH="69" HEIGHT="21" WC="0.93" CONTENT="skulle"/><SP WIDTH="16" VPOS="350" HPOS="911"/>
							<String ID="string_71" HPOS="927" VPOS="349" WIDTH="83" HEIGHT="22" WC="0.91" CONTENT="besluta"/>
						</TextLine>
						<TextLine ID="line_8" HPOS="188" VPOS="378" WIDTH="822" HEIGHT="30">
							<String ID="string_72" HPOS="188" VPOS="380" WIDTH="67" HEIGHT="22" WC="0.91" CONTENT="sända"/><SP WIDTH="25" VPOS="380" HPOS="255"/>
							<String ID="string_73" HPOS="280" VPOS="380" WIDTH="90" HEIGHT="21" WC="0.92" CONTENT="dubbelt"/><SP WIDTH="22" VPOS="380" HPOS="370"/>
							<String ID="string_74" HPOS="392" VPOS="380" WIDTH="24" HEIGHT="21" WC="0.93" CONTENT="sä"/><SP WIDTH="19" VPOS="380" HPOS="416"/>
							<String ID="string_75" HPOS="435" VPOS="380" WIDTH="76" HEIGHT="28" WC="0.91" CONTENT="mänga"/><SP WIDTH="21" VPOS="380" HPOS="511"/>
							<String ID="string_76" HPOS="532" VPOS="382" WIDTH="177" HEIGHT="26" WC="0.96" CONTENT="representanter,"/><SP WIDTH="15" VPOS="382" HPOS="709"/>
							<String ID="string_77" HPOS="724" VPOS="386" WIDTH="46" HEIGHT="14" WC="0.96" CONTENT="som"/><SP WIDTH="14" VPOS="386" HPOS="770"/>
							<String ID="string_78" HPOS="784" VPOS="378" WIDTH="63" HEIGHT="29" WC="0.94" CONTENT="lagen"/><SP WIDTH="15" VPOS="378" HPOS="847"/>
							<String ID="string_79" HPOS="862" VPOS="378" WIDTH="39" HEIGHT="22" WC="0.93" CONTENT="har"/><SP WIDTH="14" VPOS="378" HPOS="901"/>
							<String ID="string_80" HPOS="915" VPOS="378" WIDTH="95" HEIGHT="29" WC="0.92" CONTENT="uppstält"/>
						</TextLine>
						<TextLine ID="line_9" HPOS="188" VPOS="408" WIDTH="221" HEIGHT="23">
							<String ID="string_81" HPOS="188" VPOS="410" WIDTH="70" HEIGHT="21" WC="0.92" CONTENT="säsom"/><SP WIDTH="15" VPOS="410" HPOS="258"/>
							<String ID="string_82" HPOS="273" VPOS="408" WIDTH="37" HEIGHT="22" WC="0.93" CONTENT="det"/><SP WIDTH="16" VPOS="408" HPOS="310"/>
							<String ID="string_83" HPOS="326" VPOS="409" WIDTH="83" HEIGHT="21" WC="0.91" CONTENT="minsta."/>
						</TextLine>
					</TextBlock>
					<TextBlock ID="block_2" HPOS="187" VPOS="435" WIDTH="825" HEIGHT="253">
						<TextLine ID="line_10" HPOS="256" VPOS="435" WIDTH="754" HEIGHT="30">
							<String ID="string_84" HPOS="256" VPOS="438" WIDTH="34" HEIGHT="21" WC="0.95" CONTENT="En"/><SP WIDTH="23" VPOS="438" HPOS="290"/>
							<String ID="string_85" HPOS="313" VPOS="445" WIDTH="69" HEIGHT="13" WC="0.93" CONTENT="annan"/><SP WIDTH="23" VPOS="445" HPOS="382"/>
							<String ID="string_86" HPOS="405" VPOS="436" WIDTH="144" HEIGHT="29" WC="0.92" CONTENT="oegentlighet"/><SP WIDTH="21" VPOS="436" HPOS="549"/>
							<String ID="string_87" HPOS="570" VPOS="437" WIDTH="8" HEIGHT="20" WC="0.96" CONTENT="i"/><SP WIDTH="20" VPOS="437" HPOS="578"/>
							<String ID="string_88" HPOS="598" VPOS="437" WIDTH="25" HEIGHT="20" WC="0.93" CONTENT="11"/><SP WIDTH="17" VPOS="437" HPOS="623"/>
							<String ID="string_89" HPOS="640" VPOS="436" WIDTH="12" HEIGHT="27" WC="0.75" CONTENT="$"/><SP WIDTH="16" VPOS="436" HPOS="652"/>
							<String ID="string_90" HPOS="668" VPOS="436" WIDTH="25" HEIGHT="22" WC="0.95" CONTENT="L."/><SP WIDTH="15" VPOS="436" HPOS="693"/>
							<String ID="string_91" HPOS="708" VPOS="436" WIDTH="34" HEIGHT="26" WC="0.75" CONTENT="O."/><SP WIDTH="15" VPOS="436" HPOS="742"/>
							<String ID="string_92" HPOS="757" VPOS="435" WIDTH="87" HEIGHT="22" WC="0.96" CONTENT="hvilken"/><SP WIDTH="16" VPOS="435" HPOS="844"/>
							<String ID="string_93" HPOS="860" VPOS="436" WIDTH="65" HEIGHT="21" WC="0.96" CONTENT="äfven"/><SP WIDTH="15" VPOS="436" HPOS="925"/>
							<String ID="string_94" HPOS="940" VPOS="436" WIDTH="70" HEIGHT="28" WC="0.96" CONTENT="någon"/>
						</TextLine>
						<TextLine ID="line_11" HPOS="187" VPOS="464" WIDTH="824" HEIGHT="30">
							<String ID="string_95" HPOS="187" VPOS="466" WIDTH="58" HEIGHT="28" WC="0.96" CONTENT="gång"/><SP WIDTH="20" VPOS="466" HPOS="245"/>
							<String ID="string_96" HPOS="265" VPOS="465" WIDTH="104" HEIGHT="28" WC="0.95" CONTENT="tilldragit"/><SP WIDTH="21" VPOS="465" HPOS="369"/>
							<String ID="string_97" HPOS="390" VPOS="467" WIDTH="33" HEIGHT="27" WC="0.96" CONTENT="sig"/><SP WIDTH="22" VPOS="467" HPOS="423"/>
							<String ID="string_98" HPOS="445" VPOS="464" WIDTH="192" HEIGHT="30" WC="0.96" CONTENT="uppmärksamhet,"/><SP WIDTH="22" VPOS="464" HPOS="637"/>
							<String ID="string_99" HPOS="659" VPOS="464" WIDTH="68" HEIGHT="28" WC="0.96" CONTENT="ligger"/><SP WIDTH="19" VPOS="464" HPOS="727"/>
							<String ID="string_100" HPOS="746" VPOS="465" WIDTH="6" HEIGHT="21" WC="0.95" CONTENT="i"/><SP WIDTH="16" VPOS="465" HPOS="752"/>
							<String ID="string_101" HPOS="768" VPOS="465" WIDTH="52" HEIGHT="21" WC="0.93" CONTENT="sista"/><SP WIDTH="16" VPOS="465" HPOS="820"/>
							<String ID="string_102" HPOS="836" VPOS="467" WIDTH="121" HEIGHT="23" WC="0.96" CONTENT="momentet,"/><SP WIDTH="16" VPOS="467" HPOS="957"/>
							<String ID="string_103" HPOS="973" VPOS="464" WIDTH="38" HEIGHT="21" WC="0.97" CONTENT="der"/>
						</TextLine>
						<TextLine ID="line_12" HPOS="189" VPOS="493" WIDTH="823" HEIGHT="29">
							<String ID="string_104" HPOS="189" VPOS="495" WIDTH="39" HEIGHT="21" WC="0.93" CONTENT="det"/><SP WIDTH="14" VPOS="495" HPOS="228"/>
							<String ID="string_105" HPOS="242" VPOS="496" WIDTH="68" HEIGHT="26" WC="0.90" CONTENT="säges:"/><SP WIDTH="19" VPOS="496" HPOS="310"/>
							<String ID="string_106" HPOS="329" VPOS="494" WIDTH="54" HEIGHT="22" WC="0.81" CONTENT="»Om"/><SP WIDTH="15" VPOS="494" HPOS="383"/>
							<String ID="string_107" HPOS="398" VPOS="496" WIDTH="43" HEIGHT="19" WC="0.96" CONTENT="sätt"/><SP WIDTH="14" VPOS="496" HPOS="441"/>
							<String ID="string_108" HPOS="455" VPOS="494" WIDTH="41" HEIGHT="21" WC="0.96" CONTENT="och"/><SP WIDTH="15" VPOS="494" HPOS="496"/>
							<String ID="string_109" HPOS="511" VPOS="494" WIDTH="90" HEIGHT="27" WC="0.96" CONTENT="ordning"/><SP WIDTH="14" VPOS="494" HPOS="601"/>
							<String ID="string_110" HPOS="615" VPOS="493" WIDTH="35" HEIGHT="21" WC="0.93" CONTENT="för"/><SP WIDTH="14" VPOS="493" HPOS="650"/>
							<String ID="string_111" HPOS="664" VPOS="494" WIDTH="61" HEIGHT="20" WC="0.96" CONTENT="valen"/><SP WIDTH="17" VPOS="494" HPOS="725"/>
							<String ID="string_112" HPOS="742" VPOS="494" WIDTH="57" HEIGHT="20" WC="0.96" CONTENT="inom"/><SP WIDTH="15" VPOS="494" HPOS="799"/>
							<String ID="string_113" HPOS="814" VPOS="493" WIDTH="27" HEIGHT="21" WC="0.96" CONTENT="de"/><SP WIDTH="10" VPOS="493" HPOS="841"/>
							<String ID="string_114" HPOS="851" VPOS="493" WIDTH="104" HEIGHT="21" WC="0.93" CONTENT="särskilda"/><SP WIDTH="8" VPOS="493" HPOS="955"/>
							<String ID="string_115" HPOS="963" VPOS="494" WIDTH="49" HEIGHT="20" WC="0.92" CONTENT="stif-"/>
						</TextLine>
						<TextLine ID="line_13" HPOS="188" VPOS="521" WIDTH="822" HEIGHT="30">
							<String ID="string_116" HPOS="188" VPOS="526" WIDTH="37" HEIGHT="19" WC="0.95" CONTENT="ten"/><SP WIDTH="21" VPOS="526" HPOS="225"/>
							<String ID="string_117" HPOS="246" VPOS="524" WIDTH="35" HEIGHT="20" WC="0.96" CONTENT="mä"/><SP WIDTH="22" VPOS="524" HPOS="281"/>
							<String ID="string_118" HPOS="303" VPOS="523" WIDTH="27" HEIGHT="21" WC="0.92" CONTENT="de"/><SP WIDTH="21" VPOS="523" HPOS="330"/>
							<String ID="string_119" HPOS="351" VPOS="522" WIDTH="99" HEIGHT="29" WC="0.92" CONTENT="väljande"/><SP WIDTH="19" VPOS="522" HPOS="450"/>
							<String ID="string_120" HPOS="469" VPOS="523" WIDTH="32" HEIGHT="28" WC="0.93" CONTENT="sig"/><SP WIDTH="16" VPOS="523" HPOS="501"/>
							<String ID="string_121" HPOS="517" VPOS="522" WIDTH="89" HEIGHT="21" WC="0.92" CONTENT="emelian"/><SP WIDTH="15" VPOS="522" HPOS="606"/>
							<String ID="string_122" HPOS="621" VPOS="522" WIDTH="207" HEIGHT="21" WC="0.77" CONTENT="öfverenskomma»."/><SP WIDTH="30" VPOS="522" HPOS="828"/>
							<String ID="string_123" HPOS="858" VPOS="521" WIDTH="44" HEIGHT="22" WC="0.96" CONTENT="Det"/><SP WIDTH="15" VPOS="521" HPOS="902"/>
							<String ID="string_124" HPOS="917" VPOS="522" WIDTH="41" HEIGHT="21" WC="0.96" CONTENT="kan"/><SP WIDTH="15" VPOS="522" HPOS="958"/>
							<String ID="string_125" HPOS="973" VPOS="522" WIDTH="37" HEIGHT="21" WC="0.96" CONTENT="vid"/>
						</TextLine>
						<TextLine ID="line_14" HPOS="189" VPOS="550" WIDTH="822" HEIGHT="30">
							<String ID="string_126" HPOS="189" VPOS="552" WIDTH="70" HEIGHT="21" WC="0.93" CONTENT="denna"/><SP WIDTH="15" VPOS="552" HPOS="259"/>
							<String ID="string_127" HPOS="274" VPOS="552" WIDTH="97" HEIGHT="21" WC="0.91" CONTENT="lokution"/><SP WIDTH="15" VPOS="552" HPOS="371"/>
							<String ID="string_128" HPOS="386" VPOS="551" WIDTH="78" HEIGHT="29" WC="0.93" CONTENT="uppstä"/><SP WIDTH="14" VPOS="551" HPOS="464"/>
							<String ID="string_129" HPOS="478" VPOS="550" WIDTH="137" HEIGHT="28" WC="0.92" CONTENT="tvifvelsmäl,"/><SP WIDTH="16" VPOS="550" HPOS="615"/>
							<String ID="string_130" HPOS="631" VPOS="550" WIDTH="106" HEIGHT="22" WC="0.93" CONTENT="huruvida"/><SP WIDTH="15" VPOS="550" HPOS="737"/>
							<String ID="string_131" HPOS="752" VPOS="551" WIDTH="159" HEIGHT="21" WC="0.92" CONTENT="universitetets"/><SP WIDTH="16" VPOS="551" HPOS="911"/>
							<String ID="string_132" HPOS="927" VPOS="551" WIDTH="84" HEIGHT="21" WC="0.92" CONTENT="valmän"/>
						</TextLine>
						<TextLine ID="line_15" HPOS="189" VPOS="579" WIDTH="823" HEIGHT="29">
							<String ID="string_133" HPOS="189" VPOS="581" WIDTH="66" HEIGHT="21" WC="0.89" CONTENT="hafva"/><SP WIDTH="22" VPOS="581" HPOS="255"/>
							<String ID="string_134" HPOS="277" VPOS="580" WIDTH="71" HEIGHT="28" WC="0.92" CONTENT="nägon"/><SP WIDTH="18" VPOS="580" HPOS="348"/>
							<String ID="string_135" HPOS="366" VPOS="582" WIDTH="42" HEIGHT="20" WC="0.96" CONTENT="rätt"/><SP WIDTH="21" VPOS="582" HPOS="408"/>
							<String ID="string_136" HPOS="429" VPOS="582" WIDTH="31" HEIGHT="20" WC="0.96" CONTENT="att"/><SP WIDTH="21" VPOS="582" HPOS="460"/>
							<String ID="string_137" HPOS="481" VPOS="581" WIDTH="33" HEIGHT="27" WC="0.93" CONTENT="sig"/><SP WIDTH="21" VPOS="581" HPOS="514"/>
							<String ID="string_138" HPOS="535" VPOS="580" WIDTH="89" HEIGHT="21" WC="0.91" CONTENT="emellan"/><SP WIDTH="23" VPOS="580" HPOS="624"/>
							<String ID="string_139" HPOS="647" VPOS="579" WIDTH="186" HEIGHT="22" WC="0.92" CONTENT="öfverenskomma"/><SP WIDTH="15" VPOS="579" HPOS="833"/>
							<String ID="string_140" HPOS="848" VPOS="586" WIDTH="34" HEIGHT="14" WC="0.96" CONTENT="om"/><SP WIDTH="16" VPOS="586" HPOS="882"/>
							<String ID="string_141" HPOS="898" VPOS="581" WIDTH="65" HEIGHT="20" WC="0.96" CONTENT="sättet"/><SP WIDTH="13" VPOS="581" HPOS="963"/>
							<String ID="string_142" HPOS="976" VPOS="579" WIDTH="36" HEIGHT="21" WC="0.96" CONTENT="för"/>
						</TextLine>
						<TextLine ID="line_16" HPOS="189" VPOS="608" WIDTH="822" HEIGHT="29">
							<String ID="string_143" HPOS="189" VPOS="610" WIDTH="62" HEIGHT="26" WC="0.95" CONTENT="valet,"/><SP WIDTH="21" VPOS="610" HPOS="251"/>
							<String ID="string_144" HPOS="272" VPOS="609" WIDTH="27" HEIGHT="21" WC="0.95" CONTENT="dä"/><SP WIDTH="15" VPOS="609" HPOS="299"/>
							<String ID="string_145" HPOS="314" VPOS="610" WIDTH="6" HEIGHT="20" WC="0.93" CONTENT="1"/><SP WIDTH="16" VPOS="610" HPOS="320"/>
							<String ID="string_146" HPOS="336" VPOS="608" WIDTH="131" HEIGHT="29" WC="0.96" CONTENT="föregående"/><SP WIDTH="14" VPOS="608" HPOS="467"/>
							<String ID="string_147" HPOS="481" VPOS="612" WIDTH="100" HEIGHT="22" WC="0.96" CONTENT="moment,"/><SP WIDTH="15" VPOS="612" HPOS="581"/>
							<String ID="string_148" HPOS="596" VPOS="608" WIDTH="37" HEIGHT="22" WC="0.97" CONTENT="der"/><SP WIDTH="16" VPOS="608" HPOS="633"/>
							<String ID="string_149" HPOS="649" VPOS="608" WIDTH="36" HEIGHT="22" WC="0.93" CONTENT="det"/><SP WIDTH="16" VPOS="608" HPOS="685"/>
							<String ID="string_150" HPOS="701" VPOS="608" WIDTH="86" HEIGHT="28" WC="0.96" CONTENT="stadgas"/><SP WIDTH="16" VPOS="608" HPOS="787"/>
							<String ID="string_151" HPOS="803" VPOS="616" WIDTH="34" HEIGHT="13" WC="0.93" CONTENT="om"/><SP WIDTH="15" VPOS="616" HPOS="837"/>
							<String ID="string_152" HPOS="852" VPOS="609" WIDTH="159" HEIGHT="21" WC="0.96" CONTENT="universitetets"/>
						</TextLine>
						<TextLine ID="line_17" HPOS="189" VPOS="636" WIDTH="823" HEIGHT="29">
							<String ID="string_153" HPOS="189" VPOS="638" WIDTH="84" HEIGHT="27" WC="0.90" CONTENT="valrätt,"/><SP WIDTH="16" VPOS="638" HPOS="273"/>
							<String ID="string_154" HPOS="289" VPOS="638" WIDTH="70" HEIGHT="21" WC="0.92" CONTENT="denna"/><SP WIDTH="15" VPOS="638" HPOS="359"/>
							<String ID="string_155" HPOS="374" VPOS="638" WIDTH="119" HEIGHT="21" WC="0.92" CONTENT="institution"/><SP WIDTH="15" VPOS="638" HPOS="493"/>
							<String ID="string_156" HPOS="508" VPOS="637" WIDTH="48" HEIGHT="21" WC="0.90" CONTENT="icke"/><SP WIDTH="15" VPOS="637" HPOS="556"/>
							<String ID="string_157" HPOS="571" VPOS="639" WIDTH="23" HEIGHT="19" WC="0.93" CONTENT="är"/><SP WIDTH="15" VPOS="639" HPOS="594"/>
							<String ID="string_158" HPOS="609" VPOS="636" WIDTH="55" HEIGHT="22" WC="0.93" CONTENT="stäld"/><SP WIDTH="15" VPOS="636" HPOS="664"/>
							<String ID="string_159" HPOS="679" VPOS="638" WIDTH="7" HEIGHT="20" WC="0.96" CONTENT="i"/><SP WIDTH="16" VPOS="638" HPOS="686"/>
							<String ID="string_160" HPOS="702" VPOS="636" WIDTH="103" HEIGHT="22" WC="0.96" CONTENT="samband"/><SP WIDTH="16" VPOS="636" HPOS="805"/>
							<String ID="string_161" HPOS="821" VPOS="636" WIDTH="48" HEIGHT="22" WC="0.93" CONTENT="med"/><SP WIDTH="16" VPOS="636" HPOS="869"/>
							<String ID="string_162" HPOS="885" VPOS="637" WIDTH="127" HEIGHT="21" WC="0.92" CONTENT="stiftsindel-"/>
						</TextLine>
						<TextLine ID="line_18" HPOS="190" VPOS="674" WIDTH="84" HEIGHT="14">
							<String ID="string_163" HPOS="190" VPOS="674" WIDTH="84" HEIGHT="14" WC="0.92" CONTENT="ningen."/>
						</TextLine>
					</TextBlock>
					<TextBlock ID="block_3" HPOS="189" VPOS="675" WIDTH="824" HEIGHT="394">
						<TextLine ID="line_19" HPOS="227" VPOS="675" WIDTH="784" HEIGHT="49">
							<String ID="string_164" HPOS="227" VPOS="675" WIDTH="14" HEIGHT="20" WC="0.77" CONTENT="g"/><SP WIDTH="17" VPOS="675" HPOS="241"/>
							<String ID="string_165" HPOS="258" VPOS="696" WIDTH="35" HEIGHT="20" WC="0.96" CONTENT="Då"/><SP WIDTH="21" VPOS="696" HPOS="293"/>
							<String ID="string_166" HPOS="314" VPOS="696" WIDTH="36" HEIGHT="27" WC="0.96" CONTENT="jag"/><SP WIDTH="22" VPOS="696" HPOS="350"/>
							<String ID="string_167" HPOS="372" VPOS="696" WIDTH="54" HEIGHT="26" WC="0.96" CONTENT="tagit"/><SP WIDTH="22" VPOS="696" HPOS="426"/>
							<String ID="string_168" HPOS="448" VPOS="696" WIDTH="43" HEIGHT="28" WC="0.93" CONTENT="mig"/><SP WIDTH="19" VPOS="696" HPOS="491"/>
							<String ID="string_169" HPOS="510" VPOS="695" WIDTH="91" HEIGHT="22" WC="0.95" CONTENT="friheten"/><SP WIDTH="16" VPOS="695" HPOS="601"/>
							<String ID="string_170" HPOS="617" VPOS="694" WIDTH="112" HEIGHT="22" WC="0.96" CONTENT="framhålla"/><SP WIDTH="15" VPOS="694" HPOS="729"/>
							<String ID="string_171" HPOS="744" VPOS="694" WIDTH="64" HEIGHT="22" WC="0.96" CONTENT="dessa"/><SP WIDTH="15" VPOS="694" HPOS="808"/>
							<String ID="string_172" HPOS="823" VPOS="694" WIDTH="188" HEIGHT="28" WC="0.96" CONTENT="omständigheter,"/>
						</TextLine>
						<TextLine ID="line_20" HPOS="189" VPOS="723" WIDTH="822" HEIGHT="23">
							<String ID="string_173" HPOS="189" VPOS="724" WIDTH="39" HEIGHT="21" WC="0.95" CONTENT="har"/><SP WIDTH="22" VPOS="724" HPOS="228"/>
							<String ID="string_174" HPOS="250" VPOS="724" WIDTH="37" HEIGHT="21" WC="0.93" CONTENT="det"/><SP WIDTH="21" VPOS="724" HPOS="287"/>
							<String ID="string_175" HPOS="308" VPOS="724" WIDTH="66" HEIGHT="21" WC="0.92" CONTENT="likväl"/><SP WIDTH="21" VPOS="724" HPOS="374"/>
							<String ID="string_176" HPOS="395" VPOS="724" WIDTH="47" HEIGHT="21" WC="0.92" CONTENT="icke"/><SP WIDTH="23" VPOS="724" HPOS="442"/>
							<String ID="string_177" HPOS="465" VPOS="725" WIDTH="57" HEIGHT="21" WC="0.96" CONTENT="skett"/><SP WIDTH="19" VPOS="725" HPOS="522"/>
							<String ID="string_178" HPOS="541" VPOS="724" WIDTH="34" HEIGHT="21" WC="0.96" CONTENT="för"/><SP WIDTH="18" VPOS="724" HPOS="575"/>
							<String ID="string_179" HPOS="593" VPOS="726" WIDTH="31" HEIGHT="18" WC="0.96" CONTENT="att"/><SP WIDTH="14" VPOS="726" HPOS="624"/>
							<String ID="string_180" HPOS="638" VPOS="731" WIDTH="30" HEIGHT="14" WC="0.96" CONTENT="nu"/><SP WIDTH="15" VPOS="731" HPOS="668"/>
							<String ID="string_181" HPOS="683" VPOS="724" WIDTH="53" HEIGHT="20" WC="0.93" CONTENT="söka"/><SP WIDTH="15" VPOS="724" HPOS="736"/>
							<String ID="string_182" HPOS="751" VPOS="724" WIDTH="65" HEIGHT="20" WC="0.92" CONTENT="vinna"/><SP WIDTH="13" VPOS="724" HPOS="816"/>
							<String ID="string_183" HPOS="829" VPOS="723" WIDTH="91" HEIGHT="22" WC="0.92" CONTENT="medhäll"/><SP WIDTH="16" VPOS="723" HPOS="920"/>
							<String ID="string_184" HPOS="936" VPOS="723" WIDTH="34" HEIGHT="22" WC="0.96" CONTENT="för"/><SP WIDTH="15" VPOS="723" HPOS="970"/>
							<String ID="string_185" HPOS="985" VPOS="732" WIDTH="26" HEIGHT="13" WC="0.96" CONTENT="en"/>
						</TextLine>
						<TextLine ID="line_21" HPOS="190" VPOS="752" WIDTH="823" HEIGHT="30">
							<String ID="string_186" HPOS="190" VPOS="753" WIDTH="120" HEIGHT="21" WC="0.96" CONTENT="återremiss"/><SP WIDTH="22" VPOS="753" HPOS="310"/>
							<String ID="string_187" HPOS="332" VPOS="754" WIDTH="8" HEIGHT="20" WC="0.96" CONTENT="i"/><SP WIDTH="22" VPOS="754" HPOS="340"/>
							<String ID="string_188" HPOS="362" VPOS="752" WIDTH="58" HEIGHT="30" WC="0.96" CONTENT="syfte"/><SP WIDTH="20" VPOS="752" HPOS="420"/>
							<String ID="string_189" HPOS="440" VPOS="755" WIDTH="31" HEIGHT="19" WC="0.93" CONTENT="att"/><SP WIDTH="16" VPOS="755" HPOS="471"/>
							<String ID="string_190" HPOS="487" VPOS="752" WIDTH="89" HEIGHT="22" WC="0.96" CONTENT="anförda"/><SP WIDTH="14" VPOS="752" HPOS="576"/>
							<String ID="string_191" HPOS="590" VPOS="755" WIDTH="93" HEIGHT="19" WC="0.93" CONTENT="moment"/><SP WIDTH="16" VPOS="755" HPOS="683"/>
							<String ID="string_192" HPOS="699" VPOS="752" WIDTH="72" HEIGHT="22" WC="0.92" CONTENT="blefve"/><SP WIDTH="15" VPOS="752" HPOS="771"/>
							<String ID="string_193" HPOS="786" VPOS="752" WIDTH="94" HEIGHT="22" WC="0.96" CONTENT="ändrade"/><SP WIDTH="15" VPOS="752" HPOS="880"/>
							<String ID="string_194" HPOS="895" VPOS="753" WIDTH="7" HEIGHT="20" WC="0.96" CONTENT="i"/><SP WIDTH="16" VPOS="753" HPOS="902"/>
							<String ID="string_195" HPOS="918" VPOS="752" WIDTH="95" HEIGHT="29" WC="0.96" CONTENT="enlighet"/>
						</TextLine>
						<TextLine ID="line_22" HPOS="190" VPOS="781" WIDTH="823" HEIGHT="29">
							<String ID="string_196" HPOS="190" VPOS="782" WIDTH="49" HEIGHT="21" WC="0.96" CONTENT="med"/><SP WIDTH="16" VPOS="782" HPOS="239"/>
							<String ID="string_197" HPOS="255" VPOS="781" WIDTH="41" HEIGHT="21" WC="0.96" CONTENT="den"/><SP WIDTH="15" VPOS="781" HPOS="296"/>
							<String ID="string_198" HPOS="311" VPOS="782" WIDTH="138" HEIGHT="28" WC="0.95" CONTENT="uppfattning"/><SP WIDTH="14" VPOS="782" HPOS="449"/>
							<String ID="string_199" HPOS="463" VPOS="782" WIDTH="35" HEIGHT="28" WC="0.93" CONTENT="jag"/><SP WIDTH="15" VPOS="782" HPOS="498"/>
							<String ID="string_200" HPOS="513" VPOS="782" WIDTH="46" HEIGHT="21" WC="0.91" CONTENT="haft"/><SP WIDTH="15" VPOS="782" HPOS="559"/>
							<String ID="string_201" HPOS="574" VPOS="784" WIDTH="49" HEIGHT="19" WC="0.93" CONTENT="äran"/><SP WIDTH="16" VPOS="784" HPOS="623"/>
							<String ID="string_202" HPOS="639" VPOS="781" WIDTH="117" HEIGHT="21" WC="0.92" CONTENT="framhälla."/><SP WIDTH="30" VPOS="781" HPOS="756"/>
							<String ID="string_203" HPOS="786" VPOS="781" WIDTH="44" HEIGHT="21" WC="0.96" CONTENT="Det"/><SP WIDTH="14" VPOS="781" HPOS="830"/>
							<String ID="string_204" HPOS="844" VPOS="781" WIDTH="39" HEIGHT="21" WC="0.96" CONTENT="har"/><SP WIDTH="9" VPOS="781" HPOS="883"/>
							<String ID="string_205" HPOS="892" VPOS="781" WIDTH="57" HEIGHT="21" WC="0.93" CONTENT="skett"/><SP WIDTH="10" VPOS="781" HPOS="949"/>
							<String ID="string_206" HPOS="959" VPOS="782" WIDTH="54" HEIGHT="21" WC="0.93" CONTENT="blott"/>
						</TextLine>
						<TextLine ID="line_23" HPOS="190" VPOS="810" WIDTH="822" HEIGHT="29">
							<String ID="string_207" HPOS="190" VPOS="810" WIDTH="35" HEIGHT="21" WC="0.96" CONTENT="för"/><SP WIDTH="20" VPOS="810" HPOS="225"/>
							<String ID="string_208" HPOS="245" VPOS="813" WIDTH="31" HEIGHT="19" WC="0.93" CONTENT="att"/><SP WIDTH="22" VPOS="813" HPOS="276"/>
							<String ID="string_209" HPOS="298" VPOS="811" WIDTH="70" HEIGHT="21" WC="0.96" CONTENT="väcka"/><SP WIDTH="21" VPOS="811" HPOS="368"/>
							<String ID="string_210" HPOS="389" VPOS="810" WIDTH="215" HEIGHT="29" WC="0.96" CONTENT="uppmärksamheten"/><SP WIDTH="13" VPOS="810" HPOS="604"/>
							<String ID="string_211" HPOS="617" VPOS="810" WIDTH="28" HEIGHT="28" WC="0.96" CONTENT="pä"/><SP WIDTH="15" VPOS="810" HPOS="645"/>
							<String ID="string_212" HPOS="660" VPOS="810" WIDTH="63" HEIGHT="21" WC="0.93" CONTENT="dessa"/><SP WIDTH="15" VPOS="810" HPOS="723"/>
							<String ID="string_213" HPOS="738" VPOS="810" WIDTH="77" HEIGHT="21" WC="0.96" CONTENT="brister"/><SP WIDTH="15" VPOS="810" HPOS="815"/>
							<String ID="string_214" HPOS="830" VPOS="810" WIDTH="6" HEIGHT="20" WC="0.94" CONTENT="i"/><SP WIDTH="17" VPOS="810" HPOS="836"/>
							<String ID="string_215" HPOS="853" VPOS="810" WIDTH="25" HEIGHT="21" WC="0.93" CONTENT="11"/><SP WIDTH="17" VPOS="810" HPOS="878"/>
							<String ID="string_216" HPOS="895" VPOS="810" WIDTH="12" HEIGHT="27" WC="0.90" CONTENT="$"/><SP WIDTH="16" VPOS="810" HPOS="907"/>
							<String ID="string_217" HPOS="923" VPOS="811" WIDTH="7" HEIGHT="20" WC="0.96" CONTENT="i"/><SP WIDTH="15" VPOS="811" HPOS="930"/>
							<String ID="string_218" HPOS="945" VPOS="810" WIDTH="24" HEIGHT="22" WC="0.95" CONTENT="L."/><SP WIDTH="15" VPOS="810" HPOS="969"/>
							<String ID="string_219" HPOS="984" VPOS="810" WIDTH="28" HEIGHT="22" WC="0.96" CONTENT="O."/>
						</TextLine>
						<TextLine ID="line_24" HPOS="191" VPOS="838" WIDTH="822" HEIGHT="30">
							<String ID="string_220" HPOS="191" VPOS="838" WIDTH="153" HEIGHT="30" WC="0.91" CONTENT="Lagutskottet"/><SP WIDTH="21" VPOS="838" HPOS="344"/>
							<String ID="string_221" HPOS="365" VPOS="839" WIDTH="39" HEIGHT="22" WC="0.96" CONTENT="har"/><SP WIDTH="19" VPOS="839" HPOS="404"/>
							<String ID="string_222" HPOS="423" VPOS="839" WIDTH="28" HEIGHT="29" WC="0.96" CONTENT="pä"/><SP WIDTH="21" VPOS="839" HPOS="451"/>
							<String ID="string_223" HPOS="472" VPOS="839" WIDTH="64" HEIGHT="22" WC="0.96" CONTENT="slutet"/><SP WIDTH="22" VPOS="839" HPOS="536"/>
							<String ID="string_224" HPOS="558" VPOS="839" WIDTH="23" HEIGHT="22" WC="0.96" CONTENT="af"/><SP WIDTH="20" VPOS="839" HPOS="581"/>
							<String ID="string_225" HPOS="601" VPOS="838" WIDTH="39" HEIGHT="23" WC="0.96" CONTENT="sid."/><SP WIDTH="15" VPOS="838" HPOS="640"/>
							<String ID="string_226" HPOS="655" VPOS="840" WIDTH="13" HEIGHT="20" WC="0.93" CONTENT="2"/><SP WIDTH="16" VPOS="840" HPOS="668"/>
							<String ID="string_227" HPOS="684" VPOS="840" WIDTH="6" HEIGHT="20" WC="0.93" CONTENT="i"/><SP WIDTH="16" VPOS="840" HPOS="690"/>
							<String ID="string_228" HPOS="706" VPOS="839" WIDTH="33" HEIGHT="22" WC="0.93" CONTENT="sin"/><SP WIDTH="14" VPOS="839" HPOS="739"/>
							<String ID="string_229" HPOS="753" VPOS="838" WIDTH="128" HEIGHT="29" WC="0.96" CONTENT="motivering"/><SP WIDTH="15" VPOS="838" HPOS="881"/>
							<String ID="string_230" HPOS="896" VPOS="838" WIDTH="117" HEIGHT="23" WC="0.95" CONTENT="framhållit"/>
						</TextLine>
						<TextLine ID="line_25" HPOS="191" VPOS="867" WIDTH="821" HEIGHT="30">
							<String ID="string_231" HPOS="191" VPOS="871" WIDTH="31" HEIGHT="18" WC="0.92" CONTENT="att"/><SP WIDTH="22" VPOS="871" HPOS="222"/>
							<String ID="string_232" HPOS="244" VPOS="868" WIDTH="112" HEIGHT="23" WC="0.92" CONTENT="Utskottet"/><SP WIDTH="22" VPOS="868" HPOS="356"/>
							<String ID="string_233" HPOS="378" VPOS="868" WIDTH="47" HEIGHT="22" WC="0.91" CONTENT="icke"/><SP WIDTH="22" VPOS="868" HPOS="425"/>
							<String ID="string_234" HPOS="447" VPOS="869" WIDTH="57" HEIGHT="21" WC="0.93" CONTENT="velat"/><SP WIDTH="14" VPOS="869" HPOS="504"/>
							<String ID="string_235" HPOS="518" VPOS="868" WIDTH="28" HEIGHT="29" WC="0.93" CONTENT="gä"/><SP WIDTH="14" VPOS="868" HPOS="546"/>
							<String ID="string_236" HPOS="560" VPOS="869" WIDTH="72" HEIGHT="28" WC="0.96" CONTENT="längre"/><SP WIDTH="16" VPOS="869" HPOS="632"/>
							<String ID="string_237" HPOS="648" VPOS="869" WIDTH="7" HEIGHT="20" WC="0.93" CONTENT="i"/><SP WIDTH="14" VPOS="869" HPOS="655"/>
							<String ID="string_238" HPOS="669" VPOS="869" WIDTH="121" HEIGHT="20" WC="0.93" CONTENT="revisionen"/><SP WIDTH="17" VPOS="869" HPOS="790"/>
							<String ID="string_239" HPOS="807" VPOS="867" WIDTH="23" HEIGHT="22" WC="0.93" CONTENT="af"/><SP WIDTH="14" VPOS="867" HPOS="830"/>
							<String ID="string_240" HPOS="844" VPOS="868" WIDTH="126" HEIGHT="29" WC="0.93" CONTENT="paragrafen"/><SP WIDTH="15" VPOS="868" HPOS="970"/>
							<String ID="string_241" HPOS="985" VPOS="870" WIDTH="27" HEIGHT="20" WC="0.96" CONTENT="än"/>
						</TextLine>
						<TextLine ID="line_26" HPOS="191" VPOS="896" WIDTH="822" HEIGHT="30">
							<String ID="string_242" HPOS="191" VPOS="897" WIDTH="40" HEIGHT="21" WC="0.91" CONTENT="den"/><SP WIDTH="22" VPOS="897" HPOS="231"/>
							<String ID="string_243" HPOS="253" VPOS="897" WIDTH="49" HEIGHT="22" WC="0.93" CONTENT="nåd."/><SP WIDTH="23" VPOS="897" HPOS="302"/>
							<String ID="string_244" HPOS="325" VPOS="905" WIDTH="65" HEIGHT="21" WC="0.81" CONTENT="prop.,"/><SP WIDTH="16" VPOS="905" HPOS="390"/>
							<String ID="string_245" HPOS="406" VPOS="897" WIDTH="88" HEIGHT="22" WC="0.91" CONTENT="oaktadt"/><SP WIDTH="15" VPOS="897" HPOS="494"/>
							<String ID="string_246" HPOS="509" VPOS="897" WIDTH="199" HEIGHT="29" WC="0.89" CONTENT="petititionsförslag"/><SP WIDTH="16" VPOS="897" HPOS="708"/>
							<String ID="string_247" HPOS="724" VPOS="896" WIDTH="117" HEIGHT="22" WC="0.96" CONTENT="berörande"/><SP WIDTH="15" VPOS="896" HPOS="841"/>
							<String ID="string_248" HPOS="856" VPOS="897" WIDTH="105" HEIGHT="21" WC="0.93" CONTENT="särskilda"/><SP WIDTH="15" VPOS="897" HPOS="961"/>
							<String ID="string_249" HPOS="976" VPOS="899" WIDTH="37" HEIGHT="20" WC="0.92" CONTENT="än-"/>
						</TextLine>
						<TextLine ID="line_27" HPOS="191" VPOS="925" WIDTH="821" HEIGHT="30">
							<String ID="string_250" HPOS="191" VPOS="925" WIDTH="87" HEIGHT="29" WC="0.92" CONTENT="dringar"/><SP WIDTH="14" VPOS="925" HPOS="278"/>
							<String ID="string_251" HPOS="292" VPOS="926" WIDTH="65" HEIGHT="21" WC="0.92" CONTENT="äfven"/><SP WIDTH="16" VPOS="926" HPOS="357"/>
							<String ID="string_252" HPOS="373" VPOS="927" WIDTH="6" HEIGHT="20" WC="0.96" CONTENT="i"/><SP WIDTH="15" VPOS="927" HPOS="379"/>
							<String ID="string_253" HPOS="394" VPOS="925" WIDTH="71" HEIGHT="23" WC="0.93" CONTENT="denna"/><SP WIDTH="15" VPOS="925" HPOS="465"/>
							<String ID="string_254" HPOS="480" VPOS="926" WIDTH="99" HEIGHT="29" WC="0.92" CONTENT="paragraf"/><SP WIDTH="14" VPOS="926" HPOS="579"/>
							<String ID="string_255" HPOS="593" VPOS="926" WIDTH="23" HEIGHT="21" WC="0.96" CONTENT="af"/><SP WIDTH="15" VPOS="926" HPOS="616"/>
							<String ID="string_256" HPOS="631" VPOS="926" WIDTH="24" HEIGHT="21" WC="0.96" CONTENT="L."/><SP WIDTH="16" VPOS="926" HPOS="655"/>
							<String ID="string_257" HPOS="671" VPOS="925" WIDTH="27" HEIGHT="22" WC="0.95" CONTENT="O."/><SP WIDTH="15" VPOS="925" HPOS="698"/>
							<String ID="string_258" HPOS="713" VPOS="925" WIDTH="37" HEIGHT="22" WC="0.96" CONTENT="vid"/><SP WIDTH="16" VPOS="925" HPOS="750"/>
							<String ID="string_259" HPOS="766" VPOS="925" WIDTH="70" HEIGHT="22" WC="0.93" CONTENT="denna"/><SP WIDTH="14" VPOS="925" HPOS="836"/>
							<String ID="string_260" HPOS="850" VPOS="925" WIDTH="103" HEIGHT="29" WC="0.90" CONTENT="landtdag"/><SP WIDTH="10" VPOS="925" HPOS="953"/>
							<String ID="string_261" HPOS="963" VPOS="926" WIDTH="49" HEIGHT="21" WC="0.91" CONTENT="blif-"/>
						</TextLine>
						<TextLine ID="line_28" HPOS="191" VPOS="954" WIDTH="821" HEIGHT="29">
							<String ID="string_262" HPOS="191" VPOS="955" WIDTH="32" HEIGHT="21" WC="0.96" CONTENT="vit"/><SP WIDTH="21" VPOS="955" HPOS="223"/>
							<String ID="string_263" HPOS="244" VPOS="955" WIDTH="32" HEIGHT="21" WC="0.93" CONTENT="till"/><SP WIDTH="22" VPOS="955" HPOS="276"/>
							<String ID="string_264" HPOS="298" VPOS="954" WIDTH="114" HEIGHT="23" WC="0.92" CONTENT="Utskottet"/><SP WIDTH="14" VPOS="954" HPOS="412"/>
							<String ID="string_265" HPOS="426" VPOS="955" WIDTH="141" HEIGHT="21" WC="0.92" CONTENT="remitterade."/><SP WIDTH="29" VPOS="955" HPOS="567"/>
							<String ID="string_266" HPOS="596" VPOS="955" WIDTH="52" HEIGHT="21" WC="0.96" CONTENT="Men"/><SP WIDTH="15" VPOS="955" HPOS="648"/>
							<String ID="string_267" HPOS="663" VPOS="954" WIDTH="28" HEIGHT="22" WC="0.96" CONTENT="dä"/><SP WIDTH="14" VPOS="954" HPOS="691"/>
							<String ID="string_268" HPOS="705" VPOS="955" WIDTH="22" HEIGHT="28" WC="0.96" CONTENT="ju"/><SP WIDTH="16" VPOS="955" HPOS="727"/>
							<String ID="string_269" HPOS="743" VPOS="954" WIDTH="108" HEIGHT="22" WC="0.96" CONTENT="sannolikt"/><SP WIDTH="15" VPOS="954" HPOS="851"/>
							<String ID="string_270" HPOS="866" VPOS="957" WIDTH="28" HEIGHT="23" WC="0.96" CONTENT="är,"/><SP WIDTH="15" VPOS="957" HPOS="894"/>
							<String ID="string_271" HPOS="909" VPOS="958" WIDTH="32" HEIGHT="18" WC="0.93" CONTENT="att"/><SP WIDTH="14" VPOS="958" HPOS="941"/>
							<String ID="string_272" HPOS="955" VPOS="955" WIDTH="57" HEIGHT="28" WC="0.92" CONTENT="Lag-"/>
						</TextLine>
						<TextLine ID="line_29" HPOS="191" VPOS="983" WIDTH="821" HEIGHT="29">
							<String ID="string_273" HPOS="191" VPOS="983" WIDTH="106" HEIGHT="22" WC="0.91" CONTENT="utskottet"/><SP WIDTH="21" VPOS="983" HPOS="297"/>
							<String ID="string_274" HPOS="318" VPOS="983" WIDTH="96" HEIGHT="22" WC="0.96" CONTENT="kommer"/><SP WIDTH="22" VPOS="983" HPOS="414"/>
							<String ID="string_275" HPOS="436" VPOS="987" WIDTH="31" HEIGHT="18" WC="0.93" CONTENT="att"/><SP WIDTH="21" VPOS="987" HPOS="467"/>
							<String ID="string_276" HPOS="488" VPOS="984" WIDTH="83" HEIGHT="28" WC="0.92" CONTENT="afgifva"/><SP WIDTH="23" VPOS="984" HPOS="571"/>
							<String ID="string_277" HPOS="594" VPOS="983" WIDTH="133" HEIGHT="22" WC="0.91" CONTENT="betänkande"/><SP WIDTH="23" VPOS="983" HPOS="727"/>
							<String ID="string_278" HPOS="750" VPOS="983" WIDTH="111" HEIGHT="29" WC="0.91" CONTENT="angäende"/><SP WIDTH="16" VPOS="983" HPOS="861"/>
							<String ID="string_279" HPOS="877" VPOS="983" WIDTH="26" HEIGHT="22" WC="0.93" CONTENT="de"/><SP WIDTH="16" VPOS="983" HPOS="903"/>
							<String ID="string_280" HPOS="919" VPOS="983" WIDTH="93" HEIGHT="29" WC="0.90" CONTENT="antydda"/>
						</TextLine>
						<TextLine ID="line_30" HPOS="191" VPOS="1012" WIDTH="822" HEIGHT="29">
							<String ID="string_281" HPOS="191" VPOS="1012" WIDTH="217" HEIGHT="29" WC="0.71" CONTENT="petitionstörslagen,"/><SP WIDTH="15" VPOS="1012" HPOS="408"/>
							<String ID="string_282" HPOS="423" VPOS="1012" WIDTH="38" HEIGHT="21" WC="0.96" CONTENT="har"/><SP WIDTH="14" VPOS="1012" HPOS="461"/>
							<String ID="string_283" HPOS="475" VPOS="1013" WIDTH="36" HEIGHT="28" WC="0.93" CONTENT="jag"/><SP WIDTH="14" VPOS="1013" HPOS="511"/>
							<String ID="string_284" HPOS="525" VPOS="1015" WIDTH="53" HEIGHT="18" WC="0.96" CONTENT="trott"/><SP WIDTH="14" VPOS="1015" HPOS="578"/>
							<String ID="string_285" HPOS="592" VPOS="1013" WIDTH="43" HEIGHT="27" WC="0.93" CONTENT="mig"/><SP WIDTH="16" VPOS="1013" HPOS="635"/>
							<String ID="string_286" HPOS="651" VPOS="1013" WIDTH="64" HEIGHT="21" WC="0.93" CONTENT="äfven"/><SP WIDTH="16" VPOS="1013" HPOS="715"/>
							<String ID="string_287" HPOS="731" VPOS="1013" WIDTH="45" HEIGHT="20" WC="0.93" CONTENT="deri"/><SP WIDTH="15" VPOS="1013" HPOS="776"/>
							<String ID="string_288" HPOS="791" VPOS="1013" WIDTH="56" HEIGHT="20" WC="0.96" CONTENT="finna"/><SP WIDTH="15" VPOS="1013" HPOS="847"/>
							<String ID="string_289" HPOS="862" VPOS="1020" WIDTH="26" HEIGHT="13" WC="0.92" CONTENT="en"/><SP WIDTH="10" VPOS="1020" HPOS="888"/>
							<String ID="string_290" HPOS="898" VPOS="1013" WIDTH="115" HEIGHT="28" WC="0.96" CONTENT="anledning"/>
						</TextLine>
						<TextLine ID="line_31" HPOS="191" VPOS="1041" WIDTH="707" HEIGHT="28">
							<String ID="string_291" HPOS="191" VPOS="1043" WIDTH="31" HEIGHT="19" WC="0.93" CONTENT="att"/><SP WIDTH="14" VPOS="1043" HPOS="222"/>
							<String ID="string_292" HPOS="236" VPOS="1041" WIDTH="113" HEIGHT="21" WC="0.88" CONTENT="framhälla"/><SP WIDTH="15" VPOS="1041" HPOS="349"/>
							<String ID="string_293" HPOS="364" VPOS="1041" WIDTH="26" HEIGHT="21" WC="0.96" CONTENT="de"/><SP WIDTH="16" VPOS="1041" HPOS="390"/>
							<String ID="string_294" HPOS="406" VPOS="1041" WIDTH="22" HEIGHT="21" WC="0.96" CONTENT="af"/><SP WIDTH="15" VPOS="1041" HPOS="428"/>
							<String ID="string_295" HPOS="443" VPOS="1043" WIDTH="43" HEIGHT="26" WC="0.96" CONTENT="mig"/><SP WIDTH="14" VPOS="1043" HPOS="486"/>
							<String ID="string_296" HPOS="500" VPOS="1049" WIDTH="29" HEIGHT="13" WC="0.93" CONTENT="nu"/><SP WIDTH="15" VPOS="1049" HPOS="529"/>
							<String ID="string_297" HPOS="544" VPOS="1041" WIDTH="138" HEIGHT="21" WC="0.91" CONTENT="omförmälda"/><SP WIDTH="15" VPOS="1041" HPOS="682"/>
							<String ID="string_298" HPOS="697" VPOS="1041" WIDTH="201" HEIGHT="28" WC="0.87" CONTENT="oegentligheterna."/>
						</TextLine>
					</TextBlock>
					<TextBlock ID="block_4" HPOS="190" VPOS="1069" WIDTH="823" HEIGHT="171">
						<TextLine ID="line_32" HPOS="259" VPOS="1069" WIDTH="753" HEIGHT="28">
							<String ID="string_299" HPOS="259" VPOS="1069" WIDTH="66" HEIGHT="22" WC="0.91" CONTENT="Hvad"/><SP WIDTH="23" VPOS="1069" HPOS="325"/>
							<String ID="string_300" HPOS="348" VPOS="1069" WIDTH="34" HEIGHT="21" WC="0.93" CONTENT="för"/><SP WIDTH="20" VPOS="1069" HPOS="382"/>
							<String ID="string_301" HPOS="402" VPOS="1070" WIDTH="66" HEIGHT="27" WC="0.92" CONTENT="öfrigt"/><SP WIDTH="21" VPOS="1070" HPOS="468"/>
							<String ID="string_302" HPOS="489" VPOS="1069" WIDTH="41" HEIGHT="22" WC="0.93" CONTENT="den"/><SP WIDTH="21" VPOS="1069" HPOS="530"/>
							<String ID="string_303" HPOS="551" VPOS="1069" WIDTH="97" HEIGHT="22" WC="0.92" CONTENT="formella"/><SP WIDTH="15" VPOS="1069" HPOS="648"/>
							<String ID="string_304" HPOS="663" VPOS="1069" WIDTH="62" HEIGHT="22" WC="0.97" CONTENT="sidan"/><SP WIDTH="16" VPOS="1069" HPOS="725"/>
							<String ID="string_305" HPOS="741" VPOS="1069" WIDTH="22" HEIGHT="22" WC="0.93" CONTENT="af"/><SP WIDTH="15" VPOS="1069" HPOS="763"/>
							<String ID="string_306" HPOS="778" VPOS="1069" WIDTH="141" HEIGHT="22" WC="0.92" CONTENT="förevarande"/><SP WIDTH="15" VPOS="1069" HPOS="919"/>
							<String ID="string_307" HPOS="934" VPOS="1069" WIDTH="78" HEIGHT="22" WC="0.92" CONTENT="ärende"/>
						</TextLine>
						<TextLine ID="line_33" HPOS="190" VPOS="1097" WIDTH="823" HEIGHT="27">
							<String ID="string_308" HPOS="190" VPOS="1097" WIDTH="140" HEIGHT="27" WC="0.92" CONTENT="vidkommer,"/><SP WIDTH="21" VPOS="1097" HPOS="330"/>
							<String ID="string_309" HPOS="351" VPOS="1097" WIDTH="25" HEIGHT="22" WC="0.95" CONTENT="sä"/><SP WIDTH="14" VPOS="1097" HPOS="376"/>
							<String ID="string_310" HPOS="390" VPOS="1098" WIDTH="39" HEIGHT="21" WC="0.96" CONTENT="hör"/><SP WIDTH="19" VPOS="1098" HPOS="429"/>
							<String ID="string_311" HPOS="448" VPOS="1098" WIDTH="37" HEIGHT="21" WC="0.96" CONTENT="det"/><SP WIDTH="14" VPOS="1098" HPOS="485"/>
							<String ID="string_312" HPOS="499" VPOS="1101" WIDTH="50" HEIGHT="18" WC="0.93" CONTENT="utan"/><SP WIDTH="16" VPOS="1101" HPOS="549"/>
							<String ID="string_313" HPOS="565" VPOS="1098" WIDTH="76" HEIGHT="21" WC="0.91" CONTENT="tvifvel"/><SP WIDTH="15" VPOS="1098" HPOS="641"/>
							<String ID="string_314" HPOS="656" VPOS="1099" WIDTH="32" HEIGHT="20" WC="0.96" CONTENT="till"/><SP WIDTH="16" VPOS="1099" HPOS="688"/>
							<String ID="string_315" HPOS="704" VPOS="1098" WIDTH="72" HEIGHT="25" WC="0.96" CONTENT="saken,"/><SP WIDTH="15" VPOS="1098" HPOS="776"/>
							<String ID="string_316" HPOS="791" VPOS="1101" WIDTH="31" HEIGHT="18" WC="0.93" CONTENT="att"/><SP WIDTH="14" VPOS="1101" HPOS="822"/>
							<String ID="string_317" HPOS="836" VPOS="1097" WIDTH="73" HEIGHT="22" WC="0.92" CONTENT="rubrik"/><SP WIDTH="16" VPOS="1097" HPOS="909"/>
							<String ID="string_318" HPOS="925" VPOS="1098" WIDTH="41" HEIGHT="21" WC="0.93" CONTENT="och"/><SP WIDTH="14" VPOS="1098" HPOS="966"/>
							<String ID="string_319" HPOS="980" VPOS="1099" WIDTH="33" HEIGHT="20" WC="0.90" CONTENT="in-"/>
						</TextLine>
						<TextLine ID="line_34" HPOS="190" VPOS="1126" WIDTH="823" HEIGHT="28">
							<String ID="string_320" HPOS="190" VPOS="1133" WIDTH="60" HEIGHT="20" WC="0.93" CONTENT="gress"/><SP WIDTH="21" VPOS="1133" HPOS="250"/>
							<String ID="string_321" HPOS="271" VPOS="1126" WIDTH="32" HEIGHT="21" WC="0.93" CONTENT="till"/><SP WIDTH="13" VPOS="1126" HPOS="303"/>
							<String ID="string_322" HPOS="316" VPOS="1126" WIDTH="138" HEIGHT="28" WC="0.91" CONTENT="lagförslaget"/><SP WIDTH="14" VPOS="1126" HPOS="454"/>
							<String ID="string_323" HPOS="468" VPOS="1126" WIDTH="51" HEIGHT="28" WC="0.92" CONTENT="ingä"/><SP WIDTH="14" VPOS="1126" HPOS="519"/>
							<String ID="string_324" HPOS="533" VPOS="1127" WIDTH="7" HEIGHT="20" WC="0.96" CONTENT="i"/><SP WIDTH="15" VPOS="1127" HPOS="540"/>
							<String ID="string_325" HPOS="555" VPOS="1126" WIDTH="41" HEIGHT="21" WC="0.96" CONTENT="den"/><SP WIDTH="15" VPOS="1126" HPOS="596"/>
							<String ID="string_326" HPOS="611" VPOS="1129" WIDTH="52" HEIGHT="23" WC="0.96" CONTENT="text,"/><SP WIDTH="14" VPOS="1129" HPOS="663"/>
							<String ID="string_327" HPOS="677" VPOS="1134" WIDTH="47" HEIGHT="14" WC="0.93" CONTENT="som"/><SP WIDTH="15" VPOS="1134" HPOS="724"/>
							<String ID="string_328" HPOS="739" VPOS="1127" WIDTH="120" HEIGHT="21" WC="0.92" CONTENT="Ständerna"/><SP WIDTH="15" VPOS="1127" HPOS="859"/>
							<String ID="string_329" HPOS="874" VPOS="1129" WIDTH="83" HEIGHT="25" WC="0.93" CONTENT="antaga,"/><SP WIDTH="15" VPOS="1129" HPOS="957"/>
							<String ID="string_330" HPOS="972" VPOS="1127" WIDTH="41" HEIGHT="21" WC="0.96" CONTENT="och"/>
						</TextLine>
						<TextLine ID="line_35" HPOS="191" VPOS="1154" WIDTH="821" HEIGHT="29">
							<String ID="string_331" HPOS="191" VPOS="1155" WIDTH="34" HEIGHT="20" WC="0.92" CONTENT="fär"/><SP WIDTH="14" VPOS="1155" HPOS="225"/>
							<String ID="string_332" HPOS="239" VPOS="1155" WIDTH="36" HEIGHT="27" WC="0.93" CONTENT="jag"/><SP WIDTH="15" VPOS="1155" HPOS="275"/>
							<String ID="string_333" HPOS="290" VPOS="1154" WIDTH="74" HEIGHT="21" WC="0.93" CONTENT="derför"/><SP WIDTH="17" VPOS="1154" HPOS="364"/>
							<String ID="string_334" HPOS="381" VPOS="1155" WIDTH="75" HEIGHT="21" WC="0.92" CONTENT="förena"/><SP WIDTH="15" VPOS="1155" HPOS="456"/>
							<String ID="string_335" HPOS="471" VPOS="1156" WIDTH="44" HEIGHT="27" WC="0.96" CONTENT="mig"/><SP WIDTH="14" VPOS="1156" HPOS="515"/>
							<String ID="string_336" HPOS="529" VPOS="1155" WIDTH="6" HEIGHT="21" WC="0.96" CONTENT="i"/><SP WIDTH="15" VPOS="1155" HPOS="535"/>
							<String ID="string_337" HPOS="550" VPOS="1155" WIDTH="35" HEIGHT="21" WC="0.93" CONTENT="Hr"/><SP WIDTH="13" VPOS="1155" HPOS="585"/>
							<String ID="string_338" HPOS="598" VPOS="1155" WIDTH="134" HEIGHT="28" WC="0.92" CONTENT="Furuhjelms"/><SP WIDTH="16" VPOS="1155" HPOS="732"/>
							<String ID="string_339" HPOS="748" VPOS="1155" WIDTH="81" HEIGHT="28" WC="0.96" CONTENT="förslag"/><SP WIDTH="14" VPOS="1155" HPOS="829"/>
							<String ID="string_340" HPOS="843" VPOS="1163" WIDTH="34" HEIGHT="13" WC="0.93" CONTENT="om"/><SP WIDTH="15" VPOS="1163" HPOS="877"/>
							<String ID="string_341" HPOS="892" VPOS="1155" WIDTH="120" HEIGHT="22" WC="0.92" CONTENT="äterremiss"/>
						</TextLine>
						<TextLine ID="line_36" HPOS="191" VPOS="1183" WIDTH="821" HEIGHT="29">
							<String ID="string_342" HPOS="191" VPOS="1183" WIDTH="32" HEIGHT="21" WC="0.93" CONTENT="till"/><SP WIDTH="16" VPOS="1183" HPOS="223"/>
							<String ID="string_343" HPOS="239" VPOS="1183" WIDTH="152" HEIGHT="28" WC="0.92" CONTENT="Lagutskottet"/><SP WIDTH="12" VPOS="1183" HPOS="391"/>
							<String ID="string_344" HPOS="403" VPOS="1183" WIDTH="34" HEIGHT="22" WC="0.93" CONTENT="för"/><SP WIDTH="15" VPOS="1183" HPOS="437"/>
							<String ID="string_345" HPOS="452" VPOS="1184" WIDTH="125" HEIGHT="27" WC="0.92" CONTENT="afgifvande"/><SP WIDTH="15" VPOS="1184" HPOS="577"/>
							<String ID="string_346" HPOS="592" VPOS="1184" WIDTH="23" HEIGHT="21" WC="0.93" CONTENT="af"/><SP WIDTH="13" VPOS="1184" HPOS="615"/>
							<String ID="string_347" HPOS="628" VPOS="1183" WIDTH="99" HEIGHT="29" WC="0.92" CONTENT="yttrande"/><SP WIDTH="11" VPOS="1183" HPOS="727"/>
							<String ID="string_348" HPOS="738" VPOS="1184" WIDTH="39" HEIGHT="21" WC="0.96" CONTENT="och"/><SP WIDTH="11" VPOS="1184" HPOS="777"/>
							<String ID="string_349" HPOS="788" VPOS="1183" WIDTH="82" HEIGHT="28" WC="0.96" CONTENT="förslag"/><SP WIDTH="11" VPOS="1183" HPOS="870"/>
							<String ID="string_350" HPOS="881" VPOS="1183" WIDTH="131" HEIGHT="22" WC="0.96" CONTENT="beträffande"/>
						</TextLine>
						<TextLine ID="line_37" HPOS="192" VPOS="1211" WIDTH="653" HEIGHT="29">
							<String ID="string_351" HPOS="192" VPOS="1211" WIDTH="176" HEIGHT="28" WC="0.90" CONTENT="ändringslagens"/><SP WIDTH="16" VPOS="1211" HPOS="368"/>
							<String ID="string_352" HPOS="384" VPOS="1211" WIDTH="215" HEIGHT="29" WC="0.92" CONTENT="förfullständigande"/><SP WIDTH="15" VPOS="1211" HPOS="599"/>
							<String ID="string_353" HPOS="614" VPOS="1213" WIDTH="8" HEIGHT="20" WC="0.93" CONTENT="i"/><SP WIDTH="14" VPOS="1213" HPOS="622"/>
							<String ID="string_354" HPOS="636" VPOS="1212" WIDTH="86" HEIGHT="21" WC="0.93" CONTENT="formelt"/><SP WIDTH="15" VPOS="1212" HPOS="722"/>
							<String ID="string_355" HPOS="737" VPOS="1212" WIDTH="108" HEIGHT="21" WC="0.93" CONTENT="afseende."/>
						</TextLine>
					</TextBlock>
				</ComposedBlock>
				<ComposedBlock ID="cblock_3" HPOS="191" VPOS="1267" WIDTH="823" HEIGHT="258">
					<TextBlock ID="block_5" HPOS="191" VPOS="1267" WIDTH="823" HEIGHT="258">
						<TextLine ID="line_38" HPOS="260" VPOS="1267" WIDTH="752" HEIGHT="29">
							<String ID="string_356" HPOS="260" VPOS="1267" WIDTH="58" HEIGHT="21" WC="0.83" CONTENT="Frih."/><SP WIDTH="21" VPOS="1267" HPOS="318"/>
							<String ID="string_357" HPOS="339" VPOS="1267" WIDTH="26" HEIGHT="21" WC="0.96" CONTENT="R."/><SP WIDTH="20" VPOS="1267" HPOS="365"/>
							<String ID="string_358" HPOS="385" VPOS="1267" WIDTH="28" HEIGHT="21" WC="0.95" CONTENT="A."/><SP WIDTH="24" VPOS="1267" HPOS="413"/>
							<String ID="string_359" HPOS="437" VPOS="1267" WIDTH="107" HEIGHT="22" WC="0.96" CONTENT="Wrede:"/><SP WIDTH="19" VPOS="1267" HPOS="544"/>
							<String ID="string_360" HPOS="563" VPOS="1267" WIDTH="41" HEIGHT="28" WC="0.93" CONTENT="Jag"/><SP WIDTH="14" VPOS="1267" HPOS="604"/>
							<String ID="string_361" HPOS="618" VPOS="1267" WIDTH="93" HEIGHT="28" WC="0.96" CONTENT="begärde"/><SP WIDTH="16" VPOS="1267" HPOS="711"/>
							<String ID="string_362" HPOS="727" VPOS="1267" WIDTH="61" HEIGHT="22" WC="0.96" CONTENT="ordet"/><SP WIDTH="14" VPOS="1267" HPOS="788"/>
							<String ID="string_363" HPOS="802" VPOS="1267" WIDTH="35" HEIGHT="22" WC="0.96" CONTENT="för"/><SP WIDTH="15" VPOS="1267" HPOS="837"/>
							<String ID="string_364" HPOS="852" VPOS="1270" WIDTH="31" HEIGHT="19" WC="0.96" CONTENT="att"/><SP WIDTH="14" VPOS="1270" HPOS="883"/>
							<String ID="string_365" HPOS="897" VPOS="1269" WIDTH="52" HEIGHT="27" WC="0.93" CONTENT="göra"/><SP WIDTH="14" VPOS="1269" HPOS="949"/>
							<String ID="string_366" HPOS="963" VPOS="1275" WIDTH="49" HEIGHT="14" WC="0.91" CONTENT="ena-"/>
						</TextLine>
						<TextLine ID="line_39" HPOS="192" VPOS="1294" WIDTH="821" HEIGHT="29">
							<String ID="string_367" HPOS="192" VPOS="1294" WIDTH="71" HEIGHT="22" WC="0.91" CONTENT="handa"/><SP WIDTH="16" VPOS="1294" HPOS="263"/>
							<String ID="string_368" HPOS="279" VPOS="1295" WIDTH="139" HEIGHT="28" WC="0.91" CONTENT="anmärkning"/><SP WIDTH="15" VPOS="1295" HPOS="418"/>
							<String ID="string_369" HPOS="433" VPOS="1297" WIDTH="6" HEIGHT="20" WC="0.93" CONTENT="i"/><SP WIDTH="16" VPOS="1297" HPOS="439"/>
							<String ID="string_370" HPOS="455" VPOS="1295" WIDTH="86" HEIGHT="22" WC="0.93" CONTENT="formelt"/><SP WIDTH="14" VPOS="1295" HPOS="541"/>
							<String ID="string_371" HPOS="555" VPOS="1295" WIDTH="121" HEIGHT="22" WC="0.96" CONTENT="hänseende"/><SP WIDTH="11" VPOS="1295" HPOS="676"/>
							<String ID="string_372" HPOS="687" VPOS="1303" WIDTH="44" HEIGHT="14" WC="0.93" CONTENT="som"/><SP WIDTH="11" VPOS="1303" HPOS="731"/>
							<String ID="string_373" HPOS="742" VPOS="1296" WIDTH="116" HEIGHT="22" WC="0.92" CONTENT="framstälts"/><SP WIDTH="11" VPOS="1296" HPOS="858"/>
							<String ID="string_374" HPOS="869" VPOS="1297" WIDTH="23" HEIGHT="20" WC="0.96" CONTENT="af"/><SP WIDTH="9" VPOS="1297" HPOS="892"/>
							<String ID="string_375" HPOS="901" VPOS="1296" WIDTH="34" HEIGHT="22" WC="0.93" CONTENT="Hr"/><SP WIDTH="10" VPOS="1296" HPOS="935"/>
							<String ID="string_376" HPOS="945" VPOS="1296" WIDTH="68" HEIGHT="22" WC="0.92" CONTENT="Furu-"/>
						</TextLine>
						<TextLine ID="line_40" HPOS="191" VPOS="1323" WIDTH="822" HEIGHT="30">
							<String ID="string_377" HPOS="191" VPOS="1323" WIDTH="70" HEIGHT="29" WC="0.90" CONTENT="hjelm,"/><SP WIDTH="19" VPOS="1323" HPOS="261"/>
							<String ID="string_378" HPOS="280" VPOS="1324" WIDTH="107" HEIGHT="28" WC="0.93" CONTENT="nämligen"/><SP WIDTH="15" VPOS="1324" HPOS="387"/>
							<String ID="string_379" HPOS="402" VPOS="1324" WIDTH="111" HEIGHT="29" WC="0.90" CONTENT="angäende"/><SP WIDTH="16" VPOS="1324" HPOS="513"/>
							<String ID="string_380" HPOS="529" VPOS="1325" WIDTH="78" HEIGHT="21" WC="0.93" CONTENT="bristen"/><SP WIDTH="17" VPOS="1325" HPOS="607"/>
							<String ID="string_381" HPOS="624" VPOS="1324" WIDTH="27" HEIGHT="29" WC="0.93" CONTENT="pä"/><SP WIDTH="14" VPOS="1324" HPOS="651"/>
							<String ID="string_382" HPOS="665" VPOS="1325" WIDTH="73" HEIGHT="21" WC="0.92" CONTENT="rubrik"/><SP WIDTH="16" VPOS="1325" HPOS="738"/>
							<String ID="string_383" HPOS="754" VPOS="1325" WIDTH="41" HEIGHT="22" WC="0.93" CONTENT="och"/><SP WIDTH="14" VPOS="1325" HPOS="795"/>
							<String ID="string_384" HPOS="809" VPOS="1326" WIDTH="83" HEIGHT="27" WC="0.93" CONTENT="ingress"/><SP WIDTH="14" VPOS="1326" HPOS="892"/>
							<String ID="string_385" HPOS="906" VPOS="1327" WIDTH="7" HEIGHT="19" WC="0.93" CONTENT="i"/><SP WIDTH="15" VPOS="1327" HPOS="913"/>
							<String ID="string_386" HPOS="928" VPOS="1325" WIDTH="85" HEIGHT="22" WC="0.93" CONTENT="författ-"/>
						</TextLine>
						<TextLine ID="line_41" HPOS="192" VPOS="1352" WIDTH="820" HEIGHT="29">
							<String ID="string_387" HPOS="192" VPOS="1352" WIDTH="173" HEIGHT="29" WC="0.91" CONTENT="ningsförslaget."/><SP WIDTH="30" VPOS="1352" HPOS="365"/>
							<String ID="string_388" HPOS="395" VPOS="1353" WIDTH="44" HEIGHT="21" WC="0.96" CONTENT="Det"/><SP WIDTH="14" VPOS="1353" HPOS="439"/>
							<String ID="string_389" HPOS="453" VPOS="1355" WIDTH="24" HEIGHT="19" WC="0.97" CONTENT="är"/><SP WIDTH="14" VPOS="1355" HPOS="477"/>
							<String ID="string_390" HPOS="491" VPOS="1354" WIDTH="121" HEIGHT="27" WC="0.93" CONTENT="egentligen"/><SP WIDTH="15" VPOS="1354" HPOS="612"/>
							<String ID="string_391" HPOS="627" VPOS="1355" WIDTH="110" HEIGHT="26" WC="0.93" CONTENT="ingressen"/><SP WIDTH="15" VPOS="1355" HPOS="737"/>
							<String ID="string_392" HPOS="752" VPOS="1353" WIDTH="49" HEIGHT="22" WC="0.96" CONTENT="med"/><SP WIDTH="11" VPOS="1353" HPOS="801"/>
							<String ID="string_393" HPOS="812" VPOS="1353" WIDTH="36" HEIGHT="22" WC="0.93" CONTENT="det"/><SP WIDTH="10" VPOS="1353" HPOS="848"/>
							<String ID="string_394" HPOS="858" VPOS="1354" WIDTH="99" HEIGHT="27" WC="0.93" CONTENT="innehäll,"/><SP WIDTH="10" VPOS="1354" HPOS="957"/>
							<String ID="string_395" HPOS="967" VPOS="1362" WIDTH="45" HEIGHT="14" WC="0.96" CONTENT="som"/>
						</TextLine>
						<TextLine ID="line_42" HPOS="191" VPOS="1360" WIDTH="822" HEIGHT="50">
							<String ID="string_396" HPOS="191" VPOS="1382" WIDTH="32" HEIGHT="21" WC="0.92" CONTENT="uti"/><SP WIDTH="16" VPOS="1382" HPOS="223"/>
							<String ID="string_397" HPOS="239" VPOS="1381" WIDTH="70" HEIGHT="22" WC="0.96" CONTENT="denna"/><SP WIDTH="13" VPOS="1381" HPOS="309"/>
							<String ID="string_398" HPOS="322" VPOS="1360" WIDTH="41" HEIGHT="43" WC="0.45" CONTENT="För"/><SP WIDTH="15" VPOS="1360" HPOS="363"/>
							<String ID="string_399" HPOS="378" VPOS="1381" WIDTH="56" HEIGHT="28" WC="0.92" CONTENT="ingä,"/><SP WIDTH="15" VPOS="1381" HPOS="434"/>
							<String ID="string_400" HPOS="449" VPOS="1382" WIDTH="52" HEIGHT="21" WC="0.96" CONTENT="eller"/><SP WIDTH="14" VPOS="1382" HPOS="501"/>
							<String ID="string_401" HPOS="515" VPOS="1385" WIDTH="32" HEIGHT="18" WC="0.93" CONTENT="att"/><SP WIDTH="14" VPOS="1385" HPOS="547"/>
							<String ID="string_402" HPOS="561" VPOS="1382" WIDTH="154" HEIGHT="28" WC="0.92" CONTENT="författningen"/><SP WIDTH="16" VPOS="1382" HPOS="715"/>
							<String ID="string_403" HPOS="731" VPOS="1382" WIDTH="106" HEIGHT="22" WC="0.92" CONTENT="utfärdats"/><SP WIDTH="15" VPOS="1382" HPOS="837"/>
							<String ID="string_404" HPOS="852" VPOS="1383" WIDTH="49" HEIGHT="21" WC="0.96" CONTENT="med"/><SP WIDTH="9" VPOS="1383" HPOS="901"/>
							<String ID="string_405" HPOS="910" VPOS="1383" WIDTH="103" HEIGHT="22" WC="0.96" CONTENT="Finlands"/>
						</TextLine>
						<TextLine ID="line_43" HPOS="192" VPOS="1409" WIDTH="821" HEIGHT="32">
							<String ID="string_406" HPOS="192" VPOS="1409" WIDTH="103" HEIGHT="23" WC="0.92" CONTENT="Ständers"/><SP WIDTH="16" VPOS="1409" HPOS="295"/>
							<String ID="string_407" HPOS="311" VPOS="1410" WIDTH="61" HEIGHT="22" WC="0.91" CONTENT="bifall"/><SP WIDTH="15" VPOS="1410" HPOS="372"/>
							<String ID="string_408" HPOS="387" VPOS="1410" WIDTH="41" HEIGHT="21" WC="0.93" CONTENT="och"/><SP WIDTH="15" VPOS="1410" HPOS="428"/>
							<String ID="string_409" HPOS="443" VPOS="1411" WIDTH="115" HEIGHT="28" WC="0.90" CONTENT="samtycke,"/><SP WIDTH="15" VPOS="1411" HPOS="558"/>
							<String ID="string_410" HPOS="573" VPOS="1411" WIDTH="87" HEIGHT="21" WC="0.93" CONTENT="hvilken"/><SP WIDTH="15" VPOS="1411" HPOS="660"/>
							<String ID="string_411" HPOS="675" VPOS="1412" WIDTH="7" HEIGHT="19" WC="0.96" CONTENT="i"/><SP WIDTH="15" VPOS="1412" HPOS="682"/>
							<String ID="string_412" HPOS="697" VPOS="1411" WIDTH="60" HEIGHT="22" WC="0.93" CONTENT="detta"/><SP WIDTH="15" VPOS="1411" HPOS="757"/>
							<String ID="string_413" HPOS="772" VPOS="1411" WIDTH="102" HEIGHT="22" WC="0.91" CONTENT="afseende"/><SP WIDTH="15" VPOS="1411" HPOS="874"/>
							<String ID="string_414" HPOS="889" VPOS="1413" WIDTH="23" HEIGHT="20" WC="0.96" CONTENT="är"/><SP WIDTH="15" VPOS="1413" HPOS="912"/>
							<String ID="string_415" HPOS="927" VPOS="1411" WIDTH="23" HEIGHT="22" WC="0.93" CONTENT="af"/><SP WIDTH="13" VPOS="1411" HPOS="950"/>
							<String ID="string_416" HPOS="963" VPOS="1413" WIDTH="50" HEIGHT="28" WC="0.92" CONTENT="vigt."/>
						</TextLine>
						<TextLine ID="line_44" HPOS="192" VPOS="1439" WIDTH="822" HEIGHT="30">
							<String ID="string_417" HPOS="192" VPOS="1439" WIDTH="44" HEIGHT="21" WC="0.96" CONTENT="För"/><SP WIDTH="20" VPOS="1439" HPOS="236"/>
							<String ID="string_418" HPOS="256" VPOS="1442" WIDTH="32" HEIGHT="18" WC="0.95" CONTENT="att"/><SP WIDTH="20" VPOS="1442" HPOS="288"/>
							<String ID="string_419" HPOS="308" VPOS="1439" WIDTH="46" HEIGHT="22" WC="0.96" CONTENT="visa"/><SP WIDTH="22" VPOS="1439" HPOS="354"/>
							<String ID="string_420" HPOS="376" VPOS="1439" WIDTH="54" HEIGHT="21" WC="0.93" CONTENT="huru"/><SP WIDTH="21" VPOS="1439" HPOS="430"/>
							<String ID="string_421" HPOS="451" VPOS="1439" WIDTH="72" HEIGHT="28" WC="0.92" CONTENT="frägor"/><SP WIDTH="22" VPOS="1439" HPOS="523"/>
							<String ID="string_422" HPOS="545" VPOS="1439" WIDTH="110" HEIGHT="29" WC="0.92" CONTENT="angäende"/><SP WIDTH="21" VPOS="1439" HPOS="655"/>
							<String ID="string_423" HPOS="676" VPOS="1439" WIDTH="265" HEIGHT="30" WC="0.93" CONTENT="grundlagsförändringar"/><SP WIDTH="14" VPOS="1439" HPOS="941"/>
							<String ID="string_424" HPOS="955" VPOS="1441" WIDTH="59" HEIGHT="22" WC="0.92" CONTENT="förut"/>
						</TextLine>
						<TextLine ID="line_45" HPOS="194" VPOS="1467" WIDTH="819" HEIGHT="31">
							<String ID="string_425" HPOS="194" VPOS="1467" WIDTH="71" HEIGHT="22" WC="0.92" CONTENT="blifvit"/><SP WIDTH="16" VPOS="1467" HPOS="265"/>
							<String ID="string_426" HPOS="281" VPOS="1467" WIDTH="131" HEIGHT="22" WC="0.92" CONTENT="behandlade"/><SP WIDTH="16" VPOS="1467" HPOS="412"/>
							<String ID="string_427" HPOS="428" VPOS="1467" WIDTH="40" HEIGHT="22" WC="0.93" CONTENT="och"/><SP WIDTH="15" VPOS="1467" HPOS="468"/>
							<String ID="string_428" HPOS="483" VPOS="1468" WIDTH="87" HEIGHT="22" WC="0.93" CONTENT="hvilken"/><SP WIDTH="16" VPOS="1468" HPOS="570"/>
							<String ID="string_429" HPOS="586" VPOS="1469" WIDTH="45" HEIGHT="27" WC="0.93" CONTENT="vigt"/><SP WIDTH="15" VPOS="1469" HPOS="631"/>
							<String ID="string_430" HPOS="646" VPOS="1475" WIDTH="49" HEIGHT="15" WC="0.93" CONTENT="man"/><SP WIDTH="15" VPOS="1475" HPOS="695"/>
							<String ID="string_431" HPOS="710" VPOS="1469" WIDTH="45" HEIGHT="21" WC="0.92" CONTENT="fäst"/><SP WIDTH="13" VPOS="1469" HPOS="755"/>
							<String ID="string_432" HPOS="768" VPOS="1468" WIDTH="38" HEIGHT="23" WC="0.93" CONTENT="vid"/><SP WIDTH="16" VPOS="1468" HPOS="806"/>
							<String ID="string_433" HPOS="822" VPOS="1469" WIDTH="82" HEIGHT="22" WC="0.93" CONTENT="formen"/><SP WIDTH="15" VPOS="1469" HPOS="904"/>
							<String ID="string_434" HPOS="919" VPOS="1471" WIDTH="7" HEIGHT="20" WC="0.93" CONTENT="i"/><SP WIDTH="15" VPOS="1471" HPOS="926"/>
							<String ID="string_435" HPOS="941" VPOS="1469" WIDTH="72" HEIGHT="29" WC="0.92" CONTENT="dylika"/>
						</TextLine>
						<TextLine ID="line_46" HPOS="191" VPOS="1495" WIDTH="821" HEIGHT="30">
							<String ID="string_436" HPOS="191" VPOS="1495" WIDTH="45" HEIGHT="28" WC="0.96" CONTENT="fall,"/><SP WIDTH="16" VPOS="1495" HPOS="236"/>
							<String ID="string_437" HPOS="252" VPOS="1496" WIDTH="37" HEIGHT="21" WC="0.96" CONTENT="ber"/><SP WIDTH="17" VPOS="1496" HPOS="289"/>
							<String ID="string_438" HPOS="306" VPOS="1497" WIDTH="36" HEIGHT="28" WC="0.93" CONTENT="jag"/><SP WIDTH="14" VPOS="1497" HPOS="342"/>
							<String ID="string_439" HPOS="356" VPOS="1496" WIDTH="24" HEIGHT="21" WC="0.92" CONTENT="fä"/><SP WIDTH="15" VPOS="1496" HPOS="380"/>
							<String ID="string_440" HPOS="395" VPOS="1497" WIDTH="69" HEIGHT="21" WC="0.92" CONTENT="erinra"/><SP WIDTH="15" VPOS="1497" HPOS="464"/>
							<String ID="string_441" HPOS="479" VPOS="1504" WIDTH="40" HEIGHT="20" WC="0.93" CONTENT="om,"/><SP WIDTH="14" VPOS="1504" HPOS="519"/>
							<String ID="string_442" HPOS="533" VPOS="1497" WIDTH="120" HEIGHT="27" WC="0.92" CONTENT="huruledes,"/><SP WIDTH="15" VPOS="1497" HPOS="653"/>
							<String ID="string_443" HPOS="668" VPOS="1497" WIDTH="28" HEIGHT="22" WC="0.93" CONTENT="dä"/><SP WIDTH="14" VPOS="1497" HPOS="696"/>
							<String ID="string_444" HPOS="710" VPOS="1497" WIDTH="84" HEIGHT="22" WC="0.93" CONTENT="landets"/><SP WIDTH="14" VPOS="1497" HPOS="794"/>
							<String ID="string_445" HPOS="808" VPOS="1497" WIDTH="92" HEIGHT="22" WC="0.93" CONTENT="Ständer"/><SP WIDTH="9" VPOS="1497" HPOS="900"/>
							<String ID="string_446" HPOS="909" VPOS="1498" WIDTH="37" HEIGHT="22" WC="0.96" CONTENT="vid"/><SP WIDTH="12" VPOS="1498" HPOS="946"/>
							<String ID="string_447" HPOS="958" VPOS="1499" WIDTH="54" HEIGHT="22" WC="0.96" CONTENT="1882"/>
						</TextLine>
					</TextBlock>
				</ComposedBlock>
			</PrintSpace>
		</Page>
	</Layout>
</alto>
