1045 1689
212 101 40 22 332
453 107 25 18 R.
490 112 18 12 o.
520 107 22 17 A.
555 107 55 18 1897.
634 107 23 17 16
669 107 62 17 Mars.

183 175 23 21 af
226 175 106 21 mantalen
355 176 7 20 i
384 175 79 21 socken
487 175 114 28 vanligtvis
622 176 8 20 i
652 175 84 21 landets
756 177 71 20 vestra
842 175 41 21 och
898 174 106 22 mellersta

183 203 59 22 delar
256 205 24 19 är
294 198 67 27 större
376 205 27 19 än
418 204 8 20 i
440 203 97 28 Viborgs
552 203 41 22 län.
612 203 207 28 Kyrkoherdebolen
834 203 46 21 äter
895 204 7 20 i
915 202 89 28 Taipale

182 232 41 21 och
237 232 103 21 Ilomants
355 231 162 29 grekisk-ryska
531 231 149 28 församlingar
694 231 61 21 torde
766 239 51 14 vara
827 231 87 22 alldeles
924 231 80 21 skatte-

182 260 47 27 fria,
244 260 111 21 hvaremot
370 260 89 21 diakon-
474 260 39 21 och
529 260 200 21 klockarebostället
743 261 7 20 i
765 259 132 22 sistnämnda
911 259 92 22 försam-

182 289 46 28 ling
249 291 24 19 är
287 289 96 21 likstäldt
398 289 48 21 med
461 289 27 21 de
503 297 42 20 nya
560 288 180 29 kapellansbolen.
769 288 52 22 Med
837 288 102 21 afseende
954 287 52 22 härä

183 317 51 22 ville
258 319 35 27 jag
315 317 132 22 öfverlemna
467 317 24 22 åt
512 317 160 22 vederbörande
687 317 83 22 utskott
792 320 31 19 att
837 317 36 21 för
888 316 118 29 bringande

182 346 24 21 af
228 346 99 22 säkerhet
347 347 7 20 i
376 346 147 29 debiteringen
546 346 150 22 omformulera
718 345 49 22 näd.
789 354 59 21 prop.
868 345 86 28 derhän,
973 348 33 19 att

182 375 161 28 grekisk-ryska
364 375 159 29 presterskapet
545 375 68 22 skulle
635 375 105 22 förklaras
755 375 82 29 åtnjuta
851 376 7 20 i
874 374 102 23 afseende
992 374 13 22 å

182 405 48 20 sina
252 404 105 25 boställen
373 404 109 21 enahanda
504 404 124 28 rättigheter
643 404 41 22 och
698 404 113 27 förmäner,
827 411 44 15 som
887 403 120 22 tillkomma

183 433 109 21 lutherska
307 433 158 31 presterskapet
480 434 7 20 i
503 432 95 29 Viborgs
613 433 41 26 län,
670 432 34 22 för
720 432 24 22 sä
759 432 47 22 vidt
818 434 19 28 ej
850 434 67 20 större
926 432 80 22 förmä-

184 469 38 13 ner
237 462 7 20 i
259 462 103 28 speciella
376 462 38 20 fall
430 461 65 22 redan
510 463 37 20 äro
562 461 116 28 medgifna.

241 518 35 22 Då
297 520 64 26 ingen
384 526 68 14 annan
476 519 23 21 af
520 519 25 21 R.
567 527 19 14 o.
606 520 38 20 A:s
666 519 116 21 ledamöter
797 518 95 22 önskade
907 519 7 20 i
929 518 77 28 frågan

183 550 57 26 yttra
255 548 39 28 sig,
308 548 69 21 beslöt
391 548 27 21 R.
434 556 17 13 o.
467 548 26 21 A.
508 550 31 19 att
554 548 5 21 i
576 548 94 28 enlighet
684 548 49 21 med
749 547 257 22 Talmanskonferensens

184 576 81 28 förslag
285 577 107 25 remittera
413 576 140 22 förevarande
575 576 47 22 näd.
638 584 60 21 prop.
712 576 33 22 till
760 576 57 28 Lag-
833 576 41 22 och
889 576 118 21 Ekonomi-

184 605 111 27 utskottet,
310 603 45 23 som
372 605 66 21 borde
453 605 24 21 fä
491 605 35 21 del
541 605 23 21 af
579 606 34 21 Hr
628 604 126 22 Schulmans
769 604 105 30 yttrande.

312 637 1 11 U

506 749 184 29 Hästutskrifning.

254 806 121 30 Föredrogs
397 807 117 29 bordlagda
531 808 48 21 näd.
595 815 59 21 prop.
668 808 40 21 N:o
724 808 27 21 29
767 806 48 23 med
830 807 82 29 förslag
926 807 33 21 till
973 808 35 28 lag

186 844 35 13 om
236 836 131 29 utskrifning
381 836 24 21 af
419 836 71 21 hästar
505 836 34 21 för
553 836 130 28 krigsbehof.

254 892 35 22 Hr
303 889 208 25 Landtmarskalken
527 893 125 22 meddelade
668 896 31 18 att
713 893 245 22 Talmanskonferensen
970 893 38 21 vid

186 922 191 27 Ofverläggningen
398 929 33 13 om
450 923 102 20 remissen
568 922 23 21 af
606 922 69 21 denna
690 922 49 21 nåd.
754 929 65 21 prop.,
834 922 87 21 hvilken
937 922 71 21 såsom

187 950 68 21 kändt
270 950 37 21 vid
320 953 87 21 senaste
423 950 102 28 landtdag
539 958 38 13 var
592 950 146 22 öfverlemnad
753 950 33 21 till
803 950 129 29 behandling
943 950 23 21 af
978 953 31 18 ett

188 978 101 23 särskildt
303 977 34 23 för
352 979 121 21 ändamälet
487 979 75 21 tillsatt
577 979 88 26 utskott,
680 982 50 18 enat
745 980 34 27 sig
793 987 34 14 om
838 982 37 23 att,
885 981 51 20 enär
946 979 63 21 Stän-

188 1008 53 21 dens
256 1007 137 22 medlemmar
407 1007 65 22 redan
487 1015 52 14 vore
553 1008 69 21 starkt
636 1007 93 22 anlitade
744 1007 35 22 för
793 1008 59 21 säväl
865 1007 27 22 de
903 1008 106 21 ordinarie

187 1043 46 14 som
250 1036 26 21 de
291 1033 37 24 vid
344 1035 129 28 landtdagen
483 1037 89 20 tillsatta
584 1036 196 29 specialutskotten,
791 1037 40 21 hos
843 1036 96 22 Ständen
951 1037 59 21 före-

188 1064 32 21 slå
234 1064 37 21 det
286 1064 41 21 den
343 1064 49 21 nåd.
407 1071 58 22 prop.
481 1065 67 21 skulle
563 1066 118 20 remitteras
696 1065 33 20 till
743 1065 219 21 Ekonomiutskottet.

257 1121 32 21 På
303 1108 100 58 anhållan
418 1121 107 21 lemnades
541 1121 61 21 ordet
616 1121 22 21 åt

256 1177 57 22 Frih.
328 1177 27 22 R.
369 1178 28 21 A.
412 1178 107 26 Wrede,
535 1185 44 14 som
594 1178 93 27 yttrade:
702 1178 71 21 Jemte
783 1178 38 21 det
829 1179 36 28 jag
877 1177 133 22 beträffande

188 1207 102 20 remissen
297 1205 22 22 af
325 1205 73 23 denna
406 1206 48 21 näd.
462 1214 59 20 prop.
530 1206 37 21 ber
577 1209 31 19 att
618 1206 22 21 fä
651 1206 75 21 förena
736 1207 43 26 mig
789 1214 34 13 om
832 1207 178 21 Talmanskonfe-

188 1241 87 14 rensens
288 1234 86 27 förslag,
387 1235 50 20 ville
447 1236 36 26 jag
492 1237 57 24 yttra
559 1235 65 26 några
635 1234 37 20 ord
687 1235 5 20 i
704 1234 77 28 sjelfva
792 1234 73 21 saken.
887 1234 75 21 Såsom
975 1235 35 20 be-

188 1261 53 22 kant
251 1269 39 14 var
299 1260 76 29 frägan
387 1269 34 14 om
430 1262 129 27 utskrifning
569 1263 23 20 af
604 1261 72 22 hästar
692 1262 34 21 för
740 1262 126 28 krigsbehof
875 1262 89 21 föremäl
976 1263 35 21 för

188 1286 140 32 behandling
327 1282 8 42 '
339 1289 69 22 under
430 1293 83 18 senaste
535 1289 108 29 landtdag,
658 1298 48 13 men
722 1290 41 22 fick
779 1290 122 29 derigenom
916 1294 32 18 att
962 1299 49 21 pro-

188 1319 121 28 positionen
328 1318 58 22 hade
406 1319 93 22 utdelats
514 1319 32 21 till
561 1319 119 22 Ständerna
695 1319 55 22 först
765 1322 44 19 mot
824 1320 65 21 slutet
903 1320 23 21 af
941 1320 70 22 landt-

189 1348 76 27 dagen,
286 1349 7 20 i
316 1347 106 25 anseende
444 1348 32 21 till
493 1347 70 22 tidens
585 1348 113 28 knapphet,
713 1349 34 20 för
762 1348 42 22 den
819 1349 84 28 gängen
918 1349 93 22 förfalla.

189 1377 45 20 Det
248 1377 83 31 arbete,
342 1384 45 14 som
403 1376 48 22 frän
467 1376 129 22 Ständernas
612 1376 46 23 sida
674 1377 97 28 nedlagts
787 1377 28 29 pä
830 1377 69 22 denna
915 1379 97 28 proposi-

189 1406 52 26 tion,
257 1405 68 22 skulle
344 1405 57 22 dock
415 1405 48 22 icke
479 1405 65 22 hafva
559 1407 55 20 varit
628 1405 117 29 förgäfves,
761 1413 33 14 om
810 1407 37 21 vid
862 1407 150 22 utarbetandet

190 1434 23 21 af
228 1434 132 28 proposition
375 1434 33 21 till
424 1434 69 22 denna
508 1434 108 28 landtdag,
631 1434 55 21 hade
701 1434 110 29 iakttagits
826 1435 56 22 hvad
898 1435 114 22 Utskottet

189 1464 7 19 i
209 1462 74 28 frägan
296 1462 36 22 vid
348 1465 86 19 senaste
448 1462 103 28 landtdag
565 1463 89 28 tillgjort
668 1463 41 21 och
724 1463 26 21 de
765 1464 139 28 synpunkter,
914 1464 60 21 somi
983 1464 27 21 de

190 1491 57 21 olika
262 1490 95 22 Ständen
374 1491 92 22 uttalats.
496 1491 29 22 Sä
540 1491 38 21 har
593 1491 117 22 emellertid
725 1492 48 21 icke
788 1492 63 26 skett,
867 1495 51 19 utan
933 1500 78 21 propo-
