1045 1681
271 100 71 18 Skada
353 100 7 17 i
372 100 52 21 följd
436 101 23 17 af
467 100 154 22 jernvägsdrift.
784 95 41 21 283

40 169 28 28 sig
89 168 39 22 vår
149 170 52 20 rätts
224 170 148 28 ursprungliga
389 169 133 21 ståndpunkt
541 170 41 20 och
599 169 26 21 de
647 169 139 29 stadganden,
808 176 45 14 som

40 199 52 19 innu
112 198 67 20 finnas
195 205 53 21 qvar
263 198 40 21 och
318 199 68 21 vittna
401 206 34 13 om
466 206 55 13 denna
536 198 137 28 ståndpunkt.
703 197 152 29 Egendomligt

39 234 38 20 20g
98 228 23 19 är
141 226 37 21 det
198 234 27 13 en
240 234 74 14 senare
328 226 43 21 tids
386 226 200 28 kulturutveckling,
601 234 46 13 som
662 226 45 21 åter
721 227 56 27 gjort
792 226 62 21 dessa

39 255 103 28 orinciper
164 255 58 21 klara
243 255 35 20 för
297 255 156 26 medvetandet,
468 255 106 27 nämligen
589 254 161 22 storindustrins
765 255 89 21 utveck-

39 284 46 26 ing,
108 282 168 26 storindustrins,
295 291 45 13 som
363 284 48 20 med
426 284 46 20 sina
487 284 140 27 inrättningar
641 283 81 28 åsyftar
737 286 31 18 att
783 282 71 22 åstad-

38 318 81 14 komma
135 311 24 21 så
174 314 44 18 stor
233 311 137 21 arbetseffekt
384 319 45 13 som
445 312 86 27 möjligt,
547 314 50 18 utan
607 311 82 27 hänsyn
700 311 33 21 till
741 311 27 21 de
776 311 79 21 skador

39 339 37 21 ach
91 340 88 27 obehag,
195 347 44 14 som
255 339 124 28 derigenom
394 340 72 21 kunna
481 340 80 21 drabba
576 339 66 21 andra
657 339 127 21 menniskor.
810 339 44 21 Det

39 370 19 18 är
73 367 70 22 denna
158 368 161 21 storindustrins
334 368 130 28 utveckling,
480 376 45 14 som
539 368 56 28 gjort
610 370 31 20 att
656 375 47 14 man
719 367 41 21 fått
770 370 84 26 ögonen

39 398 67 26 5ppna
128 396 34 21 för
184 397 41 21 den
248 398 96 26 sanning,
366 400 32 18 att
417 404 46 14 man
484 397 115 27 ingalunda
613 397 7 20 i
635 396 161 28 lagstiftningen
812 396 41 21 kan

38 425 68 21 känna
128 426 33 26 sig
183 425 148 21 tillfredsstäld
354 426 48 20 med
425 433 25 13 en
473 426 133 27 tillämpning
623 425 133 21 uteslutande
771 433 26 13 ur
811 425 43 21 den

38 454 190 28 romerskrittsliga
249 454 181 28 skuldprincipen.
458 454 49 21 Den
530 454 70 21 kunde
621 461 64 21 passa
704 453 28 29 pä
746 460 107 15 romarnes

38 482 35 26 tid,
88 482 28 21 dä
131 490 26 13 en
172 482 135 22 storindustri
323 482 47 22 icke
386 483 124 26 existerade,
525 482 28 21 dä
567 482 70 28 ängan
648 482 40 22 och
699 482 155 21 elektriciteten

37 510 38 22 och
90 511 41 21 alla
147 511 62 21 dessa
224 511 86 27 krafter,
326 518 45 14 som
386 513 36 19 äro
437 511 87 21 bundna
538 512 7 19 i
561 511 91 21 arbetets
664 512 71 27 tjenst,
745 511 48 21 icke
801 518 53 14 voro

37 539 38 21 let.
105 540 74 21 Också
200 540 58 20 visar
280 540 147 21 erfarenheten
450 540 49 21 från
517 540 40 20 alla
572 539 133 22 civiliserade
725 539 79 26 länder,
822 542 32 18 att

37 575 45 14 man
97 568 73 21 blifvit
184 571 95 25 tvungen
297 571 32 18 att
343 568 106 29 uppställa
463 570 44 26 just
521 568 35 21 för
571 567 149 22 storindustrin
735 575 27 14 en
777 567 76 21 skade-

37 596 248 28 ersättningsskyldighet
306 597 120 20 oberoende
446 597 22 20 af
483 596 68 21 skuld.
581 597 66 20 Detta
661 596 68 27 ligger
744 596 86 21 alldeles
846 597 7 19 i

37 625 74 20 sakens
134 628 67 18 natur.
231 624 46 22 Vid
298 625 84 28 företag
402 625 23 20 af
441 625 23 21 så
479 624 143 28 komplicerad
638 624 152 26 beskaffenhet,
807 631 45 14 som

37 653 58 21 lessa
110 654 115 27 vanligtvis
241 655 42 24 äro,
299 661 49 14 vore
364 661 26 13 en
403 653 113 27 bevisning
527 660 33 14 om
575 652 61 22 skuld
650 654 6 19 i
666 652 26 21 de
700 653 61 20 flesta
769 652 38 21 fall
815 653 37 20 all-

37 681 54 21 deles
105 682 91 27 omöjlig,
211 681 39 22 och
259 690 34 13 om
302 682 66 21 också
377 689 26 14 en
411 682 112 27 bevisning
530 689 33 14 om
574 681 61 22 skuld
649 681 39 21 hos
696 681 70 28 någon
775 680 78 22 under-

36 710 85 26 ordnad,
142 711 6 20 i
164 711 116 27 företagets
295 711 65 27 tjenst
375 710 88 21 stående
479 711 95 20 arbetare
590 710 67 21 skulle
673 709 71 22 kunna
759 709 93 28 påvisas,

36 739 21 20 sä
80 746 51 13 vore
153 739 86 20 dermed
262 739 51 28 föga
336 741 86 24 vunnet,
441 742 23 25 ty
483 747 26 12 en
525 739 66 21 sådan
606 746 76 20 person
699 740 23 19 är
736 738 115 27 ingalunda

36 767 132 28 vederhäftig
183 767 34 21 för
232 767 26 22 de
273 767 84 26 skador,
372 775 45 14 som
432 767 38 22 här
480 767 71 21 kunna
563 766 157 22 åstadkommas
731 767 39 20 och
778 766 73 21 hvilka

35 796 70 21 kunna
120 797 55 26 stiga
190 796 31 21 till
236 797 81 27 ganska
331 797 55 27 höga
401 796 84 28 belopp.

101 825 34 21 Hr
149 825 103 21 Norrmén
268 825 92 21 nämnde
375 824 78 27 vidare,
469 827 31 18 att
516 824 112 22 Utskottet
643 824 47 21 icke
705 825 54 26 tagit
768 823 84 28 hänsyn

35 853 29 26 till
87 853 26 21 de
136 853 137 22 ekonomiska
295 853 111 29 påföljder,
428 861 45 14 som
494 861 25 13 en
535 852 242 29 lagstiftningsåtgärd
769 848 13 38 i
794 852 58 21 detta

35 882 54 28 syfte
105 882 71 21 kunde
191 882 71 21 hafva.
288 882 156 21 Erfarenheten
459 882 47 21 från
522 882 66 21 andra
603 881 74 22 länder
692 883 57 19 visar
758 881 93 20 emeller-

35 910 28 21 tid
85 913 31 18 att
135 911 63 20 dessa
216 913 36 19 äro
272 911 87 20 alldeles
379 911 127 28 obetydliga.
535 910 12 21 I
567 909 202 29 Lagberedningens
785 910 67 20 motiv

35 939 30 21 till
86 939 103 28 förslaget
203 940 67 20 finnes
291 939 114 29 uppgifvet
419 940 6 20 i
442 947 25 13 en
483 942 38 18 not
535 939 12 21 å
562 947 47 20 pag.
625 939 33 25 15,
674 942 31 17 att
719 939 6 20 i
741 937 111 28 Tyskland

35 968 128 29 exempelvis
186 968 176 28 utgiftsposterna
385 967 34 22 för
440 967 179 29 jernvägsskador
642 967 72 28 uppgå
735 967 33 20 till
790 967 62 27 1/,9/,

34 997 21 20 af
77 997 98 27 samtliga
196 997 89 28 utgifter
299 997 34 20 för
348 997 50 21 äret.
428 997 41 20 Om
486 1005 47 12 man
549 1004 29 13 nu
592 996 75 21 tänker
682 995 71 28 derpä,
768 998 32 18 att
814 994 37 21 vid

34 1025 81 28 företag
136 1025 22 21 af
178 1025 41 22 den
236 1025 147 22 beskaffenhet
397 1033 45 14 som
464 1025 152 28 jernvägsdrift
637 1024 145 21 inkomsterna
800 1031 51 13 van-

35 1055 72 26 ligtvis
122 1054 49 21 icke
185 1054 112 27 divergera
312 1055 24 20 sä
351 1054 85 28 mycket
446 1054 48 21 frän
503 1054 115 27 utgifterna
627 1053 40 21 och
675 1053 177 27 utgiftsposterna

33 1083 60 21 alltid
116 1084 36 19 äro
174 1083 86 28 mycket
283 1085 55 19 stora
362 1083 7 20 i
391 1082 133 21 förhållande
543 1081 33 22 till
593 1083 151 25 nettovinsten,
759 1081 24 21 sä
798 1080 54 21 skall

33 1119 48 13 man
97 1111 40 21 lätt
150 1111 57 21 finna
223 1114 31 18 att
269 1114 31 19 ett
315 1111 77 29 belopp
408 1111 22 21 af
446 1111 26 28 '/,
480 1112 27 27 %/,
523 1111 22 20 af
561 1111 97 26 samtliga
672 1109 89 28 utgifter
770 1109 48 21 icke
829 1110 23 19 är

33 1140 134 28 synnerligen
190 1139 110 29 betydligt.
329 1140 34 21 Hr
377 1141 106 20 Norrm&n
498 1139 91 22 nämnde
605 1139 71 25 också,
691 1141 32 18 att
737 1146 26 13 en
779 1137 72 22 utred-

33 1169 52 27 ning
106 1169 7 20 i
137 1168 57 21 detta
217 1168 56 29 syfte
296 1168 54 21 hade
369 1169 78 28 utgjort
467 1176 25 13 en
508 1168 153 27 förutsättning
675 1167 34 20 för
723 1166 69 21 denna
807 1167 45 26 lag-

33 1197 192 28 stiftningsätgärd.
253 1197 42 28 Jag
320 1197 38 21 har
380 1197 71 21 funnit
473 1198 6 19 i
502 1195 202 28 Lagberedningens
725 1195 81 27 förslag
820 1194 32 20 ät-

33 1225 85 28 skilliga
142 1225 109 29 uppgifter
278 1233 33 14 om
334 1225 80 22 timade
436 1225 84 26 skador,
543 1224 64 21 bland
629 1227 66 18 annat
716 1231 34 13 om
773 1223 79 21 antalet

33 1254 84 21 dödade
140 1261 106 20 personer,
268 1254 82 21 hvilket
369 1254 68 21 under
456 1261 25 14 en
498 1253 92 28 tidrymd
606 1252 22 21 af
643 1253 26 20 30
685 1252 24 21 är
724 1251 82 29 uppgär
820 1251 32 21 till

33 1283 49 20 341.
111 1282 43 21 Det
169 1290 62 21 synes
247 1283 43 28 mig
304 1283 48 20 icke
367 1290 51 13 vara
433 1282 71 28 nägon
519 1281 51 22 klok
585 1279 229 30 lagstiftningspolitik,
822 1282 31 18 att

33 1312 65 18 vänta
120 1311 43 20 tills
187 1310 79 20 skador
288 1311 40 19 och
351 1311 88 27 olyckor
461 1310 71 27 uppgå
555 1310 32 19 till
609 1309 77 20 sådant
708 1309 84 26 belopp,
806 1315 46 12 som

34 1338 83 21 komme
139 1338 65 20 hären
227 1341 31 17 att
280 1345 47 13 resa
349 1339 33 26 sig
401 1338 28 27 pä
450 1345 38 13 ens
508 1336 89 26 hufvud,
612 1337 64 20 innan
691 1344 49 12 man
755 1335 97 27 vidtager

32 1366 66 28 några
114 1366 103 28 åtgärder.
241 1366 42 28 Jag
297 1374 111 20 upprepar,
424 1369 31 18 att
469 1366 35 28 jag
519 1372 62 14 anser
595 1364 42 21 den
653 1365 90 27 princip,
758 1371 45 13 som
813 1363 39 28 lig-

32 1403 38 21 ger
83 1395 33 21 till
131 1394 69 29 grund
215 1395 34 21 för
264 1395 59 21 detta
337 1394 121 28 lagförslag,
473 1401 51 14 vara
538 1394 8 20 i
561 1394 40 20 allo
611 1394 76 20 rättvis
695 1393 40 21 och
744 1392 108 21 dessutom

33 1424 98 29 grundad
146 1425 7 20 i
168 1424 38 21 vär
221 1431 53 21 egen
289 1425 53 20 rätts
358 1424 112 28 principer.

102 1452 75 22 Säsom
193 1452 36 22 det
244 1452 108 22 anmärkts
367 1453 6 20 i
389 1450 244 26 utskottsbetänkandet,
648 1450 57 22 afser
714 1450 139 28 lagförslaget

33 1482 48 22 icke
103 1484 32 19 att
156 1482 81 28 reglera
257 1482 28 20 all
300 1481 56 29 slags
372 1481 72 27 skada,
460 1488 44 14 som
520 1480 23 22 af
557 1478 154 30 jernvägsdrift
725 1478 129 22 förorsakas.
