1081 1689
284 101 261 18 Riddarhusdirektionens
558 102 117 17 berättelse.
836 97 26 21 25

71 169 37 22 det
123 169 23 22 af
160 169 154 29 dekoreringen
330 170 71 22 kunde
417 170 23 21 få
454 170 117 22 tillsvidare
587 170 56 22 bero.
668 171 51 21 Men
731 170 13 22 å
754 171 66 21 andra
830 171 62 24 sidan

71 198 38 23 har
131 198 141 22 Direktionen
293 199 48 22 icke
362 201 53 20 trott
437 200 34 27 sig
488 199 71 22 kunna
573 199 112 22 underläta
700 202 31 19 att
745 202 50 25 taga
810 200 82 28 hänsyn

70 228 34 21 till
128 227 157 22 ofvanberörda
307 235 25 14 ur
354 228 238 29 fackmannasynpunkt
613 228 126 21 framhällna
762 229 131 28 omständig-

71 256 66 26 heter,
158 263 46 14 som
219 256 112 28 päkallade
346 256 113 22 utförande
475 257 22 20 af
512 257 49 21 flere
577 256 36 21 vid
629 259 83 18 senaste
727 257 103 28 landtdag
844 258 50 21 icke

71 284 125 21 förutsedda
212 285 129 20 kostsamma
355 285 177 21 remontarbeten.
561 285 108 28 Derjemte
685 285 41 20 och
740 292 46 14 som
801 285 93 21 Ridder-

71 313 75 21 skapet
169 313 40 20 och
232 313 82 20 Adelns
336 313 143 21 förordnande
495 314 6 20 i
517 315 71 19 ämnet
602 313 69 20 stälde
685 313 7 20 i
708 314 66 27 utsigt
789 313 105 21 verkstäl-

71 341 63 21 lande
157 341 23 21 af
202 341 225 28 dekoreringsarbeten
451 342 6 20 i
480 349 25 14 en
529 341 47 22 icke
591 341 94 28 aflägsen
701 341 87 21 framtid
801 341 40 22 och
856 341 38 22 det

71 371 56 20 visat
149 370 33 27 sig
203 372 30 18 att
255 369 94 27 arbeten,
370 369 91 22 aisedda
481 373 31 18 att
527 370 80 21 utföras
623 371 7 19 i
645 372 31 18 ett
691 369 40 22 och
746 377 80 14 samma
840 378 54 17 rum,

71 399 87 27 betinga
180 397 82 22 mindre
278 398 98 26 kostnad,
391 398 28 21 dä
435 399 26 20 de
477 399 26 27 pä
519 406 26 13 en
559 398 58 28 gäng
631 398 51 21 eller
696 399 7 20 i
720 405 25 14 en
761 398 54 28 följd
831 399 63 20 verk-

72 427 79 25 ställas,
166 426 38 22 har
224 426 141 22 Direktionen
381 429 70 19 ansett
466 428 33 27 sig
515 427 50 21 böra
579 429 50 25 taga
646 426 66 21 under
728 426 167 28 öfvervägande,

72 463 33 14 om
127 455 48 22 icke
196 455 26 21 de
237 455 125 29 ifrägasatta
377 455 241 29 dekoreringsarbetena
632 455 66 21 borde
714 456 84 21 komma
813 456 33 20 till
860 458 34 18 ut-

72 484 90 22 förande
182 485 5 20 i
208 484 152 28 sammanhang
375 484 48 22 med
439 484 41 22 den
495 487 88 23 remont,
599 492 45 15 som
661 484 17 29 ej
695 484 71 22 kunde
780 484 114 22 undvikas.

72 513 46 22 Vid
142 513 48 21 med
214 513 114 29 anledning
349 513 62 22 häraf
433 513 110 29 företagen
580 513 87 28 pröfning
681 513 105 21 huruvida
801 513 92 21 Riddar-

72 542 130 22 huskassans
218 542 101 28 ställning
333 542 114 28 medgäfve
463 542 42 21 den
520 521 68 42 ökade
600 542 98 28 utgiften,
709 542 39 21 har
759 542 135 28 ställningen,

72 571 56 21 efter
143 570 41 22 den
199 571 114 28 tillökning
327 570 202 22 Riddarhuskassan
544 572 76 20 vunnit
633 578 77 21 genom
725 570 168 22 introduktions-

72 600 94 28 afgifter,
188 600 109 20 befunnits
320 607 51 14 vara
393 599 66 21 sådan
477 602 32 18 att
523 600 27 20 de
565 600 34 20 för
614 600 97 27 samtliga
726 599 120 28 föreslagna
862 607 34 13 ar-

73 628 63 22 beten
159 628 121 22 beräknade
302 628 116 28 utgifterna
439 628 72 22 kunde
534 631 50 18 utan
607 628 56 21 våda
682 628 34 21 för
739 628 77 28 kassan
832 628 64 21 derur

72 656 112 23 bestridas.
213 657 11 21 I
240 656 139 22 betraktande
395 657 30 21 alt
439 657 62 21 häraf
515 660 55 18 samt
585 656 28 22 då
628 657 36 21 det
679 657 67 21 måste
759 664 62 14 anses
832 656 63 22 önsk-

72 686 39 28 ligt
136 688 31 19 att
188 686 239 28 riddarhusbyggnaden
450 686 6 20 i
481 687 33 20 sin
536 686 72 21 helhet
627 686 92 21 omsider
742 685 152 21 framträdde
884 681 15 37 i

72 714 94 29 prydligt
184 714 41 22 och
239 714 112 28 tidsenligt
365 714 68 26 skick,
447 714 38 22 har
500 714 148 26 Direktionen,
662 717 53 19 trots
731 714 41 22 den
787 714 108 28 jemförel-

72 744 57 21 sevis
152 743 67 29 dryga
239 743 125 26 kostnaden,
384 743 61 28 fogat
460 744 77 20 anstalt
552 751 34 13 om
602 744 18 27 ej
637 742 81 22 mindre
733 742 124 22 utförandet
872 743 24 21 af

72 780 28 14 nu
116 772 163 28 ifrågavarande
295 775 93 18 remont-
403 772 41 21 och
455 772 225 28 dekoreringsarbeten
692 774 26 19 än
731 772 65 21 äfven
806 772 89 21 anskaf-

72 801 76 21 fandet
166 801 22 21 af
203 801 41 21 den
259 809 42 20 nya
317 801 83 21 möbeln
416 801 32 21 till
463 801 160 21 kanslirummet
639 800 40 22 och
693 801 202 27 genomgångsrum-

72 833 43 19 met
130 831 5 20 i
152 830 153 28 hufvudsaklig
320 830 221 22 öfverensstämmelse
557 829 47 22 med
616 830 127 20 Arkitekten
756 830 138 27 Ahrenbergs

72 859 86 28 förslag.
188 858 98 22 Nämnda
309 858 86 22 arbeten
417 858 64 22 hafva
505 858 70 22 blifvit
598 858 122 22 verkstälda
742 861 54 19 samt
811 858 26 21 de
853 866 42 20 nya

72 888 110 21 möblerna
206 888 125 21 anskaffade
353 887 68 21 under
435 887 24 21 år
475 889 54 20 1896
544 888 35 20 för
593 895 27 13 en
635 886 145 22 totalkostnad
795 887 23 21 af
832 888 62 25 8,283

72 916 60 21 mark
154 917 26 20 60
196 917 78 27 penni.
303 916 113 21 Möblerna
437 916 66 21 hafva
524 916 115 21 levererats
657 916 23 20 af
694 916 158 20 fabrikanterne
867 916 28 20 N.

72 945 82 21 Boman
169 945 7 20 i
188 945 49 21 Åbo
253 945 40 21 och
305 944 62 22 Rich.
382 944 141 28 Heimberger
538 945 7 20 i
560 944 136 28 Helsingfors
710 944 41 21 och
766 943 62 22 deras
839 951 56 14 sam-

73 973 114 28 manlagda
202 975 43 26 pris
261 976 66 25 stiger
341 973 32 21 till
389 974 60 25 2,589
465 973 65 21 mark.
557 972 137 22 Beträffande
707 973 116 27 detaljerna
835 973 23 20 af
867 972 28 21 de

73 1001 67 22 under
163 1002 170 28 treärsperioden
356 1001 121 22 verkstälda
500 1002 86 21 arbeten
609 1001 78 21 tilläter
705 1002 33 27 sig
753 1001 141 21 Direktionen

73 1031 109 21 vördsamt
207 1031 89 21 hänvisa
318 1031 32 20 till
371 1030 212 21 Riddarhuskassans
606 1030 149 28 räkenskaper,
772 1030 41 21 och
829 1029 67 28 vägar

72 1059 142 22 Direktionen
237 1063 80 18 emotse
340 1061 31 19 att
393 1059 26 21 de
441 1059 22 21 af
480 1059 139 21 Dircktionen
634 1059 7 20 i
657 1058 155 22 ofvanstäende
828 1058 67 21 måtto

72 1088 103 29 vidtagna
198 1088 98 28 ätgärder
314 1088 61 21 skola
390 1089 65 20 vinna
470 1088 159 28 Ridderskapet
644 1087 41 22 och
700 1087 82 21 Adelns
798 1087 98 28 godkän-

72 1117 76 22 nande.

467 1190 34 23 IL.

144 1259 70 22 Sedan
231 1259 147 22 erfarenheten
393 1259 49 21 frän
457 1259 49 22 flere
523 1259 126 28 landtdagar
664 1259 55 22 visat
734 1262 31 18 att
779 1258 41 21 den
833 1259 7 20 i
852 1258 45 21 rid-

73 1287 140 22 darhussalen
235 1287 86 22 införda
341 1288 150 28 gaslysningen
514 1288 47 21 icke
584 1287 71 22 kunde
684 1287 36 22 vid
742 1287 74 28 längre
832 1287 64 21 efter-

73 1316 164 27 middagsplena
252 1319 50 17 utan
318 1323 49 13 men
377 1317 34 19 för
423 1316 250 20 ständsmedlemmarnes
686 1316 58 20 helsa
755 1316 41 19 och
810 1315 86 20 trefnad

74 1343 116 29 begagnas,
211 1343 38 21 har
272 1343 91 21 nämnde
385 1343 30 21 sal
435 1343 68 22 under
525 1343 26 21 de
574 1347 85 17 senaste
674 1343 152 28 landtdagarne
842 1344 55 19 varit

72 1373 90 49 ji
179 1371 49 22 med
243 1371 46 22 deri
303 1371 35 21 för
352 1371 94 22 tillfället
460 1374 100 26 uppsatta
576 1371 114 21 elektriska
706 1371 130 28 bäglampor,
850 1379 46 13 som

74 1404 56 19 efter
152 1401 70 21 slutad
244 1400 103 28 landtdag
369 1400 46 21 åter
437 1400 118 28 borttagits.
584 1400 52 21 Men
659 1400 64 21 äfven
744 1399 42 22 den
802 1399 28 29 pä
845 1407 51 14 nyss

74 1429 140 23 omförmälda
229 1431 42 19 sätt
286 1429 148 21 ästadkomma
451 1429 110 28 belysning
576 1429 39 21 har
630 1429 109 21 befunnits
752 1429 88 28 otjenlig
866 1429 32 21 dels

73 1466 79 21 genom
167 1458 37 22 det
218 1459 83 28 ojemna
315 1459 49 24 sätt,
375 1457 82 29 hvarpä
469 1457 42 22 den
521 1457 154 27 funktionerat,
687 1458 45 21 dels
743 1457 66 22 ocksä
818 1464 79 21 genom

74 1490 32 19 att
128 1488 42 22 den
198 1487 121 21 framkallat
341 1489 32 19 ett
395 1486 91 22 susande
508 1486 51 29 ljud,
581 1494 45 14 som
650 1486 75 22 verkat
746 1486 100 22 störande
869 1486 30 28 pä
