1050 1681
313 80 282 36 Maltdrycksförordningen.
800 82 41 22 369

46 156 65 22 lande
131 156 38 28 gaf
189 156 113 22 Utskottet
320 157 64 22 osökt
398 157 115 28 anledning
527 160 32 17 att
573 157 54 20 söka
641 156 99 21 utforska
754 155 56 23 hvad
826 155 45 30 lag-

44 185 103 21 stiftaren
170 185 88 22 dermed
280 186 82 28 äsyftar
383 185 47 28 och,
451 185 77 22 liksom
549 185 34 21 Hr
601 184 149 22 Wallensköld
771 185 99 29 antydde,

45 213 69 22 finner
128 221 49 14 man
187 214 70 21 intet
253 209 13 37 i
273 214 154 28 handlingarna
438 214 48 21 från
497 213 90 28 tidigare
597 213 133 29 landtdagar,
742 221 45 14 som
799 214 71 22 kunde

45 241 73 22 lemna
133 242 71 28 någon
222 242 96 21 bestämd
333 243 88 28 ledning
436 242 78 22 härför.
545 242 122 22 Utskottets
682 243 139 28 uppfattning
836 250 34 14 om

46 269 126 29 betydelsen
198 270 46 21 »hel
267 270 65 29 korg»
358 271 125 28 betingades
504 270 117 21 emellertid
637 270 23 21 af
674 273 80 19 tvänne
769 271 101 22 faktorer.

47 297 49 22 Den
117 306 41 14 ena
177 301 32 19 att
223 299 224 28 porterbryggerierna
461 300 7 20 i
482 299 125 21 hufvudsak
621 299 97 21 leverera
738 299 47 21 sina
806 307 63 14 varor

45 326 33 22 till
93 327 142 28 förbrukning
249 329 31 20 uti
295 327 142 30 halfbuteljer.
459 327 85 22 Ytterst
559 327 66 22 sällan
640 327 102 28 påträffar
756 335 49 14 man
820 336 48 21 por-

45 357 34 19 ter
93 356 7 20 i
115 355 120 27 helflaskor,
250 356 42 21 och
306 356 37 21 det
358 364 51 14 vore
424 357 108 21 sannolikt
547 364 26 13 en
589 358 45 19 stor
648 355 78 22 förlust
741 356 35 21 för
786 360 82 25 porter-

45 383 158 29 bryggerierna,
219 392 34 14 om
268 392 48 13 man
331 388 81 25 tvunge
427 385 48 21 dem
491 387 32 19 att
537 385 94 21 leverera
641 392 67 13 varan
718 385 8 20 i
735 384 135 30 helbuteljer.

46 412 117 23 Dessutom
185 415 24 20 är
230 413 65 22 redan
317 421 27 14 en
367 413 24 22 så
411 413 51 28 lång
477 413 31 22 tid
524 413 106 27 förfluten,
645 413 67 22 sedan
727 421 29 14 nu
770 413 99 28 gällande

44 441 38 28 lag
96 441 50 22 kom
149 437 15 38 i
183 442 141 28 tillämpning,
339 445 32 19 att
383 442 36 22 det
434 443 108 21 sannolikt
555 441 47 22 från
615 441 197 29 åklagaremaktens
823 443 47 21 sida

44 470 60 21 skett
118 471 52 21 flere
185 471 159 28 inskridanden,
360 479 34 14 om
409 471 48 22 icke
471 471 69 22 denna
550 471 123 28 uppfattning
699 478 34 13 om
744 471 126 28 betydelsen

43 499 27 21 af
92 499 65 22 orden
182 500 47 21 >hel
248 500 65 28 korg»
336 501 69 21 skulle
420 499 65 23 hafva
501 499 67 22 delats
584 499 64 22 äfven
664 507 12 14 af
702 499 144 23 domstolarna
861 501 7 20 i

45 527 79 22 landet.
153 528 50 22 Men
226 536 45 14 som
294 529 66 28 några
383 529 48 26 åtal,
453 529 129 21 åtminstone
604 527 71 23 såvidt
693 529 34 20 till
745 529 124 22 Utskottets

46 557 122 21 kännedom
183 557 95 26 kommit,
292 558 48 21 icke
357 558 71 21 blifvit
443 557 87 22 utförda
544 560 45 18 mot
605 558 127 27 bryggerier,
742 557 73 22 hvilka
826 558 44 21 för-

44 585 44 21 sålt
109 585 127 22 halfflaskor
257 587 7 20 i
287 586 34 21 hel
342 587 60 28 korg,
421 586 24 21 så
460 585 67 22 måste
542 585 113 23 Utskottet
669 585 63 22 deraf
746 585 66 29 draga
828 587 41 21 den

45 614 122 27 slutsatsen,
189 617 31 18 att
242 615 49 21 dess
314 615 139 28 uppfattning
472 615 23 21 af
515 615 73 28 lagens
607 614 104 21 innebörd
726 615 7 20 i
748 614 70 22 denna
834 615 35 22 del

44 642 41 21 har
108 643 55 21 varit
181 643 71 28 riktig.
282 643 83 22 Vidare
381 644 38 21 ber
432 644 36 27 jag
482 643 23 21 få
519 645 78 19 nämna
611 645 32 19 att
657 643 35 21 Hr
710 643 159 22 Wallenskölds

42 673 36 18 tro
100 674 32 18 att
154 679 49 14 man
225 679 25 14 ur
272 672 163 28 bestämningen
450 680 33 13 om
500 671 36 22 det
550 671 121 28 rymdmått,
687 672 7 20 i
709 671 83 22 hvilket
807 672 61 22 malt-

44 699 94 28 drycker
159 699 23 22 få
204 701 69 28 säljas,
293 701 72 21 kunde
385 701 66 27 draga
471 701 70 28 någon
557 700 94 27 slutsats,
669 699 63 29 tyder
747 700 28 29 på
790 703 30 19 att
835 701 35 22 Hr

45 727 147 22 Wallensköld
216 730 7 20 i
244 729 70 22 denna
335 729 62 29 fråga
419 731 23 20 är
464 729 28 28 på
514 729 107 28 villospår.
650 729 34 28 Ty
699 728 28 22 då
745 730 124 21 nuvarande

45 756 231 29 bränvinsförfattning
284 759 110 27 angående
401 758 126 28 försäljning
535 757 150 27 stiftades,och
694 757 28 22 då
728 758 142 28 maltdrycks-

43 785 156 29 förordningen
221 786 88 22 kläddes
329 788 6 20 i
357 787 48 22 dess
424 787 123 21 nuvarande
561 786 84 29 gestalt,
660 786 106 21 uttalades
782 787 37 21 det
834 787 34 22 så-

42 821 49 14 som
107 817 31 18 ett
153 815 161 28 önskningsmål
326 818 32 19 att
370 817 6 20 i
384 815 190 29 lagstiftningsväg
581 817 51 26 göra
640 815 25 22 så
672 817 58 19 stora
738 815 76 22 hinder
822 823 44 14 som

44 843 85 28 möjligt
143 843 35 22 för
192 843 42 22 den
250 844 65 28 köpta
330 852 77 14 varans
422 847 114 25 transport,
552 844 35 21 för
601 846 31 19 att
647 843 90 22 sålunda
752 844 28 28 på
799 844 71 22 denna

43 873 44 26 väg
108 872 84 21 minska
214 872 170 22 konsumtionen.
413 872 53 21 Man
489 872 90 28 fastslog
599 874 12 19 2
632 872 138 21 liters-kärlet
784 873 33 20 till
832 873 37 21 det

43 899 61 28 mått,
119 907 45 14 som
181 901 66 21 borde
263 909 50 14 vara
327 901 37 22 det
378 902 83 25 minsta,
477 902 6 20 i
499 901 82 22 hvilket
596 901 90 21 bränvin
698 901 56 28 finge
764 901 105 29 försäljas,

42 929 92 20 emedan
144 942 28 2 —
180 930 36 27 jag
230 930 96 21 kommer
342 929 101 22 särskildt
457 929 50 29 ihåg
522 932 32 19 att
569 937 25 13 en
609 930 67 21 talare
686 929 76 22 utsade
773 929 59 22 detta
841 943 27 3 —

42 963 30 15 en
88 959 12 19 2
116 957 59 22 liters
190 958 67 21 flaska
272 960 24 19 är
310 958 34 21 för
360 961 45 18 stor
419 961 32 18 att
466 961 77 26 stoppa
557 959 8 20 i
579 957 76 27 fickan,
670 957 35 22 för
720 965 53 21 svag
788 961 31 18 att
834 958 34 21 stå

43 985 31 29 på
88 985 139 23 kärrbottnen
243 987 41 21 och
299 988 35 20 för
348 988 104 28 obeqväm
468 990 31 18 att
513 986 67 22 hållas
595 988 8 19 i
617 987 93 21 famnen.
739 986 33 22 På
788 994 80 14 samma

42 1016 46 20 sätt
110 1015 106 22 uttalades
232 1016 42 26 det,
290 1016 28 21 då
334 1016 162 28 bestämningen
512 1014 111 30 angående
638 1015 89 28 helkorg
741 1014 126 23 faststäldes

44 1042 36 22 för
94 1043 149 29 maltdrycker,
258 1048 32 18 att
302 1044 71 22 denna
384 1046 23 20 är
420 1044 41 22 och
474 1044 38 22 bör
524 1052 51 14 vara
588 1044 105 28 obeqväm
710 1044 35 20 för
754 1047 115 26 transport,

42 1079 51 14 men
108 1072 42 22 den
166 1074 24 20 är
204 1073 130 28 fullkomligt
348 1074 44 20 lika
407 1074 110 27 obeqväm,
528 1080 35 14 om
573 1072 80 28 korgen
666 1072 118 22 innehåller
795 1072 74 22 halfva

42 1108 49 14 som
110 1108 35 14 om
162 1100 42 23 den
219 1102 118 21 innehåller
358 1102 49 21 hela
427 1102 82 26 flaskor,
531 1104 24 26 ty
577 1100 112 22 skilnaden
708 1102 7 20 i
730 1102 47 27 vigt
791 1101 77 22 mellan

42 1128 50 23 hela
114 1130 41 21 och
169 1130 73 22 halfva
257 1131 79 21 flaskor
352 1132 23 20 är
390 1130 101 29 ofantligt
505 1130 66 28 ringa,
586 1130 77 21 liksom
678 1129 66 22 också
758 1130 110 28 qvantite-

44 1160 38 19 ten
104 1158 27 26 öl,
153 1166 46 14 som
218 1159 61 27 ingår
298 1160 7 20 i
326 1160 46 20 hel-
391 1159 40 21 och
443 1158 130 26 halfflaskor,
589 1159 48 21 icke
652 1158 77 22 verkar
744 1166 26 13 en
785 1158 24 22 så
824 1161 45 19 stor

42 1186 88 22 skilnad
151 1188 7 20 i
173 1188 47 27 vigt
234 1188 32 20 till
281 1188 83 21 förmån
380 1187 34 22 för
428 1187 159 26 halfflaskorna,
601 1190 32 18 att
647 1194 50 14 man
713 1186 72 22 derför
800 1187 69 21 skulle

45 1214 98 23 betrakta
165 1215 59 29 korg,
246 1223 46 15 som
313 1216 118 22 innehåller
451 1216 131 25 halfflaskor,
600 1215 70 21 såsom
690 1215 128 29 beqvämare
838 1218 31 18 att

43 1246 152 26 transportera.

113 1272 67 22 Hvad
203 1281 29 13 nu
254 1274 40 20 sist
314 1273 41 21 och
370 1272 100 28 slutligen
485 1272 27 22 de
528 1272 57 22 olika
600 1273 156 21 reservationer
770 1272 99 22 vidkom-

42 1307 54 20 mer,
104 1308 45 14 som
156 1303 37 19 äro
202 1301 116 27 vidfogade
327 1302 124 20 Utskottets
461 1300 141 26 betänkande,
614 1300 25 22 så
648 1300 39 22 har
695 1301 37 27 jag
742 1300 66 22 redan
819 1301 49 21 med

42 1328 42 21 det
98 1328 90 22 anförda
203 1329 82 29 antydt,
294 1329 89 21 hvarför
392 1330 35 27 jag
437 1328 67 21 finner
513 1331 31 18 att
555 1330 30 19 ett
596 1328 126 21 biträdande
732 1329 24 20 af
765 1329 104 21 utskotts-

45 1356 147 23 betänkandet
206 1365 52 14 vore
277 1358 97 28 omöjligt
389 1359 51 19 utan
454 1356 42 22 den
511 1356 152 26 modifikation,
679 1363 47 14 som
740 1357 128 21 reservatio-

45 1393 43 15 nen
108 1386 43 22 N:o
174 1388 12 20 2
209 1386 123 27 innehåller,
348 1386 41 22 och
409 1386 39 21 har
469 1386 35 28 jag
525 1384 86 22 dermed
634 1385 55 28 sökt,
711 1385 41 21 och
767 1388 45 19 tror
826 1385 43 29 mig

42 1414 71 23 -ocksä
133 1415 65 23 hafva
217 1415 83 22 kunnat
314 1416 54 26 visa,
383 1417 32 19 att
429 1414 70 29 någon
514 1414 158 28 inkonsegvens
687 1413 46 23 deri
748 1414 48 22 icke
811 1414 58 22 före-

46 1444 102 27 kommer,
165 1447 52 19 utan
232 1444 38 22 ber
284 1445 36 28 jag
334 1444 24 21 fä
372 1443 87 23 förorda
473 1443 124 22 densamma
611 1442 33 22 till
659 1442 120 30 antagande
794 1443 23 22 af
832 1442 37 23 det

42 1473 128 29 Höglofliga
185 1473 97 23 Ständet.

778 1512 23 18 24
