1048 1686
207 115 40 20 182
452 118 25 18 R.
490 122 20 13 o.
519 118 22 17 A.
555 117 54 18 1897.
634 117 23 17 12
669 116 58 18 Febr.

178 186 211 28 dervisningskurser
412 186 47 21 frän
478 186 163 21 kommunernas
657 184 53 26 sida,
725 184 24 22 sä
763 184 38 21 har
816 183 94 27 ständigt
926 182 75 28 frägan

179 223 34 13 om
232 215 69 21 denna
317 214 92 22 kontroll
424 215 81 27 utgjort
520 214 41 20 den
577 216 77 18 största
670 213 142 27 svårigheten.
841 212 42 26 Jag
897 211 68 21 finner
980 210 23 21 af

178 243 234 29 petitionsmemorialet
432 246 31 18 att
484 242 41 21 den
548 242 63 21 ärade
631 242 143 28 petitionären
795 240 135 29 synbarligen
954 239 47 21 icke

177 272 63 21 tänkt
264 272 33 27 sig
319 274 32 18 att
366 278 112 20 omsorgen
494 270 61 21 öfver
570 270 63 21 dessa
649 270 73 21 kurser
738 269 68 21 skulle
822 268 142 21 öfverlemnas
980 268 23 20 ät

179 300 254 27 arbetareföreningarna,
456 299 40 21 och
518 299 58 21 detta
598 301 23 18 är
635 298 97 28 tydligen
747 298 31 21 till
794 297 90 21 fromma
899 296 35 21 för
949 297 54 27 peti-

178 329 80 26 tionen,
281 331 23 26 ty
324 328 48 21 med
387 328 114 27 hägkomst
519 327 66 27 deraf,
600 327 54 21 huru
670 326 246 27 arbetareföreningarna
932 325 70 20 härin-

178 357 43 22 tills
245 357 80 25 verkat,
348 356 101 22 särskildt
464 357 7 20 i
486 356 83 21 landets
584 355 134 22 hufvudstad
732 355 68 21 under
816 357 83 19 senaste
915 354 29 25 är,
958 356 45 18 tror

178 387 35 27 jag
229 386 36 21 det
286 393 50 14 vore
352 385 60 22 svärt
426 385 34 21 för
476 388 69 18 staten
561 387 31 19 att
606 385 70 20 lemna
692 384 74 28 anslag
780 383 33 22 till
827 383 176 27 undervisnings-

179 415 80 26 kurser,
281 422 45 13 som
348 414 23 21 af
391 414 247 27 arbetareföreningarna
653 413 69 21 skulle
738 413 135 26 ombesörjas.
902 411 42 28 Jag
959 414 44 18 tror

180 443 61 26 dock,
264 443 71 21 säsom
357 444 34 27 jag
410 443 67 20 redan
500 442 98 26 nämnde,
620 445 31 18 att
667 441 33 22 Hr
720 449 41 14 von
777 441 87 28 Wright
878 441 49 21 icke
941 440 62 21 tänkt

179 473 32 26 sig
233 472 65 21 saken
321 471 29 21 sä
381 471 43 21 Det
443 472 67 20 mäste
527 471 34 21 väl
576 471 71 21 kunna
663 470 65 21 hittas
743 469 28 29 pä
786 470 66 21 andra
866 471 91 26 utvägar
972 472 31 17 att

179 500 94 21 anordna
296 499 62 22 dessa
380 500 177 26 arbetarekurser,
579 499 40 21 och
640 499 35 28 jag
696 499 76 20 tänker
794 499 43 27 mig
852 501 31 18 att
898 499 105 20 utskottet

178 529 116 27 ingalunda
317 529 54 20 skall
393 528 81 21 förbise
496 528 42 20 den
553 528 23 20 af
591 529 43 26 mig
649 527 111 28 päpekade
776 527 189 27 nödvändigheten
981 526 22 20 af

179 559 72 25 sträng
272 556 40 21 och
335 556 97 28 allvarlig
455 556 93 21 kontroll
570 556 61 21 öfver
647 555 69 21 denna
731 555 160 27 undervisning.
921 555 44 20 Det
980 556 23 19 är

179 585 70 21 denna
271 585 158 27 omständighet
451 585 36 28 jag
505 585 58 20 velat
578 584 89 28 päpeka.
696 583 44 22 För
754 585 43 20 min
813 583 35 21 del
863 586 44 18 tror
921 583 36 28 jag
971 586 32 18 att

178 614 118 28 petitionen
313 613 65 22 borde
393 614 119 20 remitteras
527 613 32 21 till
574 613 217 21 Ekonomiutskottet.

247 671 57 21 Frih.
327 679 50 13 von
402 671 127 21 Alfthan:
548 671 26 21 Jag
605 670 71 21 anhöll
692 670 120 28 egentligen
828 677 34 14 om
878 669 62 22 ordet
954 669 49 21 med

178 700 116 28 anledning
317 700 22 21 af
361 702 30 19 ett
413 699 99 29 yttrande
535 699 22 22 af
588 707 25 13 den
629 701 84 19 senaste
729 699 63 21 ärade
808 699 87 25 talaren,
911 706 48 13 men
975 697 28 22 dä

178 730 35 27 jag
235 729 38 20 har
292 728 63 22 ordet
373 729 54 20 skall
442 729 35 28 jag
492 728 26 21 be
534 731 31 18 att
579 728 24 21 få
617 731 57 25 yttra
689 729 43 26 mig
747 727 64 22 äfven
828 735 34 13 om
878 727 103 28 förslaget
996 727 7 20 i

179 758 71 27 öfrigt.
279 757 134 28 Det'tyckes
429 758 43 27 mig
487 765 50 13 vara
553 757 135 28 synnerligen
700 755 185 29 behjertansvärdt
896 759 31 18 att
938 755 65 28 något

179 787 84 28 ätgöres
284 786 34 21 för
340 789 31 18 att
386 785 79 22 bereda
480 785 26 22 de
522 786 112 21 fullvuxna
649 785 124 21 arbetarene
788 785 83 21 tillfälle
886 785 33 20 till
935 784 68 21 erhäl-

178 815 63 21 lande
262 815 23 20 af
300 823 26 13 en
342 815 65 21 sädan
424 814 275 28 elementarundervisning,
715 821 45 14 som
776 813 26 22 de
818 813 68 22 under
900 814 34 21 sin
949 821 54 20 upp-

179 843 82 21 växttid
277 843 48 21 icke
341 843 81 21 kunnat
437 843 23 21 fä
474 843 28 28 pä
516 843 69 27 grund
601 843 22 20 af
638 842 41 21 den
696 842 108 21 bristande
815 842 130 28 utveckling,
956 849 46 13 som

178 871 212 22 folkskoleväsendet
415 871 68 21 under
507 871 61 21 deras.
591 870 93 28 ungdom
708 870 60 22 hade.
798 871 39 20 Att
859 870 59 22 detta
934 872 23 19 är
972 873 31 18 ett

179 900 134 28 synnerligen
329 900 184 28 behjertansvärdt
528 900 98 28 syftemäl
642 900 68 27 ligger
725 899 34 21 för
774 901 69 27 öppen
860 899 48 28 dag,
918 899 41 21 och
966 900 36 26 jag

178 929 75 21 tänker
269 929 40 21 alla
325 929 59 21 skola
400 936 51 14 vara
466 936 50 14 ense
532 936 34 14 om
582 931 31 18 att
625 928 117 21 detsamma
758 928 38 21 bör
813 928 116 21 befordras.
959 928 43 20 Det

178 958 67 28 gäller
269 957 76 21 endast
367 960 31 18 att
420 958 56 20 finna
496 957 26 21 de
537 957 78 28 riktiga
630 958 100 26 vägarna.
759 956 42 28 Jag
816 960 44 17 tror
875 956 126 28 visserligen

179 990 31 17 att
225 994 26 13 en
267 985 34 22 del
317 986 177 25 arbetarekurser,
507 986 122 21 anordnade
639 986 23 20 af
672 985 255 28 arbetareföreningarna,
936 985 65 20 hafva

194 1015 49 21 ifvit
264 1022 46 13 rum
332 1015 34 20 för
381 1015 123 20 allvarsamt
518 1015 41 21 och
574 1014 130 27 berättigadt
719 1013 95 27 klander,
829 1021 48 13 men
893 1013 37 22 det
945 1013 57 21 före-

189 1043 52 22 aller
260 1044 44 27 mig
324 1051 46 13 som
391 1051 33 12 om
447 1043 36 21 det
502 1043 34 21 Hr
551 1043 73 21 Antell
639 1050 29 13 nu
683 1042 95 21 uttalade
793 1041 132 22 beträffande
941 1042 60 21 arbe-

178 1072 196 27 tareföreningarna
399 1072 7 20 i
428 1071 161 21 hufvudstaden
610 1072 56 20 varit
680 1079 43 19 nog
738 1071 95 27 generelt
849 1071 40 20 och
904 1071 48 20 icke
967 1071 35 20 til-

178 1100 97 28 lämpligt
299 1100 28 28 pä
342 1099 48 21 dem
406 1100 46 21 alla.
481 1100 42 27 Jag
539 1100 37 21 har
591 1099 49 28 sjelf
655 1099 125 21 medverkat
795 1099 69 21 säsom
880 1099 67 21 lärare
962 1107 40 12 un-

179 1128 38 21 der
238 1130 79 18 tvänne
339 1128 34 20 års
396 1128 31 20 tid
448 1128 36 20 vid
508 1128 75 20 kurser
597 1127 122 21 anordnade
735 1127 23 21 af
772 1127 101 21 Arbetets
889 1126 90 22 Vänner
994 1128 7 19 i

178 1156 144 27 Helsingfors,
339 1163 44 13 som
399 1156 22 27 ju
436 1156 66 21 ocksä
518 1158 22 18 är
555 1163 25 13 en
597 1156 202 27 arbetareförening,
814 1156 41 20 och
870 1156 35 27 jag
920 1155 39 21 har
970 1155 32 21 ät-

178 1186 106 20 minstone
307 1184 48 21 icke
370 1185 56 20 varit
441 1185 6 20 i
463 1184 83 21 tillfälle
562 1187 31 18 att
608 1184 38 20 der
660 1184 57 20 finna
732 1183 124 29 nägonting,
871 1191 44 13 som
933 1184 68 20 skulle

178 1213 65 21 hafva
265 1212 64 27 gifvit
351 1212 114 28 anledning
487 1213 33 20 till
544 1212 100 22 särskildt
660 1212 94 21 klander.
783 1212 44 21 Det
842 1212 42 21 kan
899 1212 22 28 ju
937 1212 65 21 hafva

178 1242 56 19 varit
256 1247 26 13 en
305 1240 80 28 lycklig
406 1240 131 27 tillfällighet
559 1240 40 21 och
619 1242 107 25 motsäger
740 1240 21 27 ju
776 1240 116 27 ingalunda
907 1240 95 20 nödvän-

178 1268 101 28 digheten
301 1268 22 21 af
344 1271 31 18 att
398 1268 70 21 denna
490 1269 53 20 form
563 1268 23 21 af
601 1268 251 27 arbetareundervisning
867 1268 69 20 skulle
951 1268 52 20 böra

178 1297 68 21 blifva
268 1304 45 14 mer
327 1296 94 29 generell
442 1296 40 22 och
497 1296 93 22 kontroll
605 1296 101 22 deröfver
720 1296 52 22 böra
787 1296 93 22 utöfvas.
910 1296 36 21 Dä
961 1296 42 22 den

178 1326 64 22 ärade
257 1326 142 28 petitionären
415 1326 6 20 i
438 1327 36 20 sitt
491 1325 145 29 föreliggande
651 1325 109 21 memorial
775 1325 91 21 föreslär
880 1328 32 19 att
927 1325 76 21 endast

178 1354 80 22 sädana
281 1354 76 22 kurser
375 1354 69 22 skulle
459 1355 85 21 komma
559 1356 7 20 i
581 1354 125 28 ätnjutande
722 1354 23 21 af
760 1354 134 28 statsbidrag,
910 1362 45 14 som
971 1354 32 21 äf-

178 1392 41 13 ven
243 1384 80 21 erhälla
345 1383 77 21 sädant
443 1384 23 20 af
485 1384 135 25 kommunen,
635 1383 24 21 sä
674 1383 108 21 förefaller
797 1383 37 21 det
848 1384 44 27 mig
907 1391 46 14 som
968 1391 35 13 om

178 1413 142 28 petitionären
343 1412 67 26 tänkt,
432 1415 32 18 att
483 1412 152 21 kommunerna
651 1412 40 21 och
709 1412 61 21 deras
786 1412 135 21 förvaltande
937 1419 65 21 organ

178 1443 94 19 närmast
288 1441 68 21 skulle
372 1441 72 21 kunna
458 1441 77 21 utöfva
549 1441 73 27 tillsyn
637 1441 62 20 öfver
714 1441 63 20 dessa
789 1441 80 24 kurser,
880 1441 41 21 och
931 1447 72 15 natur-

178 1469 73 28 ligtvis
273 1469 111 27 förvägrar
409 1469 101 21 kommun
535 1469 76 27 bidrag
633 1468 22 22 ät
677 1468 80 22 sådana
780 1470 168 26 organisationer
970 1469 34 20 för

178 1497 258 29 arbetareundervisning,
461 1498 73 21 hvilka
559 1499 56 20 visat
639 1498 33 28 sig
696 1497 52 28 följa
772 1497 97 29 skadliga
884 1496 119 23 tendenser.
