1061 1686
277 109 123 17 Rösträtten
412 110 34 17 till
459 109 180 22 Borgareståndet.
650 117 4 2 -
802 104 40 21 129
867 121 2 2 .

119 177 58 22 Frih.
198 185 51 14 von
270 178 72 21 Born
356 177 94 29 yttrade:
480 177 35 22 Då
529 179 35 27 jag
578 178 74 29 tyckte
667 179 43 27 mig
724 178 58 21 finna
797 180 31 19 att
843 177 29 30 pä

48 206 228 29 föredragningslistan
290 206 64 22 fanns
370 207 63 21 äfven
452 214 27 15 en
494 214 70 14 annan
579 207 89 28 petition
684 207 23 20 af
721 214 81 14 samma
817 207 55 28 peti-

48 236 71 20 tionär
140 235 113 26 inlemnad,
275 243 49 13 men
346 235 23 21 af
386 237 57 19 ännu
458 243 57 13 mera
530 235 204 28 anmärkningsvärd
751 235 120 21 beskaffen-

48 263 43 26 het,
113 263 24 21 så
160 263 68 21 skulle
248 264 36 28 jag
301 263 117 26 hemställa,
432 263 105 21 huruvida
552 264 48 21 icke
616 263 66 21 också
696 263 71 22 denna
781 264 91 27 petition

48 291 67 21 borde
130 292 24 20 få
169 291 82 28 åtnjuta
266 292 42 20 den
323 291 161 28 bordläggning,
499 292 77 20 hvaraf
588 291 41 21 den
641 291 94 29 följande
748 293 23 19 är
781 292 7 20 i
800 291 72 26 behof,

49 320 40 20 och
104 319 92 21 föreslår
211 319 155 29 bordläggning
380 320 33 20 till
428 322 61 19 nästa
504 319 160 22 sammanträde.

117 388 11 21 I
153 388 94 28 enlighet
261 388 48 21 med
325 388 59 21 detta
398 388 96 28 yrkande
510 388 112 22 bordlades
638 388 234 28 petitionsmemorialet

47 416 33 22 till
95 418 61 20 nästa
171 416 92 29 plenum.

116 576 84 23 Vidare
221 577 110 28 upplästes
352 576 24 21 af
398 576 32 21 Hr
452 577 27 21 A.
494 577 166 21 Grotenfelt
675 579 31 19 ett
720 579 65 18 annat
800 576 23 21 af
837 576 35 22 Hr

47 605 27 22 af
98 605 83 22 Ursin
203 605 117 21 inlemnadt
341 605 209 29 petitionsmemorial
574 613 35 14 om
631 605 133 22 afskaffande
779 605 24 22 af
817 607 54 19 röst-

47 635 74 21 skalan
137 634 39 22 vid
190 634 36 22 val
239 634 34 21 till
287 634 187 28 Borgareståndet.

116 703 97 28 (Bihang.
230 703 45 21 Pet.
290 702 43 22 N:o
349 703 39 27 15.)

116 772 63 21 Efter
193 771 144 29 uppläsandet
351 771 23 22 af
389 772 59 21 detta
462 772 213 28 petitionsmemorial
689 772 85 28 yttrade

115 840 35 22 Hr
172 842 27 20 A.
222 840 176 22 Grotenfelt:
416 840 145 22 Petitionären
576 841 38 21 har
630 840 51 21 bedt
696 842 43 27 mig
754 841 118 21 muntligen

47 870 94 28 tillägga,
162 869 49 22 med
235 869 101 22 afseende
358 869 14 21 å
389 869 42 21 den
446 870 7 20 i
468 870 118 27 petitionen
600 869 127 22 framhållna
742 844 130 58 oständig-

47 899 70 26 heten,
132 899 102 20 hurusom
249 897 123 22 nuvarande
388 897 158 28 bestämningar
561 898 89 21 kommit
664 897 28 29 på
704 897 25 22 så
738 898 134 29 väsentligen

48 927 57 21 olika
127 929 43 19 sätt
193 927 33 21 till
248 927 137 28 användning
407 927 32 20 uti
460 927 57 21 olika
531 927 77 25 städer,
623 929 32 19 att
670 926 63 22 äfven
749 926 38 22 vid
802 927 70 21 denna

47 955 104 28 landtdag
166 956 7 21 i
188 955 81 22 Lovisa
285 963 26 14 en
325 956 45 20 röst
385 955 80 28 tillagts
481 958 31 19 ett
529 955 99 22 skattöre.
657 955 44 22 För
715 963 53 20 egen
784 955 35 22 del
835 956 39 21 ber

47 985 36 27 jag
102 985 24 20 få
140 984 68 21 uttala
223 987 37 24 att,
274 984 88 21 hvilken
378 983 55 28 åsigt
448 986 26 19 än
491 984 79 21 enhvar
584 983 34 22 må
633 984 53 28 hysa
702 991 34 14 om
751 984 123 27 genomför-

49 1012 102 22 barheten
167 1012 22 21 af
204 1013 49 20 hela
268 1013 37 20 det
319 1012 81 28 förslag
415 1013 141 28 petitionären
570 1013 62 28 gjort,
648 1012 24 21 så
686 1012 118 22 innehåller
818 1013 55 28 peti-

48 1042 74 21 tionen
144 1041 67 21 likväl
234 1041 67 28 enligt
315 1042 43 19 min
374 1041 56 28 åsigt
445 1041 138 28 synpunkter,
599 1049 45 13 som
659 1041 92 28 förtjena
765 1043 33 19 att
812 1043 60 26 tagas

49 1071 7 20 i
78 1069 142 22 betraktande
242 1069 37 22 vid
303 1069 40 22 den
366 1069 142 29 rådplägning
525 1069 110 29 angående
651 1069 42 22 den
707 1069 165 28 ifrågavarande

49 1098 127 29 paragrafen
197 1099 7 20 i
225 1098 26 21 L.
271 1098 33 27 O.,
327 1105 46 14 som
394 1098 62 21 torde
471 1099 85 20 komma
570 1101 32 18 att
616 1098 67 21 hållas
698 1099 7 20 i
719 1098 154 28 Lagutskottet

49 1127 41 21 och
113 1127 96 21 Stånden
232 1127 64 21 äfven
319 1126 32 21 till
371 1126 53 28 följd
448 1127 23 21 af
485 1126 66 22 andra
565 1127 121 28 petitioner;
702 1127 40 21 och
757 1126 66 28 vågar
837 1127 36 27 jag

49 1155 50 21 med
121 1156 116 27 anledning
259 1155 62 21 deraf
341 1155 84 21 anhålla
447 1158 31 18 att
499 1156 26 21 R.
544 1163 18 14 o.
578 1156 26 21 A.
620 1155 49 21 ville
684 1156 108 20 remittera
808 1154 64 22 äfven

50 1184 70 21 denna
135 1185 91 27 petition
241 1184 32 20 till
288 1184 156 27 Lagutskottet.

118 1247 75 27 Äfven
214 1252 59 22 detta
292 1252 211 28 petitionsmemorial
518 1252 112 22 bordlades
645 1252 33 20 till
693 1253 60 20 nästa
768 1258 105 15 samman-

49 1280 67 22 träde.
