1084 1692
212 100 42 20 482
447 105 25 16 R.
485 109 17 12 o.
514 105 22 16 A.
551 105 54 17 1897.
629 105 27 17 30
669 105 60 17 Mars.

185 172 99 22 effektivt
306 174 49 24 sätt,
378 172 38 21 ber
439 173 35 27 jag
496 172 23 21 fä
537 172 27 28 pä
580 172 36 20 det
631 174 105 19 varmaste
751 172 74 21 förena
841 173 43 27 mig
899 180 32 13 om
947 172 58 21 detta

186 200 142 22 betänkande.
357 200 43 28 Jag
422 200 68 21 skulle
511 200 57 22 dock
588 200 34 21 för
641 201 43 20 min
699 200 35 21 del
749 200 66 22 hafva
829 201 56 20 varit
899 200 106 22 tacksam-

184 237 58 13 mare
265 231 57 19 emot
344 229 118 27 Utskottet,
482 236 34 14 om
537 228 117 22 detsamma
669 228 55 21 hade
739 228 92 28 fortgätt
844 228 28 29 pä
887 228 41 22 den
944 230 61 20 stati-

184 258 68 21 stiska
266 259 48 27 väg,
329 265 45 13 som
389 258 141 28 petitionären
546 257 86 28 inslagit
650 257 40 21 och
709 257 46 21 frän
772 257 104 21 särskilda
886 257 118 22 landsorts-

184 287 124 21 kommuner
331 286 135 22 införskaffat
488 286 115 21 statistiskt
617 286 96 21 material
735 286 111 28 angående
866 286 137 28 dödligheten

184 315 127 22 förorsakad
332 315 23 21 af
376 315 131 21 tuberkulos.
536 315 41 28 Jag
595 315 38 21 har
647 316 44 27 mig
705 315 107 28 nämligen
827 315 80 21 bekant
921 318 32 18 att
967 315 37 21 det

184 345 68 20 finnes
272 345 58 20 vissa
345 343 238 27 landsortskommuner,
597 343 74 22 hvilka
687 343 114 22 betecknas
818 343 69 22 såsom
903 344 101 21 särskildt

184 372 127 22 besmittade
334 372 23 21 af
379 372 69 21 denna
470 372 104 29 sjukdom.
604 372 34 21 En
661 372 66 21 sådan
743 372 100 21 kommun
858 373 39 20 har
911 373 34 20 för
959 373 44 28 mig

184 401 120 29 uppgifvits
327 408 51 15 vara
400 401 90 28 Nerpes.
519 401 54 21 Stöd
591 401 72 21 härför
677 401 71 28 gifver
760 401 41 21 den
817 401 184 28 omständigheten

184 433 37 23 att,
249 429 28 22 då
296 429 137 28 dödligheten
456 429 125 22 förorsakad
605 429 23 21 af
649 429 124 22 tuberkulos
795 429 34 22 för
854 429 42 22 den
919 430 82 28 Nerpes

184 458 194 28 närmastliggande
400 457 75 22 staden
497 458 76 21 Kaskö
593 457 68 22 under
679 458 36 21 det
729 458 68 21 första
812 458 113 22 decenniet
939 459 8 20 i
962 459 41 21 den

183 487 24 21 af
224 487 142 28 petitionären
389 486 125 22 meddelade
536 487 121 21 statistiken
679 487 114 28 uppgifves
812 495 51 14 vara
878 489 39 25 3,45
931 488 34 27 9/,,
980 487 24 22 sä

184 515 39 22 har
238 514 122 23 densamma
375 515 69 21 under
458 515 37 22 det
509 515 95 28 följande
619 515 114 22 decenniet
747 519 115 18 avancerat
875 516 33 21 till
923 517 38 25 4,41
970 517 33 26 %/9.

184 544 42 29 Jag
240 544 67 22 håller
322 544 46 21 före
384 546 30 19 att
430 543 69 22 denna
514 544 61 28 fråga
591 546 23 19 är
629 544 24 21 så
664 545 73 28 vigtig,
752 547 31 18 att
798 547 69 19 staten
883 545 38 21 bör
933 545 71 21 direkt

184 574 78 21 inrätta
277 573 48 22 icke
340 575 31 20 ett
386 573 134 27 sanatorium,
534 576 52 18 utan
601 575 80 20 tvänne
696 573 97 28 förlagda
808 573 28 29 på
851 573 79 22 sådana
941 577 62 24 orter,

183 609 46 14 som
244 601 28 30 på
287 601 68 29 grund
372 601 22 22 af
408 602 115 21 statistiskt
537 602 96 21 material
649 602 94 21 befinnas
759 602 100 21 särskildt
870 603 133 21 besmittade.

183 631 39 22 Att
237 631 28 28 på
280 630 82 22 enskild
379 632 41 27 väg
435 630 24 21 få
468 631 33 20 till
512 631 63 21 stånd
588 633 30 19 ett
628 632 136 23 sanatorium,
775 634 44 19 tror
831 632 33 27 jag
876 631 47 22 icke
934 631 68 22 skulle

183 662 107 19 motsvara
312 659 121 22 ändamålet
456 662 31 19 att
508 659 79 22 bereda
608 659 55 29 plats
684 660 34 21 för
733 660 27 21 de
775 639 82 42 mindre
873 660 130 22 bemedlade.

182 689 12 21 I
215 688 115 22 allmänhet
350 688 67 21 finner
438 696 49 13 man
502 691 32 18 att
549 688 97 21 enskilda
661 689 217 28 sjukvårdsanstalter
893 689 62 22 ställa
970 690 33 28 sig

183 717 24 22 så
222 717 58 28 dyra,
295 719 31 19 att
341 716 27 22 de
383 717 82 21 mindre
480 717 125 21 bemedlade
621 719 36 19 äro
673 717 88 22 alldeles
776 718 109 21 uteslutna
900 718 101 21 derifrån.

183 745 35 22 Gå
232 747 22 20 vi
269 746 72 27 längst
363 748 99 24 vesterut,
484 746 57 21 finna
556 747 22 20 vi
593 748 31 19 ett
639 746 56 26 land,
711 746 38 21 der
764 749 70 18 staten
849 747 48 21 icke
912 747 68 21 deltar
995 747 7 21 i

182 774 144 22 kostnaderna
340 773 34 22 för
389 776 54 19 stort
457 782 45 13 mer
516 776 27 19 än
558 774 234 28 folkundervisningen,
809 783 47 13 men
871 776 21 27 ju
908 783 57 14 mera
980 776 22 21 vi

182 803 86 21 komma
282 803 32 20 till
330 803 86 21 enklare
430 803 155 27 förhållanden,
601 803 49 21 dess
665 811 58 14 mera
737 803 24 22 få
776 805 21 20 vi
811 811 51 14 vara
872 804 131 21 tacksamma

184 834 31 19 att
229 831 142 29 Regeringen,
387 831 38 21 der
440 831 37 22 det
492 833 22 20 är
529 831 80 29 nödigt,
619 832 118 22 utsträcker
747 833 33 21 sin
790 832 138 29 hjelpsamma
945 833 57 21 hand

182 860 40 22 och
237 860 64 22 äfven
316 863 60 25 tager
391 860 70 21 direkt
475 861 98 26 initiativ,
589 860 37 22 der
641 861 24 21 så
680 863 23 19 är
717 861 23 21 af
755 861 76 21 nöden.

252 889 42 28 Jag
308 889 38 21 ber
360 889 28 28 på
402 889 69 28 grund
493 889 62 21 häraf
576 889 27 29 på
625 889 36 21 det
683 892 105 19 varmaste
808 890 23 21 få
846 890 86 22 förorda
947 891 54 28 peti-

181 919 79 25 tionen,
281 925 35 14 om
331 917 66 22 också
412 918 112 21 skilnaden
545 918 90 21 emellan
650 918 123 22 densamma
788 919 41 21 och
842 920 159 21 reservationen

181 946 48 22 icke
244 948 23 20 är
282 954 69 14 annan
370 948 26 19 än
412 946 42 22 den
477 949 31 19 att
530 946 182 29 önskningsmålet
727 948 6 20 i
755 948 247 28 petitionsbetänkandet

180 976 24 20 är
218 982 58 14 mera
290 974 99 23 effektivt
402 975 126 21 framstäldt.

249 1031 58 21 Frih.
329 1039 50 14 von
400 1031 183 22 Willebrand:
603 1032 34 21 De
652 1032 97 22 formella
765 1032 174 29 betänkligheter,
955 1041 45 14 som

180 1060 58 21 Frih.
259 1060 81 22 Wrede
362 1060 38 21 har
420 1060 72 21 anfört
513 1063 45 19 mot
580 1061 130 21 klämmarna
724 1062 7 20 i
747 1061 41 21 den
803 1062 78 27 gestalt
895 1062 27 21 de
937 1062 41 21 fått
993 1063 7 20 i

180 1088 124 22 Utskottets
326 1088 140 26 betänkande,
482 1089 41 21 kan
538 1090 35 27 jag
588 1089 34 21 för
637 1090 43 20 min
695 1090 35 20 del
745 1090 48 21 icke
808 1090 87 21 tillfullo
910 1093 89 19 sentera.

181 1117 34 21 En
236 1117 66 21 sådan
324 1117 118 28 anordning
457 1118 77 20 saknar
548 1118 22 28 ju
585 1118 38 21 alls
638 1118 48 21 icke
702 1118 116 28 precedens
833 1120 30 20 uti
879 1119 38 21 vär
931 1119 70 21 landt-

180 1146 124 50 dagspraxis
330 1145 40 22 och
390 1147 24 20 är
434 1146 101 21 särskildt
556 1146 99 29 påkallad
677 1146 38 22 här
737 1147 23 21 af
781 1147 41 21 den
838 1144 163 43 omständighet,

180 1177 32 19 att
250 1174 42 22 hvad
315 1174 205 29 petitionsförslaget
541 1175 65 28 gifvit
623 1175 112 21 Utskottet
750 1176 114 28 anledning
878 1176 80 22 föreslå
973 1176 27 29 pä

180 1203 37 21 det
238 1203 47 21 hela
305 1206 59 25 taget
386 1204 23 20 är
429 1204 23 20 af
473 1204 82 28 ganska
573 1204 94 28 disparat
681 1207 68 25 natur,
764 1204 88 22 hvarför
867 1204 36 22 det
917 1205 82 22 funnits

179 1232 75 26 lägligt
278 1234 31 18 att
332 1239 105 20 gruppera
464 1235 138 24 argumenten
628 1233 6 19 i
659 1233 69 19 skilda
758 1233 106 21 klämmar.
903 1234 96 27 Antages

180 1259 150 26 alltsammans,
345 1261 23 19 är
398 1262 22 18 det
434 1260 111 27 ingenting
560 1267 44 13 som
615 1260 86 21 hindrar
713 1260 246 28 Expeditionsutskottet
969 1264 31 19 att

179 1287 151 21 sammanfatta
344 1287 181 29 önskningsmålet
539 1288 33 21 till
587 1290 30 19 ett
631 1288 50 22 helt.
711 1288 114 23 Förkastas
841 1289 71 29 någon
927 1290 35 21 del
977 1290 23 21 af

194 1316 196 28 etitionsförslaget,
404 1316 25 22 så
451 1316 67 22 måste
540 1318 7 20 i
565 1317 42 21 alla
621 1317 38 21 fall
675 1317 36 21 det
725 1318 48 21 hela
788 1318 164 22 återremitteras
967 1319 32 21 till

178 1320 120 55 Biskottet.
326 1344 41 27 En,
387 1345 69 21 såsom
472 1345 7 21 i
494 1345 145 22 betänkandet
653 1346 128 27 framhälles,
796 1347 87 22 alldeles
899 1348 100 21 särskildt

178 1374 70 28 vigtig
269 1373 164 29 omständighet,
455 1381 46 14 som
524 1374 65 22 ocksä
609 1375 132 28 väsentligen
757 1375 104 30 päverkat
875 1376 124 22 Utskottets

179 1402 76 28 beslut,
276 1404 24 20 är
320 1402 58 23 hvad
392 1402 34 22 Hr
440 1402 157 30 Björkenheim,
612 1403 94 28 Edvard,
721 1413 50 20 nyss
787 1405 98 29 päpekat,
900 1408 32 19 att
946 1406 7 21 i
969 1408 30 20 ett

178 1431 94 22 enskildt
292 1433 129 21 sanatorium
444 1432 26 22 de
493 1432 150 22 obemedlades
665 1433 66 22 behof
751 1434 24 21 af
793 1435 80 21 skötsel
889 1435 41 22 och
945 1435 53 22 värd

178 1461 106 28 svårligen
300 1461 42 22 kan
357 1462 7 20 i
379 1461 71 28 någon
465 1461 133 29 betydligare
613 1462 52 28 grad
680 1463 131 28 tillgodoses,
826 1471 34 14 om
875 1464 66 21 också
955 1464 44 21 Re-

177 1490 101 28 geringen
294 1489 143 30 tilläfventyrs
453 1490 37 23 vid
506 1498 26 14 en
547 1490 129 23 subvention
691 1491 116 23 fastställer
822 1492 92 23 vilkoret
929 1495 31 19 att
975 1492 23 23 sä
