1045 1686
223 102 42 21 234
470 107 24 16 R.
507 111 17 13 0.
536 107 22 17 A.
571 107 54 17 1897.
650 107 25 17 23
687 106 59 17 Febr.

262 174 43 22 Till
328 174 101 22 Ständets
451 174 135 21 medlemmar
608 174 55 21 hade
685 174 91 21 utdelats
799 174 40 20 och
856 173 112 21 bordlades
982 172 32 21 till

195 205 61 19 nästa
271 203 91 28 plenum.

263 231 222 21 FEkonomiutskottets
512 230 133 22 betänkande
671 230 41 21 N:o
738 232 18 24 3,
781 231 7 19 i
813 229 115 28 anledning
947 229 23 21 af
985 232 29 18 ett

194 260 57 20 inom
273 259 163 21 Bondeständet
455 259 65 21 väckt
536 258 181 29 petitionsförslag
732 260 7 19 i
754 258 56 28 syfte
826 261 31 18 att
872 258 142 22 Linnunsuo

195 289 57 20 inom
272 287 32 22 S:t
318 287 92 22 Michels
426 288 40 21 och
481 287 134 22 Haukivuori
632 287 91 21 socknar
738 287 90 27 belägna
843 287 59 22 kärr
912 286 65 21 mätte
988 285 27 29 pä

195 316 140 22 statsverkets
357 316 118 21 bekostnad
491 316 132 21 undersökas
638 316 35 21 för
687 315 118 22 utredande
820 315 23 21 af
858 315 48 21 dess
922 315 93 27 odlings-

195 345 75 21 barhet
292 348 54 18 samt
364 345 109 21 eventuelt
489 345 68 21 förses
573 344 48 22 med
636 344 78 28 nödiga
730 343 169 30 afloppskanaler
913 343 34 22 för
962 347 53 18 torr-

195 375 106 27 läggning.

507 511 192 23 Bränvinsskatten.

264 575 120 28 Föredrogs
409 575 220 21 Ekonomiutskottets
653 575 32 21 till
710 574 58 22 detta
793 575 85 28 plenum
899 574 117 28 bordlagda

197 604 134 22 betänkande
352 604 42 22 N:o
415 606 19 25 2,
455 605 7 20 i
485 604 113 28 anledning
619 604 22 21 af
663 604 48 21 nåd.
732 611 59 21 prop.
806 602 42 23 N:o
864 605 26 20 16
905 604 110 27 angående

196 633 41 21 den
261 633 63 26 skatt,
344 640 44 14 som
411 634 35 20 för
469 633 137 27 tillverkning
627 632 23 22 af
670 632 89 22 bränvin
775 632 53 22 skall
845 633 101 28 erläggas,
961 635 55 18 samt

196 669 35 13 om
245 662 67 28 sagda
328 662 67 21 skatts
411 662 140 21 användande
566 662 39 21 och
620 661 127 28 fördelning.

265 719 69 22 Ordet
348 719 108 22 lemnades
472 720 28 28 på
515 720 92 28 begäran
623 720 22 20 åt

264 777 34 21 Hr
318 778 26 20 A.
364 776 24 22 L.
404 785 50 13 von
471 777 153 28 Knorring,
643 784 44 14 som
703 776 95 29 yttrade:
814 776 149 22 Förevarande
979 776 37 22 be-

195 806 107 21 tänkande
327 806 84 27 ätföljes
436 806 69 21 såsom
531 814 69 20 synes,
625 806 23 20 af
670 805 104 21 särskilda
792 806 160 20 reservationer.
982 806 33 21 De

196 834 67 21 under
277 834 57 21 N:ris
352 836 10 19 1
379 834 40 21 och
436 836 11 19 3
460 837 109 25 upptagna
581 835 182 20 reservationerna
774 834 54 21 sluta
838 834 31 21 nti
880 836 30 19 ett
920 834 95 28 yrkande

196 865 31 18 att
249 863 40 20 den
312 863 49 21 näd.
383 870 59 21 prop.
461 863 65 21 mätte
542 862 128 22 oförändrad
685 863 131 27 godkännas.
845 863 171 21 Reservanterne

196 891 64 21 hafva
286 891 88 21 kommit
398 891 32 21 till
455 899 79 14 samma
549 891 85 22 slutmål
649 891 28 29 pä
692 891 66 28 något
773 891 56 21 olika
845 893 70 26 vägar,
930 891 20 22 d.
965 899 19 13 v.
1000 899 16 14 s.

195 920 68 21 under
285 920 116 21 anförande
424 920 22 21 af
467 920 69 21 skilda
556 921 71 20 motiv.
657 920 42 28 Jag
717 920 61 21 utber
803 921 43 27 mig
870 923 31 18 att
921 920 22 21 fä
959 920 57 21 med-

195 948 48 21 dela
259 949 37 21 det
311 949 123 28 Höglofliga
449 949 96 26 Ständet,
561 953 30 18 att
606 949 36 21 det
657 951 23 19 är
695 949 75 21 endast
785 956 25 14 en
826 949 131 28 tillfällighet
971 956 45 14 som

196 978 56 27 gjort
277 980 31 19 att
332 977 63 22 dessa
420 977 55 22 bäda
495 979 156 20 reservationer
672 977 47 21 icke
738 978 148 21 sammanförts
902 978 67 21 under
984 985 32 14 en.

196 1006 94 21 Dermed
312 1007 37 20 vill
370 1007 34 27 jag
426 1006 127 21 ätminstone
569 1007 34 20 för
617 1007 42 20 min
676 1014 53 19 egen
744 1007 34 20 del
794 1006 65 22 hafva
874 1007 96 26 uttaladt,
985 1010 31 17 att

191 1030 40 57 jae
246 1035 130 28 fullkomligt
390 1035 59 21 delar
464 1035 25 21 de
506 1035 137 28 synpunkter,
653 1043 45 13 som
709 1035 121 21 framhällas
841 1036 6 19 i
857 1036 159 20 reservationen

197 1063 42 21 N:o
255 1065 18 24 3,
289 1063 40 22 och
345 1063 37 21 ber
396 1063 68 21 tillika
479 1066 30 19 att
524 1063 23 21 fä
562 1064 38 21 hos
616 1063 36 21 det
668 1063 122 28 Höglofliga
804 1063 91 21 Ständet
905 1064 32 20 till
953 1064 63 21 benä-

197 1095 37 24 get
261 1091 119 21 beaktande
406 1091 175 22 rekommendera
605 1091 60 21 säväl
691 1093 157 20 reservationen
875 1092 41 21 N:o
944 1093 10 20 1
971 1100 45 14 som

195 1122 159 18 reservationen
369 1121 42 20 N:o
427 1121 12 19 3
455 1121 41 20 och
511 1121 94 20 anhåller
617 1123 30 18 att
658 1121 25 20 R.
693 1127 18 14 0.
723 1122 25 19 A.
759 1121 49 20 ville
819 1121 81 20 skänka
909 1121 107 21 desamma

196 1149 38 20 sitt
248 1148 66 21 bifall.

264 1205 34 21 Hr
319 1205 30 21 M.
372 1213 50 13 von
446 1204 161 23 Haartman:
629 1205 42 27 Jag
693 1205 103 22 erkänner
811 1206 69 27 villigt
895 1206 40 21 och
950 1213 66 19 gerna

197 1235 32 18 att
251 1233 36 20 det
308 1233 48 25 mäl,
378 1233 32 20 till
432 1233 83 20 hvilket
539 1233 40 20 alla
595 1233 26 20 de
636 1233 88 24 sträfva,
739 1240 45 13 som
799 1233 53 28 yrka
867 1233 27 28 pä
910 1241 25 13 en
951 1233 65 28 högre

198 1260 143 28 beskattning,
364 1262 22 19 är
407 1261 6 20 i
436 1260 41 21 alla
492 1261 114 20 afseenden
621 1261 54 26 godt
689 1261 40 21 och
745 1261 190 28 behjertansvärdt.
965 1262 51 21 Men

196 1289 36 28 jag
254 1292 44 18 tror
317 1288 48 22 icke
380 1289 34 20 för
428 1289 43 20 min
488 1289 34 21 del
537 1292 32 17 att
584 1289 59 21 detta
657 1289 41 21 mål
714 1289 38 21 nås
766 1297 77 20 genom
859 1298 25 13 en
900 1290 65 28 högre
981 1290 36 21 be-

197 1317 115 28 skattning.
342 1317 43 21 För
409 1317 66 28 öfrigt
497 1318 67 21 måste
586 1319 35 26 jag
635 1317 65 22 redan
717 1318 22 21 af
754 1319 132 28 principiella
902 1319 46 21 skäl
963 1322 53 18 mot-

197 1348 56 19 sätta
274 1347 43 27 mig
339 1346 28 21 all
389 1346 122 28 förhöjning
531 1346 23 21 af
574 1347 85 26 skatter,
679 1355 45 13 som
740 1347 47 22 icke
802 1349 36 20 äro
853 1348 46 21 utaf
915 1350 30 19 ett
960 1350 57 19 trän-

196 1375 71 28 gande
283 1375 65 22 behof
364 1375 117 28 päkallade,
496 1375 63 22 äfven
575 1383 34 14 om
625 1375 69 22 denna
709 1377 192 28 skatteförhöjning
916 1377 100 29 pälägges

199 1406 31 18 ett
251 1404 23 21 af
289 1403 23 22 sä
331 1403 76 29 mänga
422 1403 75 22 hatadt
511 1404 178 28 njutningsmedel
705 1412 44 14 som
766 1405 94 27 bränvin,
876 1406 39 21 och
931 1413 32 14 om
980 1406 36 21 det

196 1432 93 22 drabbar
304 1432 40 22 alla
360 1432 54 27 dem,
429 1440 45 14 som
490 1432 96 28 begagna
601 1433 57 21 detta
674 1434 184 27 njutningsmedel.
882 1434 73 22 Hvem
965 1434 51 22 kän-

198 1468 38 14 ner
251 1461 40 21 och
306 1461 104 21 erkänner
424 1462 47 20 icke
487 1461 26 21 de
525 1461 121 29 förderfliga
656 1462 78 29 följder
746 1465 30 19 ett
787 1462 142 23 öfverdrifvet
939 1463 78 28 begag-

197 1490 70 22 nande
282 1490 23 21 af
320 1491 89 20 bränvin
425 1490 89 22 medför.
544 1491 51 21 Men
612 1493 23 19 är
650 1490 36 22 det
701 1492 24 20 sä
740 1491 58 22 svårt
813 1495 31 18 att
858 1492 46 21 inse
919 1495 32 19 att
959 1492 57 21 detta
