1067 1681
222 106 26 20 92
471 111 24 16 R.
508 116 17 12 o.
538 111 21 17 A.
573 111 54 17 1897.
652 111 12 16 5
676 110 58 17 Febr.

193 178 48 21 icke
264 179 23 20 sä
307 179 48 20 med
379 179 81 26 hänsyn
484 179 32 20 till
537 178 62 21 dessa
617 177 80 27 odöpta
711 177 64 21 barns
790 177 110 21 intressen.
930 175 43 22 Om
988 183 26 13 en

194 207 77 27 mängd
295 206 79 29 odöpta
390 213 102 21 personer
506 206 80 21 införas
602 207 6 20 i
624 214 26 13 en
666 205 90 21 särskild
771 205 144 26 förteckning,
930 203 87 22 komma

194 234 26 22 de
242 238 51 17 utan
315 235 77 21 tvifvel
415 237 31 19 att
465 235 114 21 betecknas
597 235 69 20 såsom
683 233 183 22 konfessionslösa
881 233 41 21 och
938 239 26 14 en
980 232 35 21 hel

194 263 77 28 mängd
294 263 170 28 medborgerliga
486 264 123 27 rättigheter
631 263 82 21 komme
732 262 76 21 dervid
824 265 30 18 att
869 260 77 29 frängä
960 260 56 21 dem.

194 293 103 20 Deremot
312 292 71 21 kunde
399 299 47 14 man
462 292 65 21 tänka
541 292 33 27 sig
589 294 36 24 att,
640 291 33 21 för
689 290 41 22 den
745 291 101 21 händelse
862 291 64 20 dessa
936 289 80 28 odöpta

194 321 53 21 barn
266 321 84 20 komme
370 323 31 18 att
420 323 104 26 upptagas
540 321 6 20 i
561 320 37 21 det
613 319 108 22 lutherska
737 319 169 28 presterskapets
921 318 95 21 förteck-

194 350 79 27 ningar,
296 349 40 21 och
359 349 45 21 ifall
443 357 11 13 de
474 349 101 28 derjemte
595 349 84 21 komme
694 351 31 18 att
740 348 82 28 åtnjuta
836 347 180 28 religionsunder-

194 379 91 26 visning,
300 377 27 21 de
342 378 47 21 icke
405 377 125 28 obetingadt
545 377 68 21 skulle
625 377 107 21 betraktas
743 377 70 20 säsom
826 375 191 26 konfessionslösa,

193 409 52 18 utan
260 406 83 21 komme
359 409 32 17 att
405 406 100 21 hänföras
521 405 67 22 under
604 406 109 27 kategorin
729 405 81 21 kristna
825 405 145 28 medborgare,
980 411 34 13 om

194 435 27 21 de
237 434 66 22 också
318 434 47 21 icke
381 435 72 20 kunna
467 435 108 20 betraktas
591 434 69 21 såsom
677 434 124 21 lutheraner.
824 433 42 22 Det
882 441 50 14 vore
945 432 72 22 derför

194 463 67 28 enligt
271 463 44 20 min
330 463 64 20 tanke
410 463 123 25 önskvärdt,
548 470 33 13 om
598 463 112 21 Utskottet
724 462 51 22 ville
790 462 99 21 använda
904 463 38 20 sitt
956 461 62 28 infly-

194 492 64 21 tande
281 491 87 26 derhän,
389 494 30 18 att
439 491 41 21 den
497 492 132 27 bestämning
644 491 83 21 komme
743 493 32 19 att
789 491 87 26 införas,
892 493 31 19 att
938 490 79 28 odöpta

195 528 106 20 personer,
317 527 45 14 som
378 520 47 21 icke
441 522 36 19 äro
493 523 108 25 upptagna
616 521 7 20 i
635 520 70 28 någon
719 520 240 27 dissenterförsamlings
972 518 44 22 för-

194 549 132 28 teckningar,
343 548 69 22 blefve
428 549 105 21 bokförda
548 548 23 22 af
581 548 38 21 det
628 549 110 21 lutherska
748 549 164 28 presterskapet.
933 548 84 21 Genom

195 580 31 18 ett
248 578 68 28 dylikt
337 577 172 28 tillvägagående
530 577 69 22 skulle
620 578 64 21 äfven
703 578 61 21 deras
779 578 90 20 intresse
885 576 133 29 tillgodoses,

194 606 73 22 hvilka
289 606 66 21 hafva
377 606 31 21 till
431 606 105 21 föräldrar
553 606 79 28 odöpta
648 614 106 20 personer.
784 606 42 21 Om
842 606 48 20 dem
906 607 87 19 nämnes
1009 606 7 20 i

195 634 35 22 Hr
251 635 72 28 Boijes
346 636 211 26 petitionsmemorial
572 636 116 26 ingenting.
720 635 33 21 Hr
768 635 60 27 Boije
843 634 55 21 talar
911 634 106 28 nämligen

195 664 76 20 endast
293 671 34 13 om
351 663 79 28 odöpta
449 663 52 21 barn
516 664 31 20 till
563 663 109 22 lutherska
687 663 111 22 föräldrar.
827 663 42 28 Jag
884 663 38 21 ber
936 662 24 22 få
973 663 44 20 för-

195 692 53 21 orda
262 693 128 27 petitionens
405 693 75 20 remiss
495 692 32 21 till
542 692 158 28 Lagutskottet.

264 749 34 21 Hr
313 750 26 20 A.
355 749 182 21 Grotenfelt:
559 748 52 23 Med
626 749 100 27 lifligaste
737 750 90 28 sympati
840 748 35 21 för
888 749 129 27 petitionens

196 778 56 28 syfte
273 778 70 21 säsom
365 777 66 22 sädan
449 778 66 21 mäste
530 779 35 27 jag
580 778 110 28 angäende
707 778 26 20 de
748 780 56 19 rätta
819 777 83 21 medlen
919 777 34 21 för
968 777 49 21 dess

196 806 141 22 realiserande
359 807 53 28 hysa
435 814 26 14 en
483 807 145 27 uppfattning,
649 814 44 13 som
710 808 23 19 är
748 809 88 19 motsatt
850 806 48 26 den,
914 813 46 14 som
975 806 42 21 den

196 835 64 21 ärade
281 836 141 28 petitionären
444 835 37 21 vid
497 836 130 28 föregäende
642 835 86 28 plenum
744 835 40 21 och
800 835 41 21 den
853 838 85 18 senaste
953 834 63 22 ärade

196 864 80 21 talaren
298 872 28 13 nu
342 864 83 21 uttalat.
454 864 43 21 För
512 867 31 18 att
558 864 55 22 först
627 864 75 21 beröra
717 864 27 21 de
760 864 138 28 synpunkter,
913 871 45 13 som
974 863 41 21 den

196 896 85 18 senaste
296 892 64 22 ärade
375 893 81 21 talaren
472 893 97 27 nämnde,
585 894 23 21 sä
615 893 42 22 kan
665 893 36 28 jag
711 893 48 21 icke
769 896 33 18 tro
813 896 31 18 att
851 893 71 28 nägon
933 892 84 22 skilnad

196 921 49 22 med
267 922 102 21 afseende
389 922 12 21 å
423 921 27 22 de
465 922 164 27 ifrågavarande
645 929 140 21 personernas
800 922 78 28 lagliga
893 921 125 28 rättigheter

196 951 69 20 skulle
287 951 78 28 uppstå
388 951 27 26 af,
438 958 33 14 om
495 950 58 21 detta
574 952 91 27 register
685 950 57 21 föres
764 951 22 20 af
801 950 110 22 lutherska
926 953 92 25 prester-

197 979 76 28 skapet
293 979 52 20 eller
364 979 46 21 utaf
425 979 64 22 civila
504 979 153 28 myndigheter.
686 979 33 28 Ty
736 979 65 21 ehuru
817 979 37 21 det
868 980 22 28 ju
905 979 55 20 visst
974 979 42 20 kan

196 1015 52 14 vara
270 1015 26 13 en
319 1008 114 21 omtvistad
457 1008 44 25 sak,
523 1015 34 14 om
578 1008 63 21 dessa
656 1015 101 21 personer
772 1009 7 19 i
795 1007 69 28 någon
880 1007 49 22 mån
945 1007 72 21 kunna

196 1043 62 14 anses
280 1036 51 21 höra
353 1037 33 20 till
408 1036 41 21 den
472 1036 109 21 lutherska
602 1037 87 27 kyrkan,
705 1037 23 20 så
742 1036 61 21 torde
819 1037 62 26 dock,
896 1035 72 22 såvidt
982 1037 36 26 jag

196 1067 43 24 vet,
254 1064 41 21 den
311 1065 105 20 allmänna
431 1065 83 28 åsigten
530 1064 64 21 bland
611 1065 40 20 alla
667 1065 138 21 auktoriteter
820 1073 50 13 vara
885 1068 32 17 att
932 1064 26 21 de
969 1065 48 20 icke

196 1095 37 19 äro
249 1092 79 22 sådana
344 1093 107 28 egentliga
466 1093 41 21 den
523 1093 108 21 lutherska
643 1093 91 28 kyrkans
746 1093 141 26 medlemmar,
895 1101 45 13 som
949 1093 69 21 skulle

196 1122 7 19 i
226 1121 41 21 alla
290 1121 117 21 afseenden
429 1129 40 21 ega
489 1121 27 21 de
532 1121 22 21 af
569 1122 145 28 medlemskap
730 1123 7 20 i
752 1121 82 29 kyrkan
850 1121 107 22 beroende
972 1121 46 28 lag-

196 1150 43 27 liga
260 1150 130 27 rättigheter.
419 1150 43 21 För
484 1151 43 20 min
549 1150 35 21 del
607 1151 42 20 kan
669 1151 35 27 jag
724 1150 48 21 icke
793 1151 55 20 finna
865 1153 65 18 annat
945 1152 27 19 än
987 1153 31 18 att

198 1178 75 27 många
295 1178 47 21 skäl
363 1178 42 21 tala
420 1182 57 18 emot
492 1181 31 18 att
537 1179 94 28 tillgripa
646 1179 41 20 den
703 1180 93 26 utvägen
812 1182 30 17 att
858 1179 36 20 det
909 1179 109 20 lutherska

196 1207 159 27 presterskapet
378 1207 68 21 skulle
461 1207 47 21 föra
525 1208 104 26 registret.
660 1207 32 21 Ur
707 1207 119 28 principiell
842 1207 109 28 synpunkt
966 1214 51 14 vore

197 1234 37 21 det
256 1242 25 13 en
303 1234 91 21 förvänd
414 1235 40 20 och
476 1238 47 17 rent
546 1235 21 20 af
587 1235 122 20 reaktionär
723 1235 81 28 åtgärd.
834 1235 44 20 Det
892 1235 62 20 torde
969 1235 49 21 icke

196 1261 52 22 råda
269 1262 56 21 olika
343 1262 55 27 äsigt
413 1263 73 20 derom
501 1265 33 18 att
547 1263 152 26 utvecklingen
716 1263 66 21 måste
797 1263 27 27 gå
838 1264 7 19 i
861 1263 38 20 den
909 1263 109 28 riktning,

197 1293 31 18 att
243 1290 41 21 den
299 1290 108 21 lutherska
423 1291 82 27 kyrkan
521 1290 132 28 småningom
668 1298 45 14 mer
728 1291 41 21 och
784 1298 44 14 mer
842 1291 91 21 förlorar
942 1291 76 22 karak-

196 1320 60 20 tären
278 1319 23 21 af
323 1327 24 13 en
372 1319 122 28 statskyrka
515 1320 8 20 i
544 1319 91 29 gammal
657 1321 85 27 mening
757 1320 41 22 och
813 1320 40 21 blir
868 1319 87 23 likstäld
970 1320 48 22 med

197 1348 66 21 andra
283 1348 23 21 af
328 1351 69 19 staten
420 1348 138 29 beskyddade
580 1348 99 28 religiösa
701 1349 106 21 samfund.
836 1349 44 21 För
901 1349 37 21 det
953 1349 67 22 andra

197 1376 67 22 måste
281 1378 36 28 jag
332 1377 34 21 för
381 1378 42 20 min
440 1376 34 22 del
489 1385 51 13 anse
556 1380 32 18 att
603 1385 26 13 en
644 1377 66 22 sådan
726 1378 85 28 lösning
826 1378 23 21 af
863 1378 76 28 frågan
950 1378 68 22 skulle

197 1406 108 26 innebära,
327 1406 52 21 eller
398 1405 129 22 åtminstone
549 1406 72 22 kunna
644 1406 110 29 uppfattas
775 1407 71 21 såsom
866 1414 26 14 en
908 1407 111 28 obillighet

196 1438 110 24 gentemot
328 1434 159 29 presterskapet
507 1435 40 21 och
565 1435 41 21 den
622 1435 109 21 lutherska
747 1436 92 28 kyrkan;
855 1439 57 18 emot
926 1439 92 24 prester-

198 1462 75 29 skapet
295 1463 24 21 så
340 1464 33 20 till
395 1463 50 21 vida
468 1471 45 13 som
536 1463 37 21 det
595 1464 69 21 skulle
685 1464 86 28 åläggas
787 1464 47 22 dem
850 1467 32 18 att
897 1464 47 21 föra
959 1464 61 22 civil-

196 1492 89 28 register
307 1492 62 21 öfver
389 1499 107 21 personer,
520 1492 73 22 hvilka
614 1492 48 22 icke
677 1493 51 28 vilja
743 1493 65 21 hafva
823 1493 67 28 något
904 1495 32 19 att
950 1493 69 21 skaffa
