1061 1686
212 106 51 35 440
459 116 24 17 R.
496 120 18 11 o.
526 116 21 16 A.
561 115 56 18 1897.
640 115 26 18 26
678 115 62 18 Mars.

189 183 149 23 åstadkomma
353 191 26 14 en
394 183 203 29 sammanjemkning
612 183 28 28 pä
655 183 24 22 sä
695 185 47 24 sätt,
758 185 32 19 att
804 191 48 14 man
867 186 50 25 toge
932 183 77 21 endast

188 213 59 21 förra
261 212 83 21 hälften
358 212 23 21 af
395 213 45 20 min
456 212 56 21 kläm
526 212 33 21 till
587 212 54 21 grund
656 212 35 21 för
705 211 237 28 sammanjemkningen.
967 211 42 22 Be-

188 241 105 22 träffande
315 241 137 28 möjligheten
474 241 24 21 af
521 244 31 18 ett
566 240 77 22 sädant
657 240 159 29 förfaringssätt
830 240 38 22 vill
882 241 36 27 jag
933 240 78 21 endast

188 269 119 27 framhälla,
322 272 31 18 att
367 270 44 20 min
426 269 56 21 kläm
497 269 68 21 mäste
580 269 108 21 betraktas
703 269 71 21 säsom
790 272 30 18 ett
835 269 109 27 organiskt
958 268 53 27 helt,

190 298 48 22 frän
261 298 82 21 hvilket
364 305 48 14 man
434 298 48 21 icke
497 298 40 21 kan
554 301 49 18 taga
619 297 48 22 bort
682 305 39 14 ena
736 297 83 22 hälften
835 300 51 19 utan
901 300 31 18 att
946 298 65 20 totalt

189 326 93 22 förstöra
304 326 116 22 klämmens
436 326 110 22 innebörd.
575 306 42 48 Jag
631 326 38 22 vill
685 326 47 22 icke
747 326 87 28 tillägga
849 326 66 28 något
929 325 82 27 vidare,

189 358 51 19 utan
262 358 33 18 tar
318 356 44 27 mig
383 355 57 22 blott
454 356 98 25 friheten,
567 356 34 20 för
615 358 32 18 att
661 354 120 30 tydliggöra
796 355 37 21 det
848 362 28 14 nu
891 354 72 29 sagda,
978 358 34 18 att

188 384 123 28 ytterligare
334 384 89 29 uppläsa
446 385 47 20 mitt
513 384 86 28 förslag.
628 384 43 22 Det
692 384 71 28 lyder:
788 386 44 19 »ait
847 384 163 28 bestämningen

189 413 90 21 rörande
300 413 183 28 undervisningen
503 414 8 20 i
530 413 66 27 något
611 413 50 21 eller
677 412 65 29 några
758 415 75 19 ämnen
849 412 28 29 på
891 412 37 22 det
943 412 68 22 andra

189 442 113 21 inhemska
325 441 87 29 språket
432 443 7 20 i
460 450 62 14 mom.
544 442 37 22 IV
603 442 24 21 af
641 442 41 21 den
698 441 48 22 nåd.
761 441 153 28 förordningen
929 441 23 21 af
967 440 42 22 den

190 472 27 20 23
238 471 93 27 Augusti
353 471 61 26 1883,
429 472 96 20 närmare
539 470 122 29 preciserad
675 478 79 21 genom
768 470 121 28 Kejserliga
905 470 105 22 Senatens

189 499 49 21 bref
258 499 33 21 till
314 499 174 29 Öfverstyrelsen
510 500 35 21 för
567 500 151 21 skolväsendet
740 499 23 21 af
784 498 42 22 den
848 500 26 20 12
889 498 44 22 Juli
949 499 62 26 1888,

190 528 65 22 måtte
277 528 121 29 upphäfvas
422 528 41 22 och
485 529 5 20 i
514 528 70 22 stället
604 528 147 27 timantalet
741 524 14 37 i
766 528 38 22 det
818 528 66 21 andra
899 528 111 21 inhemska

190 557 88 28 språket
292 564 7 14 i
314 557 150 21 motsvarande
478 557 52 28 grad
546 557 58 26 ökas,
619 557 28 29 pä
661 559 43 19 sätt
718 557 175 28 Ofverstyrelsen
908 557 35 21 för
953 556 59 22 skol-

190 586 104 21 väsendet
308 585 67 22 finner
390 586 97 28 lämpligt
501 586 99 21 föreslå».

258 644 35 21 Hr
308 644 26 21 A.
349 643 161 22 Mechelin:
525 644 42 27 Jag
580 644 39 20 har
629 643 83 21 försökt
723 646 31 18 att
764 643 49 22 med
823 643 188 29 uppmärksamhet

190 672 52 28 följa
256 672 49 22 med
320 672 41 21 den
377 672 62 28 långa
454 672 149 22 diskussionen
619 673 6 20 i
641 675 31 18 ett
684 674 66 25 ämne,
761 680 46 14 som
818 672 34 22 vid
866 672 67 22 första
944 674 66 26 ögon-

190 701 72 21 kastet
275 700 85 30 tycktes
376 708 51 15 vara
442 701 24 21 så
482 701 76 28 enkelt,
574 704 31 18 att
620 701 37 21 det
668 702 48 20 icke
730 701 85 28 tycktes
824 701 61 28 gifva
895 701 117 27 anledning

190 730 33 21 till
246 729 24 22 så
291 729 114 29 vidlyftiga
426 730 161 28 tankeutbyten.
617 730 49 21 Den
686 729 154 29 försiggångna
860 730 151 21 diskussionen

190 758 39 22 har
251 758 118 22 emellertid
389 759 63 25 visat,
474 761 32 19 att
520 760 7 20 i
542 759 70 21 denna
631 758 62 22 enkla
707 758 41 22 och
764 758 60 22 korta
839 760 89 27 petition
944 759 67 27 ligger

190 787 118 28 någonting
330 790 64 18 annat
417 788 40 20 och
479 795 45 13 mer
545 790 26 18 än
593 787 58 21 hvad
672 787 41 21 den
728 790 73 25 syntes
816 787 107 21 innebära.
953 787 58 21 Peti-

190 816 73 20 tionen
286 815 75 29 tyckes
383 816 125 28 visserligen
529 816 116 21 framställa
660 815 55 21 blott
730 823 26 14 en
771 816 93 28 naturlig
879 815 132 29 pedagogisk

190 843 67 29 fråga,
280 851 48 14 men
350 843 65 22 äfven
437 844 113 21 betraktad
571 844 70 21 såsom
663 843 65 22 sådan
744 851 62 21 synes
822 845 43 27 mig
880 847 30 18 att
925 845 86 27 petitio-

190 874 90 19 närerne
302 872 101 28 derjemte
418 872 49 21 bort
481 873 104 21 motivera
599 873 47 21 sina
661 873 130 28 önskningar
805 880 77 21 genom
897 873 114 21 framställ-

191 901 53 28 ning
258 901 24 21 af
296 901 66 28 något
376 901 96 28 lämpligt
488 904 96 25 surrogat
599 901 51 22 eller
665 902 123 27 eqvivalent
802 902 34 21 för
851 901 36 22 det
899 901 112 22 undervis-

190 929 160 28 ningsmaterial
365 929 26 22 de
407 930 50 21 ville
472 929 183 29 undandandraga
671 930 85 21 skolans
772 930 93 29 läroplan
880 930 131 22 beträffande

191 957 37 22 det
242 958 67 21 andra
324 958 110 21 inhemska
450 959 91 28 språket.
571 959 52 21 Men
639 959 58 21 detta
712 966 63 21 synes
803 960 149 21 petitionärerne
963 959 48 21 icke

191 986 65 22 hafva
279 987 92 21 beaktat.
400 987 35 21 De
457 987 65 22 hafva
543 987 45 22 helt
610 987 72 22 enkelt
704 995 24 13 ur
749 988 133 28 pedagogisk
903 987 109 29 synpunkt

191 1015 89 21 anhållit
302 1023 41 18 om,
363 1017 31 19 att
416 1015 181 29 undervisningen
621 1017 6 20 i
650 1016 157 29 kyrkohistoria
829 1016 41 22 och
885 1017 8 20 i
907 1016 104 22 Finlands

191 1043 88 22 historia
291 1043 66 22 måtte
372 1044 38 21 ske
426 1044 28 29 på
469 1045 109 21 elevernas
593 1044 132 22 modersmål.
754 1045 42 28 Jag
810 1045 97 22 deremot
920 1048 46 18 tror
980 1047 32 19 att

191 1073 48 20 med
262 1072 101 22 afseende
379 1072 13 21 å
407 1073 41 21 den
463 1073 46 25 roll,
524 1073 188 28 tvåspråkigheten
728 1074 7 21 i
750 1074 48 21 vårt
812 1074 50 21 land
878 1074 76 28 spelar,
970 1074 41 21 och

191 1101 49 20 med
263 1100 102 22 afseende
387 1101 29 28 på
435 1101 27 22 de
483 1103 176 27 ansträngningar
674 1102 100 21 skolorna
788 1103 62 27 gjort,
865 1103 40 20 och
920 1103 39 20 hos
975 1109 36 14 oss

191 1130 90 26 specielt
303 1129 67 21 måste
392 1132 58 25 göra,
473 1130 35 21 för
529 1133 31 18 att
582 1130 37 22 det
640 1130 65 21 andra
720 1130 110 22 inhemska
846 1130 87 30 språket
947 1132 64 28 jemte

192 1157 150 22 modersmålet
359 1158 65 21 måtte
448 1158 84 22 komma
553 1159 33 21 till
604 1159 32 22 sin
651 1160 48 26 rätt,
713 1160 166 28 petitionärerne
893 1160 55 21 hade
964 1159 48 22 bort

191 1187 7 20 i
214 1186 77 21 sådant
306 1187 57 28 syfte
378 1187 80 22 föreslå
473 1187 117 29 någonting
605 1191 64 18 annat
684 1188 40 21 och
740 1195 33 14 om
786 1189 82 28 möjligt
878 1189 74 26 bättre,
962 1196 48 14 men

191 1215 37 21 det
244 1215 37 21 har
297 1215 70 22 såsom
382 1216 64 27 sagdt
460 1216 48 21 icke
524 1217 61 20 skett.
615 1216 156 22 Diskussionen
782 1219 6 19 i
799 1217 141 21 förevarande
950 1217 61 26 fråga

190 1243 39 20 har
250 1243 46 27 gått
311 1245 7 18 i
332 1244 38 20 två
390 1245 124 26 riktningar,
532 1244 40 21 och
590 1244 72 21 såvidt
677 1245 34 27 jag
728 1244 82 21 kunnat
826 1245 105 28 uppfatta,
945 1244 66 22 hafva

190 1271 39 20 här
249 1271 116 22 framstälts
385 1271 170 22 beaktansvärda
577 1273 131 28 synpunkter
730 1249 132 56 beträftande
882 1273 48 22 dem
949 1272 62 27 båda,

191 1299 60 22 såväl
266 1299 42 22 den
323 1300 146 28 pedagogiska
484 1308 46 13 som
545 1300 41 22 den
602 1301 79 21 sociala
696 1301 129 29 riktningen,
840 1310 49 14 men
898 1303 35 27 jag
945 1303 67 21 finner

191 1329 65 27 ingen
278 1328 24 21 af
323 1328 27 22 de
372 1329 130 28 föregående
521 1329 63 22 ärade
602 1330 73 27 talare,
697 1338 45 13 som
767 1331 99 21 omfattat
887 1332 124 28 petitionen,

191 1357 66 22 hafva
272 1357 83 29 lyckats
371 1357 119 22 framställa
506 1361 30 18 ett
551 1358 86 29 förslag,
652 1366 45 14 som
712 1359 69 22 skulle
796 1359 86 22 tilltalat
896 1361 48 27 mig.
967 1360 44 21 En-

191 1386 39 28 ligt
252 1387 44 20 min
315 1387 64 21 tanke
397 1386 55 22 hade
468 1387 37 21 det
520 1387 55 21 varit
589 1387 133 29 nödvändigt
736 1391 32 18 att
783 1388 78 29 tydligt
875 1389 94 28 angifva,
984 1389 28 28 på

191 1414 59 22 hvad
264 1416 44 20 sätt
321 1415 182 29 undervisningen
519 1416 6 20 i
540 1416 37 21 det
591 1416 67 22 andra
672 1417 112 21 inhemska
799 1418 86 28 språket
897 1417 114 22 framdeles

191 1443 67 22 borde
281 1443 77 22 ordnas
381 1444 35 21 för
439 1447 33 19 att
492 1444 41 22 den
556 1444 65 22 måtte
636 1445 68 22 blifva
719 1446 124 28 tillräckligt
859 1447 96 21 verksam
971 1446 40 22 och

190 1472 174 28 ändamålsenlig.
396 1472 74 22 Under
488 1474 123 21 nuvarande
629 1474 148 22 förhållanden
792 1483 63 14 anser
868 1476 36 28 jag
918 1475 36 21 för
968 1476 43 20 min

192 1500 35 22 del
243 1500 37 22 det
295 1509 51 15 vara
361 1501 81 29 vågadt
456 1505 32 19 att
503 1502 66 22 inlåta
584 1504 33 28 sig
631 1503 29 29 på
674 1503 67 29 några
755 1512 42 21 nya
812 1504 99 28 åtgärder
925 1504 6 22 i
942 1504 70 22 denna
