1059 1689
220 100 41 21 432
467 105 25 17 R.
505 109 16 12 o.
534 105 22 17 A.
569 105 55 17 1897.
643 104 25 17 26
680 104 61 17 Mars.

192 173 70 22 såsom
286 173 91 28 mången
393 180 69 13 annan
477 172 97 21 idealism
589 173 6 20 i
611 171 87 22 verlden
713 174 74 26 tyvärr
801 172 89 21 kommit
906 171 26 28 pä
948 171 65 22 skam.

192 202 82 21 Svikna
295 201 109 22 illusioner
425 201 7 20 i
453 201 50 20 flere
525 201 122 21 afseenden.
676 200 42 28 Jag
732 203 45 21 tror
791 203 32 18 att
837 208 47 13 man
900 200 48 21 icke
962 201 51 20 rätt-

193 230 91 27 visligen
307 229 41 21 kan
370 229 87 21 förebrä
477 229 84 21 landets
583 229 92 21 svenska
689 229 87 20 talande
791 229 115 20 allmänhet
920 231 31 18 att
965 228 48 21 icke

192 258 67 21 hafva
280 258 55 21 efter
355 257 76 22 mättet
453 257 23 21 af
490 259 47 20 sina
551 257 82 21 krafter
648 257 41 21 och
703 257 172 21 förhällandenas
890 256 124 29 utveckling

194 287 85 21 försökt
301 287 64 20 infria
385 286 42 21 den
443 286 136 27 förbindelse,
595 293 45 14 som
656 285 27 22 dä
697 285 48 28 gafs
761 286 48 21 med
824 286 7 20 i
847 287 43 20 viss
906 285 48 22 män
970 285 46 21 blö-

193 315 70 22 dande
287 315 74 28 hjerta,
381 314 40 23 och
444 315 48 21 med
513 314 141 22 medvetande
669 321 34 14 om
719 317 32 18 att
765 315 42 21 den
822 314 28 21 dä
865 314 92 29 pätagna
971 313 44 22 för-

194 344 115 29 pligtelsen
328 343 75 22 kräfde
419 345 57 19 stora
491 343 59 28 offer,
565 343 103 28 ständiga,
683 343 85 29 dagliga
783 350 112 21 omsorger.
929 342 87 29 Mycket

193 373 77 21 brister
291 373 34 20 väl
347 374 57 20 ännu
427 373 7 20 i
456 372 61 28 fråga
539 380 34 14 om
596 372 83 21 landets
703 372 92 21 svenska
809 372 85 21 talande
909 372 105 27 ungdom;

192 409 50 14 men
264 403 6 20 i
291 404 55 18 stort
366 401 48 22 sedt
428 401 61 21 torde
505 409 47 14 man
567 401 24 21 fä
606 401 93 22 erkänna
715 403 31 19 ett
760 401 107 28 allvarligt
882 400 133 22 bemödande

192 431 42 21 och
250 431 18 28 ej
284 431 60 27 ringa
359 429 117 30 framgång.

261 459 42 28 Jag
328 459 41 21 kan
393 459 75 21 anföra
489 459 39 21 fall
550 459 70 22 såsom
635 459 150 21 illustrerande
805 458 70 22 denna
888 458 56 28 goda
959 458 57 27 vilja,

193 488 29 21 då
249 488 130 28 exempelvis
407 488 71 21 elever
504 489 108 27 utgångna
639 487 54 22 från:
717 487 86 22 bildade
827 487 40 22 och
896 488 53 27 högt
976 487 40 22 bil-

192 517 57 21 dade
276 517 55 26 hem,
357 516 54 28 hem,
434 517 37 20 der
497 517 91 21 svenska
609 516 88 29 språket
719 516 69 22 odlats
810 516 48 21 med
881 516 74 21 kärlek
974 515 42 22 och

192 545 104 28 förmåga,
328 545 29 21 dä
384 547 62 26 säger
471 546 41 27 jag,
534 545 79 22 sådana
641 545 72 22 elever
741 545 36 21 vid
807 545 165 21 absolverandet
994 545 22 21 af

194 574 183 25 studentexamen,
402 574 77 21 medan
503 574 26 21 de
555 573 84 22 erhällit
661 575 6 20 i
689 575 38 20 sitt
748 573 128 22 modersmäl
896 573 38 22 det
948 573 68 28 lägsta

195 603 105 21 vitsordet
321 603 136 28 approbatur,
473 603 6 20 i
495 603 36 21 det
546 603 66 21 andra
628 603 109 21 inhemska
753 603 91 28 spräket,
859 602 88 27 finskan,
962 602 54 21 und-

195 631 42 22 fätt
251 632 103 21 laudatur.
387 631 86 22 Sädana
489 632 95 28 exempel
600 632 46 21 visa
661 631 41 22 den
717 631 58 29 goda
790 631 75 28 viljan;
881 639 47 13 men
944 631 72 22 kunna

195 660 72 28 dylika
290 660 97 28 exempel
409 661 6 20 i
438 668 79 14 samma
539 660 48 21 män
609 660 103 29 äberopas
735 660 47 22 frän
798 663 86 18 motsatt
899 659 61 22 sida?
975 660 42 29 Jag

195 689 71 22 tviflar
287 689 70 29 derpä.
387 689 65 22 Skola
475 690 21 21 vi
512 689 95 28 ständigt
621 689 34 21 stä
670 690 6 20 i
692 689 37 22 det
743 690 47 27 läge
805 692 32 18 att
852 690 22 21 vi
889 689 55 21 efter
958 697 59 20 gam-

194 718 43 21 mal
257 718 90 22 nedärfd
363 725 60 19 vana,
439 718 97 29 uppfylla
552 718 51 22 vära
618 718 149 27 förbindelser,
782 717 76 22 medan
869 725 48 14 man
928 718 13 21 ä
951 718 66 22 andra

194 747 62 21 sidan
280 747 148 28 undandrager
443 749 33 26 sig
495 748 52 20 sina.
577 747 44 21 Det
635 749 24 18 är
673 747 59 22 detta
747 747 115 22 ledsamma
877 747 140 26 förhällande,

195 776 28 28 pä
245 776 82 21 hvilket
348 777 35 28 jag
403 776 48 21 icke
474 777 34 21 för
530 776 137 29 ögonblicket
686 776 67 21 finner
775 775 69 22 medel
862 779 31 18 att
907 775 52 22 räda
975 776 42 27 bot,

194 812 47 14 som
263 807 38 26 gör
322 808 31 18 att
374 805 35 28 jag
444 805 13 20 pä
472 805 67 22 allvar
553 805 66 21 mäste
634 807 95 26 upptaga
744 805 32 21 till
791 805 106 28 pröfning,
912 804 106 22 huruvida

196 833 37 21 det
248 835 23 19 är
285 834 82 27 möjligt
382 836 32 18 att
437 835 70 26 längre,
523 833 55 22 ända
592 835 22 19 in
629 812 34 50 på
672 833 37 22 det
723 841 42 21 nya
781 833 74 24 seklet,
872 833 94 22 vidhålla
975 833 42 22 den

195 862 138 27 förbindelse,
354 870 45 13 som
420 862 49 28 gafs
490 863 34 21 för
545 863 27 21 20
594 862 25 21 år
639 861 72 22 sedan.
741 863 50 20 Man
812 862 38 21 har
864 862 91 22 faktiskt
969 862 49 22 från

195 891 68 21 andra
277 891 61 21 sidan
354 893 47 26 sagt
415 899 44 20 upp
475 891 129 26 densamma;
619 893 12 19 å
646 891 21 21 la
681 891 71 21 bonne
766 891 65 22 heure
842 904 25 3 —
880 892 35 27 jag
924 893 24 19 är
958 891 60 28 villig

196 922 31 19 att
237 919 66 22 också
317 919 50 22 från
381 919 40 22 vår
435 919 46 22 sida
497 922 50 27 säga
562 927 28 21 upp
625 919 52 28 den;
693 919 56 22 dock
764 920 48 21 icke
827 921 56 20 ännu
898 934 28 1 —
937 927 47 14 men
995 921 23 20 vi

194 948 63 21 skola
279 948 66 21 hafva
367 949 54 21 klart
436 948 34 21 för
491 956 35 14 oss
542 951 31 19 att
588 928 37 41 det
639 949 41 21 kan
696 948 85 22 komma
796 949 41 21 den
853 948 48 29 dag,
916 949 28 21 då
959 948 59 22 detta

195 977 69 22 måste
286 977 44 21 ske.

264 1005 43 22 För
329 1007 44 27 mig
394 1008 23 19 är
437 1014 28 13 nu
489 1006 86 22 alldeles
597 1006 107 28 likgiltigt,
726 1006 54 21 huru
801 1006 37 21 det
856 1006 66 21 andra
937 1006 80 21 inhem-

193 1035 42 20 ska
263 1034 86 29 språket
372 1035 125 21 undervisas
520 1036 7 20 i
542 1035 81 26 skolan,
646 1035 53 21 blott
718 1036 23 20 vi
762 1035 59 28 lojalt
842 1035 97 28 uppfylla
959 1035 58 21 hvad

197 1064 141 21 1877—1878
358 1062 33 22 års
408 1063 91 22 Ständer
514 1063 101 25 önskade,
629 1064 107 28 nämligen
751 1066 32 18 att
797 1064 71 20 elever
882 1063 37 22 vid
934 1063 83 22 landets

195 1092 72 27 lyceer
282 1092 40 21 och
338 1092 212 21 elementarläroverk
565 1092 66 21 måtte
646 1093 64 20 vinna
726 1099 25 14 en
767 1092 38 21 allt
819 1099 58 14 mera
892 1092 126 28 fullständig

196 1120 95 28 förmåga
316 1122 32 18 att
371 1121 8 20 i
400 1120 30 21 tal
453 1120 40 21 och
516 1120 63 22 skrift
601 1120 99 22 använda
721 1120 83 22 landets
827 1120 65 22 andra
907 1120 111 22 inhemska

194 1148 112 28 tungomål
326 1148 41 21 och
389 1148 36 22 det
447 1148 61 22 torde
528 1156 53 14 vara
602 1148 35 21 för
658 1149 65 21 andra
746 1150 26 20 än
793 1149 35 21 för
848 1149 121 29 pedagoger
991 1156 27 14 ex

195 1177 98 27 professo
311 1176 108 28 likgiltigt,
433 1184 35 14 om
483 1177 37 21 det
534 1177 49 21 sker
597 1184 77 21 genom
689 1177 154 29 undervisning
858 1177 28 29 på
900 1178 37 20 det
952 1177 66 22 andra

194 1205 113 22 inhemska
328 1205 88 28 språket
439 1207 8 20 i
471 1208 31 19 ett
526 1206 51 22 eller
600 1208 65 19 annat
693 1208 68 24 ämne,
783 1206 51 21 eller
858 1213 34 14 om
917 1206 37 22 det
968 1206 50 22 sker

194 1240 78 20 genom
289 1236 30 18 ett
333 1234 124 26 tillräckligt
472 1234 56 20 antal
543 1235 84 19 timmar
642 1235 7 19 i
665 1234 76 27 sjelfva
757 1234 92 27 språket.
878 1234 35 20 Då
928 1242 28 13 nu
967 1234 51 21 obe-

195 1260 94 28 stridligt
310 1260 61 22 torde
392 1268 51 14 vara
464 1261 41 21 och
526 1261 108 21 bekräftas
650 1262 23 20 af
687 1261 28 22 de
729 1261 73 22 flestas
817 1262 64 21 äfven
896 1262 122 28 personliga

196 1289 127 28 erfarenhet,
346 1296 50 14 vare
417 1290 33 28 sig
471 1289 71 22 såsom
563 1290 67 22 lärare
651 1290 51 22 eller
723 1291 76 27 elever,
821 1293 31 19 att
872 1290 145 29 pedagogiska

195 1318 47 22 skäl
263 1318 42 22 tala
327 1320 57 20 emot
406 1318 71 22 denna
498 1318 154 30 förknippning
671 1319 22 21 af
707 1319 246 29 språkundervisningen
968 1319 48 22 med

195 1346 156 30 undervisning
365 1348 7 20 i
387 1347 134 27 fackämnen,
535 1347 24 21 så
574 1348 67 21 måste
657 1348 27 26 vi,
699 1348 24 22 så
738 1349 62 27 länge
815 1349 22 21 vi
852 1350 56 20 ännu
918 1348 56 29 våga
984 1351 33 19 tro

195 1376 30 28 på
239 1376 136 28 möjligheten
391 1376 23 22 af
429 1379 31 19 att
475 1376 96 29 uppfylla
587 1378 140 21 1877—1878
742 1378 34 21 års
792 1377 113 29 landtdags
916 1378 102 21 önsknin-

196 1412 44 22 gar,
261 1405 64 21 anlita
347 1412 26 14 en
396 1412 70 14 annan
487 1407 70 27 utväg,
573 1406 51 21 eller
638 1406 53 22 söka
706 1406 112 27 bibehålla,
832 1420 28 2 —
875 1408 73 28 tyvärr
962 1406 56 22 åter-

197 1435 65 21 vinna
284 1447 24 2 —
329 1434 23 21 åt
373 1433 36 22 det
429 1434 67 22 andra
518 1434 110 22 inhemska
651 1435 88 28 språket
753 1436 37 20 det
805 1436 57 21 antal
877 1436 87 26 timmar,
980 1436 37 22 det

196 1470 29 13 nu
245 1462 39 21 har
304 1462 95 22 förlorat.
429 1463 44 21 Det
495 1470 38 14 var
556 1463 81 21 kanske
651 1464 44 27 just
709 1464 75 21 derför
798 1463 63 22 dessa
875 1465 84 20 timmar
973 1464 44 21 för-

195 1490 91 28 lorades,
309 1491 89 22 emedan
417 1499 49 14 man
481 1491 54 29 drog
549 1492 62 21 vexel
626 1492 28 29 på
670 1492 26 22 de
711 1492 66 29 några
792 1492 83 23 timmar
889 1494 8 20 i
912 1495 31 19 ett
957 1492 61 22 fack-
