1100 1742
353 133 16 18 R.
382 138 14 13 o.
410 133 15 18 A.
438 133 46 19 1885.
509 132 17 19 19
540 132 35 24 Maj.
790 133 61 26 1,287

52 202 68 21 Äfven
142 201 70 21 denna
234 201 61 27 fråga
316 203 24 19 är
363 202 66 21 redan
444 202 100 27 slutligen
558 201 91 27 pröfvad
664 202 8 20 i
687 203 88 20 senaten
791 202 39 21 och
845 202 35 20 be-

52 236 36 16 ror
102 230 28 26 på
145 230 26 20 H.
188 230 50 20 M:ts
252 230 78 27 nådiga
345 230 123 27 afgörande.

122 258 32 22 Hr
176 259 119 25 Antell,
315 259 36 21 K.:
378 259 42 21 Det
436 261 23 19 är
475 266 26 14 en
516 258 116 28 ingalunda
648 258 40 22 lätt
703 258 85 27 uppgift
803 260 33 20 att
851 258 30 21 af-

53 289 53 24 göra
124 287 90 21 emellan
235 287 25 21 de
276 287 172 27 anmärkningar,
464 288 37 21 två
516 287 128 27 föregående
660 287 65 21 ärade
741 288 68 20 talare
824 286 57 27 gjort

52 317 46 19 mot
113 315 238 25 statsutskottet,
293 311 12 36 å
315 311 37 36 ena
365 316 67 26 sidan,
442 316 39 21 och
498 316 12 21 å
518 316 40 21 den
569 316 69 21 andra
653 316 59 20 detta
727 316 94 21 utskotts
837 322 44 14 om-

53 344 121 27 sorgsfulla,
196 346 175 25 samvetsgranna
386 345 40 21 och
445 345 147 21 mödosamma
606 344 82 22 arbete.
719 344 42 27 Jag
775 344 39 21 har
829 344 52 21 visst

52 372 47 22 icke
118 372 70 28 någon
207 373 112 27 anledning
339 373 41 21 och
396 373 78 21 önskar
488 374 47 20 icke
550 373 90 22 betvifla
656 373 26 21 de
697 373 108 27 uppgifter
819 372 61 22 dessa

53 402 65 20 ärade
140 401 69 21 talare
230 401 81 21 lemnat
331 402 70 21 såsom
417 402 48 21 stöd
481 402 33 21 för
530 401 194 27 anmärkningarna
739 403 44 19 mot
799 401 82 21 utskot-

53 432 43 20 tets
114 430 142 25 betänkande,
272 436 48 15 men
333 430 37 27 jag
384 430 49 22 ville
450 431 62 23 dock,
528 430 103 22 särskildt
646 429 54 22 med
710 430 123 27 anslutning
848 430 33 21 till

54 459 40 21 den
117 459 68 21 första
208 458 64 22 ärade
288 459 94 21 talarens
398 460 111 20 uttalande
525 460 7 20 i
548 460 37 20 sitt
600 459 68 21 första
683 458 144 27 andragande,
844 458 37 22 der

53 488 43 20 han
111 487 108 27 beklagar,
240 489 32 19 att
287 487 23 21 sä
325 488 50 21 kort
389 488 32 21 tid
436 488 56 21 hade
507 488 121 26 medgifvits
644 488 32 20 att
691 487 93 27 granska
798 488 83 20 utskot-

53 518 43 20 tets
120 516 82 26 arbete,
226 528 25 2 —
269 516 37 27 jag
326 516 50 21 ville
394 517 107 26 nämligen
516 517 49 21 med
580 516 122 26 anslutning
724 516 73 22 härtill
812 516 69 21 uttala

54 545 40 21 den
112 544 148 27 förhoppning,
281 546 32 20 att
332 545 115 27 styrelsens
477 546 139 21 medlemmar
639 544 107 22 mähända
760 544 120 26 framdeles,

52 573 163 27 fullständigare
230 575 27 19 än
272 574 59 20 tiden
345 580 30 14 nu
390 574 36 20 det
441 574 115 27 medgifvit,
572 574 62 20 skola
649 573 79 21 beakta
739 573 25 21 de
775 572 106 28 synpunk-

53 604 34 19 ter
109 602 161 21 statsutskottet
291 602 58 21 velat
373 602 119 27 framhälla,
519 602 39 22 och
584 602 28 27 pä
634 602 72 21 hvilka
721 602 159 21 statsutskottet

54 630 65 27 byggt
134 631 60 21 detta
209 630 36 22 sitt
264 630 117 22 utlätande.
404 631 41 27 Jag
463 631 43 25 vill,
523 632 54 20 efter
591 631 49 21 frih.
656 630 169 27 Langenskiölds
842 630 39 20 och

54 659 26 21 hr
94 659 124 21 Hackmans
232 659 114 27 yttranden
361 660 7 20 i
384 660 69 20 denna
469 660 45 26 sak,
530 660 76 21 endast
620 659 57 21 fästa
692 658 189 28 uppmärksamhe-

53 689 37 20 ten
105 688 35 21 vid
162 694 26 15 en
212 688 163 26 omständighet.
401 688 41 26 Jag
467 688 39 21 har
528 688 107 27 nämligen
658 688 47 21 icke
720 688 82 20 kunnat
817 687 63 26 finna,

54 718 34 19 att
110 716 100 26 kalkylen
232 716 28 26 pä
282 716 37 21 sid.
344 717 25 20 13
386 717 109 27 angående
511 717 25 21 de
552 716 119 27 besparade
688 716 193 21 öfverskottsstats-

54 745 84 21 medlen
163 745 69 21 skulle
254 746 77 26 utgöra
346 752 27 14 en
388 745 71 21 direkt
478 745 73 27 grund
566 746 32 21 för
614 745 173 21 statsutskottets
802 744 79 26 förslag

54 773 28 27 pä
105 774 37 20 sid.
167 774 25 20 15
216 780 34 14 om
273 774 74 26 anslag
369 774 23 20 af
406 774 92 25 700,000
514 774 60 21 mark
590 774 81 26 ärligen
686 774 33 20 till
734 773 146 21 kommunika-

54 802 143 21 tionsfonden.
227 802 66 21 Detta
312 802 85 27 belopp,
414 803 92 24 700,000
522 803 61 21 mark
598 802 94 27 framgär
705 802 23 26 ju
744 802 39 21 alls
797 802 47 21 icke
860 801 23 21 af

54 830 100 28 kalkylen
178 830 57 22 öfver
258 831 118 27 besparade
403 831 261 25 öfverskottsstatsmedel,
688 833 52 19 utan
765 830 59 22 detta
846 832 35 19 ut-

54 861 39 25 gör
115 861 32 20 ett
169 859 66 26 saldo,
260 859 26 22 dä
308 866 49 15 man
380 861 61 26 tager
460 860 141 27 utgifterna
592 854 13 37 i
622 860 107 21 allmänna
748 858 133 23 statsfonden

54 888 48 21 frän
110 889 108 20 allmänna
234 888 143 22 statsfondens
394 889 106 21 ordinarie
516 889 124 21 inkomster.
671 889 47 20 Den
733 887 66 22 förste
815 887 65 22 ärade

54 917 83 22 talaren
152 917 40 21 har
207 918 108 20 dessutom
331 917 120 27 ädagalagt,
467 919 33 19 att
516 924 34 15 om
565 924 50 14 man
630 917 101 20 afräknar
743 916 25 21 de
777 916 104 21 skilnads-

54 946 37 25 tal,
115 952 45 15 som
182 946 43 20 han
246 945 33 22 för
303 946 32 21 sin
357 946 35 21 del
408 945 99 27 päpekat,
525 946 54 21 ifrän
595 946 117 21 utskottets
728 945 102 26 uppgifna
845 945 35 20 be-

54 974 56 27 lopp,
135 974 23 21 sä
182 975 97 21 kommer
301 981 49 14 man
373 975 34 20 väl
429 975 47 20 icke
500 975 32 20 till
548 976 31 19 ett
594 975 60 20 saldo
670 975 22 20 af
706 975 12 20 5
734 974 28 27 1/,
777 973 103 28 miljoner,

54 1009 48 15 men
128 1003 55 21 dock
201 1004 33 20 till
249 1003 146 27 ungefärligen
411 1003 12 21 3
439 1003 28 27 */,
484 1004 103 26 miljoner,
604 1003 39 21 och
659 1003 59 21 detta
733 1002 78 27 belopp
826 1002 7 21 i
849 1002 31 21 sin

54 1033 36 19 tur
112 1037 56 20 vore,
189 1032 67 26 enligt
270 1032 93 21 talarens
379 1031 61 27 äsigt,
457 1032 125 27 tillräckligt
597 1034 33 19 att
645 1031 91 22 betäcka
751 1031 26 20 de
792 1030 89 27 utgifter

54 1060 106 21 utskottet
184 1060 97 21 hänvisat
303 1061 33 20 tlil
354 1060 62 21 dessa
433 1061 119 26 besparade
568 1059 261 26 öfverskottsstatsmedel,
846 1065 34 15 om

54 1095 50 15 man
119 1089 133 26 undantager
266 1089 32 21 ett
312 1089 106 26 behöfligt
432 1089 76 27 anslag
523 1092 32 18 att
570 1089 59 21 hälla
643 1089 6 21 i
665 1088 119 26 beredskap
801 1088 33 21 för
850 1089 31 19 te-

54 1117 139 27 legrafnätets
215 1118 88 21 inlösen.
333 1117 42 27 Jag
396 1117 68 22 måste
488 1118 72 21 derför
584 1118 108 26 tillstyrka
706 1117 117 21 utskottets
838 1116 43 21 för-

54 1147 46 26 slag
125 1145 27 27 på
176 1152 48 21 pag.
249 1147 32 20 15.
311 1146 136 21 Beträffande
472 1146 76 27 frågan
571 1153 34 14 om
620 1145 209 26 inkomstbevillning
845 1144 36 21 vill

51 1175 38 27 jag
114 1175 75 21 endast
209 1175 9 20 i
240 1175 87 21 korthet
340 1174 121 27 framhålla,
478 1177 32 19 att
526 1175 33 25 då,
576 1175 70 21 såsom
661 1175 26 20 hr
703 1174 104 21 Mechelin
822 1173 59 21 med-

53 1203 67 28 gifvit,
143 1203 67 21 behof
229 1203 46 22 icke
297 1203 115 27 föreligger
433 1203 34 22 för
487 1204 133 21 närvarande
636 1203 22 22 af
672 1210 26 15 en
713 1202 168 22 inkomstbevill-

53 1232 57 27 ning,
126 1232 43 25 det,
185 1232 66 27 enligt
266 1232 42 21 min
325 1231 61 28 åsigt,
402 1238 51 15 vore
469 1234 59 19 orätt
543 1234 32 19 att
590 1233 115 20 ständerna
720 1231 67 22 skulle
803 1231 78 26 bevilja

53 1261 71 21 denna
145 1261 65 20 skatt.
240 1261 64 20 Emot
319 1261 237 26 inkomstbevillningen
571 1261 39 20 har
625 1261 68 20 under
709 1261 40 20 den
764 1260 31 21 tid
811 1259 70 20 denna

53 1289 38 21 vår
113 1289 85 21 direkta
219 1289 225 26 förmögenhetsskatt,
468 1295 34 15 om
522 1289 38 27 jag
583 1289 23 21 så
628 1289 32 22 får
682 1289 58 21 kalla
763 1289 46 25 den,
824 1287 57 21 varit

53 1318 117 27 tillämpad,
193 1317 86 28 mycket
300 1318 100 26 missnöje
423 1318 57 26 gjort
501 1318 31 26 sig
547 1318 105 26 gällande.
683 1317 50 21 Man
748 1317 39 21 har
802 1317 78 24 ansett,

53 1348 33 19 att
109 1347 40 20 den
173 1346 95 21 drabbar
289 1346 126 21 samhällets
430 1347 139 20 medlemmar
584 1346 63 27 högst
663 1347 86 26 ojemnt,
766 1345 39 22 och
820 1345 61 20 detta

52 1375 40 20 har
116 1375 65 21 också
202 1375 8 21 i
232 1375 42 26 dag
296 1375 40 20 här
357 1375 137 21 framhållits.
530 1375 152 25 Stadsboarne,
706 1375 174 20 embetsmännen

53 1403 40 21 och
116 1403 170 27 tjenstemännen
309 1403 93 22 drabbas
424 1405 70 25 tungt,
517 1403 142 22 landsboarne
675 1403 96 21 deremot
785 1401 94 27 lindrigt.

52 1431 44 22 För
119 1432 36 21 det
177 1432 67 21 andra
261 1432 40 21 har
316 1432 86 21 skatten
417 1432 61 27 gifvit
494 1433 32 20 ett
542 1431 66 28 dåligt
622 1432 98 26 resultat,
736 1431 54 21 varit
806 1429 73 23 behäf-

52 1460 38 21 tad
112 1461 49 20 med
177 1460 77 27 många
270 1461 144 26 olägenheter,
434 1460 76 27 åtföljd
528 1460 24 21 af
565 1467 27 14 en
608 1461 39 26 dyr
662 1462 90 25 apparat
767 1461 7 20 i
788 1460 55 21 form
858 1458 24 21 af

52 1488 222 27 beviliningsnämder,
297 1489 207 26 pröfningsnämder,
520 1495 28 15 m.
573 1495 34 20 m.
631 1489 73 20 hvilka
725 1488 106 27 uppsluka
853 1493 26 15 en

52 1518 46 20 stor
122 1517 33 21 del
170 1517 24 21 af
206 1517 154 27 bevillningens
376 1517 176 26 bruttoinkomst,
568 1517 39 21 allt
622 1518 60 21 detta
696 1518 8 20 i
719 1517 96 26 förening
830 1515 49 21 med

51 1546 37 21 det
110 1545 34 21 för
168 1546 156 26 medborgaren
345 1546 112 26 högeligen
482 1546 74 21 odiösa
579 1547 32 20 att
634 1545 80 27 årligen
737 1547 93 19 utsättas
845 1544 34 20 för
