1100 1742
370 108 15 19 R.
398 113 14 14 o.
425 108 15 19 A.
453 108 46 19 1885.
523 108 10 18 2
545 108 35 23 Maj.
816 109 40 21 927

71 178 64 21 sande
156 179 24 19 är
194 177 84 27 mycket
293 179 60 25 stort,
369 177 39 21 och
422 176 151 22 landsortsbon
587 176 141 22 revancherar
743 177 32 27 sig
789 177 8 21 i
811 177 74 21 staden

70 206 34 21 för
125 205 150 28 omöjligheten
297 207 31 20 att
347 206 28 27 på
389 206 73 21 landet
477 208 72 24 stegra
563 205 47 21 sina
624 204 109 23 lifsandar.
763 205 87 22 Antalet
864 204 23 21 af

71 234 79 22 sådana
164 234 105 26 arbetare,
284 234 70 22 hvilka
369 234 7 21 i
391 234 68 21 denna
475 234 47 21 stad
537 234 73 25 vistas,
626 235 53 19 utan
694 235 32 20 att
741 234 40 21 här
795 240 51 15 vara
855 233 32 21 in-

72 262 79 22 skrifna
173 262 40 22 och
234 262 54 22 höra
302 262 31 21 till
349 263 41 21 den
404 262 85 22 bofasta
502 262 157 26 befolkningen,
675 264 25 18 är
712 262 77 27 jemväl
804 262 83 28 mycket

72 292 60 20 stort.
161 292 67 21 Dessa
242 291 120 27 kategorier
376 291 61 21 torde
452 290 63 22 hafva
530 291 105 21 levererat
651 296 26 16 en
692 290 24 22 så
730 291 93 27 betydlig
835 290 52 22 kon-

71 320 82 26 tingent
174 320 33 21 till
222 319 41 23 den
278 319 87 21 anförda
380 319 77 26 siffran,
473 321 34 19 att
521 326 50 14 man
586 319 47 21 icke
648 319 40 21 bör
702 319 90 22 hänföra
807 319 80 22 antalet

72 348 33 21 för
119 348 68 27 fylleri
203 348 110 22 antastade
327 354 100 20 personer
441 348 33 21 till
491 348 86 21 stadens
592 347 86 22 bofasta
692 347 129 28 befolkning.
845 348 42 21 Det

72 378 24 19 är
118 377 106 21 dessutom
247 377 7 20 i
276 376 151 26 sammanhang
441 376 88 22 härmed
545 382 26 16 en
585 382 72 15 apnan
672 376 155 27 omständighet
842 382 44 16 som

72 405 40 21 bör
126 405 94 27 beaktas,
237 404 27 22 då
279 411 48 15 man
339 404 77 28 jemför
430 404 163 22 förhållandena
603 405 7 21 i
620 404 100 22 städerna
731 404 40 22 och
781 404 27 27 på
817 404 70 22 lands-

72 433 88 27 bygden.
185 433 144 22 Frestelserna
345 434 33 20 för
393 433 113 22 arbetaren
520 434 7 20 i
543 434 75 21 staden
633 434 34 20 att
681 433 98 28 begagna
791 433 96 26 rusdryc-

72 462 39 21 ker
132 464 36 20 äro
191 462 95 26 oändligt
307 463 68 20 större
397 463 26 19 än
438 461 33 22 för
487 462 113 21 arbetaren
615 462 28 26 pä
657 461 78 21 landet.
765 462 67 21 Äfven
847 462 40 21 den

72 491 65 21 minst
158 490 123 22 bemedlade
303 490 176 22 landsarbetaren
493 490 68 22 finner
575 490 36 21 vid
627 490 147 22 hemkomsten
789 490 47 22 från
851 490 37 21 sitt

73 519 73 21 arbete
161 521 32 19 ett
206 522 69 18 varmt
289 519 61 26 hem;
366 519 27 21 då
407 519 67 21 veden
488 519 74 21 kostar
577 519 115 27 ingenting,
708 520 24 20 är
747 520 76 26 stugan
837 517 51 29 godt

73 548 106 26 uppeldad
201 547 39 21 och
255 548 36 20 det
305 549 24 19 är
341 547 154 27 jemförelsevis
511 548 89 26 ordning
616 547 41 21 och
671 547 85 21 trefnad
771 554 44 14 som
830 548 58 20 möta

73 576 77 21 honom
165 576 44 21 der.
238 576 118 21 Arbetaren
371 577 7 20 i
392 576 81 25 staden,
490 582 45 15 som
549 576 47 22 icke
611 576 44 21 kan
671 576 73 26 svinga
759 576 31 27 sig
804 582 43 20 upp
854 574 33 22 till

74 610 26 15 en
122 604 63 27 högre
205 604 53 27 grad
273 604 22 21 af
308 604 125 28 skicklighet
448 604 40 22 och
503 604 87 22 dermed
605 604 89 22 förenad
708 604 66 27 högre
789 604 98 25 inkomst,

74 632 24 22 så
119 635 32 19 att
174 633 42 21 han
237 632 81 22 kunnat
340 633 66 27 skapa
421 633 32 27 sig
468 634 31 20 ett
515 633 115 27 ordentligt
645 633 55 25 hem,
716 632 42 22 han
772 632 67 22 finner
853 632 35 21 vid

74 661 145 21 hemkomsten
241 661 47 21 från
309 662 83 21 arbetet
413 662 109 26 ingenting
544 663 66 19 annat
625 663 28 19 än
667 661 85 21 mörker
767 661 38 21 och
822 661 66 21 smuts

75 690 39 20 och
136 690 57 26 köld,
216 690 39 21 och
278 690 69 22 derför
369 690 78 21 vänder
469 690 43 21 han
527 696 34 15 om
577 690 39 21 och
632 690 92 21 dränker
738 690 31 20 sin
785 696 49 20 sorg
849 688 39 22 och

74 718 121 27 bekymmer
209 718 28 27 på
252 718 85 28 krogen.
359 718 49 22 Men
422 718 46 22 icke
484 720 24 20 är
523 719 36 21 det
569 718 42 22 den
621 718 194 27 reglementerande
825 718 63 21 brän-

74 746 209 28 vinslagstiftningen,
307 754 45 14 som
374 747 117 21 förbättrar
513 747 126 21 arbetarens
661 747 106 27 ställning,
786 748 51 20 utan
853 746 36 21 det

74 777 25 19 är
121 775 39 22 den
182 775 147 27 filantropiska
350 776 162 21 verksamheten
533 776 8 20 i
563 776 120 20 samhället.
713 775 36 21 Mä
769 775 21 21 vi
810 775 79 21 enhvar

74 803 60 27 fråga
156 810 33 15 oss
213 804 72 26 sjelfva
307 804 55 21 huru
377 806 44 19 stor
435 804 35 21 del
485 804 24 21 af
521 804 38 21 vår
575 804 177 26 omtänksamhet,
767 803 23 21 af
803 803 38 21 vår
855 809 34 15 ar-

74 832 105 22 betskraft
200 832 21 21 vi
235 832 107 28 verkligen
358 834 62 26 egnat
435 832 23 22 åt
473 833 26 21 de
515 833 81 21 mindre
611 833 88 27 lyckligt
713 832 80 22 lottade
809 832 80 21 arbets-

74 860 120 22 klassernas
216 861 40 26 väl;
279 862 74 21 endast
368 862 7 21 i
390 862 39 21 den
444 862 101 21 händelse
561 863 32 20 att
608 862 21 21 vi
643 861 73 22 kunna
730 867 61 15 svara
805 862 32 20 att
852 860 38 21 allt

75 895 45 15 som
135 891 24 19 är
173 889 82 27 möjligt
269 890 39 21 har
322 890 74 27 gjorts,
412 890 75 21 endast
502 891 7 20 i
524 891 41 20 den
579 890 117 21 händelsen
711 889 34 22 må
759 890 20 20 vi
794 895 51 15 anse
854 889 36 20 det

74 924 52 15 vara
146 917 49 22 fullt
217 917 129 28 berättigadt
368 920 32 19 att
415 920 51 25 säga
485 920 33 20 att
533 919 36 20 det
584 921 24 18 är
623 921 70 19 staten
708 924 45 15 som
767 924 75 21 genom
857 923 33 15 re-

75 946 170 27 glementerande
260 947 131 27 lagstiftning
406 947 39 21 och
461 947 59 22 stark
535 947 54 26 polis
605 947 40 22 bör
659 948 82 20 uträtta
755 946 45 21 allt.

141 975 40 26 Jag
195 975 40 20 har
249 975 48 21 med
311 976 60 21 detta
385 976 75 21 endast
475 976 57 21 velat
546 976 8 21 i
569 975 116 22 allmänbet
700 975 88 26 anmäla,
804 976 31 19 att
853 974 37 27 jag

75 1003 46 21 icke
143 1005 45 19 tror
210 1003 27 26 på
255 1003 137 28 framgången
407 1004 22 21 af
442 1005 26 20 de
484 1005 137 26 stadganden,
638 1004 72 21 hvilka
724 1004 23 21 af
759 1003 131 22 ekonomiut-

76 1032 79 21 skottet
177 1031 68 22 blifvit
259 1032 125 27 föreslagna,
400 1034 31 19 att
444 1033 38 27 jag
494 1033 79 26 jemväl
588 1033 132 21 misströstar
734 1039 34 14 om
783 1031 107 28 möjlighe-

76 1062 36 19 ten
128 1062 31 19 att
174 1060 79 21 bereda
267 1061 62 21 dessa
344 1061 131 27 stadganden
491 1061 38 22 full
545 1061 133 26 efterlefnad,
694 1067 48 15 men
756 1062 32 19 att
801 1060 36 27 jag
851 1059 40 22 lik-

76 1089 34 20 väl
124 1089 46 21 icke
185 1089 79 21 tilltror
279 1089 42 27 mig
336 1090 114 26 tillräcklig
465 1090 120 21 erfarenhet
600 1090 28 27 på
644 1090 60 21 detta
714 1089 91 26 område,
816 1089 33 21 för
859 1089 32 20 att

75 1117 106 21 bestämdt
204 1117 74 22 afråda
299 1120 32 19 ett
352 1119 72 20 försök
439 1118 33 21 till
489 1120 109 25 strängare
614 1117 201 28 reglementerande.
845 1117 46 21 Vis-

76 1146 89 26 serligen
187 1146 38 21 bör
247 1146 158 27 lagstiftningen
425 1147 7 21 i
452 1147 117 21 allmänhet
584 1153 52 15 vara
651 1147 82 26 mycket
747 1152 89 18 varsam,
852 1147 39 19 när

76 1174 36 21 det
134 1174 66 27 gäller
223 1176 32 19 att
276 1175 54 21 inslå
352 1175 28 27 på
401 1182 40 20 nya
464 1177 71 25 vägar,
552 1175 39 22 och
607 1176 36 21 det
658 1177 24 19 är
696 1175 68 21 denna
779 1174 112 27 synpunkt,

76 1209 45 14 som
136 1203 54 20 varit
205 1203 88 21 ledande
308 1204 35 21 vid
357 1204 151 21 utarbetandet
522 1204 23 21 af
558 1205 41 20 den
614 1204 48 21 nåd.
673 1210 66 21 prop.,
750 1203 84 21 hvilken
845 1202 46 21 der-

75 1231 33 21 för
131 1231 75 22 endast
220 1232 7 20 i
242 1238 26 15 en
283 1231 83 28 måttlig
381 1233 177 26 reglementering
573 1233 49 21 sökt
637 1239 27 14 en
679 1231 166 22 bundsförvandt
859 1230 34 21 för

75 1259 262 27 nykterhetssträfvandet.
367 1261 48 20 Men
436 1261 107 21 måhända
561 1261 43 21 kan
619 1261 37 21 det
671 1261 122 21 restriktiva
807 1261 84 26 system,

76 1294 45 15 som
147 1289 104 20 utskottet
273 1289 131 22 beträffande
426 1289 254 27 bränvinsförsäljningen
704 1289 102 25 förordar,
830 1287 63 22 hafva

75 1316 66 27 nägra
156 1317 55 26 goda
225 1317 76 26 följäer
315 1318 48 21 med
379 1318 41 27 sig;
436 1318 61 21 detta
511 1318 33 21 fär
559 1317 149 22 erfarenheten
718 1318 50 21 visa.
791 1316 40 27 Jag
840 1315 53 21 kän-

75 1351 38 14 ner
136 1346 41 26 mig
199 1346 46 21 icke
267 1346 122 27 öfvertygad
408 1347 80 24 derom,
504 1353 48 15 men
568 1347 46 25 har,
631 1352 46 15 som
690 1346 61 27 sagdt
766 1345 45 21 icke
826 1343 67 22 heller

75 1372 120 29 tillräcklig,
218 1373 121 22 erfarenhet
361 1375 6 20 i
390 1375 71 25 saken,
483 1375 33 21 för
531 1377 32 19 att
577 1375 86 21 absolut
678 1375 101 21 motsätta
793 1373 42 26 mig
850 1371 43 22 för-

76 1401 74 26 slaget.
180 1402 41 27 Jag
242 1402 39 21 har
303 1403 54 21 dock
379 1403 56 21 velat
455 1409 111 16 reservera
581 1403 42 26 mig
638 1403 7 20 i
660 1403 36 21 det
710 1401 134 26 hänseendet,
861 1401 33 20 att

76 1435 50 16 man
140 1431 46 21 icke
202 1430 34 22 mä
251 1431 98 22 förvänta
365 1432 31 26 sig
412 1432 21 21 af
447 1431 85 22 landets
547 1431 175 26 administration,
737 1431 39 21 den
786 1429 109 21 allmänna

76 1458 41 21 och
139 1459 40 22 den
201 1459 141 27 kommunala,
367 1462 32 19 att
413 1460 41 21 den
470 1460 68 22 skulle
553 1467 40 20 ega
608 1460 48 21 fullt
671 1459 126 26 tillräckliga
812 1457 82 22 krafter

76 1488 32 20 att
124 1488 96 26 uppbära
235 1488 36 21 det
286 1490 84 25 system,
387 1495 44 14 som
446 1495 29 14 nu
492 1489 67 21 blifvit
575 1488 108 27 tillstyrkt.
