1103 1739
385 112 16 18 R.
413 117 15 13 0.
441 112 15 18 A.
469 111 47 20 1885.
541 111 9 19 8
564 111 34 23 Maj.
814 111 61 26 1,039

83 187 26 15 en
125 179 106 28 obetydlig
245 179 70 22 holme
331 179 51 22 eller
397 186 26 15 en
438 179 58 22 areal
511 179 23 22 af
547 179 56 22 blott
620 180 26 21 10
661 180 103 21 tunnland
773 179 131 22 kalafverkas

83 211 51 20 utan
150 208 98 27 ätgärder
262 208 33 21 för
309 209 130 20 äterväxten.

151 237 41 21 Vill
207 243 47 14 man
269 238 51 19 utan
335 236 137 22 förutfattade
488 237 108 27 meningar
611 239 52 24 göra
679 237 56 21 klart
749 237 33 21 för
794 237 38 26 sig,
842 236 63 21 huru-

82 266 48 21 vida
152 272 25 15 en
200 266 22 20 sä
245 267 44 19 stor
304 265 88 27 ändring
406 265 7 21 i
429 265 35 22 det
479 265 117 22 bestäende
610 265 109 27 verkligen
734 267 25 20 är
774 265 22 22 af
808 264 97 23 behofvet

82 294 105 27 päkallad,
207 293 39 21 bör
263 300 48 15 man
329 293 78 27 jemväl
425 293 144 28 omsorgsfullt
588 294 79 21 beakta
685 293 220 27 skogsförhällandena

82 323 58 21 säväl
162 322 79 22 utrikes
263 328 44 15 som
329 322 38 21 hos
391 329 40 19 oss,
454 322 40 21 och
516 323 66 20 sedan
602 323 126 26 undersöka,
744 329 33 14 om
793 324 31 20 ett
839 321 66 28 dylikt

83 353 80 20 statens
181 351 86 26 ingrepp
286 350 29 21 uti
331 351 25 20 de
371 351 92 26 privates
478 351 165 26 skogsekonomi
658 351 42 21 kan
715 357 50 15 vara
780 351 22 21 af
816 352 89 20 omstän-

84 380 122 27 digheterna
228 379 103 21 föranledt
353 379 40 21 och
410 379 137 27 berättigadt.
578 379 31 28 Ty
624 379 77 22 liksom
716 380 27 26 pä
758 379 66 22 andra
838 379 67 22 omrä-

84 409 39 21 den
146 410 67 20 mäste
234 407 157 29 lagstiftningen
414 408 64 21 ocksä
498 408 40 21 här
560 408 71 27 lämpa
654 408 31 26 sig
707 407 53 22 efter
775 407 130 22 existerande

82 437 151 25 förhållanden,
249 436 45 21 icke
309 436 53 21 efter
377 443 45 14 mer
436 436 52 22 eller
505 436 82 22 mindre
605 437 111 20 sannolika
726 436 178 26 förutsättningar.

152 466 40 26 Jag
213 465 80 21 tilläter
314 465 42 26 mig
378 465 112 22 framhälla
513 466 71 21 säsom
607 465 43 21 min
674 465 55 26 äsigt
750 465 6 21 i
772 465 58 21 detta
844 467 61 18 ämne

83 500 80 15 samma
179 494 88 25 mening,
283 499 46 15 som
344 499 25 15 en
384 493 111 22 författare
510 494 6 21 i
532 493 194 22 nationalekonomi
737 493 89 22 rörande
838 493 67 21 denna

84 523 39 20 sak
145 522 82 27 nyligen
247 521 51 22 eller
313 521 30 22 uti
359 524 31 19 ett
405 523 24 20 är
444 523 56 22 1882
516 522 89 27 utgifvet
621 522 74 21 arbete
710 524 72 25 yttrat,
797 521 61 22 neml.
874 523 32 20 att

84 551 155 26 lagstiftningen
255 551 107 25 angäende
377 551 177 26 privatskogarna
569 551 68 21 mäste
652 553 57 19 rätta
724 551 30 26 sig
769 551 53 21 efter
834 549 72 22 behof-

84 581 35 19 vet
141 579 21 21 af
176 579 178 26 skogsprodukter
369 579 56 21 inom
442 581 30 19 ett
488 579 50 22 land
554 579 39 22 och
610 579 40 21 den
665 579 88 21 relativa
768 579 138 21 utsträcknin-

84 614 40 20 gen
150 607 21 22 af
191 607 235 27 privatbesittningarna
448 608 7 20 i
477 608 134 21 förhällande
634 607 33 22 till
689 609 86 25 statens,
798 608 23 21 sä
839 609 31 19 att
882 607 24 27 ju

84 638 69 19 större
175 638 79 19 statens
277 635 138 28 besittningar
430 638 44 25 äro,
490 637 60 20 desto
566 639 70 18 större
651 636 63 21 frihet
729 637 42 20 kan
786 637 26 20 de
826 635 80 28 private

85 665 120 26 medgifvas,
220 665 39 20 och
275 666 95 19 tvärtom.

153 693 166 22 Vidkommande
341 693 99 21 behofvet
462 693 23 22 af
499 694 38 21 och
554 693 116 26 tillgången
685 694 28 26 pä
728 693 179 28 skogsprodukter

85 721 52 22 eller
158 721 128 27 skogsalster
308 721 6 20 i
337 721 90 22 Finland
444 721 40 22 ber
496 723 36 26 jag
548 722 20 21 få
584 721 75 22 anföra
674 723 65 26 några
754 721 74 27 siffror,
843 724 64 24 tagna

85 756 26 15 ur
127 750 130 27 handlingar,
273 750 70 21 hvilka
358 750 6 20 i
380 750 68 21 denna
463 751 60 26 fräga
539 750 149 21 öfverlemnats
703 751 23 20 ät
735 751 108 20 utskottet.
867 749 39 22 Till

85 778 96 21 inhemsk
203 778 136 27 förbrukning
361 779 49 26 ätgä
429 779 81 26 ärligen
526 779 66 21 omkr.
610 779 113 26 8,500,000
738 778 168 27 normalfamnar,

85 807 32 20 till
132 807 125 26 svedjebruk
273 807 91 26 500,000
380 813 19 15 n.
415 807 20 26 f.,
452 807 113 22 hvarutom
582 808 91 25 222,297
689 814 19 14 n.
724 807 14 22 f.
754 807 106 21 användas
875 807 32 21 till

86 835 119 22 beredande
221 835 22 22 af
256 835 54 26 tjära
325 835 38 21 och
379 836 93 25 496,409
485 843 20 14 n.
521 836 13 22 f.
551 835 32 22 till
599 838 81 25 export,
697 836 105 21 äfvensom
816 835 91 26 530,000

85 869 20 16 n.
128 864 12 20 f.
164 864 100 21 förstöras
287 870 74 21 genom
379 864 130 27 skogseldar,
526 865 18 20 d.
561 871 19 14 v.
596 871 16 14 s.
629 864 137 21 tillsammans
783 864 124 26 10,248,706

85 898 20 15 n.
129 892 12 21 f.
158 892 22 21 af
203 893 82 20 landets
307 893 76 26 skogar
401 893 113 21 förbrukas
529 893 81 26 årligen
626 893 28 26 pä
669 895 31 18 ett
715 893 50 21 eller
780 895 64 19 annat
858 894 47 20 sätt.

85 921 73 26 Enligt
173 927 25 15 en
213 921 21 21 af
249 921 165 27 Forststyrelsen
431 922 104 27 uppgjord
550 921 71 28 kalkyl
637 921 68 22 skulle
720 921 81 22 Jandets
811 921 97 27 samtliga

85 949 78 27 skogar
185 949 78 27 ärligen
285 949 82 22 afkasta
383 950 66 21 omkr.
468 951 128 26 12,000,000
612 957 19 14 n.
647 950 13 21 f.
677 950 58 21 virke
750 949 50 22 eller
815 951 12 19 2
842 949 65 27 miljo-

86 983 38 16 ner
145 978 82 21 utöfver
249 977 98 22 behofvet
369 978 6 21 i
396 985 75 20 gemen
490 981 56 19 samt
562 979 48 26 31/,
627 979 96 26 miljoner
738 978 80 21 utöfver
832 977 76 22 husbe-

85 1005 77 22 hofvet.
193 1007 33 20 Då
248 1006 122 26 emellertid,
393 1007 66 26 enligt
482 1013 25 15 en
531 1007 81 22 erfaren
637 1007 113 21 forstmans
765 1009 79 24 utsago,
860 1006 47 21 hus-

86 1034 108 22 behofvet:
218 1035 111 26 8,500,000
351 1035 165 22 normalfamnar
539 1036 52 21 eller
614 1035 58 22 öfver
687 1036 13 20 4
716 1035 79 21 famnar
810 1035 32 20 för
856 1035 52 21 hvar

85 1069 77 20 person
184 1063 55 21 inom
261 1063 78 26 landet,
362 1065 23 19 är
408 1063 37 27 för
463 1064 53 26 högt
538 1064 120 21 beräknadt
680 1064 38 20 och
734 1064 111 26 tillgången
861 1063 47 21 med

86 1091 73 27 temlig
181 1092 98 20 säkerhet
301 1092 40 20 kan
364 1092 82 21 skattas
468 1094 70 25 nägon
554 1092 73 27 miljon
642 1092 65 25 högre
723 1094 25 18 än
766 1093 24 19 12
806 1091 101 27 miljoner,

86 1119 41 21 blir
149 1120 36 21 det
207 1120 65 26 årliga
295 1120 138 21 öfverskottet
455 1121 135 26 naturligtvis
614 1120 104 28 betydligt
735 1120 64 27 högre
814 1122 26 19 än
855 1120 53 21 total

86 1148 161 22 konsumtionen
270 1148 31 22 för
323 1149 52 21 äret.
406 1148 137 28 Riktigheten
566 1149 23 21 af
610 1149 70 21 denna
697 1149 115 26 beräkning
827 1148 81 27 styrkes

86 1176 60 21 äfven
169 1176 59 22 deraf
242 1179 31 19 att
288 1177 6 21 i
310 1177 85 27 Sverige
411 1177 82 27 årligen
507 1178 113 21 förbrukas
636 1178 65 21 omkr.
720 1179 36 23 1,7.
771 1177 138 21 normalfamn

86 1210 38 20 per
145 1211 76 20 person
244 1206 51 20 eller
317 1212 44 14 mer
383 1208 27 19 än
433 1206 90 21 dubbelt
545 1206 82 21 mindre
651 1208 26 19 än
700 1206 7 20 i
725 1206 94 21 Finland.
849 1206 10 20 I
874 1205 35 21 be-

85 1232 114 22 traktande
221 1234 59 21 deraf
301 1237 32 18 att
355 1234 72 21 landet
449 1235 131 25 producerar
602 1237 59 19 stora
684 1235 126 26 gvantiteter
828 1233 81 21 utöfver

86 1261 167 27 konsumtionen,
277 1264 31 20 att
330 1262 33 21 för
384 1262 152 22 husbehofvets
559 1263 193 21 tillfiredsställande
771 1262 65 22 slösas
852 1261 57 22 öfver

85 1289 39 21 allt
147 1291 60 26 mätt,
229 1293 32 19 att
283 1293 58 19 stora
357 1291 129 26 gvantiteter
501 1291 66 27 gifvas
583 1292 32 20 till
631 1291 60 27 spillo
707 1298 74 20 genom
796 1290 113 26 svedjande

86 1318 39 21 och
141 1320 56 20 ännu
211 1321 68 20 större
295 1325 80 15 massor
390 1319 103 22 förstöras
508 1326 76 20 genom
600 1320 129 26 skogseldar,
744 1320 41 20 kan
796 1325 47 15 man
854 1318 55 22 sluta

86 1346 39 26 till,
140 1348 13 20 å
169 1354 40 15 ena
223 1348 59 21 sidan
297 1350 33 19 att
345 1348 36 20 det
395 1354 50 15 vore
461 1348 89 21 fävitskt
565 1350 33 19 att
610 1348 73 27 tvinga
692 1348 81 21 landets
783 1348 126 20 innevånare

86 1377 32 19 att
140 1376 116 26 producera
278 1382 45 16 mer
345 1378 27 19 än
387 1376 73 21 landet
476 1377 85 21 mäktar
575 1377 134 25 konsumera,
724 1376 60 22 äfven
800 1382 33 14 om
849 1375 60 21 elden

86 1403 73 21 dervid
178 1406 58 25 tages
251 1404 31 21 till
297 1404 63 27 hjelp,
377 1404 39 21 och
431 1405 13 21 &
460 1405 68 21 andra
543 1405 61 21 sidan
620 1407 32 19 att
667 1405 32 21 till
714 1404 105 27 äfventyrs
834 1403 76 27 nödige

85 1432 94 22 ansedda
200 1433 98 26 ätgärder
319 1432 113 26 rätteligen
455 1432 67 22 borde
537 1433 67 21 riktas
620 1435 45 19 mot
680 1433 94 21 slöseriet
788 1432 32 21 för
834 1431 76 22 husbe-

86 1460 77 26 hofvet,
186 1464 44 18 mot
252 1461 123 27 svedjandet
397 1461 39 21 och
459 1464 46 19 mot
520 1462 126 25 fareldarna,
663 1462 51 21 eller
729 1462 47 20 med
791 1460 65 21 andra
871 1460 38 21 ord

85 1488 157 28 lagstiftningen
264 1490 66 21 borde
352 1489 67 21 hellre
441 1490 28 26 gä
486 1492 23 19 ut
524 1491 28 26 pä
566 1490 108 26 ätgärder,
689 1490 134 26 hvarigenom
838 1488 71 27 skogs-

85 1522 90 20 egarene
197 1517 119 22 förmäddes
339 1519 32 20 att
393 1517 113 28 förnuftigt
528 1518 97 22 använda
641 1518 36 22 det
691 1518 64 26 virke,
771 1523 45 16 som
830 1517 79 27 skogen
