1100 1717
380 128 16 19 R.
407 131 17 16 01
436 128 16 19 A.
464 127 46 21 1885.
534 128 22 19 16
566 128 35 23 Maj.
817 129 59 27 1,221

70 200 38 20 tet
122 198 46 21 icke
184 198 141 26 uttrvckligen
342 198 78 21 uttalat
435 198 43 26 det,
496 198 36 21 det
548 197 54 22 dock
613 197 47 22 icke
670 197 91 27 undgått
771 196 136 22 statsutskot-

71 228 47 20 tets
141 226 187 28 uppmärksamhet
353 228 38 24 att,
414 226 68 22 under
505 227 41 21 den
568 226 94 27 följande
684 226 170 26 finansperioden
870 227 36 19 äro

72 254 90 22 afsedda
185 258 32 18 att
239 261 119 15 reserveras
380 256 59 20 utom
455 255 66 21 redan
537 255 79 21 nämda
631 255 13 21 3
660 254 49 27 milj.
726 254 43 26 mk,
785 254 122 27 ytterligare

74 284 15 20 2
105 283 51 27 milj.
171 284 32 21 till
219 296 26 3 —
262 290 25 15 en
303 283 132 27 odlingsfond
451 285 56 20 samt
522 284 93 26 550,000
630 283 36 21 mk
681 283 33 21 till
730 282 104 22 särskilda
844 282 63 28 bygg-

75 312 96 25 nadslän,
194 312 41 22 och
258 314 32 19 att
313 318 48 15 man
384 312 57 21 inom
464 312 107 22 utskottet
593 314 71 19 ansett
686 313 33 20 att
734 311 27 21 de
777 311 129 25 uttalanden,

72 346 50 16 som
144 340 56 28 gälla
215 340 155 26 reservfonden,
386 340 47 22 icke
447 341 67 21 sakna
531 340 32 22 sin
578 340 134 27 tillämpning
728 340 61 22 äfven
804 341 28 26 pä
847 340 61 21 dessa

77 369 75 26 medel,
168 376 45 14 som
229 369 60 21 skola
304 369 108 21 användas
427 369 33 21 till
474 370 79 20 nämda
568 371 77 19 tvenne
661 368 106 22 ändamäl.

146 398 60 21 Efter
217 398 87 21 härmed
308 392 10 37 i
331 397 74 26 frägan
418 397 92 22 afslutad
520 397 165 27 öfverläggning,
696 397 113 27 godkände
820 396 25 22 R.
854 403 18 15 o.
882 396 24 21 A.

74 426 173 22 statsutskottets
262 426 109 21 uttalande
381 426 109 27 angående
504 426 218 28 statsfondssystemet
733 426 40 21 och
786 425 121 27 utlåningen

75 455 25 21 af
113 454 123 22 statsmede]l
252 455 28 26 pä
295 454 72 27 längre
382 454 37 22 tid.

145 483 121 21 Utskottets
282 483 98 27 yttrande
395 484 48 21 med
458 483 115 27 anledning
588 483 22 22 af
624 483 118 21 relationen
753 489 34 15 om
798 481 110 24 statsskul-

74 512 43 22 den
132 512 94 26 gillades.

146 540 104 27 Slutligen
272 540 123 27 godkändes
417 540 117 22 utskottets
556 540 32 22 uti
610 540 107 22 klämmen
741 546 46 22 pag.
804 541 27 21 30
845 540 63 21 fram-

74 568 73 22 stälda
161 568 88 28 förslag;
266 569 54 21 dock
335 568 69 22 skulle
418 569 146 22 betänkandet
574 568 32 22 till
618 569 105 21 utskottet
734 569 173 22 äterremitteras,

73 597 37 21 för
131 598 156 21 verkställande
310 598 21 20 af
353 598 153 21 ofvananförda
524 598 154 26 uteslutningar
694 597 39 22 och
750 598 89 26 ändring
854 599 54 19 samt

74 625 120 23 klämmens
210 626 173 26 omformulering
398 626 6 21 i
420 626 219 22 öfverensstämmelse
655 626 49 22 med
718 626 26 21 R.
755 632 18 16 o.
785 626 37 22 A:s
832 625 74 22 beslut.

146 734 100 22 Härefter
274 734 109 28 föredrogs
406 736 171 21 statsutskottets
600 735 127 23 hemställan
750 742 35 15 om
807 733 101 23 förstärkt

75 764 139 21 statsutskott
236 763 32 22 för
290 763 119 27 beviljande
432 764 22 21 af
474 764 105 22 särskilda
598 764 74 27 anslag
686 764 33 21 för
731 762 177 23 folkskolornas
897 758 15 38 i

77 791 73 22 landet
172 792 118 26 underhåll,
313 792 74 22 dervid
409 792 26 22 de
458 792 23 22 af
501 793 106 21 utskottet
622 792 121 28 föreslagna
758 792 149 26 omröstnings-

76 820 191 27 propositionerna,
284 820 21 22 af
318 820 25 22 R.
359 827 19 15 o.
395 822 24 20 A.
436 822 130 26 godkändes.

146 849 32 21 Hr
197 849 195 22 landtmarskalken
407 850 135 27 uppmanade
558 850 70 22 derför
643 850 23 21 R.
684 856 19 15 o.
719 850 37 21 A:s
771 849 137 22 medlemmar

77 878 33 20 att
134 877 34 21 vid
190 878 127 26 mändagens
336 878 84 27 plenum
437 885 50 15 vara
502 878 94 22 beredda
612 881 31 19 att
658 878 56 27 välja
737 878 117 22 ledamöter
868 876 40 22 och

77 905 138 27 suppleanter
230 906 7 21 i
252 906 36 22 det
302 906 116 22 förstärkta
434 907 112 22 utskottet.

146 1019 120 27 Föredrogs
284 1020 232 22 riddarhusutskottets
531 1021 135 21 betänkande
682 1021 6 21 i
704 1020 113 28 anledning
832 1020 22 22 af
867 1020 41 21 rid-

76 1047 226 23 darhusdirektionens
323 1048 117 22 berättelse
463 1056 35 15 om
521 1049 155 27 förvaltningen
699 1049 23 22 af
742 1050 25 21 R.
787 1056 16 14 o.
821 1050 37 20 A:s
873 1054 36 16 an-

78 1076 150 27 gelägenheter
243 1077 89 21 emellan
347 1077 156 27 landtdagarne
520 1079 54 21 1882
590 1078 40 22 och
648 1079 60 21 1885.

148 1105 49 21 Med
212 1105 113 27 anledning
340 1105 22 22 af
375 1106 117 22 utskottets
507 1106 79 28 förslag
601 1106 132 22 beträffande
748 1106 79 22 värden
838 1105 20 22 af
869 1105 41 22 rid-

77 1133 113 22 darhusets
205 1134 37 21 tak
256 1134 85 27 yttrade

147 1162 25 21 hr
194 1162 182 27 Schauman,
399 1163 37 22 A.:
452 1163 42 27 Jag
509 1164 67 22 mäste
588 1164 102 21 anmärka
705 1166 33 19 att
753 1164 37 21 det
804 1162 106 23 förefaller

77 1190 43 27 mig
142 1191 65 26 nägot
230 1191 144 27 besynnerligt
392 1194 32 19 att
439 1192 221 22 riddarhusutskottet
675 1192 39 22 har
728 1192 69 22 funnit
811 1192 33 21 för
858 1191 52 27 godt

78 1220 32 20 att
125 1218 33 22 för
173 1219 40 21 den
229 1219 105 22 blifvande
349 1220 249 22 riddarhusdirektionen
613 1220 126 22 föreskrifva
754 1227 26 15 en
795 1221 65 21 sädan
872 1220 38 22 sak

78 1249 45 19 som
146 1249 32 19 att
200 1248 33 21 för
248 1248 26 21 80
290 1249 60 21 mark
365 1249 93 21 anställa
473 1256 26 15 en
515 1249 90 22 särskild
621 1256 79 20 person
717 1250 48 21 med
780 1256 25 15 en
821 1250 23 20 sä
859 1249 52 26 högt

77 1278 88 24 uppsatt
188 1276 99 26 ställning
309 1283 45 15 som
378 1279 32 19 att
432 1278 96 26 ständigt
550 1279 33 21 stä
601 1279 28 26 pä
644 1278 60 22 taket
720 1278 39 22 och
775 1279 71 21 skotta
862 1276 48 22 bort

77 1306 53 19 snön
146 1304 97 22 derifrän.
274 1305 40 27 Jag
329 1305 68 22 skulle
412 1312 52 16 anse
480 1308 32 20 att
527 1306 25 22 R.
568 1313 19 15 o.
604 1307 24 20 A.
644 1306 33 22 för
694 1307 40 21 den
750 1306 104 22 blifvande
869 1305 42 22 rid-

78 1332 220 27 darhusdirektionen,
321 1333 86 22 hvilken
427 1334 42 22 den
485 1337 27 19 än
528 1336 34 21 mä
577 1335 71 26 blifva,
664 1335 71 21 kunde
751 1336 51 26 hysa
817 1335 23 21 sä
856 1336 54 20 stort

77 1360 129 28 förtroende,
230 1364 32 19 att
285 1362 69 22 denna
377 1362 107 22 direktion
499 1363 49 27 sjelf
568 1363 72 22 kunde
656 1363 21 22 fä
693 1364 79 26 afgöra,
788 1364 27 27 pä
831 1362 80 22 hvilket

77 1390 45 20 sätt
136 1392 53 19 snön
205 1390 120 27 lämpligast
341 1391 71 21 kunde
427 1392 84 21 skottas
527 1392 49 21 bort
590 1392 48 21 frän
652 1392 67 22 taket.

146 1418 59 22 Enär
226 1419 62 27 ingen
311 1425 70 15 annan
400 1420 22 21 af
436 1420 96 22 ständets
549 1420 137 22 medlemmar
701 1420 100 22 förenade
816 1421 32 26 sig
862 1420 49 22 med

77 1445 26 21 hr
126 1446 125 27 Schauman,
274 1447 112 27 tillsporde
408 1448 26 21 hr
457 1448 197 22 landtmarskalken
676 1450 24 20 R.
723 1456 18 15 o.
758 1450 32 25 A.,
807 1448 104 22 huruvida

78 1474 37 20 det
137 1475 48 21 ville
207 1476 113 26 godkänna
342 1476 118 22 utskottets
482 1477 85 27 förslag,
591 1484 49 14 men
655 1484 46 15 som
717 1478 68 21 denna
800 1478 60 26 fräga
875 1476 35 22 be-

77 1503 100 30 svarades
200 1504 48 21 med
264 1504 54 22 bäde
331 1504 23 26 ja
370 1504 40 22 och
425 1505 42 27 nej,
483 1505 123 22 framstälde
622 1506 26 21 hr
663 1506 195 22 landtmarskalken
873 1505 38 21 föl-

74 1530 66 26 jande
155 1532 140 26 proposition:
