1100 1731
226 97 43 21 960
505 98 16 18 R.
534 102 15 14 0.
562 98 16 18 A.
591 97 46 19 1885.
660 97 11 19 2
683 97 35 23 Maj.

198 164 186 28 skäpinvikningar
405 165 28 27 pä
453 166 233 27 jernvägsstationerna
701 166 8 21 i
725 164 86 28 Sverige
832 165 47 22 icke
901 171 46 16 mer
966 165 56 22 före-

197 193 97 27 komma;
309 193 126 22 ätminstone
450 195 35 20 vet
497 194 38 27 jag
551 196 33 20 att
599 194 52 21 ären
669 194 54 22 1883
735 194 39 21 och
784 194 61 25 1884,
862 193 27 22 dä
903 193 36 27 jag
950 195 72 21 senast

197 221 101 22 färdades
312 223 7 20 i
335 222 90 27 Sverige,
448 223 95 21 hvarken
565 223 28 26 pä
609 222 202 27 Göteborgs-banan
833 222 52 21 eller
904 222 27 27 pä
947 222 74 22 Stock-

198 250 148 21 holm-Malmö
368 251 63 21 linien
456 251 88 21 bränvin
570 251 128 22 utskänktes
721 251 44 21 lika
789 251 49 21 litet
862 251 88 26 hemligt
976 257 45 15 som

198 280 72 25 öppet.

268 307 33 21 Hr
315 307 194 27 Björkenheim:
538 308 42 27 Jag
595 307 68 22 måste
680 307 47 22 åter
741 308 7 20 i
764 307 151 27 nykterhetens
931 307 90 22 intresse

198 335 89 21 förorda
308 336 249 21 utskottsbetänkandets
577 337 44 20 alla
640 342 63 15 mom.
719 336 32 21 uti
767 336 70 21 denna
852 335 17 28 8.
899 336 62 21 Hvad
976 337 45 20 sär-

199 363 67 22 skildt
280 364 36 21 det
332 364 54 27 3:dje
401 365 107 25 beträffar,
524 365 69 20 skulle
607 365 37 26 jag
659 364 34 21 för
708 365 43 20 min
768 364 33 21 del
817 371 57 18 anse,
887 364 37 27 jag
937 364 39 21 ber
986 370 34 15 om

198 392 127 27 upplysning
339 393 45 20 ifall
397 393 36 26 jag
448 393 39 21 har
501 399 27 15 en
544 395 58 19 orätt
617 393 143 26 uppfattning,
777 394 32 19 att
819 392 49 21 frih.
882 392 138 27 Gripenberg,

198 420 28 21 då
248 420 43 21 han
313 421 76 21 nämde
410 427 34 15 om
467 421 55 21 huru
544 423 59 19 orätt
625 422 36 21 det
678 427 49 15 vore
747 423 33 19 att
795 421 47 21 icke
858 421 22 21 åt
894 421 127 26 manskapet

197 448 69 21 under
281 449 51 21 köld
346 450 51 21 eller
411 449 28 27 på
454 450 65 26 högre
529 449 68 22 befäls
607 450 118 26 tillsägelse
735 449 75 22 utdela
820 449 200 26 bränvinsrationer,

197 477 113 26 misstager
325 478 36 26 sig,
377 480 22 25 ty
412 479 37 26 jag
463 478 76 21 tänker
553 480 40 24 att,
609 478 77 21 liksom
702 479 36 20 det
748 478 46 21 icke
804 478 43 21 kan
857 478 86 21 komma
952 477 69 21 under

197 505 129 27 benämning
340 506 148 27 utskänkning,
505 513 34 14 om
555 513 27 14 en
597 507 112 20 husbonde
725 507 39 20 har
779 507 104 26 rättighet
898 507 32 20 att
942 506 22 21 åt
974 506 46 21 sina

196 533 84 27 tjenare
295 534 55 27 gifva
365 541 26 14 en
406 541 45 20 sup,
468 535 35 21 det
518 535 44 20 lika
577 535 48 21 litet
640 535 43 21 kan
693 535 53 21 falla
756 535 68 21 under
834 535 186 26 bestämningarne

197 561 34 22 för
254 562 148 28 utskänkning,
426 569 34 16 om
479 570 25 15 en
519 563 144 22 befälhafvare
685 564 69 21 skulle
777 563 23 21 åt
815 563 37 21 sitt
867 563 103 27 manskap
986 565 34 19 ut-

198 590 49 21 dela
263 596 26 15 en
304 597 38 20 sup
357 597 38 21 per
409 598 55 14 man.
494 592 10 21 I
519 591 86 27 Sverige
631 592 39 21 har
685 591 142 28 nykterheten
842 591 90 27 fortgätt
948 598 25 15 en
989 591 31 22 tid

196 619 50 20 med
262 619 64 21 raska
340 621 52 26 steg,
409 627 48 14 men
472 620 27 27 pä
515 620 25 21 de
556 621 53 26 sista
625 621 26 20 25
668 621 51 21 ären
734 621 40 20 har
790 620 36 21 det
840 619 48 28 gätt
903 619 78 22 framät
996 619 24 22 sä

196 648 33 20 att
252 649 52 24 säga
326 648 55 21 blott
395 649 49 20 med
459 648 98 27 tuppfjät.
588 649 69 21 Afven
673 650 38 21 der
726 649 40 20 har
780 655 50 14 man
846 648 90 22 sträfvat
950 650 32 19 att
997 648 23 21 få

196 675 50 21 bort
262 675 28 21 all
304 676 144 27 utskänkning
470 677 47 21 från
539 677 133 26 lägermöten
695 677 39 22 och
755 677 201 26 beväringsplatser.
986 676 34 21 Då

197 703 41 21 den
254 706 71 19 senast
340 705 128 21 församlade
483 705 113 27 riksdagen
613 706 72 21 anhöll
697 707 80 24 derom,
794 705 23 22 sä
828 704 120 23 infordrade
960 711 59 20 rege-

196 732 75 26 ringen
286 732 23 21 af
321 733 51 21 flere
387 733 146 27 myndigheter
547 733 119 28 utlätande,
683 735 40 21 och
733 734 63 21 dessa
806 734 126 21 utlätanden
943 733 76 22 utföllo

194 759 29 27 pä
238 759 93 30 följande
346 763 51 20 sätt:

268 789 282 22 Öfverstäthällareembetet
573 791 40 20 och
635 791 56 21 elfva
706 791 154 26 länsstyrelser,
884 797 25 14 en
924 791 95 26 general-

196 816 152 28 befälhafvare,
364 818 247 27 kavalleri-inspektören
627 819 40 22 och
677 818 241 23 militärbefälhafvaren
929 818 27 27 pä
966 818 53 21 Got-

195 845 51 20 land
271 846 63 21 hafva
349 847 109 26 tillstyrkt,
482 853 47 15 men
545 849 81 20 tretton
642 848 150 27 länsstyrelser
808 847 39 21 och
862 847 47 26 fyra
922 847 97 26 general-

194 872 146 23 befälhafvare
362 875 91 26 afstyrkt
474 875 125 27 riksdagens
615 876 77 21 beslut.
723 876 78 21 Skälen
822 875 34 21 för
870 875 149 27 afstyrkandet

194 901 64 22 hafva
274 903 119 26 egentligen
408 903 61 26 varit,
492 905 32 20 att
539 904 157 27 rusdryckerna
711 907 55 18 trots
781 904 101 21 förbudet
898 904 120 26 säkerligen

194 929 55 22 dock
266 931 68 21 skulle
349 931 86 21 komma
449 933 33 20 att
497 933 107 26 smugglas
619 933 22 20 in
656 933 7 20 i
678 933 80 26 lägren.

263 959 49 21 Med
328 959 97 22 afseende
440 959 28 28 pä
483 960 62 21 dessa
560 961 154 26 afstyrkanden
732 961 40 20 har
786 961 124 26 regeringen
926 961 92 20 rörande

193 987 70 20 denna
278 988 38 20 sak
331 988 33 21 för
379 988 142 21 innevarande
536 989 89 27 riksdag
639 989 111 27 föreslagit
765 989 104 26 följande:

262 1015 12 27 $
291 1017 32 20 13.
353 1016 42 21 Vid
416 1017 59 26 läger
497 1017 52 21 eller
571 1017 38 21 der
632 1019 65 25 trupp
719 1017 62 27 eljest
796 1019 25 19 är
836 1017 33 21 för
884 1017 52 21 flera
952 1017 66 26 dagar

193 1044 184 26 sammandragen,
393 1045 34 20 vid
443 1045 65 20 sädan
523 1045 132 22 helsobrunn
671 1046 52 21 eller
738 1046 84 25 badort,
839 1045 38 21 der
892 1045 80 21 särkild
988 1046 30 20 lä-

191 1070 53 22 kare
260 1071 66 22 finnes
342 1073 91 26 anstäld,
448 1073 28 26 pä
490 1074 209 27 passagerarefartyg
715 1074 52 21 eller
783 1074 38 20 der
831 1073 186 22 värdshusrörelse

191 1099 24 20 af
228 1105 70 16 annan
314 1101 113 26 anledning
441 1101 42 21 kan
498 1101 33 21 för
545 1101 71 28 någon
632 1102 34 21 del
682 1102 23 21 af
720 1103 46 20 året
782 1101 134 27 tillfälligtvis
934 1108 51 15 vara
996 1101 23 22 af

191 1129 211 26 omständigheterna
417 1129 106 27 päkallad,
539 1130 34 21 mä
588 1131 34 20 för
637 1131 88 21 kortare
741 1131 31 20 tid
788 1133 26 18 än
831 1130 24 21 är
870 1131 103 26 rättighet
985 1130 31 21 till

190 1155 246 29 bränvinsutskänkning
451 1158 107 21 meddelas
573 1159 24 21 af
609 1159 21 21 k.
646 1161 49 19 m:ts
710 1158 239 27 befallningshafvande,
970 1160 46 23 när,

189 1183 8 20 i
212 1183 149 22 förstnämnda
383 1185 44 27 fall,
452 1186 163 23 befälhafvande
639 1187 130 21 militärehef
790 1187 46 26 och,
859 1187 7 20 i
882 1187 68 26 öfriga
972 1187 44 25 fall,

189 1212 68 22 andra
272 1213 160 23 vederbörande
447 1215 72 21 derom
534 1215 58 27 gjort
610 1216 122 21 anmälan.**

260 1241 72 21 Skulle
349 1242 36 21 det
400 1242 55 27 högl.
466 1242 85 22 ständet
560 1244 47 21 icke
621 1244 115 27 godkänna
746 1244 117 21 utskottets
873 1243 143 25 betänkande,

189 1268 24 21 sä
235 1269 67 27 vågar
321 1270 37 27 jag
373 1270 78 22 föreslå
466 1273 38 24 att,
520 1272 69 21 såsom
605 1272 49 22 frih,
670 1272 135 27 Gripenberg
824 1272 84 25 nämde,
928 1272 65 20 orden
1009 1271 7 21 i

188 1297 42 20 den
245 1298 49 20 nåd.
310 1305 67 20 prop.,
394 1299 38 26 ,på
447 1300 170 22 vederbörandes
632 1301 93 26 begäran
741 1300 109 22 meddelas
861 1300 23 21 af
892 1300 124 26 magistrat"

188 1325 88 27 utbytas
289 1328 45 19 mot
343 1327 172 27 ,befälhafvande
525 1328 139 22 militärchefs
676 1329 52 21 eller
738 1329 174 21 vederbörandes
922 1328 94 26 begäran

187 1354 111 21 meddelas
320 1355 23 21 af
363 1356 130 26 magistrat."
522 1357 41 26 Jag
585 1357 128 21 förutsätter
736 1358 31 20 att
790 1358 7 20 i
818 1356 50 22 nåd.
891 1362 59 21 prop.
966 1356 50 21 med

187 1382 186 25 »vederbörande”
391 1384 54 21 afses
466 1387 166 19 restauratören.
657 1385 45 21 Och
718 1386 69 20 ehuru
803 1386 58 20 tiden
878 1387 24 19 är
917 1384 23 22 så
956 1384 60 26 långt

186 1408 150 28 framskriden,
359 1412 43 21 kan
423 1412 37 26 jag
474 1413 46 21 icke
535 1413 114 22 underlåta
665 1416 33 19 att
713 1414 99 26 begagna
826 1414 44 26 mig
884 1414 23 20 af
921 1412 95 22 tillfället

185 1439 33 19 att
234 1440 60 24 yttra
309 1440 41 20 den
364 1440 71 26 glädje
449 1440 36 27 jag
499 1440 57 22 erfar
571 1442 60 21 öfver
647 1442 36 21 det
699 1442 37 26 nit,
757 1442 48 21 med
821 1442 82 20 hvilket
919 1440 97 22 chefska-

185 1467 37 25 pet
245 1466 36 21 vid
303 1467 53 21 våra
377 1470 154 26 värnepligtiga
551 1470 121 27 bataljoner
683 1471 103 21 omfattar
801 1470 153 26 nykterhetens
970 1469 45 25 sak,

185 1500 12 14 0
214 1494 64 22 chdet
294 1497 25 19 är
333 1496 49 21 med
399 1496 22 22 så
436 1498 84 26 mycket
531 1500 68 20 större
611 1499 124 21 förtroende
746 1504 52 20 som,
814 1499 7 20 i
833 1498 101 21 händelse
946 1498 70 20 denna
