1103 1745
237 155 61 26 1,326
509 157 15 18 R.
537 162 15 13 o.
565 157 16 18 A.
594 157 46 19 1985.
664 157 22 19 20
699 158 35 23 Nai.

207 229 46 16 som
275 224 40 21 här
337 224 67 23 blifvit
426 226 93 26 anförda,
543 227 87 27 tillägga
648 228 70 26 något.
750 227 71 22 Saken
836 233 61 21 synes
913 233 50 15 vara
978 226 23 22 af
1013 227 25 21 så

208 253 165 28 utomordentlig
394 255 43 26 vigt
458 255 33 22 för
512 255 82 22 kronan
617 257 32 20 att
672 257 31 20 ett
721 256 77 21 sådant
814 255 73 22 arbete
901 255 82 22 kunnat
998 255 40 22 och

207 280 64 22 bordt
294 281 119 23 tillkomma
434 284 7 20 i
458 283 92 22 kronans
570 287 48 24 eget
633 284 90 22 intresse
738 282 67 24 redan
820 284 60 27 långt
894 284 143 21 härförinnan.

208 309 41 21 Om
272 316 48 15 man
343 311 103 22 betänker
467 314 32 20 att
522 313 39 21 den
584 313 49 21 vida
656 315 79 19 största
758 313 62 21 delen
840 313 22 21 af
876 313 47 21 hela
938 312 100 22 Finlands

208 337 122 28 skogsareal
349 339 66 27 ligger
430 341 96 26 omkring
540 341 61 22 Kemi
618 341 29 22 elf
661 342 40 21 och
717 344 32 19 att
764 341 116 26 flötningen
894 341 61 27 längs
971 341 67 21 elfven

207 366 80 22 företer
310 368 25 21 de
358 368 52 22 allra
431 371 79 20 största
532 370 136 27 svårigheter,
694 371 23 20 så
732 370 42 22 kan
791 376 48 15 man
855 370 46 21 icke
915 376 42 20 nog
971 370 67 21 önska

207 397 33 19 att
261 395 41 22 alla
325 397 85 27 möjliga
432 399 98 26 åtgärder
552 399 66 21 måtte
642 399 102 27 vidtagas,
767 399 34 21 för
816 401 32 19 att
863 398 92 27 aflägsna
970 398 68 21 dessa.

208 424 81 26 Tyvärr
311 428 24 18 är
357 426 133 22 Taivalkoski
512 427 42 21 fors
577 428 47 21 icke
648 428 40 21 den
711 428 61 26 enda,
789 427 81 21 kanske
885 428 45 20 icke
946 433 36 15 ens
998 426 40 21 den

208 454 79 20 största
309 454 112 27 svårighet,
444 461 45 15 som
512 455 114 27 flötningen
650 458 68 19 möter
740 456 8 21 i
770 456 63 21 Kemi
856 455 33 22 elf.
918 455 75 22 Denna
1011 454 30 22 elf

209 483 24 19 är
255 482 23 21 så
300 484 51 24 stor,
368 483 23 21 så
406 484 52 21 strid
474 484 38 21 och
528 485 23 20 så
567 484 52 21 bred
636 487 32 18 att
683 491 49 14 man
748 485 76 21 endast
840 484 47 21 med
903 484 40 21 den
959 485 79 20 största

208 509 109 27 svårighet
332 511 41 21 kan
388 513 105 27 uppfånga
508 513 85 21 stockar
608 513 39 22 och
662 513 47 21 icke
725 515 52 19 utan
794 514 32 20 att
841 513 102 26 anbringa
955 512 84 27 mycket

207 537 133 24 kostsamma
362 540 165 28 försänkningar,
550 542 82 21 hvilkas
655 542 147 26 nedläggande
820 542 48 21 åter
882 543 67 19 möter
964 541 75 20 hinder

208 566 8 21 i
231 566 104 23 fiskeriets
351 568 109 23 intressen.
489 570 40 27 Jag
544 570 68 21 skulle
629 570 70 21 derför
714 570 27 22 be
757 572 32 20 att
805 571 27 26 på
848 570 36 21 det
899 572 104 19 varmaste
1017 569 22 21 få

209 594 86 23 förorda
311 597 126 27 petitionens
452 599 126 26 antagande.

232 652 4 3 <
279 625 32 21 Hr
333 626 166 23 Mechelin:
522 628 40 26 Jag
584 627 40 22 har
647 628 45 21 icke
708 627 76 27 begärt
800 627 62 21 ordet
876 627 33 20 för
924 629 31 19 att
970 626 69 21 uttala

208 658 43 21 mig
275 656 56 19 emot
354 655 149 27 betänkandet,
527 663 45 14 men
594 657 37 26 jag
654 657 41 20 kan
712 656 46 21 icke
774 655 112 22 underlåta
901 657 32 20 att
947 655 91 27 påpeka,

210 681 112 22 huruledes
345 683 36 21 det
404 685 64 25 enligt
491 685 25 21 de
538 685 22 21 af
577 685 106 21 utskottet
698 685 76 26 gjorda
790 684 166 27 beräkningarne
972 683 68 27 gäller

209 715 26 16 en
257 711 64 26 utgift
342 712 23 21 af
387 713 89 26 108,500
498 714 65 20 mark.
596 714 34 21 Då
653 713 172 22 statsutskottets
848 712 132 22 betänkande
1003 719 36 14 an-

208 739 82 25 gående
305 742 60 19 extra
381 742 182 27 statsregleringen
580 743 66 20 redan
662 742 5 21 i
679 743 38 26 går
727 741 146 22 behandlades
884 741 39 21 och
934 741 26 21 dä
971 741 69 20 landt-

209 766 67 27 dagen
301 769 65 21 redan
389 771 23 20 är
427 771 23 20 sä
465 773 51 18 nära
530 771 33 20 sin
579 771 121 26 afslutning,
717 777 51 14 vore
785 771 36 20 det
836 770 45 21 icke
896 769 96 27 lämpligt
1007 771 33 19 att

209 801 88 16 numera
319 798 53 26 yrka
394 799 27 26 pä
444 799 72 21 remiss
531 799 32 21 till
579 799 161 22 statsutskottet
756 799 7 20 i
779 799 39 21 och
834 798 33 21 för
882 798 68 21 denna
965 797 74 27 utgifts

210 824 161 23 observerande.
401 827 40 27 Jag
456 830 33 19 tar
503 828 42 26 mig
560 828 55 21 blott
630 828 91 21 friheten
737 827 85 27 päpeka
844 829 32 19 att
897 826 61 21 äfven
981 827 59 20 detta

209 853 79 21 ärende
311 857 62 24 utgör
395 857 31 19 ett
443 856 57 21 bevis
514 857 28 26 pä
557 858 32 19 att
604 857 37 20 det
656 857 46 20 icke
718 859 24 18 är
758 855 124 21 välbetänkt
897 857 32 19 att
944 855 95 21 beräkna

210 881 71 22 alltför
296 883 72 21 snäfva
384 883 75 28 belopp
474 884 32 21 till
521 885 137 21 oförutsedda
673 885 70 21 behof.

278 939 33 22 Då
333 940 62 27 ingen
418 941 70 21 vidare
511 941 93 22 önskade
627 944 57 25 yttra
707 942 32 26 sig
761 941 7 21 i
784 941 78 26 ämnet,
879 939 120 27 tillfrågade
1014 939 26 21 hr

210 966 195 24 landtmarskalken
427 970 23 21 R.
468 976 17 15 o.
503 971 31 25 A.,
553 970 104 21 huruvida
672 971 86 20 ständet
775 969 48 21 ville
840 969 112 26 godkänna
967 968 73 21 betän-

210 995 80 22 kandet
305 997 40 22 och
360 997 45 22 blef
418 999 68 20 denna
501 998 59 27 fräga
574 999 49 21 med
639 999 156 26 ötvervägande
808 998 24 27 ja
848 997 108 22 besvarad.

279 1111 120 28 Föredrogs
415 1113 39 21 och
469 1113 121 26 godkändes
606 1116 51 18 utan
672 1113 142 25 anmärkning
830 1111 43 27 lag-
884 1111 38 21 och
934 1110 107 21 ekonomi-

210 1139 117 22 utskottets
350 1140 132 23 betänkande
504 1148 34 15 n:o
560 1143 26 20 13
602 1142 6 21 i
625 1141 113 27 anledning
754 1141 23 21 af
792 1143 31 18 ett
838 1139 32 21 till
885 1139 156 32 bondeståndet

210 1167 118 22 inlemnadt
343 1169 179 28 petitionsförslag
541 1171 109 26 angäende
666 1170 111 21 införande
794 1168 22 21 af
830 1169 75 20 sädant
919 1167 74 26 tillägg
1009 1167 32 21 till

210 1195 183 28 kammarkollegii
417 1198 123 27 kungörelse
558 1199 40 20 den
616 1200 8 19 1
644 1198 103 21 Februari
766 1198 54 21 1808
836 1199 32 18 att
883 1196 158 31 vederbörande

210 1224 127 26 tjenstemän
361 1226 39 21 och
423 1227 131 21 embetsverk
576 1227 73 26 borde,
665 1227 34 20 vid
716 1226 127 21 utfärdande
859 1225 22 21 af
897 1224 145 27 expeditioner

211 1252 72 22 hvilka
306 1256 49 19 röra
378 1255 128 26 kommuner,
530 1255 101 27 derjemte
653 1255 97 21 tillställa
773 1254 124 26 fullständig
919 1253 82 21 afskrift
1021 1252 23 21 af

212 1281 108 22 desamma
335 1283 23 20 ät
373 1283 237 22 kommunalstämmans
626 1284 134 21 ordförande.

281 1397 120 27 Föredrogs
423 1397 43 27 lag-
488 1398 38 21 och
549 1397 217 22 ekonomiutskottets
790 1395 134 22 betänkande
943 1401 34 14 n:o
995 1394 47 21 10
1027 1390 18 38 i

210 1425 115 27 anledning
348 1425 22 21 af
391 1428 30 19 ett
440 1426 6 21 i
464 1426 156 21 bondeständet
635 1426 87 27 ingifvet
737 1424 182 29 petitionsförslag
934 1423 109 32 angäende

211 1453 138 27 afhjelpande
373 1454 22 21 af
415 1455 102 21 särskilda
538 1455 33 20 för
591 1454 127 27 jordbruket
734 1454 42 21 och
791 1453 94 22 äboarne
900 1453 12 20 &
927 1451 116 26 kronojord

212 1482 93 27 menliga
320 1482 151 22 förhällanden.

282 1511 31 21 På
329 1511 92 26 begäran
437 1511 105 22 lemnades
558 1511 61 21 ordet
635 1512 22 21 åt

280 1539 48 21 frih.
352 1540 135 27 Palmén,
509 1541 25 20 E.
558 1540 31 25 G.,
613 1547 45 14 som
682 1539 96 28 yttrade:
805 1539 33 20 Då
861 1539 30 20 ett
909 1536 135 33 betänkande

210 1567 121 27 föreligger,
347 1570 44 19 mot
407 1569 78 21 hvilket
499 1569 46 20 icke
561 1575 26 14 en
603 1569 56 26 gång
674 1575 26 14 en
715 1567 133 22 reservation
864 1569 23 18 är
903 1565 96 27 afgifven,
1020 1565 24 21 så
