1103 1742
367 130 44 23 Rio.
424 134 16 18 A.
452 130 48 23 1886.
524 134 10 18 5
547 134 35 23 Maj.
823 134 41 22 987

66 202 56 22 blott
137 203 70 21 denna
229 203 77 21 reform
323 203 68 21 skulle
407 203 86 21 komma
507 204 34 20 till
556 202 63 22 stånd
636 209 45 15 som
696 202 67 22 finnes
779 203 7 20 i
801 208 63 16 mom.
874 202 18 21 :3

67 231 125 27 föreslagen,
217 231 24 21 så
255 232 68 21 skulle
342 238 50 14 man
407 231 63 21 hafva
486 232 39 21 allt
540 232 47 21 skäl
605 233 33 19 att
653 231 73 27 glädja
741 232 31 26 sig
788 231 58 21 öfver
861 232 32 19 att

68 260 69 21 denna
158 260 49 21 nåd.
229 266 60 21 prop.
313 259 69 22 blifvit
403 260 130 27 hänskjuten
555 260 34 22 till
612 260 126 21 ständernas
758 259 135 27 behandling.

67 289 42 21 Det
124 294 50 16 vore
197 290 31 20 ett
243 289 51 26 godt
309 289 91 21 resultat
415 289 7 20 i
436 288 106 22 frisinnad
557 288 102 28 riktning,
682 294 46 16 som
742 294 51 16 vore
808 289 85 21 vunnet.

68 317 42 21 För
125 318 43 20 min
184 317 34 21 del
234 323 62 15 anser
308 317 37 27 jag
361 317 89 24 således,
467 320 33 19 att
514 318 26 21 R.
557 324 18 14 o.
592 318 26 20 A.
633 317 67 21 borde
711 317 113 27 godkänna
835 317 59 21 detta

68 352 62 15 mom.
147 346 39 21 och
209 352 62 15 anser
293 346 110 26 derjemte,
425 348 33 19 att
481 346 25 22 R.
523 352 19 16 o.
558 347 25 20 A.
600 352 67 21 gerna
681 346 72 21 kunde
768 345 76 28 frängä
858 344 36 22 det

67 374 46 22 lilla
127 375 75 27 tillägg
217 374 84 22 ständet
316 375 57 27 gjort
389 374 39 22 och
443 377 53 19 utan
512 375 90 27 ändring
618 376 79 25 antaga
712 374 117 22 utskottets
840 380 55 15 sam-

68 403 237 28 manjemkningförslag
320 403 7 21 i
343 404 69 20 denna
427 404 75 26 punkt.

138 432 59 22 Frih.
219 438 41 14 von
275 432 80 21 Born:
385 432 42 26 Jag
441 432 83 22 känner
539 432 43 26 mig
597 432 47 21 icke
660 431 81 22 frestad
756 434 32 19 att
803 438 29 14 nu
846 430 49 27 ingä

69 460 7 22 i
97 460 100 27 posthum
220 460 121 22 diskussion
363 460 134 22 beträffande
520 461 70 21 denna
612 460 62 27 fråga
689 460 6 22 i
711 460 49 22 hela
775 460 49 22 dess
838 459 56 27 vidd,

69 495 48 15 men
137 490 37 26 jag
191 489 40 21 har
247 489 75 27 begärt
337 489 62 21 ordet
413 489 34 21 för
463 492 39 24 att,
518 490 7 20 i
540 491 91 19 motsats
646 489 34 21 till
695 489 26 21 hr
736 489 58 27 Rein,
811 488 85 22 ansluta

69 518 43 27 mig
134 518 32 20 till
189 518 40 21 den
253 517 22 21 af
288 518 26 20 hr
329 518 100 21 Lindelöf
441 518 99 22 uttalade
555 518 172 26 uppfattningen,
743 520 33 19 att
791 519 31 20 ett
836 519 60 19 anta-

71 546 68 27 gande
161 546 23 21 af
201 546 36 21 det
252 552 40 16 ena
307 546 52 22 eller
375 547 67 21 andra
457 548 119 20 momentet
591 547 23 21 af
628 546 70 21 denna
712 546 11 27 $
738 546 7 21 i
760 546 74 27 sjelfva
849 552 48 15 ver-

71 575 37 21 ket
123 575 177 26 sammanhänger
315 575 48 21 med
379 575 25 21 de
421 575 70 27 öfriga
506 577 129 20 momenten.
658 575 43 21 Det
717 581 61 21 synes
788 576 42 26 mig
840 574 57 27 ligga

71 603 23 21 sä
108 603 7 21 i
131 603 76 21 sakens
222 606 70 23 natur,
307 605 33 20 att
353 604 36 26 jag
403 604 47 21 icke
466 610 63 16 anser
544 604 103 21 särskildt
661 603 106 22 förbehåll
777 604 72 21 derom
860 609 37 15 ens

71 632 90 21 behöfva
183 634 74 25 göras;
276 632 51 27 eljes
343 638 51 16 vore
410 633 36 21 det
462 635 49 19 rent
526 633 24 21 af
563 632 98 27 omöjligt
675 634 33 19 att
722 632 101 27 lagstifta.
856 632 42 20 Det

73 660 42 22 kan
130 660 124 28 visserligen
269 661 71 21 hända
355 663 33 19 att
403 662 7 20 i
425 663 33 19 ett
474 668 75 15 senare
560 661 296 27 sammanjemkningsförslag
866 661 31 20 ett

72 689 51 21 eller
138 691 65 19 annat
214 690 93 21 moment
317 689 54 27 ånyo
382 690 70 21 skulle
462 690 68 21 blifva
539 690 73 27 gjordt
622 690 34 21 till
665 689 90 22 föremål
765 689 33 21 för
808 689 90 27 ändring

72 718 51 21 eller
143 718 116 27 jemkning,
282 724 48 16 men
352 717 70 23 säsom
439 719 94 21 beslutet
547 725 29 15 nu
592 718 56 22 skall
661 718 53 27 utgä
729 725 25 14 ur
770 718 60 22 detta
844 723 53 21 rum,

71 746 69 22 måste
155 746 37 22 det
206 753 52 15 vara
273 748 32 20 ett
319 747 45 21 helt
379 747 39 21 och
433 748 7 20 i
455 749 34 19 ett
504 747 161 27 sammanhang.
695 747 10 21 I
720 746 75 28 sjelfva
808 746 90 22 hufvud-

71 774 75 28 frägan
160 775 64 27 hyser
237 776 36 26 jag
288 776 123 27 visserligen
425 776 51 26 inga
491 776 111 21 illusioner
618 782 35 15 om
668 776 130 26 antagandet
808 775 23 21 af
840 775 59 21 detta

73 804 302 27 sammanjemkningsförslag,
391 804 104 22 särskildt
509 805 39 21 hos
564 805 37 21 det
616 804 132 27 högvördiga
764 804 84 22 ståndet
859 803 40 21 och

73 832 36 22 det
123 832 133 22 hedervärda
275 832 96 26 ständet;
387 839 49 15 men
452 833 28 21 dä
493 834 37 26 jag
546 834 7 20 i
568 833 78 21 sakens
660 833 123 21 nuvarande
798 832 48 28 läge
860 832 39 21 ber

72 862 39 25 att,
134 862 7 21 i
163 861 67 22 likhet
247 861 50 22 med
312 862 25 21 hr
352 861 72 22 Antell
440 862 41 21 och
496 862 49 22 frih.
560 862 80 21 Wrede
655 861 22 22 få
691 861 88 22 förorda
794 866 105 17 samman-

70 889 235 28 jemkningsförslagets
320 891 120 26 antagande
455 891 8 20 i
479 891 49 22 dess
543 891 79 26 helhet,
639 890 24 22 sä
677 893 39 24 gör
729 891 37 26 jag
780 891 37 20 det
831 889 27 28 pä
874 889 25 22 de

73 918 24 21 af
117 919 47 21 dem
188 919 67 20 redan
276 919 128 22 framhällna
420 919 82 26 skälen,
519 920 40 21 och
574 919 63 22 äfven
652 919 72 22 derför
739 921 32 19 att
783 919 38 27 jag
835 924 66 21 gerna

73 947 38 21 vill
132 949 64 24 pruta
211 947 88 27 hälften,
315 948 56 21 blott
383 948 38 27 jag
435 948 45 21 kan
495 949 71 20 lemna
580 948 24 21 ät
619 948 37 21 det
670 948 132 27 högvördiga
816 947 85 21 ständet

73 976 149 21 medvetandet
245 977 32 20 att
297 979 83 18 ensamt
394 977 65 20 hafva
474 977 88 21 hindrat
577 977 71 21 denna
663 976 23 22 sä
701 976 134 27 synnerligen
849 975 52 21 nöd-

74 1005 90 26 vändiga
179 1004 140 28 lagstiftning.
426 1029 3 4 N

140 1033 33 21 Hr
189 1033 155 26 Schauman,
360 1034 33 21 A.:
415 1031 71 24 Äfven
499 1034 37 27 jag
551 1034 33 21 får
599 1034 33 21 för
648 1034 43 21 min
707 1034 33 21 del
755 1033 53 28 yrka
823 1032 27 27 pä
866 1039 36 14 an-

74 1062 103 27 tagandet
196 1061 23 22 af
232 1062 37 21 det
283 1062 146 27 föreliggande
445 1062 327 28 sammanjemkningsförslaget.
803 1062 41 26 Jag
859 1063 43 20 stö-

75 1090 38 21 der
135 1090 42 27 mig
199 1090 178 28 hufvudsakligen
399 1091 28 27 pä
446 1091 28 21 de
490 1091 47 22 skäl
552 1097 46 16 som
613 1091 77 22 främst
704 1091 48 21 utaf
765 1091 26 21 hr
805 1089 98 23 Lindelöf

75 1119 70 21 blifvit
165 1119 102 26 uttalade,
284 1119 39 22 och
339 1120 62 21 äfven
415 1119 28 28 pä
459 1120 38 21 det
512 1121 47 20 skäl
574 1120 81 21 önskar
667 1120 37 27 jag
719 1119 39 22 och
773 1119 82 27 hoppas
871 1119 32 20 att

74 1147 25 22 R.
123 1153 18 16 o.
164 1147 25 22 A.
205 1147 55 22 skall
278 1148 115 27 godkänna
408 1149 329 27 sammanjemkningsförslaget,
753 1149 33 20 att
800 1148 26 21 R.
842 1153 19 16 o.
877 1147 24 21 A.

75 1176 122 27 derigenom
220 1176 36 21 mä
277 1177 74 21 kunna
373 1177 76 27 bringa
464 1177 8 21 i
488 1177 98 27 glömska
600 1178 38 21 det
652 1177 72 22 beslut
738 1177 25 21 R.
779 1183 19 15 o.
814 1177 25 21 A.
854 1175 49 22 tidi-

74 1210 51 21 gare
140 1205 7 20 i
163 1205 65 21 saken
243 1205 72 22 fattat.
333 1217 24 4 —
369 1205 41 27 Jag
425 1206 40 21 ber
481 1208 33 19 att
528 1206 22 21 få
564 1206 90 27 tillägga
668 1205 67 28 några
750 1205 38 22 ord
803 1205 49 21 med
867 1210 37 15 an-

76 1233 85 27 ledning
183 1233 24 21 af
220 1235 32 20 ett
266 1234 99 27 yttrande
381 1234 23 21 af
417 1234 50 21 frih.
485 1234 23 22 af
522 1234 109 22 Schulten.
661 1235 49 21 Han
724 1234 100 22 framhöll
839 1233 65 22 huru-

75 1268 46 15 som
131 1262 37 21 det
177 1268 51 15 vore
239 1263 118 26 onaturligt
367 1265 32 19 att
410 1265 32 19 ett
452 1263 62 27 lägre
524 1264 163 21 röstmaximum
697 1263 68 22 skulle
775 1263 130 21 bestämmas

75 1291 33 20 för
124 1290 127 27 deltagande
267 1291 7 21 i
289 1291 101 26 politiska
404 1292 35 20 val
455 1293 29 20 än
500 1292 36 21 det
552 1298 45 15 som
613 1292 70 21 blifvit
697 1291 110 22 faststäldt
816 1291 34 21 för
861 1290 44 21 del-

75 1319 92 26 tagande
183 1319 7 21 i
200 1319 138 22 kommunala
348 1320 41 21 val.
413 1320 77 22 Såsom
502 1321 46 21 skäl
559 1321 89 21 anförde
658 1321 48 21 frih.
718 1320 22 21 af
748 1319 101 22 Schulten
860 1319 45 20 det-

76 1353 81 16 samma
171 1353 46 16 som
232 1348 40 21 här
287 1348 28 27 pä
331 1351 98 24 rummet,
445 1351 49 19 tror
506 1349 44 27 jag,
566 1349 52 21 tlere
627 1349 80 27 gänger
718 1349 58 21 förut
786 1347 39 22 har
836 1346 70 22 blifvit

76 1375 92 27 anfördt,
192 1378 33 19 att
240 1377 36 21 det
292 1377 137 27 naturligtvis
445 1377 110 22 erfordras
570 1384 27 15 en
613 1379 69 20 större
697 1377 126 27 intelligens,
840 1375 66 21 sädan

76 1411 46 14 som
140 1404 43 21 kan
198 1405 128 22 förutsättas
341 1405 39 22 hos
396 1405 41 22 den
454 1408 70 19 större
540 1406 182 27 förmögenheten,
737 1406 33 21 för
785 1406 33 19 att
832 1403 75 27 afgöra

77 1439 34 15 om
126 1433 101 27 politiska
243 1434 62 21 saker
321 1436 28 19 än
364 1440 34 15 om
414 1434 140 22 kommunala
570 1435 69 21 saker.
665 1435 32 21 De
712 1435 80 24 herrar,
809 1439 46 15 som
870 1438 37 15 an-

76 1461 44 22 fört
135 1462 66 26 detta,
217 1462 65 23 bafva
297 1463 54 21 dock
366 1463 68 26 glömt
450 1465 36 19 att
500 1464 36 21 det
551 1463 68 22 finnes
635 1465 31 20 ett
680 1463 85 27 mycket
774 1461 76 27 vigtigt
861 1461 46 21 skäl

76 1491 33 20 att
132 1490 71 21 lemna
224 1490 178 27 förmögenheten
426 1493 33 20 ett
483 1493 70 20 större
576 1494 105 25 utrymme
704 1492 35 21 vid
754 1490 116 28 afgörande
886 1489 23 22 af

77 1518 26 21 de
117 1518 138 22 kommunala
270 1520 68 21 valen.
362 1519 47 22 Den
423 1519 141 22 kommunala
578 1521 164 26 beskattningen
757 1522 35 19 tar
802 1519 107 26 nämligen

76 1546 7 21 i
105 1547 85 26 mycket
209 1547 67 27 högre
291 1548 54 26 grad
361 1548 41 21 den
417 1548 99 22 enskilde
531 1549 168 27 medborgarens
714 1549 65 21 kassa
793 1548 7 20 i
816 1547 93 27 anspräk
