1100 1667
215 98 43 21 974
493 98 16 19 R.
522 103 15 14 0.
549 99 17 18 A.
579 98 46 20 1885.
649 99 10 18 2
673 99 34 23 Maj.

188 171 46 16 som
257 165 61 22 äfven
340 166 64 21 ökadt
427 166 58 22 antal
507 166 22 22 af
541 166 198 27 provincialläkare,
754 166 81 21 hvilket
850 165 54 22 ifrän
920 166 24 21 är
960 166 53 22 1811

188 193 46 22 blef
254 193 60 27 höjät
336 194 32 21 till
383 194 33 21 20.
446 194 41 22 Vid
503 195 58 21 detta
576 194 59 22 antal
651 194 22 22 af
687 196 27 20 20
729 194 78 22 förblef
821 194 36 22 det
872 194 55 21 ända
942 194 32 21 till
990 194 25 22 de

188 224 85 19 senaste
288 222 60 26 tider,
364 228 48 16 men
426 222 112 22 förökades
557 222 54 22 efter
625 223 58 22 hand
698 223 32 21 till
746 223 36 21 det
797 222 122 22 nuvarande
934 222 81 22 antalet

188 250 35 21 53.
254 250 74 22 Denna
350 250 119 28 utveckling
490 251 39 21 har
551 251 56 21 varit
629 258 45 15 mer
689 251 53 22 eller
757 251 82 21 mindre
854 250 126 22 framkallad
994 250 23 22 af

189 278 27 21 de
242 278 8 21 i
272 284 84 21 pressen
383 279 94 22 uttalade
503 279 107 27 klagomål
637 280 58 22 öfver
722 279 141 27 otillräckliga
887 278 128 22 läkarekraf-

188 308 40 23 ter,
245 306 45 22 dels
312 306 23 22 af
354 307 141 27 ansökningar
517 308 30 21 till
566 308 85 22 landets
665 308 96 28 styrelse.
791 308 68 21 Dessa
874 306 141 27 ansökningar

188 334 63 22 hafva
274 334 67 22 blifvit
362 335 23 21 af
405 336 127 22 medicinska
554 336 171 22 auktoriteterna
747 335 144 23 understödda
906 335 53 21 efter
974 335 41 21 för-

188 363 69 26 mäga.
287 363 66 22 Desse
375 364 22 21 af
417 366 69 20 staten
507 364 97 22 anstälde
626 364 201 28 provincialläkares
852 363 96 22 funktion
972 362 45 22 blef

188 391 135 26 naturligtvis
338 392 7 20 i
360 392 86 22 främsta
461 395 90 19 rummet
565 394 82 20 statens
663 393 71 26 tjenst,
745 392 105 27 nämligen
860 393 33 21 att
903 391 111 26 tillgodose

188 420 82 20 statens
286 419 64 22 behof
362 419 7 21 i
384 421 182 21 rättsmedicinska
581 421 40 21 och
637 421 155 26 medikolegala
807 420 71 27 frägor
890 419 39 22 och
939 419 75 21 under-

189 447 115 27 sökningar
326 454 33 15 om
377 448 94 22 farsoter.
501 449 50 21 Men
567 449 102 26 derjemte
679 449 68 22 hafva
762 449 100 21 läkarene
877 448 46 21 icke
938 447 76 21 brustit

188 475 6 20 i
218 475 32 21 sin
273 476 53 26 pligt
348 478 37 25 att,
409 477 68 21 sävidt
500 477 61 22 deras
583 477 32 22 tid
630 477 40 22 och
685 477 96 27 förmäga
796 477 60 21 räckt
871 476 39 26 till,
926 476 32 21 stä
974 475 40 22 den

189 503 134 26 nödlidande,
346 505 26 21 de
394 505 60 26 sjuka
475 505 32 22 till
530 506 65 26 tjenst
619 507 50 20 utan
692 505 99 22 afseende
808 506 13 20 ä
836 505 111 26 fattigdom
963 503 51 22 eller

189 531 102 27 rikedom,
315 539 47 14 men
385 533 35 21 det
441 534 71 21 visade
534 534 31 27 sig
583 534 91 21 ledsamt
690 540 41 21 nog
746 535 33 20 att
794 533 35 22 vid
844 532 135 22 besättandet
994 531 22 22 af

188 561 91 25 mängen
295 561 241 28 provincialläkareplats
552 563 27 26 pä
594 562 124 21 landsorten
734 562 153 21 allmänhetens
902 561 39 21 och
956 561 58 20 inne-

188 588 117 22 vänarenes
327 589 88 22 intresse
437 590 32 21 för
490 591 72 21 läkare
577 591 47 21 icke
640 597 37 15 var
691 591 78 21 sädant
784 596 45 15 som
846 589 168 27 ansökningarne

188 616 40 21 och
251 617 141 26 petitionerna
407 619 79 26 antydt.
516 619 100 21 Tvertom
633 621 120 24 emottogos
769 619 26 20 de
810 617 162 28 mängenstädes
987 617 27 26 pä

188 644 122 22 landsorten
327 645 21 22 af
361 645 148 29 befolkningen
524 647 27 27 pä
567 647 81 27 ganska
664 647 94 26 ovänligt
772 649 48 19 sätt.
846 647 33 21 De
894 646 54 21 hade
960 647 54 19 stör-

188 674 34 19 sta
244 673 107 27 svärighet
373 677 32 19 att
426 675 20 21 fä
469 675 35 22 tak
527 675 58 22 öfver
599 675 108 26 hufvudet,
724 675 41 22 och
780 675 36 21 det
831 675 69 21 hände
916 674 98 26 mängen-

188 701 72 21 städes
276 704 32 18 att
323 702 27 21 dä
365 703 26 21 de
406 703 80 22 kunnat
501 703 104 27 inlogeras
621 703 6 22 i
644 710 25 15 en
685 703 111 27 bondgärd
812 703 26 21 de
852 703 54 21 hade
923 703 40 20 den
973 701 41 21 för-

188 729 153 27 smädligheten
364 733 33 19 att
416 738 22 15 se
453 731 154 28 befolkningen,
623 731 47 22 frän
686 732 41 21 den
743 733 106 20 närmaste
865 730 147 27 omgifningen,

188 757 67 22 hellre
272 758 65 21 anlita
352 759 153 28 hjelpgummor
520 760 38 21 och
573 760 152 27 trollkäringar
740 762 27 19 än
782 759 94 22 läkaren.
901 759 42 21 Det
952 758 62 21 fanns

188 785 61 26 tider,
274 787 26 20 dä
324 787 30 24 de,
375 794 44 15 som
435 788 72 27 sjelfva
521 789 75 20 ansökt
612 795 34 14 om
662 789 79 26 läkare,
757 788 46 21 icke
819 794 51 15 voro
885 787 81 26 färdiga
982 788 32 19 att

188 814 27 25 pä
238 815 66 25 något
326 817 43 20 sätt
391 816 103 21 materielt
516 817 129 21 understöda
663 817 85 21 honom.
779 817 42 20 Det
837 816 54 21 hade
903 815 24 26 ju
941 815 73 21 kostat

188 841 48 21 dem
253 842 55 21 blott
323 849 25 15 en
363 844 31 21 bit
409 851 79 20 papper
503 846 31 20 att
549 845 79 21 skrifva
643 845 151 26 ansökningen,
809 850 48 15 men
869 844 26 21 dä
906 843 36 21 det
952 843 61 26 gälde

188 871 32 19 att
243 869 88 23 faktiskt
353 872 44 21 visa
419 873 98 21 behotvet
539 873 22 21 af
578 873 61 21 dessa
654 873 84 22 läkares
754 872 132 22 anställande
901 872 27 27 pä
943 871 69 21 lands-

188 900 67 23 orten,
279 899 44 21 blef
340 899 165 28 förhoppningen
520 901 45 21 icke
582 901 122 22 realiserad.
734 901 78 21 Vidare
828 907 37 15 var
880 900 36 21 det
931 901 31 20 ett
977 905 35 15 an-

186 928 38 19 nat
239 929 56 18 stort
310 927 127 28 bekymmer.
463 929 214 27 Medicinalstyrelsen
693 930 69 21 mäste
777 935 23 15 se
815 930 32 20 att
862 934 56 21 unga
927 927 85 21 bildade

187 956 55 29 män,
267 955 99 27 hängifna
387 958 23 20 åt
424 957 148 27 vetenskapen,
588 958 67 21 måste
678 959 27 25 pä
726 958 37 21 det
778 959 65 19 sättet
858 956 107 26 tillbringa
980 955 32 21 sin

186 982 33 21 tid
241 983 5 20 i
270 983 92 27 aflägsna
385 985 81 22 trakter
488 987 51 20 utan
561 986 100 26 beröring
677 986 48 21 med
740 985 152 22 likatänkande
906 984 39 21 och
960 985 52 20 utan

186 1010 111 27 möjlighet
320 1014 32 19 att
373 1013 50 26 höja
444 1013 31 27 sig
493 1014 7 20 i
514 1014 149 27 vetenskapen.
694 1014 51 21 Man
760 1013 76 22 trodde
852 1015 32 19 att
899 1018 26 15 en
940 1012 72 31 läkare

187 1037 69 23 skulle
280 1046 50 15 vara
352 1041 69 21 säsom
443 1042 66 21 andra
523 1042 138 26 embetsmän,
678 1044 21 25 ty
715 1042 6 21 i
738 1042 61 21 dessa
814 1041 82 21 trakter
912 1040 64 21 vistas
988 1045 24 20 ju

185 1066 96 28 domare,
297 1070 87 25 prester,
399 1069 94 22 länsmän
509 1070 38 21 och
566 1070 151 27 kronofogdar.
748 1070 49 21 Men
813 1071 96 25 prestens
924 1068 88 21 katekes

184 1096 27 19 är
232 1095 33 26 sig
288 1096 39 26 lik;
351 1097 110 22 domareus
483 1098 77 27 lagbok
575 1101 24 19 är
618 1099 31 26 sig
665 1099 36 26 lik,
718 1099 148 20 länsmannens
882 1097 39 21 och
935 1097 77 20 krono-

185 1121 89 28 fogdens
296 1124 223 29 författningssamling
540 1129 24 18 är
586 1127 61 21 äfven
670 1127 100 26 temligen
786 1126 49 25 lika,
851 1131 48 16 men
914 1125 98 21 läkarens

185 1151 117 28 vetenskap
325 1153 95 22 deremot
434 1155 39 26 gär
487 1154 84 27 framät;
591 1155 62 26 följer
668 1155 41 21 han
724 1155 47 21 icke
787 1154 54 25 med,
857 1155 24 20 är
896 1154 41 20 han
952 1153 60 20 snart

184 1177 116 24 föråldrad.
331 1182 42 21 Det
388 1188 37 15 var
439 1189 26 14 en
480 1189 59 21 grym
553 1183 39 22 sak
607 1185 33 19 att
655 1184 27 26 pä
698 1183 60 21 detta
772 1184 43 19 sätt
830 1181 66 22 tänka
911 1181 31 26 sig
951 1186 60 19 unge,

184 1206 100 23 lofvande
306 1211 55 24 män,
384 1211 85 26 nödgas,
492 1211 87 22 emedan
603 1211 25 22 de
651 1211 49 21 sökt
723 1217 25 16 en
772 1211 70 26 tjenst,
864 1216 45 15 som
926 1209 25 21 de
966 1208 46 31 icke

184 1234 73 22 kunde
280 1239 64 24 vägra
366 1240 33 18 att
421 1241 49 24 taga
491 1241 63 24 emot,
573 1240 27 26 pä
619 1239 60 21 detta
693 1241 44 19 sätt
752 1239 108 25 tillbringa
875 1239 76 24 mänga
966 1237 24 20 är
1005 1241 7 15 i

184 1261 149 25 förhällanden
348 1272 45 14 som
408 1266 73 26 gjorde
496 1267 35 21 det
547 1267 96 27 omöjligt
657 1268 32 20 för
705 1268 49 20 dem
769 1268 32 20 att
816 1266 51 26 följa
883 1265 48 21 med
942 1266 70 20 veten-

184 1290 94 33 skapens
300 1293 106 27 framsteg,
422 1294 39 22 och
476 1295 120 26 derigenom
611 1295 100 27 möjligen
726 1296 82 20 utsätta
823 1295 48 21 dem
886 1293 33 21 för
934 1294 32 20 att
980 1292 33 20 för

185 1318 61 22 alltid
270 1321 26 25 gå
319 1321 105 23 förlorade
446 1323 33 21 för
500 1323 149 27 vetenskapen:
680 1324 43 20 För
746 1325 32 19 att
796 1322 54 22 dock
865 1322 63 21 vinna
942 1321 70 26 någon

185 1346 57 33 slags
267 1348 138 28 öfvertygelse
428 1357 34 15 om
485 1352 35 20 det
541 1352 95 26 verkliga
658 1352 100 21 behofvet
779 1351 7 21 i
808 1350 130 25 landsorten,
957 1348 55 22 hade

185 1375 218 29 medicinalstyrelsen
417 1379 51 21 stält
483 1380 38 20 den
537 1379 86 21 fordran
639 1382 32 19 att
682 1380 25 21 de
718 1380 132 24 kommuner,
862 1384 46 16 som
919 1376 93 22 önskade

183 1402 22 21 få
228 1410 27 14 en
278 1404 72 22 läkare
373 1407 90 26 anstäld,
485 1407 67 21 skulle
574 1408 129 21 åtminstone
725 1409 24 20 sä
773 1407 83 27 mycket
875 1408 44 20 visa
934 1407 32 19 att
982 1406 30 20 ett

184 1431 92 27 verkligt
290 1432 66 22 behof
369 1434 110 27 förefanns,
495 1438 32 18 att
543 1436 25 21 de
583 1436 90 21 bestodo
689 1436 87 21 läkaren
787 1435 26 21 fri
823 1435 84 26 bostad,
918 1440 48 15 men
977 1432 36 22 det

183 1460 104 25 vägrades
310 1461 103 23 öfverallt.
442 1463 137 27 Ingenstädes
601 1470 38 15 var
661 1471 49 15 man
733 1464 69 26 färdig
824 1465 32 19 att
880 1463 49 26 ingä
943 1462 28 26 pä
986 1466 26 16 en

182 1487 68 21 sädan
273 1490 146 22 kontribution
441 1492 39 21 och
495 1493 27 25 pä
537 1494 31 19 ett
583 1499 39 20 par
637 1492 76 22 ställen
729 1492 39 22 har
783 1491 124 27 regeringen
923 1490 89 26 nödgats
