1100 1734
233 135 63 25 1,270
510 136 15 18 R.
539 141 14 14 0.
567 137 16 17 A.
595 136 47 19 1885.
667 137 18 18 19
698 137 35 23 Maj.

273 204 32 21 Hr
327 204 173 27 Molander,
523 206 38 21 H.:
585 206 40 27 Jag
648 207 68 21 mäste
739 206 89 26 beklaga
844 208 31 19 att
891 206 144 22 betänkandet

202 231 68 21 blifvit
293 233 23 21 sä
338 236 47 18 sent
407 234 96 21 utdeladt
527 237 31 19 att
581 235 223 27 finansförvaltningen
823 234 46 22 icke
884 234 82 22 kunnat
981 241 55 21 egna

202 260 114 28 tillräcklig
338 262 30 20 tid
390 263 23 21 åt
435 263 155 27 granskningen
606 263 22 21 af
643 264 117 21 detsamma
776 263 38 21 och
831 264 26 20 de
873 263 49 21 data
938 270 44 14 som
998 264 36 20 det

201 288 125 22 innehäller.
357 290 41 22 Det
420 291 54 21 hade
496 292 59 21 äfven
581 292 53 21 varit
655 292 91 27 önskligt
765 294 31 19 att
811 290 222 28 finansförvaltningen

201 316 46 22 haft
271 318 111 27 tillräcklig
405 320 30 20 tid
458 320 32 20 för
513 320 118 27 afeifvande
655 320 22 22 af
694 321 25 21 de
736 321 150 27 upplysningar
900 326 46 15 som
962 320 71 21 betän-

204 345 81 22 kandet
300 346 40 22 kan
357 348 90 26 päkalla.

270 375 62 22 Hvad
350 376 72 26 sjelfva
439 377 64 22 saken
520 377 108 27 beträffar,
645 378 40 21 har
700 379 105 20 utskottet
820 377 119 28 kalkylerat
954 377 78 22 behäll-

200 402 78 27 ningen
302 404 5 20 i
330 405 130 22 statsfonden
479 409 54 18 samt
549 407 25 20 de
590 407 33 20 för
638 407 123 20 densamma
777 407 67 20 under
859 408 106 19 närmaste
980 406 52 20 bud-

200 432 110 26 getperiod
334 434 119 26 päräknade
476 435 117 21 inkomster
617 435 40 21 och
681 435 133 21 förestäende
837 434 86 27 utgifter
944 434 90 21 sälunda

200 461 32 20 att
255 460 32 21 för
309 463 137 21 statsverkets
469 463 65 21 behof
556 464 67 21 under
647 464 77 20 nämda
750 463 73 28 period
847 464 68 25 någon
931 463 101 21 inkomst-

200 487 115 29 bevillning
337 490 44 21 icke
404 491 67 21 skulle
487 491 112 22 erfordras.
630 492 123 21 Utskottets
770 492 116 26 beräkning
901 492 61 21 torde
978 491 54 21 dock

200 516 91 23 behöfva
306 521 96 19 närmare
418 520 83 26 pröfvas
517 521 38 20 och
571 521 5 20 i
594 521 55 21 vissa
665 521 59 20 delar
739 521 127 26 korrigeras.
892 520 135 21 Beträffande

199 545 143 23 statsfondens
364 547 116 22 inkomster
503 549 23 21 sä
549 551 37 19 äro
609 549 6 21 i
631 549 168 28 finanskalkylen
815 549 162 21 tullintraderna
992 549 35 21 be-

199 573 95 22 räknade
316 575 31 21 till
372 577 125 24 12,700,000
519 579 60 20 mark
603 578 32 21 för
657 579 52 20 äret.
743 578 108 21 Utskottet
867 577 38 22 har
920 577 45 27 höjt
980 577 47 21 dem

199 603 48 20 med
270 604 91 26 300,000
384 605 35 21 mk
439 605 50 22 eller
507 606 31 21 till
553 606 74 22 inalles
646 607 25 20 13
687 606 103 27 miljoner.
821 607 32 20 En
870 606 64 21 sådan
951 605 75 27 förhöj-

198 630 50 27 ning
272 638 61 15 anser
345 633 36 26 jag
396 640 50 15 vara
462 635 63 26 något
541 635 74 26 vågad.
646 635 41 21 Det
703 635 100 21 behöfves
819 635 54 20 blott
888 635 65 26 några
969 634 57 21 miss-

198 660 74 21 växtär
288 661 50 21 eller
353 663 65 25 några
433 663 105 26 störingar
553 664 5 19 i
575 663 234 26 affärsverksamheten,
826 666 32 18 att
872 663 45 21 icke
933 663 41 20 tala
992 669 33 15 om

197 689 163 22 eventualiteten
384 690 22 21 af
427 691 210 26 krigsförhällanden,
661 693 23 20 sä
707 693 85 20 komma
815 691 161 22 tullintraderna
994 693 32 19 att

197 715 105 29 betydligt
316 719 74 26 nedgä.
416 719 25 21 Vi
456 719 62 22 hafva
534 721 120 21 erfarenhet
670 721 22 20 af
705 721 6 20 i
728 721 54 20 huru
798 720 42 27 hög
855 721 51 25 grad
922 720 103 21 tullintra-

198 744 65 22 derna
279 747 67 20 under
360 747 79 22 sädana
454 748 145 22 förhällanden
616 749 71 21 kunna
703 749 99 22 minskas.

266 774 133 23 Beträffande
422 777 118 26 utgifterna,
565 779 22 20 sä
611 780 23 19 är
654 778 40 21 den
713 779 5 20 i
736 777 166 27 finanskalkylen
918 779 108 24 upptagna

196 801 90 27 utgiften
309 803 32 21 för
363 804 238 28 kanaliseringsarbeten
626 813 51 14 norr
699 813 34 14 om
757 806 86 26 Päijäne
863 806 111 25 1,500,000
990 806 34 21 mk

195 830 107 22 utesluten
321 832 22 21 af
359 833 109 22 utskottet.
500 834 34 21 Uti
551 835 244 27 anslagspropositionen
811 834 32 21 till
858 837 84 18 senaste
957 834 67 21 landt-

196 859 39 27 dag
252 859 108 23 framhölls
376 863 73 26 nyttan
465 862 21 22 af
500 863 64 26 sagde
580 863 242 27 kanaliseringsarbeten
838 863 39 21 och
890 863 134 22 meddelades

195 887 69 22 tillika
287 891 32 19 att
333 892 97 19 närmare
448 892 111 26 utredning
574 892 5 20 i
596 892 65 21 saken
677 892 69 22 skulle
762 892 110 20 inhemtas.
903 892 74 20 Denna
992 894 32 19 ut-

195 916 90 27 redning
307 917 38 21 har
368 925 28 14 nu
418 918 67 22 blifvit
507 920 137 22 införskaffad
664 922 39 20 och
720 921 39 21 har
774 920 46 21 frän
836 920 51 26 kejs.
903 926 43 15 sen.
962 920 63 21 fram-

194 944 102 28 ställning
317 946 6 20 i
346 949 71 19 ämnet
439 948 67 26 ingått
529 948 32 21 till
584 949 59 21 Hans
659 949 118 27 Kejserliga
792 948 100 27 Majestät
907 948 39 22 och
961 948 63 22 beror

194 972 66 22 saken
277 980 27 15 nu
320 976 26 25 pä
362 976 59 21 Hans
437 976 108 27 Majestäts
562 978 76 26 nädiga
654 978 121 26 afgörande.
806 976 37 22 Uti
858 977 165 27 finanskalkylen

194 1003 23 19 är
240 1001 34 22 för
296 1004 134 25 opäräknade
445 1004 103 28 tillfälliga
563 1006 88 26 utgifter
665 1007 68 21 under
749 1007 51 20 åren
817 1006 140 21 1885—1888
972 1012 52 21 upp-

193 1032 65 24 taget,
276 1030 53 22 efter
344 1032 91 26 200,000
451 1033 34 21 mk
501 1034 32 20 för
549 1034 72 27 hvarje
636 1036 25 20 år
676 1035 92 24 800,000
784 1034 41 21 mk.
857 1034 111 22 Utskottet
986 1035 38 21 har

192 1058 28 26 pä
243 1065 47 21 pag.
316 1060 24 20 12
358 1061 85 21 nedsatt
458 1062 68 21 denna
541 1065 49 24 post
605 1063 33 21 till
656 1064 90 25 100,000
762 1063 36 21 mk
813 1063 33 21 för
860 1063 52 21 äret.
943 1063 32 21 En
991 1064 32 20 sä-

192 1086 41 22 dan
258 1088 135 28 nedsättning
409 1092 23 18 är
446 1090 46 22 icke
507 1091 124 22 motiverad.
671 1104 12 4 —
708 1104 20 3 —
751 1104 21 3 —
794 1104 17 2 —
834 1104 18 3 —
878 1104 16 2 —
918 1104 18 2 —
961 1104 17 2 —
1001 1102 21 4 —

262 1145 32 20 Hr
318 1145 192 24 landtmarskalken
535 1149 107 26 nödgades
665 1149 40 21 här
727 1149 87 27 afbryta
830 1149 87 25 talaren,
934 1149 88 21 emedan

191 1178 25 15 en
239 1173 95 22 ledamot
356 1174 22 21 af
399 1175 50 27 kejs.
473 1179 87 18 senaten
583 1177 108 22 anmäldes
714 1177 62 22 hafva
792 1177 87 22 anländt
894 1177 32 21 till
941 1177 81 22 riddar-

190 1200 65 22 huset
271 1202 33 21 för
318 1204 32 19 att
364 1205 52 24 göra
431 1204 24 21 R.
471 1211 18 14 o.
506 1205 25 20 A.
548 1207 31 19 ett
595 1206 144 21 meddelande.

260 1229 119 28 Behörigen
406 1235 118 24 emottagen
549 1234 39 21 och
617 1234 134 27 beledsagad,
774 1234 102 21 inträdde
898 1234 52 21 härä
972 1234 50 21 herr

188 1259 102 20 senatorn
314 1259 112 27 Björksten
449 1261 37 21 och
511 1262 156 21 öfverlemnade
689 1263 26 21 H.
741 1263 50 21 M:ts
810 1263 77 26 nådiga
902 1263 71 26 påbud
989 1263 33 21 till

188 1285 103 23 Finlands
302 1288 85 21 ständer
399 1295 34 15 om
443 1289 139 28 landtdagens
593 1291 120 21 afslutande
725 1292 41 20 den
778 1292 26 20 23
816 1291 141 22 innevarande
971 1291 49 27 Maj.

260 1315 69 22 Sedan
353 1317 26 21 hr
402 1320 98 19 senatorn
523 1319 86 26 afträdt,
625 1320 146 21 återlemnade
787 1320 25 20 hr
827 1319 194 22 landtmarskalken

187 1342 63 22 ordet
268 1345 23 20 åt

258 1372 26 21 hr
305 1373 166 22 Molander
493 1381 45 15 som
560 1375 109 22 fortsatte:
686 1377 43 21 Det
745 1376 101 22 behöfves
861 1377 75 21 endast
951 1377 69 26 någon

185 1401 73 20 större
282 1401 122 26 opåräknad
419 1403 68 26 utgift,
504 1404 23 20 så
543 1403 124 28 öfverstiger
683 1405 123 22 densamma
823 1405 39 21 den
878 1411 82 16 summa
975 1411 45 15 som

184 1428 116 24 tutskottet
322 1433 70 19 ansett
414 1437 49 16 vara
485 1431 120 28 tillräcklig.
635 1433 41 27 Jag
693 1434 32 21 får
742 1433 75 22 endast
832 1433 92 27 åberopa
940 1435 30 19 ett
985 1439 36 21 ny-

184 1456 57 27 ligen
266 1457 109 22 inträffadt
397 1459 36 22 fall
455 1460 6 21 i
485 1461 58 20 detta
558 1461 105 22 afseende.
693 1463 58 26 Kejs.
768 1468 44 15 sen.
828 1462 39 21 har
882 1462 93 21 beslutat
990 1462 29 21 in-

192 1486 38 19 ösa
255 1487 31 19 ett
310 1486 22 21 af
350 1487 26 21 de
391 1490 68 19 större
475 1489 199 27 donationsgodsen,
690 1491 107 26 nämligen
814 1491 77 26 Harjus
906 1490 59 27 gods,
980 1491 40 21 och

183 1513 33 20 till
240 1514 60 21 Hans
327 1515 98 27 Majestät
446 1517 68 26 ingått
537 1518 48 21 med
609 1519 131 26 underdånig
763 1519 154 26 framställning
940 1519 78 22 derom.

182 1541 72 22 Priset
278 1542 32 21 för
333 1543 59 23 detta
415 1546 52 26 gods
490 1548 23 19 är
537 1545 107 23 bestämdt
667 1547 31 21 till
715 1547 93 27 400,000
824 1547 41 26 mk,
882 1547 40 22 och
937 1547 82 22 således
