1103 1748
224 94 62 25 1,134
497 96 16 19 R.
525 101 16 15 6.
553 96 17 18 A.
583 96 46 21 1885.
653 96 18 19 12
684 96 34 24 Haj.

195 168 62 21 synes
273 163 41 28 mig
329 164 30 22 uti
374 164 38 22 allt
427 165 59 22 detta
502 165 67 22 finnas
586 172 45 15 mer
646 168 25 19 än
688 165 128 27 tillräckliga
830 165 46 21 skäl
891 165 22 22 af
926 165 96 28 praktisk

197 195 39 22 art,
260 198 45 15 som
329 193 65 22 borde
409 197 52 24 väga
477 201 45 15 mer
537 197 27 18 än
581 195 26 21 de
623 195 22 21 af
658 195 48 21 frih.
722 195 22 21 af
758 194 101 22 Schultén
874 193 87 22 anförda
975 196 48 21 rent

197 219 106 23 allmänna
324 222 38 21 och
384 223 115 21 teoretiska
522 223 204 26 betänkligheterna,
749 223 86 21 hvarför
854 222 37 27 jag
908 223 67 21 skulle
991 223 32 22 till

197 248 41 21 alla
261 249 59 22 delar
340 251 52 26 yrka
415 252 26 26 på
463 251 58 22 bifall
545 251 34 22 till
599 251 106 22 allmänna
720 251 202 22 besvärsutskottets
937 251 85 28 förslag,

197 279 32 19 att
244 277 82 23 landets
342 279 54 27 högl.
412 280 85 21 ständer
513 280 48 21 ville
578 281 39 20 hos
633 281 26 20 H.
675 280 39 22 M:t
731 281 5 20 i
753 279 166 27 underdånighet
931 280 91 26 anhålla,

197 307 31 19 att
252 306 36 21 det
309 307 123 28 fyrklassiga
453 308 68 28 lyceet
543 309 7 20 i
573 308 95 22 Joensuu
688 310 66 20 måtte
772 309 97 26 utvidgas
884 308 32 21 till
931 312 30 17 ett
977 308 46 21 full-

198 335 94 25 ständigt
307 335 103 22 läroverk.

266 363 32 22 Hr
320 370 40 16 von
382 365 145 26 Kramer,
551 365 34 22 C.:
609 365 40 27 Jag
671 366 45 21 kan
731 366 46 21 icke
794 368 65 19 annat
874 368 26 19 än
915 367 51 25 göra
982 365 41 28 mig

196 390 33 22 till
252 393 102 21 målsman
376 393 32 22 för
430 394 67 21 denna
520 395 65 23 trakt,
610 395 112 20 erinrande
741 401 33 14 om
794 397 32 18 att
841 394 6 21 i
864 394 46 21 hela
925 394 39 22 den
981 394 42 21 vid-

198 421 94 21 sträckta
314 422 111 26 provinsen
447 423 92 21 Karelen
561 423 47 21 icke
632 422 67 22 finnes
722 425 32 19 ett
774 423 131 26 fullständigt
920 422 102 26 läroverk,

199 447 40 22 och
254 449 32 21 fär
298 450 37 27 jag
349 451 32 20 för
396 451 61 27 öfrigt
472 451 95 27 äberopa
582 451 55 21 hvad
660 455 84 18 senaste
766 451 64 22 ärade
846 451 80 22 talaren
942 450 81 27 nämde,

197 476 83 23 hvaruti
300 479 37 26 jag
359 479 126 28 fullkomligt
507 480 85 21 förenar
611 480 42 27 mig
667 480 7 21 i
690 480 42 21 alla
748 480 118 21 afseenden.
897 480 32 21 Då
945 480 35 21 det
995 485 28 16 nu

197 505 113 28 föreligger
331 508 111 26 petitioner
457 508 46 21 frän
518 512 33 17 tre
567 509 69 25 ständ,
653 508 39 22 och
708 509 34 21 vid
758 508 42 21 alla
815 508 125 27 föregäende
956 508 67 21 landt-

198 533 71 27 dagar,
286 535 51 22 eller
351 537 126 21 åtminstone
493 537 33 21 vid
541 537 57 26 flere,
616 537 35 21 det
667 537 65 21 redan
749 537 54 21 varit
818 537 59 27 fråga
892 543 33 15 om
944 543 80 15 samma

197 562 66 27 skola,
287 564 38 21 och
346 565 38 21 den
400 569 13 17 t.
431 572 18 15 o.
466 572 26 15 m.
509 566 54 21 varit
579 568 52 19 nära
647 568 32 19 att
694 565 145 27 förverkligas,
855 567 23 20 sä
893 565 35 21 vill
941 566 36 26 jag
992 565 32 21 för

198 591 43 21 min
264 592 34 21 del
320 594 23 20 sä
366 594 81 27 mycket
465 600 58 15 mera
538 595 87 20 förorda
640 595 120 26 antagande
776 595 22 20 af
811 594 106 21 allmänna
931 594 94 21 besvärs-

198 620 115 23 utskottets
328 621 139 23 betänkande.

267 649 55 22 Frih.
346 650 22 21 af
389 651 162 26 Schult&n,
576 651 28 22 M
624 651 44 22 W.:
690 651 40 22 Till
746 651 155 27 förebyggande
918 651 21 21 af
952 651 72 27 hvarje

197 676 147 24 missförständ
367 679 34 21 vill
417 680 36 27 jag
473 682 54 19 ännu
544 680 90 27 päpeka,
650 682 32 19 att
694 680 38 27 jag
746 680 114 27 ingalunda
876 679 102 22 bestrider
993 683 31 18 att

197 704 95 23 Joensuu
314 707 60 22 skola
396 711 24 18 är
442 709 115 26 välbesökt,
582 708 39 22 och
645 711 31 18 att
696 709 123 20 densamma
834 708 61 27 fyller
910 711 30 18 ett
955 707 68 22 behof.

196 733 42 28 Jag
253 735 109 27 päpekade
378 736 54 22 blott
447 739 31 19 att
493 743 76 20 genom
585 737 26 21 de
627 737 106 26 ätgärder,
749 743 46 15 som
812 739 36 19 äro
865 737 104 26 vidtagna,
987 735 38 22 fin-

198 767 36 16 nes
257 770 29 15 nu
308 771 25 14 en
356 765 39 21 lätt
411 765 106 28 möjlighet
533 769 32 18 att
581 766 142 26 komplettera
739 766 69 21 denna
823 765 60 22 skola
898 772 74 19 genom
989 765 36 21 det

197 791 83 26 privata
302 793 111 22 initiativet
436 794 38 21 och
489 795 37 26 jag
541 794 112 27 påpekade
668 796 37 24 att,
723 794 66 26 enligt
806 794 41 21 min
863 794 88 26 mening,
966 797 59 18 stun-

197 818 41 23 den
253 823 56 19 ännu
324 822 45 21 icke
385 825 23 18 är
423 823 47 20 inne
485 823 32 21 för
532 823 117 21 ständerna
664 825 31 19 att
710 829 77 20 genom
804 825 31 19 ett
845 825 46 24 nytt
901 822 122 27 ingripande

197 847 7 21 i
226 848 63 28 detalj
313 849 7 22 i
344 850 212 28 dislokationsplanen
579 851 95 27 äterigen
700 853 52 25 göra
774 851 32 21 sin
822 853 45 19 röst
880 851 53 21 hörd
947 851 7 20 i
970 851 56 20 skol-

197 875 81 28 frågan,
294 878 63 22 sedan
374 879 119 22 densamma
509 881 23 20 sä
547 886 50 21 nyss
613 880 71 26 bragts
700 880 33 20 till
748 886 33 19 en,
799 881 33 20 mä
848 886 49 14 vara
912 882 113 24 temporär,

198 911 48 15 men
262 906 53 22 dock
336 907 192 23 tillfredsställande
543 909 121 25 afslutning.
696 908 114 22 Gentemot
826 908 40 21 den
881 908 21 21 af
916 908 46 21 frih.
979 907 47 22 Pal-

197 934 48 21 mén
269 936 108 26 påpekade
400 937 188 25 omständigheten,
613 939 32 19 att
668 936 35 22 det
718 937 47 21 icke
781 943 50 15 vore
846 936 41 22 lätt
901 939 32 19 att
947 936 79 22 inrätta

198 962 26 21 de
246 963 66 27 högre
334 964 107 22 klasserna
463 966 6 20 i
493 968 30 19 ett
541 966 99 21 läroverk
655 966 27 26 på
697 966 70 26 privat
783 968 45 24 väg,
844 965 36 21 vill
892 965 36 27 jag
943 967 82 23 nämna,

197 993 32 19 att
245 992 41 21 den
301 992 51 28 kejs.
367 993 122 27 förordning
503 1000 46 16 som
565 996 36 19 rör
617 994 69 21 denna
701 994 39 21 sak
755 994 40 21 har
808 993 99 22 förutsett
918 994 58 20 detta
987 993 39 21 och

199 1018 71 23 derför
292 1021 89 27 anslagit
405 1022 63 27 högre
487 1022 117 22 understöd
619 1022 33 21 för
668 1022 25 21 de
709 1022 66 27 högre
791 1022 115 24 klasserna,
922 1021 105 27 nämligen

198 1048 55 21 ända
275 1049 33 21 till
326 1051 62 24 4,000
404 1051 65 26 mark,
486 1051 33 21 för
534 1051 26 21 de
576 1051 59 26 lägre
651 1051 97 21 deremot
764 1051 56 21 ända
835 1050 32 22 till
882 1050 63 26 2,500
961 1050 64 21 mark.

197 1076 37 21 Då
250 1077 46 27 just
318 1078 142 22 kostnaderna
474 1079 33 21 för
522 1080 26 20 de
563 1080 68 26 högre
646 1079 110 21 klasserna
771 1080 62 20 torde
849 1079 74 27 belöpa
939 1078 37 27 sig,
993 1084 34 15 en-

197 1103 39 28 ligt
260 1106 26 21 de
307 1107 106 27 uppgifter
436 1114 44 15 som
501 1108 36 27 jag
558 1108 86 21 erhållit
659 1107 23 22 af
694 1108 105 25 skolmän,
816 1107 32 21 till
863 1106 87 28 ungefär
964 1107 64 25 5,500

197 1134 61 21 mark
281 1134 7 21 i
312 1134 211 28 landsortsstäderna,
547 1137 23 21 så
586 1136 63 26 inses,
664 1138 32 19 att
712 1136 40 22 den
769 1136 118 27 pekuniära
904 1135 124 21 differensen

197 1160 47 24 icke
267 1164 24 20 är
312 1164 24 21 så
358 1166 44 19 stor
425 1167 31 19 att
471 1165 45 21 icke
535 1165 123 21 densamma
673 1164 71 22 kunde
759 1164 62 28 fyllas
837 1164 22 22 af
872 1164 156 26 elevafgifterna

196 1190 54 22 eller
273 1198 76 20 genom
372 1193 80 21 mindre
470 1193 80 27 bidrag,
567 1200 50 14 vare
633 1194 31 26 sig
680 1194 22 20 af
715 1194 130 20 kommunen
861 1192 51 22 eller
927 1192 99 21 enskilde.

197 1218 31 22 På
252 1226 81 15 samma
355 1222 55 26 gång
429 1222 36 27 jag
486 1222 83 21 således
593 1221 32 22 till
648 1221 50 22 fullo
722 1222 64 23 inser,
803 1224 33 19 att
851 1222 68 21 denna
933 1220 95 22 landsdel

198 1248 70 21 såsom
292 1249 41 21 alla
356 1249 66 27 öfriga
440 1250 99 21 behöfver
554 1251 32 21 sin
603 1250 66 25 skola,
686 1251 23 20 så
724 1256 63 21 synes
802 1251 43 26 mig
860 1252 33 19 att
908 1249 58 22 detta
982 1249 47 22 dess

198 1275 66 23 behof
278 1277 48 22 med
340 1277 78 22 lätthet
432 1279 41 21 kan
488 1279 135 27 fullständigt
637 1279 61 27 fyllas
714 1280 28 25 på
757 1279 99 26 angifven
871 1281 45 24 väg.

266 1306 33 21 Hr
320 1306 277 28 Standertskjöld,
621 1307 22 22 C.
660 1307 35 22 G.:
714 1308 34 21 Då
761 1307 38 26 jag
814 1307 32 21 till
862 1306 42 22 alla
919 1306 58 21 delar
992 1306 37 27 hy-

198 1338 34 16 ser
254 1340 81 16 samma
350 1335 84 26 äsigter,
450 1342 45 15 som
511 1337 25 20 de
552 1336 23 21 af
588 1335 49 22 frih.
653 1335 22 22 af
688 1335 103 22 Schulten
806 1335 40 22 här
860 1335 129 26 framstälda,
1005 1335 24 20 sä

198 1361 36 21 vill
254 1363 37 26 jag
314 1362 32 22 för
369 1364 43 21 min
435 1364 33 21 del
491 1364 130 22 understöda
642 1365 159 20 reservationen
816 1370 35 15 n:o
868 1365 19 25 2,
903 1369 45 16 som
962 1362 67 21 finnes

197 1390 118 22 utskottets
338 1391 133 23 betänkande
493 1392 73 27 bilagd
581 1393 40 21 och
638 1392 48 22 ville
702 1392 102 22 särskildt
819 1392 49 21 med
883 1391 112 26 anledning
1009 1390 23 22 af

198 1417 57 22 hvad
274 1418 47 23 frih.
338 1420 86 21 Palmén
440 1421 75 22 nämde
531 1428 34 15 om
581 1421 42 21 den
639 1420 157 27 offervillighet,
812 1427 46 15 som
873 1420 94 22 Joensuu
982 1419 49 22 stad

197 1446 41 21 och
262 1447 96 22 enskilda
380 1449 109 22 derstädes
511 1449 62 22 hafva
597 1455 77 21 genom
696 1450 38 21 sitt
756 1449 82 22 ombud
853 1449 34 21 vid
902 1447 130 28 landtdagen

197 1474 105 23 förklarat
316 1476 32 27 sig
363 1477 71 27 villiga
449 1478 38 26 till,
503 1477 113 22 framhålla
631 1480 32 19 att
678 1477 68 22 denna
758 1477 149 26 offervillighet
914 1477 45 26 just
968 1478 63 25 utgör

197 1503 39 22 det
260 1503 61 23 bästa
344 1505 153 23 vittnesbördet
519 1513 35 15 om
569 1508 33 20 att
619 1513 26 15 en
660 1506 66 27 högre
740 1506 63 22 skola
818 1505 109 22 derstädes
942 1505 48 21 med
1005 1505 26 21 de
