1100 1689
226 119 42 20 976
504 119 15 18 R.
532 124 15 14 0.
560 119 16 18 A.
589 119 46 19 1885.
659 119 10 19 2
682 119 35 24 Maj.

199 185 41 22 och
255 185 44 23 dels
314 187 88 22 emedan
417 187 6 21 i
437 187 73 21 städer
524 187 68 22 finnes
607 187 71 22 bättre
693 193 107 16 ressurser
815 188 33 21 att
861 187 66 22 vårda
942 188 85 21 svårare

200 214 62 27 sjuka
284 214 39 22 och
346 217 51 24 göra
418 215 140 28 operationer.
590 215 51 22 Men
663 215 88 22 läkaren
773 215 7 22 i
803 221 26 16 en
844 215 93 22 småstad
952 217 24 20 är
991 218 35 19 nä-

200 243 48 20 stan
270 243 131 22 urståndsatt
423 245 31 20 att
476 243 70 22 utföra
565 244 141 27 operationer,
730 250 34 15 om
788 244 86 21 dermed
890 243 63 22 också
967 243 59 22 lifvet

200 270 72 22 kunde
294 271 82 27 räddas,
397 278 34 15 om
446 272 41 22 han
502 272 47 21 icke
563 272 41 21 har
619 272 110 27 möjlighet
744 274 33 19 att
791 271 21 22 få
828 272 40 21 den
884 272 60 27 sjuka
959 273 68 21 under

200 298 88 28 lämplig
309 299 51 22 vård
382 301 67 20 under
468 300 39 21 och
529 302 58 20 strax
610 300 54 21 efter
679 301 145 26 operationen.
855 300 103 22 MNutidens
974 301 53 20 anti-

200 327 95 26 septiska
316 329 95 21 metoder
433 329 72 20 kunna
526 329 47 21 icke
595 329 108 27 tillämpas
719 329 139 21 annorstädes
874 330 27 20 än
916 329 7 20 i
938 329 87 26 sjukhus

200 355 53 22 eller
274 356 121 27 sjukstugor
415 357 99 21 försedda
536 357 49 22 med
609 363 26 15 en
650 357 81 27 kunnig
746 357 167 26 sjuksköterska.
944 357 82 21 Saknas

200 383 66 27 detta,
275 384 91 21 riskerar
381 385 88 22 läkaren
483 385 84 27 mycket
583 385 44 22 ofta
643 387 32 20 att
689 385 22 22 få
727 385 26 22 de
768 385 48 22 bäst
827 385 84 22 utförda
922 385 104 26 operatio-

199 417 39 15 ner
260 412 137 28 misslyckade
420 413 39 22 och
481 413 112 21 resultatet
616 413 23 21 af
657 414 70 21 denna
750 413 100 27 sjukvård
868 413 42 21 blir
924 414 28 25 på
967 413 59 21 detta

200 441 44 20 sätt
266 440 44 22 ofta
327 440 92 23 förfelad.
451 442 42 21 Det
507 444 24 18 är
545 441 50 21 fullt
610 444 24 18 ut
649 441 43 21 lika
708 441 81 27 vigtigt,
806 448 34 14 om
855 441 46 21 icke
916 440 108 28 vigtigare,

199 469 33 20 att
248 468 71 27 hvarje
334 470 53 26 stad,
403 470 61 21 äfven
479 470 118 21 småstäder
612 470 68 21 skulle
695 476 52 15 vara
762 469 99 22 försedda
873 470 47 21 med
931 469 93 27 sjukhus,

200 497 27 20 än
242 496 124 22 kommuner
381 499 27 25 på
422 498 79 26 landet,
517 504 45 15 som
570 498 81 22 kanske
662 498 47 21 icke
721 498 60 21 alltid
792 498 72 21 kunna
874 498 62 21 hafva
945 497 79 27 läkare,

200 524 60 22 äfven
280 531 34 15 om
330 526 26 21 de
371 526 104 22 inrättade
490 526 93 27 sjukhus.
614 526 70 22 Alltså
699 526 32 22 får
744 526 38 26 jag
796 527 28 26 på
840 526 35 21 det
890 528 135 24 enträgnaste

199 552 28 22 be
249 555 32 19 att
304 554 67 22 denna
390 554 56 22 kläm
462 554 67 22 blefve
543 555 24 21 så
583 554 121 27 förändrad,
721 557 32 19 att
768 554 100 27 förslaget
883 554 60 22 äfven
958 554 67 22 skulle

199 580 57 28 gälla
278 582 164 22 stadskommun.
477 582 69 22 Sedan
568 585 28 23 är
615 583 36 21 det
673 582 61 28 fråga
757 589 33 15 om
813 582 78 27 nödiga
912 582 113 22 anstalters

198 608 128 28 vidtagande
347 610 32 22 för
401 611 139 27 omreglering
562 611 22 21 af
597 611 313 27 provincialläkaredistrikten;
928 610 58 22 detta
1002 612 23 20 är

199 643 77 16 annars
292 638 63 22 också
369 640 66 21 under
450 639 88 27 görning
554 640 39 21 och
609 640 39 20 har
663 640 58 21 skett
736 639 136 22 fortfarande.
903 639 65 21 Detta
982 639 42 21 kan

199 672 66 20 gerna
287 668 33 20 stå
338 669 51 20 utan
404 670 32 19 att
451 668 36 21 det
501 668 59 21 leder
575 668 32 20 till
624 668 71 21 vidare
710 668 97 21 resultat.
838 667 62 22 Hvad
915 667 109 21 slutkläm-

198 700 49 15 men
266 694 135 29 vidkommer,
422 698 38 24 att,
476 696 37 21 der
527 696 76 21 sådant
619 696 55 21 låter
689 696 32 26 sig
736 698 58 24 göra,
810 695 215 27 provincialläkarens

198 722 126 22 stationsort
346 724 90 22 förlades
460 724 31 21 till
513 726 40 24 ort,
576 730 46 15 som
637 724 34 21 för
686 724 99 26 samtliga
801 724 223 21 distriktsinnevånare

198 752 24 19 är
244 750 74 22 lättast
341 752 122 27 tillgänglig,
480 753 23 21 så
517 752 39 22 har
572 752 59 22 detta
647 752 84 27 mycket
746 752 56 22 varit
816 752 59 26 fråga
891 758 33 14 om
937 752 45 26 just
998 752 26 26 på

197 784 75 16 senare
288 779 60 22 tider.
379 781 48 21 Men
443 781 36 21 det
493 783 23 19 är
531 780 96 27 omöjligt
643 782 32 20 att
690 780 50 27 följa
757 780 39 22 den
812 780 108 27 principen
935 782 32 19 att
980 780 44 26 pla-

198 812 48 16 cera
260 807 98 22 läkarens
373 809 75 21 bostad
464 809 51 21 midt
530 809 7 21 i
553 809 114 24 distriktet,
683 811 22 25 ty
721 809 27 21 då
763 809 69 21 skulle
848 809 68 21 denna
926 809 98 25 mången-

196 835 74 21 städes
291 836 86 22 komma
397 837 52 21 midt
471 837 7 21 i
496 837 135 26 ödemarken,
655 837 30 21 dit
707 837 51 27 inga
773 839 65 25 vägar
852 836 54 22 leda.
937 836 87 21 Provin-

197 862 128 23 cialläkarne
346 864 61 22 hafva
429 865 74 21 hittills
526 865 43 21 ofta
591 866 41 20 fått
655 866 32 20 sin
706 865 126 21 stationsort
847 864 98 28 placerad
960 865 6 20 i
982 867 42 19 stä-

197 890 72 28 derna,
293 892 89 29 oaktadt
403 894 98 20 städerna
517 894 54 21 varit
586 894 28 26 på
630 894 103 21 utkanten
749 893 23 21 af
786 894 61 20 deras
863 891 90 26 distrikt,
969 899 54 15 eme-

196 918 42 22 dan
254 922 14 19 t.
285 926 31 16 ex.
332 921 8 20 i
355 921 143 26 Österbotten,
514 922 90 21 likasom
619 922 28 26 på
659 923 77 25 många
746 922 68 21 andra
822 921 76 21 ställen
909 921 6 20 i
926 920 96 27 Finland,

195 947 50 21 sker
268 948 208 23 kommunikationen
498 949 124 27 beqvämast
645 949 60 27 längs
729 949 49 22 med
794 949 92 22 elfvarne
902 949 22 21 åt
939 949 84 21 kusten.

194 975 146 23 Innevånarne
356 977 61 22 hafva
432 978 45 21 sina
491 977 76 22 affärer
582 979 28 26 på
625 978 100 21 städerna
741 977 40 22 och
794 977 58 22 finna
862 977 70 21 derför
942 977 81 26 lämpli-

194 1006 48 23 gast
265 1006 32 20 att
312 1005 38 21 der
365 1006 96 27 uppsöka
476 1006 91 21 läkaren.
599 1007 121 25 Dessutom;
737 1012 35 15 om
788 1005 86 22 läkaren
890 1005 67 21 skulle
972 1011 52 15 vara

193 1031 101 27 placerad
317 1039 71 16 ensam
411 1035 6 20 i
440 1034 78 21 midten
539 1034 22 21 af
578 1035 114 25 distriktet,
708 1034 72 21 kunde
796 1034 36 21 det
847 1033 44 22 ofta
906 1033 70 21 hända
991 1035 33 19 att

194 1065 27 15 en
243 1061 88 26 patient,
354 1068 45 15 som
421 1063 63 21 söker
497 1062 94 26 läkaren,
607 1063 47 21 icke
670 1062 68 21 finner
752 1062 80 21 honom
846 1061 90 26 hemma,
952 1067 48 15 men
1016 1061 6 20 i

193 1088 101 22 städerna
316 1089 75 28 finnas,
407 1097 34 15 om
464 1091 204 26 provincialläkaren
691 1090 47 22 icke
754 1090 73 21 träffas
843 1090 89 25 hemma,
948 1089 74 22 åtmin-

192 1117 63 21 stone
278 1117 152 28 stadsläkaren,
453 1119 24 21 så
499 1120 32 20 att
553 1119 104 21 landsbon
680 1119 47 20 icke
747 1117 105 28 förgäfves
866 1120 39 25 gör
920 1117 32 22 sin
967 1123 53 15 resa.

192 1143 42 27 Jag
256 1145 69 22 skulle
348 1147 65 21 önska
436 1149 32 19 att
490 1147 68 21 denna
580 1147 102 21 slutkläm
705 1146 69 21 skulle
798 1147 51 26 utgå
872 1146 88 21 emedan
979 1145 43 26 det,

192 1171 91 23 likasom
305 1173 82 27 hittills,
405 1176 67 21 måste
487 1175 50 22 bero
553 1176 28 26 på
597 1174 214 23 öfverenskommelse
827 1174 48 21 med
890 1175 132 27 guvernören

192 1205 46 16 som
254 1201 81 22 känner
350 1202 165 28 förhållandena,
531 1205 32 20 att
577 1203 120 22 bestämma
712 1203 98 21 läkarens
826 1202 130 21 stationsort.

262 1229 33 22 Hr
317 1230 92 27 Spåre:
433 1231 60 22 Efter
515 1231 35 22 det
565 1231 87 22 sakrika
667 1231 138 26 andragande
821 1236 45 15 som
883 1231 39 20 den
938 1231 84 20 senaste

192 1257 65 21 ärade
280 1257 82 23 talaren
378 1259 80 27 afgifvit
473 1259 38 22 har
523 1260 37 26 jag
577 1260 75 21 endast
667 1261 32 20 att
715 1259 26 21 be
757 1261 32 19 att
804 1259 21 20 få
840 1259 130 20 understöda
985 1258 37 21 ho-

190 1291 50 15 nom
264 1285 32 22 till
318 1287 42 21 alla
383 1287 63 22 delar.
477 1287 90 28 Specielt
588 1287 57 22 hvad
657 1288 45 27 just
717 1287 133 21 inrättandet
865 1286 22 21 af
900 1286 122 27 sjukstugor

191 1314 73 26 angår,
273 1315 24 20 så
311 1314 69 22 finner
393 1316 36 26 jag
444 1316 28 21 all
487 1315 112 27 anledning
615 1322 50 15 vara
680 1317 33 20 att
729 1316 36 20 det
781 1315 45 21 icke
842 1315 76 21 endast
928 1316 93 19 omnäm-

190 1347 38 15 nes
250 1342 221 28 landskommunerna,
494 1346 50 19 utan
567 1344 62 21 äfven
651 1344 220 21 stadskommunerna.
906 1342 61 21 Hvad
989 1341 33 22 för

190 1369 64 27 öfrigt
277 1371 67 26 angår
362 1372 61 21 dessa
438 1372 129 25 kommuner,
583 1373 24 20 så
623 1374 36 19 vet
671 1372 37 27 jag
723 1372 47 21 icke
786 1377 33 15 om
836 1371 36 21 det
887 1371 73 26 riktigt
976 1370 45 27 tyd-

189 1397 40 27 ligt
244 1397 94 28 framgår
352 1399 91 22 härutaf.
469 1401 41 20 Det
525 1400 71 21 kunde
612 1400 98 27 möjligen
726 1399 78 25 hända,
820 1401 32 20 att
866 1399 51 21 flere
927 1399 95 20 kommu-

188 1431 40 15 ner
250 1426 70 22 skulle
342 1427 57 22 finna
421 1429 46 21 skäl
489 1430 32 19 att
543 1428 74 21 förena
632 1429 37 25 sig,
686 1430 32 18 att
733 1427 47 21 icke
796 1434 25 14 en
837 1428 100 20 kommun
953 1426 68 21 skulle

188 1453 63 23 hafva
267 1454 39 22 råd
322 1457 31 19 att
363 1455 70 23 allena
443 1456 89 22 bekosta
543 1462 26 15 en
580 1456 66 21 sådan
657 1456 111 26 sjukstuga
780 1456 38 20 och
831 1456 26 20 då
868 1454 98 26 möjligen
977 1454 44 26 pla-

188 1488 49 15 cera
253 1482 40 22 den
309 1483 43 26 der,
364 1484 87 22 hvarest
461 1484 85 22 läkaren
558 1484 39 21 har
608 1484 32 21 sin
651 1484 82 21 bostad.
760 1484 41 25 Jag
811 1483 68 21 skulle
891 1483 69 21 derför
972 1482 49 26 vilja

186 1510 64 21 hafva
266 1511 104 27 tydligare
385 1512 120 27 redigering
520 1512 32 21 för
568 1514 33 19 att
615 1512 22 21 få
653 1512 40 21 den
709 1512 123 26 förändring
842 1510 70 22 införd
923 1516 44 16 som
980 1510 40 22 den
