1103 1745
248 135 63 43 1,396
518 146 16 18 R.
546 150 15 15 0.
574 146 17 19 A.
603 143 47 22 1885.
675 146 21 18 22
709 145 35 24 Haj.

218 213 64 22 också
303 214 49 21 från
367 220 26 16 en
408 221 69 15 annan
493 215 108 27 synpunkt
616 215 88 22 alldeles
719 214 137 27 nödvändigt.
886 214 75 21 Denna
976 213 67 27 fråga,

217 248 45 15 som
288 242 69 22 blifvit
384 243 62 21 väckt
472 244 23 21 af
520 244 180 27 borgareståndet
723 243 27 27 på
776 243 140 27 landtdagens
942 243 103 21 nästsista

217 271 48 27 dag,
281 271 96 22 kommer
391 272 46 21 icke
452 274 33 20 att
499 273 100 26 slutligen
615 272 85 27 afgöras
716 272 24 21 af
752 272 25 21 R.
794 278 20 15 o.
830 272 24 21 A.
870 272 21 20 in
906 271 69 27 pleno,
991 273 53 19 utan

217 299 149 23 öfverlåtelsen
388 300 66 22 måste
477 297 144 25 kontraheras
642 301 23 21 af
684 301 41 21 den
747 300 228 26 riddarhusdirektion,
997 306 46 15 som

216 328 25 21 R.
265 334 19 15 o.
301 329 25 21 A.
341 335 50 21 nyss
405 329 84 26 tillsatt,
505 330 39 21 och
560 336 50 15 man
626 330 42 21 kan
683 330 35 20 väl
733 329 47 22 icke
794 329 81 27 begära
889 328 22 22 af
925 328 68 22 denna
1011 328 33 22 di-

216 356 95 22 rektions
334 358 137 21 medlemmar
491 360 33 20 att
543 358 26 22 de
592 358 50 22 ville
661 358 64 27 ätaga
744 358 31 26 sig
791 358 37 21 det
843 363 86 15 enorma
944 359 100 19 ansvaret

217 387 32 19 att
271 389 52 18 utan
345 386 43 22 alla
410 387 154 21 instruktioner
585 386 50 28 ingä
658 387 27 27 pä
700 393 27 15 en
742 386 67 22 sädan
824 386 219 26 öfverenskommelse,

217 420 44 15 som
285 414 68 22 skulle
376 415 95 21 medföra
490 416 26 20 de
539 418 56 19 mest
611 415 164 27 betydelsefulla
790 415 78 26 följder
882 414 34 22 för
931 414 112 22 riddarhu-

217 444 38 19 set.
285 443 86 22 Tvänne
394 444 138 21 medlemmar
546 444 24 21 af
584 443 251 22 riddarhusdirektionen
850 443 63 21 hafva
929 442 64 22 också
1009 449 34 14 re-

217 471 42 21 dan
273 473 68 25 yttrat
356 473 31 20 sin
403 473 81 20 önskan
499 479 34 15 om
549 473 112 22 bestämda
675 472 211 27 förhällningsregler
901 471 38 22 och
949 471 26 21 R.
987 477 18 15 o.
1016 471 26 21 A.

216 499 42 21 kan
281 500 46 21 icke
349 507 66 20 gerna
437 501 111 22 underlåta
570 503 34 20 att
626 501 130 27 tillmötesgå
772 501 69 21 denna
856 501 99 26 begäran.
985 499 57 22 Från

217 528 70 21 denna
315 529 106 27 synpunkt
447 530 35 21 vill
508 530 37 27 jag
571 529 62 22 äfven
655 529 133 22 understöda
810 529 36 22 det
869 529 173 26 tilläggsförslag,

217 563 45 15 som
277 557 86 27 gjordes
379 558 22 21 af
414 558 25 21 hr
454 559 78 21 Antell.
808 565 4 2 ;

285 586 49 21 Men
357 593 34 14 om
408 587 36 26 jag
468 587 82 22 säledes
573 593 63 16 anser
651 587 63 22 dessa
729 587 70 21 vilkor
815 586 39 21 och
870 585 105 22 förbehäll
990 592 52 15 vara

215 614 170 27 oundgängligen
403 616 139 27 nödvändiga,
559 615 24 22 sä
598 616 36 21 vill
648 616 37 27 jag
700 615 13 22 &
728 616 68 21 andra
811 615 60 21 sidan
882 615 43 20 lika
935 615 108 20 bestämdt

216 643 39 20 och
279 643 61 27 lifligt
358 643 81 27 päyrka
454 646 31 19 ett
499 645 61 20 bifall
575 645 34 21 till
624 644 158 27 inbjudningen.
812 644 42 26 Jag
869 643 66 21 fattar
949 643 44 21 lika
1007 643 35 21 väl

215 677 45 15 som
283 672 70 27 nägon
376 679 69 14 annan
468 675 32 19 att
515 673 24 22 R.
556 679 19 15 o.
591 673 25 22 A.
632 673 90 22 härmed
737 672 69 22 skulle
821 674 52 25 göra
889 678 25 15 en
929 674 45 19 stor
989 679 52 20 upp-

215 699 81 28 offring,
313 707 47 14 men
376 701 35 21 det
426 701 49 26 mål,
491 701 34 22 för
540 702 82 21 hvilket
637 702 70 21 denna
722 701 122 27 uppoffring
859 702 68 25 göres,
943 703 24 18 är
977 701 65 21 också

214 730 31 19 ett
268 731 56 19 stort
346 730 39 21 och
407 730 34 21 för
462 730 48 21 hela
532 731 86 21 landets
640 730 94 26 framtid,
755 731 56 20 samt
826 729 101 22 särskildt
942 729 33 22 för
990 729 52 22 vära

213 757 141 27 landtdagars
369 758 86 22 framtid
471 759 63 27 högst
550 758 161 28 betydelsefullt
726 758 50 22 mål.
806 758 25 21 R.
848 764 18 14 0.
882 758 25 20 A.
923 757 38 21 har
977 758 65 21 också

213 786 35 20 vid
271 786 81 26 otaliga
375 786 126 28 föregående
523 787 99 22 tillfällen
644 788 55 20 visat
722 788 32 26 sig
776 786 135 27 beredvilligt
933 788 32 19 att
987 788 53 25 göra

213 814 146 27 uppoffringar
373 815 33 21 för
421 816 36 21 det
472 816 114 21 allmänna.
614 816 41 21 Till
671 816 69 21 denna
756 815 106 27 egenskap
878 814 38 21 hos
931 815 24 21 R.
972 821 19 15 o.
1006 816 33 26 A,

213 843 32 21 till
269 843 70 21 denna
361 844 75 21 känsla
458 844 63 22 utber
540 845 38 27 jag
596 845 43 26 mig
654 847 32 19 att
701 844 62 22 äfven
779 844 71 21 denna
864 843 55 27 gäng
933 843 22 21 fä
969 844 69 26 vädja.

212 872 57 20 Frih.
292 872 88 21 Palmen
404 873 39 20 har
464 875 68 24 yttrat
554 875 33 20 att
609 879 76 21 genom
708 873 81 21 sådana
811 872 105 20 förbehåll
939 878 45 15 som
1006 873 33 25 de,

211 899 90 22 hvarom
324 907 49 21 nyss
395 901 55 21 varit
472 901 66 28 fräga,
559 908 50 15 man
625 901 68 22 skulle
709 901 67 26 skapa
791 900 167 27 förvecklingar;
973 901 66 21 saken

211 928 104 21 förhäller
337 929 32 27 sig
391 930 116 21 emellertid
530 931 50 20 rakt
605 932 102 19 trärtom:
728 931 46 26 just
793 935 75 21 genom
884 930 33 20 att
931 929 108 22 bestämdt

212 957 104 26 stipulera
331 959 96 20 vilkoren
441 959 103 21 undviker
559 965 49 15 man
623 959 164 26 förvecklingar.

281 986 41 27 Jag
344 987 42 20 kan
409 987 46 22 icke
479 988 56 21 siuta
564 989 53 20 utan
632 989 33 19 att
680 987 21 21 få
716 986 138 22 tillbakavisa
869 991 25 16 en
909 986 130 21 insinuation

211 1014 23 21 af
255 1015 50 22 frih,
327 1015 87 22 Palmén
437 1018 56 19 emot
518 1017 42 20 den
582 1017 66 20 ärade
669 1017 93 20 medlem
784 1015 23 21 af
828 1015 60 20 detta
907 1015 68 25 stånd,
992 1021 45 15 som

187 1065 2 2 .
210 1043 65 21 väckt
298 1043 59 22 detta
379 1045 85 26 förslag.
494 1044 42 22 Det
557 1051 39 14 var
617 1045 47 20 icke
686 1045 49 21 frih.
760 1050 42 15 von
824 1043 63 27 Born,
911 1050 45 15 som
976 1043 63 27 bragt

210 1071 104 27 förslaget
337 1079 34 14 om
393 1073 145 21 riddarhusets
558 1073 111 21 afstäende
684 1073 28 27 pä
728 1073 62 24 bane;
807 1071 59 22 detta
881 1072 80 27 förslag
975 1072 63 21 väck-

211 1101 32 20 tes
266 1101 7 20 i
297 1101 182 27 borgareständet,
496 1102 39 21 och
551 1101 27 22 dä
593 1102 49 21 frih.
657 1108 41 15 von
714 1102 59 21 Born
788 1101 40 20 har
842 1099 56 27 gjort
913 1101 32 26 sig
960 1101 77 20 mödan

210 1130 33 19 att
265 1129 58 26 gifva
345 1130 68 21 denna
435 1130 59 27 fråga
510 1131 40 20 den
566 1131 122 26 beredning,
705 1137 46 14 som
767 1131 130 24 densamma,
913 1129 27 22 dä
956 1129 82 22 riddar-

210 1157 148 22 husutskottet
379 1159 47 20 icke
448 1165 28 15 nu
491 1165 59 15 mera
573 1159 82 21 kunnat
678 1165 54 21 egna
756 1159 41 21 den
813 1157 104 28 tillbörlig
933 1158 104 27 pröfning,

211 1192 79 15 annars
313 1187 54 20 hade
390 1188 90 25 nödgats
502 1188 102 26 undvara,
624 1187 23 22 sä
663 1188 39 21 bör
717 1188 34 20 väl
768 1189 84 20 ständet
867 1193 52 15 vara
933 1187 48 20 frih.
997 1193 41 15 von

209 1214 60 21 Born
293 1215 72 21 derför
387 1216 111 21 tacksamt.
528 1216 41 27 Jag
585 1217 68 20 slutar
668 1216 49 21 med
733 1218 33 19 att
781 1217 85 20 anhålla
881 1218 33 19 att
929 1216 24 20 R.
970 1222 18 15 o.
1005 1216 32 25 A.,

211 1243 91 20 oaktadt
316 1243 47 21 frih.
380 1244 98 21 Palm6ns
493 1245 143 26 andragande,
652 1245 49 22 ville
717 1245 74 21 bifalla
806 1245 33 21 till
850 1244 188 27 borgareständets

209 1271 127 27 inbjudning
360 1273 6 20 i
383 1273 40 20 den
442 1273 60 26 form,
524 1280 45 14 som
587 1273 47 22 frih.
650 1280 42 15 von
707 1273 69 22 Borns
792 1273 24 22 af
828 1274 26 21 hr
870 1273 71 22 Antell
956 1272 82 21 modifi-

209 1300 65 20 erade
290 1300 81 27 förslag
385 1303 97 19 närmare
498 1302 125 21 innehäller.

279 1328 33 21 Hr
333 1335 41 15 von
396 1330 139 21 Alfthan:
558 1330 42 27 Jag
623 1330 93 27 begärde
740 1330 62 22 ordet
818 1331 74 21 endast
907 1330 34 20 för
955 1331 33 19 att
1003 1329 34 21 til-

208 1356 65 26 lägga
291 1356 66 28 nägra
373 1358 38 21 ord
426 1358 33 22 till
473 1358 56 22 hvad
542 1358 38 27 jag
594 1360 67 20 redan
676 1358 28 27 pä
719 1359 147 27 förmiddagen
882 1358 92 27 yttrade,
991 1357 48 21 huf-

208 1384 148 31 vudsakligast
377 1386 34 22 för
433 1388 31 20 att
480 1388 86 20 bemöta
587 1388 49 20 frih.
652 1387 100 22 Palm6ns
768 1387 205 26 sifferberäkningar,
989 1392 49 15 men

205 1419 38 20 jag
258 1413 41 21 har
314 1415 66 20 redan
401 1415 69 21 blifvit
485 1415 23 21 af
521 1416 41 21 den
578 1417 84 20 senaste
677 1416 66 21 ärade
759 1417 91 24 talaren,
865 1415 48 22 frih.
930 1415 84 25 Wrede,
1030 1415 8 21 i

207 1441 62 21 detta
291 1442 99 22 afseende
413 1443 151 22 förekommen.
594 1444 42 27 Jag
658 1445 37 20 vill
718 1444 55 22 dock
792 1446 57 19 ännu
864 1444 83 27 päpeka
962 1445 33 20 att
1010 1443 27 22 dä

206 1469 49 22 frih.
280 1470 88 22 Palmén
391 1472 49 27 sjelf
460 1473 110 26 medgifvit
592 1474 32 20 att
648 1473 76 21 endast
746 1475 83 19 tomten
852 1473 33 20 för
904 1473 134 21 närvarande

207 1504 51 15 vore
275 1499 52 21 värd
343 1500 91 26 200,000
449 1501 61 21 mark
525 1501 40 21 och
581 1501 27 22 dä
623 1501 35 21 väl
673 1502 24 21 R.
715 1507 18 16 o.
750 1502 33 25 A.,
799 1501 44 21 lika
858 1501 34 21 väl
908 1507 45 15 som
964 1501 73 27 hvarje

207 1529 67 20 annat
297 1527 62 22 ständ
379 1529 42 21 kan
443 1532 52 24 göra
518 1530 94 26 anspräk
626 1529 29 27 pä
670 1531 32 20 sin
716 1530 105 27 fjerdedel
836 1530 24 21 af
874 1530 25 21 de
915 1529 122 27 kostnader,

206 1560 45 16 som
274 1556 28 26 pä
325 1558 31 20 ett
372 1558 126 21 ständerhus
514 1559 122 26 nedläggas,
651 1558 37 27 jag
703 1559 47 21 icke
766 1559 42 20 kan
824 1559 57 20 finna
897 1560 38 24 att,
952 1565 34 15 om
1002 1559 37 21 det
