<?xml version="1.0" encoding="UTF-8"?>
<alto xmlns="http://www.loc.gov/standards/alto/ns-v3#" xmlns:xlink="http://www.w3.org/1999/xlink" xmlns:xsi="http://www.w3.org/2001/XMLSchema-instance" xsi:schemaLocation="http://www.loc.gov/standards/alto/ns-v3# http://www.loc.gov/alto/v3/alto-3-0.xsd">
	<Description>
		<MeasurementUnit>pixel</MeasurementUnit>
		<sourceImageInformation>
			<fileName>/tmp/tess_qwfmp0z2_input.PNG</fileName>
		</sourceImageInformation>
		<OCRProcessing ID="OCR_0">
			<ocrProcessingStep>
				<processingSoftware>
					<softwareName>tesseract 5.3.4</softwareName>
				</processingSoftware>
			</ocrProcessingStep>
		</OCRProcessing>
	</Description>
	<Layout>
		<Page WIDTH="1103" HEIGHT="1745" PHYSICAL_IMG_NR="0" ID="page_0">
			<PrintSpace HPOS="0" VPOS="0" WIDTH="1103" HEIGHT="1745">
				<ComposedBlock ID="cblock_0" HPOS="237" VPOS="117" WIDTH="493" HEIGHT="26">
					<TextBlock ID="block_0" HPOS="237" VPOS="117" WIDTH="493" HEIGHT="26">
						<TextLine ID="line_0" HPOS="237" VPOS="117" WIDTH="493" HEIGHT="26">
							<String ID="string_0" HPOS="237" VPOS="117" WIDTH="61" HEIGHT="26" WC="0.92" CONTENT="1,086"/><SP WIDTH="213" VPOS="117" HPOS="298"/>
							<String ID="string_1" HPOS="511" VPOS="118" WIDTH="15" HEIGHT="19" WC="0.96" CONTENT="R."/><SP WIDTH="13" VPOS="118" HPOS="526"/>
							<String ID="string_2" HPOS="539" VPOS="124" WIDTH="15" HEIGHT="14" WC="0.74" CONTENT="0."/><SP WIDTH="14" VPOS="124" HPOS="554"/>
							<String ID="string_3" HPOS="568" VPOS="119" WIDTH="15" HEIGHT="18" WC="0.86" CONTENT="A."/><SP WIDTH="14" VPOS="119" HPOS="583"/>
							<String ID="string_4" HPOS="597" VPOS="118" WIDTH="46" HEIGHT="20" WC="0.95" CONTENT="1885."/><SP WIDTH="24" VPOS="118" HPOS="643"/>
							<String ID="string_5" HPOS="667" VPOS="119" WIDTH="14" HEIGHT="18" WC="0.91" CONTENT="11"/><SP WIDTH="14" VPOS="119" HPOS="681"/>
							<String ID="string_6" HPOS="695" VPOS="119" WIDTH="35" HEIGHT="23" WC="0.88" CONTENT="Maj."/>
						</TextLine>
					</TextBlock>
				</ComposedBlock>
				<ComposedBlock ID="cblock_1" HPOS="198" VPOS="184" WIDTH="838" HEIGHT="1257">
					<TextBlock ID="block_1" HPOS="204" VPOS="184" WIDTH="832" HEIGHT="488">
						<TextLine ID="line_1" HPOS="207" VPOS="184" WIDTH="829" HEIGHT="31">
							<String ID="string_7" HPOS="207" VPOS="184" WIDTH="143" HEIGHT="24" WC="0.93" CONTENT="resolutionen"/><SP WIDTH="22" VPOS="184" HPOS="350"/>
							<String ID="string_8" HPOS="372" VPOS="194" WIDTH="28" HEIGHT="14" WC="0.96" CONTENT="nu"/><SP WIDTH="22" VPOS="194" HPOS="400"/>
							<String ID="string_9" HPOS="422" VPOS="189" WIDTH="23" HEIGHT="20" WC="0.92" CONTENT="är"/><SP WIDTH="15" VPOS="189" HPOS="445"/>
							<String ID="string_10" HPOS="460" VPOS="188" WIDTH="88" HEIGHT="22" WC="0.92" CONTENT="affattad"/><SP WIDTH="15" VPOS="188" HPOS="548"/>
							<String ID="string_11" HPOS="563" VPOS="188" WIDTH="90" HEIGHT="27" WC="0.96" CONTENT="fordrar,"/><SP WIDTH="20" VPOS="188" HPOS="653"/>
							<String ID="string_12" HPOS="673" VPOS="190" WIDTH="32" HEIGHT="20" WC="0.91" CONTENT="att"/><SP WIDTH="15" VPOS="190" HPOS="705"/>
							<String ID="string_13" HPOS="720" VPOS="188" WIDTH="100" HEIGHT="27" WC="0.93" CONTENT="frägorna"/><SP WIDTH="15" VPOS="188" HPOS="820"/>
							<String ID="string_14" HPOS="835" VPOS="186" WIDTH="53" HEIGHT="22" WC="0.96" CONTENT="först"/><SP WIDTH="15" VPOS="186" HPOS="888"/>
							<String ID="string_15" HPOS="903" VPOS="187" WIDTH="85" HEIGHT="21" WC="0.96" CONTENT="komma"/><SP WIDTH="15" VPOS="187" HPOS="988"/>
							<String ID="string_16" HPOS="1003" VPOS="186" WIDTH="33" HEIGHT="22" WC="0.95" CONTENT="till"/>
						</TextLine>
						<TextLine ID="line_2" HPOS="207" VPOS="214" WIDTH="829" HEIGHT="30">
							<String ID="string_17" HPOS="207" VPOS="214" WIDTH="89" HEIGHT="21" WC="0.92" CONTENT="ständen"/><SP WIDTH="23" VPOS="214" HPOS="296"/>
							<String ID="string_18" HPOS="319" VPOS="215" WIDTH="39" HEIGHT="21" WC="0.96" CONTENT="och"/><SP WIDTH="24" VPOS="215" HPOS="358"/>
							<String ID="string_19" HPOS="382" VPOS="216" WIDTH="63" HEIGHT="21" WC="0.93" CONTENT="sedan"/><SP WIDTH="23" VPOS="216" HPOS="445"/>
							<String ID="string_20" HPOS="468" VPOS="216" WIDTH="105" HEIGHT="22" WC="0.92" CONTENT="mähända"/><SP WIDTH="23" VPOS="216" HPOS="573"/>
							<String ID="string_21" HPOS="596" VPOS="218" WIDTH="28" HEIGHT="26" WC="0.96" CONTENT="pä"/><SP WIDTH="17" VPOS="218" HPOS="624"/>
							<String ID="string_22" HPOS="641" VPOS="217" WIDTH="69" HEIGHT="27" WC="0.96" CONTENT="grund"/><SP WIDTH="16" VPOS="217" HPOS="710"/>
							<String ID="string_23" HPOS="726" VPOS="216" WIDTH="22" HEIGHT="22" WC="0.96" CONTENT="af"/><SP WIDTH="14" VPOS="216" HPOS="748"/>
							<String ID="string_24" HPOS="762" VPOS="218" WIDTH="26" HEIGHT="20" WC="0.93" CONTENT="de"/><SP WIDTH="15" VPOS="218" HPOS="788"/>
							<String ID="string_25" HPOS="803" VPOS="218" WIDTH="97" HEIGHT="19" WC="0.92" CONTENT="närmare"/><SP WIDTH="16" VPOS="218" HPOS="900"/>
							<String ID="string_26" HPOS="916" VPOS="215" WIDTH="120" HEIGHT="28" WC="0.92" CONTENT="upplysnin-"/>
						</TextLine>
						<TextLine ID="line_3" HPOS="207" VPOS="244" WIDTH="829" HEIGHT="30">
							<String ID="string_27" HPOS="207" VPOS="248" WIDTH="44" HEIGHT="26" WC="0.96" CONTENT="gar,"/><SP WIDTH="17" VPOS="248" HPOS="251"/>
							<String ID="string_28" HPOS="268" VPOS="249" WIDTH="45" HEIGHT="15" WC="0.95" CONTENT="som"/><SP WIDTH="16" VPOS="249" HPOS="313"/>
							<String ID="string_29" HPOS="329" VPOS="244" WIDTH="21" HEIGHT="21" WC="0.93" CONTENT="af"/><SP WIDTH="14" VPOS="244" HPOS="350"/>
							<String ID="string_30" HPOS="364" VPOS="245" WIDTH="111" HEIGHT="27" WC="0.92" CONTENT="styrelsens"/><SP WIDTH="16" VPOS="245" HPOS="475"/>
							<String ID="string_31" HPOS="491" VPOS="245" WIDTH="139" HEIGHT="21" WC="0.96" CONTENT="medlemmar"/><SP WIDTH="14" VPOS="245" HPOS="630"/>
							<String ID="string_32" HPOS="644" VPOS="246" WIDTH="58" HEIGHT="21" WC="0.96" CONTENT="inom"/><SP WIDTH="16" VPOS="246" HPOS="702"/>
							<String ID="string_33" HPOS="718" VPOS="246" WIDTH="63" HEIGHT="21" WC="0.93" CONTENT="dessa"/><SP WIDTH="15" VPOS="246" HPOS="781"/>
							<String ID="string_34" HPOS="796" VPOS="244" WIDTH="69" HEIGHT="21" WC="0.91" CONTENT="blifvit"/><SP WIDTH="12" VPOS="244" HPOS="865"/>
							<String ID="string_35" HPOS="877" VPOS="244" WIDTH="101" HEIGHT="26" WC="0.92" CONTENT="lemnade,"/><SP WIDTH="11" VPOS="244" HPOS="978"/>
							<String ID="string_36" HPOS="989" VPOS="245" WIDTH="47" HEIGHT="20" WC="0.92" CONTENT="äter"/>
						</TextLine>
						<TextLine ID="line_4" HPOS="206" VPOS="270" WIDTH="830" HEIGHT="30">
							<String ID="string_37" HPOS="206" VPOS="270" WIDTH="33" HEIGHT="22" WC="0.92" CONTENT="till"/><SP WIDTH="23" VPOS="270" HPOS="239"/>
							<String ID="string_38" HPOS="262" VPOS="272" WIDTH="104" HEIGHT="22" WC="0.91" CONTENT="utskottet"/><SP WIDTH="22" VPOS="272" HPOS="366"/>
							<String ID="string_39" HPOS="388" VPOS="272" WIDTH="86" HEIGHT="23" WC="0.92" CONTENT="förvisas"/><SP WIDTH="23" VPOS="272" HPOS="474"/>
							<String ID="string_40" HPOS="497" VPOS="274" WIDTH="32" HEIGHT="21" WC="0.96" CONTENT="för"/><SP WIDTH="15" VPOS="274" HPOS="529"/>
							<String ID="string_41" HPOS="544" VPOS="276" WIDTH="32" HEIGHT="19" WC="0.96" CONTENT="att"/><SP WIDTH="15" VPOS="276" HPOS="576"/>
							<String ID="string_42" HPOS="591" VPOS="274" WIDTH="49" HEIGHT="22" WC="0.96" CONTENT="med"/><SP WIDTH="16" VPOS="274" HPOS="640"/>
							<String ID="string_43" HPOS="656" VPOS="274" WIDTH="86" HEIGHT="26" WC="0.96" CONTENT="ledning"/><SP WIDTH="23" VPOS="274" HPOS="742"/>
							<String ID="string_44" HPOS="765" VPOS="273" WIDTH="22" HEIGHT="22" WC="0.96" CONTENT="af"/><SP WIDTH="22" VPOS="273" HPOS="787"/>
							<String ID="string_45" HPOS="809" VPOS="274" WIDTH="61" HEIGHT="20" WC="0.96" CONTENT="dessa"/><SP WIDTH="14" VPOS="274" HPOS="870"/>
							<String ID="string_46" HPOS="884" VPOS="272" WIDTH="152" HEIGHT="28" WC="0.96" CONTENT="upplysningar"/>
						</TextLine>
						<TextLine ID="line_5" HPOS="206" VPOS="299" WIDTH="830" HEIGHT="30">
							<String ID="string_47" HPOS="206" VPOS="299" WIDTH="55" HEIGHT="27" WC="0.96" CONTENT="ånyo"/><SP WIDTH="24" VPOS="299" HPOS="261"/>
							<String ID="string_48" HPOS="285" VPOS="300" WIDTH="122" HEIGHT="23" WC="0.94" CONTENT="behandlas."/><SP WIDTH="30" VPOS="300" HPOS="407"/>
							<String ID="string_49" HPOS="437" VPOS="302" WIDTH="40" HEIGHT="27" WC="0.93" CONTENT="Jag"/><SP WIDTH="15" VPOS="302" HPOS="477"/>
							<String ID="string_50" HPOS="492" VPOS="309" WIDTH="115" HEIGHT="20" WC="0.96" CONTENT="upprepar:"/><SP WIDTH="18" VPOS="309" HPOS="607"/>
							<String ID="string_51" HPOS="625" VPOS="310" WIDTH="26" HEIGHT="14" WC="0.96" CONTENT="en"/><SP WIDTH="15" VPOS="310" HPOS="651"/>
							<String ID="string_52" HPOS="666" VPOS="305" WIDTH="45" HEIGHT="19" WC="0.93" CONTENT="stor"/><SP WIDTH="15" VPOS="305" HPOS="711"/>
							<String ID="string_53" HPOS="726" VPOS="302" WIDTH="114" HEIGHT="27" WC="0.96" CONTENT="besparing"/><SP WIDTH="15" VPOS="302" HPOS="840"/>
							<String ID="string_54" HPOS="855" VPOS="301" WIDTH="22" HEIGHT="21" WC="0.96" CONTENT="af"/><SP WIDTH="14" VPOS="301" HPOS="877"/>
							<String ID="string_55" HPOS="891" VPOS="301" WIDTH="30" HEIGHT="21" WC="0.96" CONTENT="tid"/><SP WIDTH="17" VPOS="301" HPOS="921"/>
							<String ID="string_56" HPOS="938" VPOS="301" WIDTH="39" HEIGHT="21" WC="0.93" CONTENT="och"/><SP WIDTH="15" VPOS="301" HPOS="977"/>
							<String ID="string_57" HPOS="992" VPOS="307" WIDTH="44" HEIGHT="15" WC="0.92" CONTENT="om-"/>
						</TextLine>
						<TextLine ID="line_6" HPOS="206" VPOS="328" WIDTH="829" HEIGHT="30">
							<String ID="string_58" HPOS="206" VPOS="328" WIDTH="81" HEIGHT="26" WC="0.91" CONTENT="gängar"/><SP WIDTH="23" VPOS="328" HPOS="287"/>
							<String ID="string_59" HPOS="310" VPOS="336" WIDTH="83" HEIGHT="20" WC="0.92" CONTENT="vunnes,"/><SP WIDTH="24" VPOS="336" HPOS="393"/>
							<String ID="string_60" HPOS="417" VPOS="337" WIDTH="33" HEIGHT="15" WC="0.93" CONTENT="om"/><SP WIDTH="23" VPOS="337" HPOS="450"/>
							<String ID="string_61" HPOS="473" VPOS="331" WIDTH="59" HEIGHT="21" WC="0.89" CONTENT="äfven"/><SP WIDTH="25" VPOS="331" HPOS="532"/>
							<String ID="string_62" HPOS="557" VPOS="331" WIDTH="69" HEIGHT="21" WC="0.96" CONTENT="denna"/><SP WIDTH="23" VPOS="331" HPOS="626"/>
							<String ID="string_63" HPOS="649" VPOS="331" WIDTH="110" HEIGHT="27" WC="0.93" CONTENT="möjlighet"/><SP WIDTH="23" VPOS="331" HPOS="759"/>
							<String ID="string_64" HPOS="782" VPOS="331" WIDTH="75" HEIGHT="21" WC="0.92" CONTENT="funnes"/><SP WIDTH="22" VPOS="331" HPOS="857"/>
							<String ID="string_65" HPOS="879" VPOS="330" WIDTH="32" HEIGHT="21" WC="0.92" CONTENT="för"/><SP WIDTH="21" VPOS="330" HPOS="911"/>
							<String ID="string_66" HPOS="932" VPOS="330" WIDTH="103" HEIGHT="26" WC="0.92" CONTENT="styrelsen"/>
						</TextLine>
						<TextLine ID="line_7" HPOS="207" VPOS="358" WIDTH="827" HEIGHT="30">
							<String ID="string_67" HPOS="207" VPOS="358" WIDTH="32" HEIGHT="30" WC="0.96" CONTENT="att"/><SP WIDTH="15" VPOS="358" HPOS="239"/>
							<String ID="string_68" HPOS="254" VPOS="359" WIDTH="51" HEIGHT="24" WC="0.96" CONTENT="göra"/><SP WIDTH="16" VPOS="359" HPOS="305"/>
							<String ID="string_69" HPOS="321" VPOS="358" WIDTH="30" HEIGHT="21" WC="0.96" CONTENT="sin"/><SP WIDTH="18" VPOS="358" HPOS="351"/>
							<String ID="string_70" HPOS="369" VPOS="359" WIDTH="47" HEIGHT="26" WC="0.96" CONTENT="vilja"/><SP WIDTH="16" VPOS="359" HPOS="416"/>
							<String ID="string_71" HPOS="432" VPOS="359" WIDTH="38" HEIGHT="21" WC="0.93" CONTENT="och"/><SP WIDTH="16" VPOS="359" HPOS="470"/>
							<String ID="string_72" HPOS="486" VPOS="360" WIDTH="89" HEIGHT="21" WC="0.96" CONTENT="motiver"/><SP WIDTH="15" VPOS="360" HPOS="575"/>
							<String ID="string_73" HPOS="590" VPOS="360" WIDTH="100" HEIGHT="21" WC="0.96" CONTENT="bekanta."/><SP WIDTH="31" VPOS="360" HPOS="690"/>
							<String ID="string_74" HPOS="721" VPOS="360" WIDTH="42" HEIGHT="21" WC="0.96" CONTENT="Det"/><SP WIDTH="16" VPOS="360" HPOS="763"/>
							<String ID="string_75" HPOS="779" VPOS="362" WIDTH="23" HEIGHT="18" WC="0.93" CONTENT="är"/><SP WIDTH="15" VPOS="362" HPOS="802"/>
							<String ID="string_76" HPOS="817" VPOS="358" WIDTH="100" HEIGHT="22" WC="0.96" CONTENT="särskildt"/><SP WIDTH="15" VPOS="358" HPOS="917"/>
							<String ID="string_77" HPOS="932" VPOS="358" WIDTH="6" HEIGHT="20" WC="0.93" CONTENT="i"/><SP WIDTH="16" VPOS="358" HPOS="938"/>
							<String ID="string_78" HPOS="954" VPOS="358" WIDTH="80" HEIGHT="21" WC="0.93" CONTENT="Frank-"/>
						</TextLine>
						<TextLine ID="line_8" HPOS="205" VPOS="384" WIDTH="829" HEIGHT="31">
							<String ID="string_79" HPOS="205" VPOS="384" WIDTH="46" HEIGHT="22" WC="0.90" CONTENT="rike"/><SP WIDTH="22" VPOS="384" HPOS="251"/>
							<String ID="string_80" HPOS="273" VPOS="385" WIDTH="65" HEIGHT="28" WC="0.90" CONTENT="fallet,"/><SP WIDTH="24" VPOS="385" HPOS="338"/>
							<String ID="string_81" HPOS="362" VPOS="389" WIDTH="31" HEIGHT="19" WC="0.96" CONTENT="att"/><SP WIDTH="22" VPOS="389" HPOS="393"/>
							<String ID="string_82" HPOS="415" VPOS="388" WIDTH="56" HEIGHT="21" WC="0.91" CONTENT="inom"/><SP WIDTH="24" VPOS="388" HPOS="471"/>
							<String ID="string_83" HPOS="495" VPOS="388" WIDTH="130" HEIGHT="27" WC="0.91" CONTENT="deputerade"/><SP WIDTH="23" VPOS="388" HPOS="625"/>
							<String ID="string_84" HPOS="648" VPOS="389" WIDTH="135" HEIGHT="20" WC="0.92" CONTENT="kammarens"/><SP WIDTH="20" VPOS="389" HPOS="783"/>
							<String ID="string_85" HPOS="803" VPOS="388" WIDTH="83" HEIGHT="20" WC="0.92" CONTENT="utskott"/><SP WIDTH="15" VPOS="388" HPOS="886"/>
							<String ID="string_86" HPOS="901" VPOS="386" WIDTH="133" HEIGHT="27" WC="0.96" CONTENT="regeringens"/>
						</TextLine>
						<TextLine ID="line_9" HPOS="206" VPOS="413" WIDTH="829" HEIGHT="30">
							<String ID="string_87" HPOS="206" VPOS="413" WIDTH="138" HEIGHT="23" WC="0.96" CONTENT="medlemmar"/><SP WIDTH="22" VPOS="413" HPOS="344"/>
							<String ID="string_88" HPOS="366" VPOS="416" WIDTH="82" HEIGHT="27" WC="0.95" CONTENT="mycket"/><SP WIDTH="21" VPOS="416" HPOS="448"/>
							<String ID="string_89" HPOS="469" VPOS="416" WIDTH="44" HEIGHT="22" WC="0.93" CONTENT="ofta"/><SP WIDTH="18" VPOS="416" HPOS="513"/>
							<String ID="string_90" HPOS="531" VPOS="417" WIDTH="106" HEIGHT="26" WC="0.93" CONTENT="uppträda"/><SP WIDTH="16" VPOS="417" HPOS="637"/>
							<String ID="string_91" HPOS="653" VPOS="417" WIDTH="32" HEIGHT="21" WC="0.96" CONTENT="för"/><SP WIDTH="16" VPOS="417" HPOS="685"/>
							<String ID="string_92" HPOS="701" VPOS="419" WIDTH="32" HEIGHT="19" WC="0.93" CONTENT="att"/><SP WIDTH="15" VPOS="419" HPOS="733"/>
							<String ID="string_93" HPOS="748" VPOS="417" WIDTH="71" HEIGHT="21" WC="0.92" CONTENT="lemna"/><SP WIDTH="15" VPOS="417" HPOS="819"/>
							<String ID="string_94" HPOS="834" VPOS="416" WIDTH="76" HEIGHT="26" WC="0.92" CONTENT="nödiga"/><SP WIDTH="15" VPOS="416" HPOS="910"/>
							<String ID="string_95" HPOS="925" VPOS="414" WIDTH="110" HEIGHT="22" WC="0.92" CONTENT="förklarin-"/>
						</TextLine>
						<TextLine ID="line_10" HPOS="205" VPOS="442" WIDTH="830" HEIGHT="31">
							<String ID="string_96" HPOS="205" VPOS="447" WIDTH="45" HEIGHT="26" WC="0.95" CONTENT="gar,"/><SP WIDTH="17" VPOS="447" HPOS="250"/>
							<String ID="string_97" HPOS="267" VPOS="442" WIDTH="37" HEIGHT="21" WC="0.93" CONTENT="der"/><SP WIDTH="23" VPOS="442" HPOS="304"/>
							<String ID="string_98" HPOS="327" VPOS="444" WIDTH="79" HEIGHT="21" WC="0.92" CONTENT="sädana"/><SP WIDTH="22" VPOS="444" HPOS="406"/>
							<String ID="string_99" HPOS="428" VPOS="445" WIDTH="70" HEIGHT="20" WC="0.96" CONTENT="kunna"/><SP WIDTH="23" VPOS="445" HPOS="498"/>
							<String ID="string_100" HPOS="521" VPOS="451" WIDTH="50" HEIGHT="15" WC="0.96" CONTENT="vara"/><SP WIDTH="23" VPOS="451" HPOS="571"/>
							<String ID="string_101" HPOS="594" VPOS="445" WIDTH="22" HEIGHT="21" WC="0.93" CONTENT="af"/><SP WIDTH="21" VPOS="445" HPOS="616"/>
							<String ID="string_102" HPOS="637" VPOS="445" WIDTH="99" HEIGHT="21" WC="0.93" CONTENT="behofvet"/><SP WIDTH="21" VPOS="445" HPOS="736"/>
							<String ID="string_103" HPOS="757" VPOS="444" WIDTH="120" HEIGHT="28" WC="0.91" CONTENT="päkallade."/><SP WIDTH="30" VPOS="444" HPOS="877"/>
							<String ID="string_104" HPOS="907" VPOS="443" WIDTH="80" HEIGHT="22" WC="0.96" CONTENT="Genom"/><SP WIDTH="16" VPOS="443" HPOS="987"/>
							<String ID="string_105" HPOS="1003" VPOS="444" WIDTH="32" HEIGHT="19" WC="0.96" CONTENT="ett"/>
						</TextLine>
						<TextLine ID="line_11" HPOS="205" VPOS="469" WIDTH="829" HEIGHT="32">
							<String ID="string_106" HPOS="205" VPOS="469" WIDTH="48" HEIGHT="22" WC="0.72" CONTENT="litet"/><SP WIDTH="22" VPOS="469" HPOS="253"/>
							<String ID="string_107" HPOS="275" VPOS="471" WIDTH="72" HEIGHT="28" WC="0.96" CONTENT="tillägg"/><SP WIDTH="22" VPOS="471" HPOS="347"/>
							<String ID="string_108" HPOS="369" VPOS="473" WIDTH="66" HEIGHT="21" WC="0.93" CONTENT="skulle"/><SP WIDTH="18" VPOS="473" HPOS="435"/>
							<String ID="string_109" HPOS="453" VPOS="473" WIDTH="152" HEIGHT="27" WC="0.88" CONTENT="lagutskottets"/><SP WIDTH="18" VPOS="473" HPOS="605"/>
							<String ID="string_110" HPOS="623" VPOS="474" WIDTH="138" HEIGHT="27" WC="0.88" CONTENT="slutyrkande"/><SP WIDTH="18" VPOS="474" HPOS="761"/>
							<String ID="string_111" HPOS="779" VPOS="473" WIDTH="72" HEIGHT="21" WC="0.93" CONTENT="kunna"/><SP WIDTH="15" VPOS="473" HPOS="851"/>
							<String ID="string_112" HPOS="866" VPOS="474" WIDTH="92" HEIGHT="25" WC="0.92" CONTENT="upptaga"/><SP WIDTH="16" VPOS="474" HPOS="958"/>
							<String ID="string_113" HPOS="974" VPOS="471" WIDTH="60" HEIGHT="21" WC="0.96" CONTENT="äfven"/>
						</TextLine>
						<TextLine ID="line_12" HPOS="206" VPOS="498" WIDTH="828" HEIGHT="31">
							<String ID="string_114" HPOS="206" VPOS="498" WIDTH="69" HEIGHT="22" WC="0.93" CONTENT="denna"/><SP WIDTH="23" VPOS="498" HPOS="275"/>
							<String ID="string_115" HPOS="298" VPOS="502" WIDTH="63" HEIGHT="25" WC="0.92" CONTENT="utväg"/><SP WIDTH="22" VPOS="502" HPOS="361"/>
							<String ID="string_116" HPOS="383" VPOS="507" WIDTH="46" HEIGHT="16" WC="0.96" CONTENT="som"/><SP WIDTH="17" VPOS="507" HPOS="429"/>
							<String ID="string_117" HPOS="446" VPOS="501" WIDTH="39" HEIGHT="22" WC="0.93" CONTENT="här"/><SP WIDTH="16" VPOS="501" HPOS="485"/>
							<String ID="string_118" HPOS="501" VPOS="502" WIDTH="67" HEIGHT="21" WC="0.92" CONTENT="blifvit"/><SP WIDTH="15" VPOS="502" HPOS="568"/>
							<String ID="string_119" HPOS="583" VPOS="502" WIDTH="23" HEIGHT="21" WC="0.97" CONTENT="af"/><SP WIDTH="14" VPOS="502" HPOS="606"/>
							<String ID="string_120" HPOS="620" VPOS="503" WIDTH="42" HEIGHT="26" WC="0.93" CONTENT="mig"/><SP WIDTH="16" VPOS="503" HPOS="662"/>
							<String ID="string_121" HPOS="678" VPOS="502" WIDTH="86" HEIGHT="27" WC="0.92" CONTENT="antydd."/><SP WIDTH="31" VPOS="502" HPOS="764"/>
							<String ID="string_122" HPOS="795" VPOS="502" WIDTH="66" HEIGHT="20" WC="0.93" CONTENT="Detta"/><SP WIDTH="15" VPOS="502" HPOS="861"/>
							<String ID="string_123" HPOS="876" VPOS="501" WIDTH="73" HEIGHT="26" WC="0.93" CONTENT="tillägg"/><SP WIDTH="15" VPOS="501" HPOS="949"/>
							<String ID="string_124" HPOS="964" VPOS="499" WIDTH="70" HEIGHT="22" WC="0.97" CONTENT="kunde"/>
						</TextLine>
						<TextLine ID="line_13" HPOS="205" VPOS="526" WIDTH="829" HEIGHT="31">
							<String ID="string_125" HPOS="205" VPOS="526" WIDTH="59" HEIGHT="27" WC="0.93" CONTENT="lyda:"/><SP WIDTH="20" VPOS="526" HPOS="264"/>
							<String ID="string_126" HPOS="284" VPOS="531" WIDTH="45" HEIGHT="23" WC="0.58" CONTENT=".att"/><SP WIDTH="16" VPOS="531" HPOS="329"/>
							<String ID="string_127" HPOS="345" VPOS="529" WIDTH="96" HEIGHT="28" WC="0.96" CONTENT="samtliga"/><SP WIDTH="14" VPOS="529" HPOS="441"/>
							<String ID="string_128" HPOS="455" VPOS="531" WIDTH="60" HEIGHT="20" WC="0.93" CONTENT="Hans"/><SP WIDTH="15" VPOS="531" HPOS="515"/>
							<String ID="string_129" HPOS="530" VPOS="531" WIDTH="112" HEIGHT="26" WC="0.96" CONTENT="Majestäts"/><SP WIDTH="16" VPOS="531" HPOS="642"/>
							<String ID="string_130" HPOS="658" VPOS="530" WIDTH="32" HEIGHT="22" WC="0.96" CONTENT="för"/><SP WIDTH="15" VPOS="530" HPOS="690"/>
							<String ID="string_131" HPOS="705" VPOS="530" WIDTH="92" HEIGHT="22" WC="0.93" CONTENT="Finland"/><SP WIDTH="16" VPOS="530" HPOS="797"/>
							<String ID="string_132" HPOS="813" VPOS="529" WIDTH="88" HEIGHT="22" WC="0.93" CONTENT="tillsatte"/><SP WIDTH="15" VPOS="529" HPOS="901"/>
							<String ID="string_133" HPOS="916" VPOS="528" WIDTH="118" HEIGHT="27" WC="0.90" CONTENT="rädgifvare"/>
						</TextLine>
						<TextLine ID="line_14" HPOS="204" VPOS="554" WIDTH="830" HEIGHT="34">
							<String ID="string_134" HPOS="204" VPOS="554" WIDTH="56" HEIGHT="34" WC="0.88" CONTENT="finge"/><SP WIDTH="23" VPOS="554" HPOS="260"/>
							<String ID="string_135" HPOS="283" VPOS="557" WIDTH="94" HEIGHT="22" WC="0.87" CONTENT="tillträde"/><SP WIDTH="19" VPOS="557" HPOS="377"/>
							<String ID="string_136" HPOS="396" VPOS="559" WIDTH="57" HEIGHT="21" WC="0.90" CONTENT="säväl"/><SP WIDTH="15" VPOS="559" HPOS="453"/>
							<String ID="string_137" HPOS="468" VPOS="559" WIDTH="32" HEIGHT="21" WC="0.93" CONTENT="till"/><SP WIDTH="15" VPOS="559" HPOS="500"/>
							<String ID="string_138" HPOS="515" VPOS="560" WIDTH="101" HEIGHT="21" WC="0.93" CONTENT="ständens"/><SP WIDTH="15" VPOS="560" HPOS="616"/>
							<String ID="string_139" HPOS="631" VPOS="565" WIDTH="160" HEIGHT="21" WC="0.91" CONTENT="gemensamma"/><SP WIDTH="14" VPOS="565" HPOS="791"/>
							<String ID="string_140" HPOS="805" VPOS="564" WIDTH="46" HEIGHT="15" WC="0.97" CONTENT="som"/><SP WIDTH="16" VPOS="564" HPOS="851"/>
							<String ID="string_141" HPOS="867" VPOS="557" WIDTH="31" HEIGHT="22" WC="0.96" CONTENT="till"/><SP WIDTH="16" VPOS="557" HPOS="898"/>
							<String ID="string_142" HPOS="914" VPOS="558" WIDTH="60" HEIGHT="21" WC="0.93" CONTENT="deras"/><SP WIDTH="16" VPOS="558" HPOS="974"/>
							<String ID="string_143" HPOS="990" VPOS="559" WIDTH="44" HEIGHT="19" WC="0.90" CONTENT="sär-"/>
						</TextLine>
						<TextLine ID="line_15" HPOS="204" VPOS="583" WIDTH="829" HEIGHT="32">
							<String ID="string_144" HPOS="204" VPOS="583" WIDTH="69" HEIGHT="23" WC="0.96" CONTENT="skilda"/><SP WIDTH="24" VPOS="583" HPOS="273"/>
							<String ID="string_145" HPOS="297" VPOS="587" WIDTH="175" HEIGHT="26" WC="0.96" CONTENT="sammanträden,"/><SP WIDTH="21" VPOS="587" HPOS="472"/>
							<String ID="string_146" HPOS="493" VPOS="588" WIDTH="47" HEIGHT="21" WC="0.93" CONTENT="med"/><SP WIDTH="16" VPOS="588" HPOS="540"/>
							<String ID="string_147" HPOS="556" VPOS="588" WIDTH="103" HEIGHT="27" WC="0.96" CONTENT="rättighet"/><SP WIDTH="15" VPOS="588" HPOS="659"/>
							<String ID="string_148" HPOS="674" VPOS="590" WIDTH="32" HEIGHT="19" WC="0.93" CONTENT="att"/><SP WIDTH="16" VPOS="590" HPOS="706"/>
							<String ID="string_149" HPOS="722" VPOS="588" WIDTH="87" HEIGHT="25" WC="0.96" CONTENT="deltaga"/><SP WIDTH="14" VPOS="588" HPOS="809"/>
							<String ID="string_150" HPOS="823" VPOS="587" WIDTH="7" HEIGHT="20" WC="0.93" CONTENT="i"/><SP WIDTH="16" VPOS="587" HPOS="830"/>
							<String ID="string_151" HPOS="846" VPOS="586" WIDTH="187" HEIGHT="27" WC="0.92" CONTENT="öfverläggningar,"/>
						</TextLine>
						<TextLine ID="line_16" HPOS="205" VPOS="614" WIDTH="829" HEIGHT="29">
							<String ID="string_152" HPOS="205" VPOS="618" WIDTH="46" HEIGHT="16" WC="0.96" CONTENT="som"/><SP WIDTH="16" VPOS="618" HPOS="251"/>
							<String ID="string_153" HPOS="267" VPOS="614" WIDTH="34" HEIGHT="21" WC="0.93" CONTENT="vid"/><SP WIDTH="16" VPOS="614" HPOS="301"/>
							<String ID="string_154" HPOS="317" VPOS="615" WIDTH="106" HEIGHT="22" WC="0.91" CONTENT="desamma"/><SP WIDTH="15" VPOS="615" HPOS="423"/>
							<String ID="string_155" HPOS="438" VPOS="616" WIDTH="123" HEIGHT="27" WC="0.92" CONTENT="förehafvas,"/><SP WIDTH="17" VPOS="616" HPOS="561"/>
							<String ID="string_156" HPOS="578" VPOS="617" WIDTH="90" HEIGHT="21" WC="0.92" CONTENT="likasom"/><SP WIDTH="16" VPOS="617" HPOS="668"/>
							<String ID="string_157" HPOS="684" VPOS="619" WIDTH="32" HEIGHT="19" WC="0.96" CONTENT="att"/><SP WIDTH="14" VPOS="619" HPOS="716"/>
							<String ID="string_158" HPOS="730" VPOS="617" WIDTH="8" HEIGHT="20" WC="0.93" CONTENT="i"/><SP WIDTH="15" VPOS="617" HPOS="738"/>
							<String ID="string_159" HPOS="753" VPOS="616" WIDTH="118" HEIGHT="24" WC="0.93" CONTENT="utskotten,"/><SP WIDTH="17" VPOS="616" HPOS="871"/>
							<String ID="string_160" HPOS="888" VPOS="615" WIDTH="69" HEIGHT="21" WC="0.92" CONTENT="derest"/><SP WIDTH="16" VPOS="615" HPOS="957"/>
							<String ID="string_161" HPOS="973" VPOS="615" WIDTH="61" HEIGHT="20" WC="0.96" CONTENT="dessa"/>
						</TextLine>
						<TextLine ID="line_17" HPOS="204" VPOS="641" WIDTH="715" HEIGHT="31">
							<String ID="string_162" HPOS="204" VPOS="641" WIDTH="72" HEIGHT="22" WC="0.92" CONTENT="derom"/><SP WIDTH="18" VPOS="641" HPOS="276"/>
							<String ID="string_163" HPOS="294" VPOS="643" WIDTH="67" HEIGHT="22" WC="0.92" CONTENT="uttala"/><SP WIDTH="16" VPOS="643" HPOS="361"/>
							<String ID="string_164" HPOS="377" VPOS="645" WIDTH="31" HEIGHT="20" WC="0.93" CONTENT="sin"/><SP WIDTH="16" VPOS="645" HPOS="408"/>
							<String ID="string_165" HPOS="424" VPOS="645" WIDTH="86" HEIGHT="25" WC="0.92" CONTENT="önskan,"/><SP WIDTH="17" VPOS="645" HPOS="510"/>
							<String ID="string_166" HPOS="527" VPOS="645" WIDTH="134" HEIGHT="27" WC="0.92" CONTENT="personligen"/><SP WIDTH="16" VPOS="645" HPOS="661"/>
							<String ID="string_167" HPOS="677" VPOS="645" WIDTH="71" HEIGHT="21" WC="0.92" CONTENT="lemna"/><SP WIDTH="15" VPOS="645" HPOS="748"/>
							<String ID="string_168" HPOS="763" VPOS="644" WIDTH="156" HEIGHT="27" WC="0.96" CONTENT="upplysningar."/>
						</TextLine>
					</TextBlock>
					<TextBlock ID="block_2" HPOS="202" VPOS="671" WIDTH="832" HEIGHT="284">
						<TextLine ID="line_18" HPOS="274" VPOS="671" WIDTH="760" HEIGHT="30">
							<String ID="string_169" HPOS="274" VPOS="671" WIDTH="32" HEIGHT="21" WC="0.96" CONTENT="Hr"/><SP WIDTH="23" VPOS="671" HPOS="306"/>
							<String ID="string_170" HPOS="329" VPOS="672" WIDTH="150" HEIGHT="26" WC="0.93" CONTENT="Schauman,"/><SP WIDTH="23" VPOS="672" HPOS="479"/>
							<String ID="string_171" HPOS="502" VPOS="673" WIDTH="23" HEIGHT="22" WC="0.92" CONTENT="B."/><SP WIDTH="18" VPOS="673" HPOS="525"/>
							<String ID="string_172" HPOS="543" VPOS="673" WIDTH="35" HEIGHT="22" WC="0.91" CONTENT="O.:"/><SP WIDTH="16" VPOS="673" HPOS="578"/>
							<String ID="string_173" HPOS="594" VPOS="674" WIDTH="41" HEIGHT="27" WC="0.96" CONTENT="Jag"/><SP WIDTH="16" VPOS="674" HPOS="635"/>
							<String ID="string_174" HPOS="651" VPOS="674" WIDTH="35" HEIGHT="21" WC="0.93" CONTENT="vill"/><SP WIDTH="17" VPOS="674" HPOS="686"/>
							<String ID="string_175" HPOS="703" VPOS="673" WIDTH="56" HEIGHT="22" WC="0.93" CONTENT="blott"/><SP WIDTH="15" VPOS="673" HPOS="759"/>
							<String ID="string_176" HPOS="774" VPOS="673" WIDTH="49" HEIGHT="21" WC="0.93" CONTENT="med"/><SP WIDTH="15" VPOS="673" HPOS="823"/>
							<String ID="string_177" HPOS="838" VPOS="673" WIDTH="66" HEIGHT="26" WC="0.92" CONTENT="nägra"/><SP WIDTH="16" VPOS="673" HPOS="904"/>
							<String ID="string_178" HPOS="920" VPOS="671" WIDTH="38" HEIGHT="22" WC="0.93" CONTENT="ord"/><SP WIDTH="14" VPOS="671" HPOS="958"/>
							<String ID="string_179" HPOS="972" VPOS="677" WIDTH="62" HEIGHT="16" WC="0.93" CONTENT="svara"/>
						</TextLine>
						<TextLine ID="line_19" HPOS="203" VPOS="699" WIDTH="831" HEIGHT="30">
							<String ID="string_180" HPOS="203" VPOS="699" WIDTH="28" HEIGHT="26" WC="0.92" CONTENT="pä"/><SP WIDTH="23" VPOS="699" HPOS="231"/>
							<String ID="string_181" HPOS="254" VPOS="699" WIDTH="55" HEIGHT="22" WC="0.92" CONTENT="hvad"/><SP WIDTH="22" VPOS="699" HPOS="309"/>
							<String ID="string_182" HPOS="331" VPOS="700" WIDTH="67" HEIGHT="22" WC="0.92" CONTENT="baron"/><SP WIDTH="23" VPOS="700" HPOS="398"/>
							<String ID="string_183" HPOS="421" VPOS="701" WIDTH="75" HEIGHT="22" WC="0.92" CONTENT="Wrede"/><SP WIDTH="23" VPOS="701" HPOS="496"/>
							<String ID="string_184" HPOS="519" VPOS="705" WIDTH="52" HEIGHT="24" WC="0.92" CONTENT="sagt."/><SP WIDTH="32" VPOS="705" HPOS="571"/>
							<String ID="string_185" HPOS="603" VPOS="703" WIDTH="40" HEIGHT="26" WC="0.91" CONTENT="Jag"/><SP WIDTH="23" VPOS="703" HPOS="643"/>
							<String ID="string_186" HPOS="666" VPOS="702" WIDTH="116" HEIGHT="27" WC="0.91" CONTENT="medgifver"/><SP WIDTH="23" VPOS="702" HPOS="782"/>
							<String ID="string_187" HPOS="805" VPOS="701" WIDTH="121" HEIGHT="26" WC="0.88" CONTENT="visserligen"/><SP WIDTH="24" VPOS="701" HPOS="926"/>
							<String ID="string_188" HPOS="950" VPOS="702" WIDTH="32" HEIGHT="19" WC="0.97" CONTENT="att"/><SP WIDTH="16" VPOS="702" HPOS="982"/>
							<String ID="string_189" HPOS="998" VPOS="700" WIDTH="36" HEIGHT="21" WC="0.95" CONTENT="det"/>
						</TextLine>
						<TextLine ID="line_20" HPOS="203" VPOS="728" WIDTH="831" HEIGHT="30">
							<String ID="string_190" HPOS="203" VPOS="733" WIDTH="51" HEIGHT="16" WC="0.92" CONTENT="vore"/><SP WIDTH="16" VPOS="733" HPOS="254"/>
							<String ID="string_191" HPOS="270" VPOS="729" WIDTH="153" HEIGHT="28" WC="0.88" CONTENT="inkonsegvent"/><SP WIDTH="16" VPOS="729" HPOS="423"/>
							<String ID="string_192" HPOS="439" VPOS="733" WIDTH="30" HEIGHT="18" WC="0.96" CONTENT="att"/><SP WIDTH="15" VPOS="733" HPOS="469"/>
							<String ID="string_193" HPOS="484" VPOS="737" WIDTH="28" HEIGHT="14" WC="0.93" CONTENT="nu"/><SP WIDTH="16" VPOS="737" HPOS="512"/>
							<String ID="string_194" HPOS="528" VPOS="731" WIDTH="65" HEIGHT="21" WC="0.96" CONTENT="ändra"/><SP WIDTH="17" VPOS="731" HPOS="593"/>
							<String ID="string_195" HPOS="610" VPOS="731" WIDTH="69" HEIGHT="21" WC="0.93" CONTENT="denna"/><SP WIDTH="17" VPOS="731" HPOS="679"/>
							<String ID="string_196" HPOS="696" VPOS="730" WIDTH="135" HEIGHT="28" WC="0.96" CONTENT="ordalydelse"/><SP WIDTH="15" VPOS="730" HPOS="831"/>
							<String ID="string_197" HPOS="846" VPOS="729" WIDTH="53" HEIGHT="22" WC="0.96" CONTENT="efter"/><SP WIDTH="15" VPOS="729" HPOS="899"/>
							<String ID="string_198" HPOS="914" VPOS="729" WIDTH="36" HEIGHT="21" WC="0.96" CONTENT="det"/><SP WIDTH="15" VPOS="729" HPOS="950"/>
							<String ID="string_199" HPOS="965" VPOS="728" WIDTH="69" HEIGHT="22" WC="0.85" CONTENT="beslut"/>
						</TextLine>
						<TextLine ID="line_21" HPOS="204" VPOS="757" WIDTH="830" HEIGHT="29">
							<String ID="string_200" HPOS="204" VPOS="761" WIDTH="46" HEIGHT="15" WC="0.88" CONTENT="som"/><SP WIDTH="23" VPOS="761" HPOS="250"/>
							<String ID="string_201" HPOS="273" VPOS="757" WIDTH="68" HEIGHT="21" WC="0.88" CONTENT="blifvit"/><SP WIDTH="22" VPOS="757" HPOS="341"/>
							<String ID="string_202" HPOS="363" VPOS="758" WIDTH="77" HEIGHT="21" WC="0.93" CONTENT="fattadt"/><SP WIDTH="22" VPOS="758" HPOS="440"/>
							<String ID="string_203" HPOS="462" VPOS="759" WIDTH="47" HEIGHT="21" WC="0.93" CONTENT="med"/><SP WIDTH="24" VPOS="759" HPOS="509"/>
							<String ID="string_204" HPOS="533" VPOS="759" WIDTH="114" HEIGHT="27" WC="0.92" CONTENT="anledning"/><SP WIDTH="22" VPOS="759" HPOS="647"/>
							<String ID="string_205" HPOS="669" VPOS="759" WIDTH="22" HEIGHT="21" WC="0.96" CONTENT="af"/><SP WIDTH="21" VPOS="759" HPOS="691"/>
							<String ID="string_206" HPOS="712" VPOS="766" WIDTH="26" HEIGHT="14" WC="0.96" CONTENT="en"/><SP WIDTH="24" VPOS="766" HPOS="738"/>
							<String ID="string_207" HPOS="762" VPOS="764" WIDTH="71" HEIGHT="16" WC="0.92" CONTENT="annan"/><SP WIDTH="22" VPOS="764" HPOS="833"/>
							<String ID="string_208" HPOS="855" VPOS="758" WIDTH="89" HEIGHT="26" WC="0.92" CONTENT="petition"/><SP WIDTH="15" VPOS="758" HPOS="944"/>
							<String ID="string_209" HPOS="959" VPOS="757" WIDTH="7" HEIGHT="21" WC="0.96" CONTENT="i"/><SP WIDTH="15" VPOS="757" HPOS="966"/>
							<String ID="string_210" HPOS="981" VPOS="759" WIDTH="53" HEIGHT="19" WC="0.96" CONTENT="nära"/>
						</TextLine>
						<TextLine ID="line_22" HPOS="203" VPOS="785" WIDTH="831" HEIGHT="31">
							<String ID="string_211" HPOS="203" VPOS="786" WIDTH="152" HEIGHT="30" WC="0.96" CONTENT="sammanhang"/><SP WIDTH="26" VPOS="786" HPOS="355"/>
							<String ID="string_212" HPOS="381" VPOS="787" WIDTH="47" HEIGHT="21" WC="0.96" CONTENT="med"/><SP WIDTH="22" VPOS="787" HPOS="428"/>
							<String ID="string_213" HPOS="450" VPOS="787" WIDTH="73" HEIGHT="21" WC="0.95" CONTENT="denna."/><SP WIDTH="32" VPOS="787" HPOS="523"/>
							<String ID="string_214" HPOS="555" VPOS="788" WIDTH="50" HEIGHT="20" WC="0.96" CONTENT="Men"/><SP WIDTH="22" VPOS="788" HPOS="605"/>
							<String ID="string_215" HPOS="627" VPOS="794" WIDTH="45" HEIGHT="15" WC="0.96" CONTENT="som"/><SP WIDTH="20" VPOS="794" HPOS="672"/>
							<String ID="string_216" HPOS="692" VPOS="788" WIDTH="38" HEIGHT="26" WC="0.96" CONTENT="jag"/><SP WIDTH="22" VPOS="788" HPOS="730"/>
							<String ID="string_217" HPOS="752" VPOS="786" WIDTH="86" HEIGHT="28" WC="0.95" CONTENT="mycket"/><SP WIDTH="23" VPOS="786" HPOS="838"/>
							<String ID="string_218" HPOS="861" VPOS="786" WIDTH="32" HEIGHT="21" WC="0.96" CONTENT="väl"/><SP WIDTH="18" VPOS="786" HPOS="893"/>
							<String ID="string_219" HPOS="911" VPOS="786" WIDTH="42" HEIGHT="21" WC="0.96" CONTENT="kan"/><SP WIDTH="15" VPOS="786" HPOS="953"/>
							<String ID="string_220" HPOS="968" VPOS="785" WIDTH="66" HEIGHT="21" WC="0.96" CONTENT="tänka"/>
						</TextLine>
						<TextLine ID="line_23" HPOS="203" VPOS="814" WIDTH="830" HEIGHT="29">
							<String ID="string_221" HPOS="203" VPOS="818" WIDTH="49" HEIGHT="21" WC="0.96" CONTENT="mig,"/><SP WIDTH="17" VPOS="818" HPOS="252"/>
							<String ID="string_222" HPOS="269" VPOS="816" WIDTH="32" HEIGHT="18" WC="0.96" CONTENT="att"/><SP WIDTH="16" VPOS="816" HPOS="301"/>
							<String ID="string_223" HPOS="317" VPOS="814" WIDTH="40" HEIGHT="22" WC="0.96" CONTENT="den"/><SP WIDTH="15" VPOS="814" HPOS="357"/>
							<String ID="string_224" HPOS="372" VPOS="821" WIDTH="39" HEIGHT="15" WC="0.93" CONTENT="ena"/><SP WIDTH="16" VPOS="821" HPOS="411"/>
							<String ID="string_225" HPOS="427" VPOS="816" WIDTH="114" HEIGHT="26" WC="0.93" CONTENT="petitionen"/><SP WIDTH="14" VPOS="816" HPOS="541"/>
							<String ID="string_226" HPOS="555" VPOS="816" WIDTH="42" HEIGHT="21" WC="0.93" CONTENT="kan"/><SP WIDTH="11" VPOS="816" HPOS="597"/>
							<String ID="string_227" HPOS="608" VPOS="816" WIDTH="62" HEIGHT="22" WC="0.93" CONTENT="hafva"/><SP WIDTH="10" VPOS="816" HPOS="670"/>
							<String ID="string_228" HPOS="680" VPOS="814" WIDTH="112" HEIGHT="29" WC="0.93" CONTENT="praktiska"/><SP WIDTH="11" VPOS="814" HPOS="792"/>
							<String ID="string_229" HPOS="803" VPOS="815" WIDTH="76" HEIGHT="27" WC="0.89" CONTENT="följder"/><SP WIDTH="9" VPOS="815" HPOS="879"/>
							<String ID="string_230" HPOS="888" VPOS="816" WIDTH="51" HEIGHT="20" WC="0.96" CONTENT="utan"/><SP WIDTH="11" VPOS="816" HPOS="939"/>
							<String ID="string_231" HPOS="950" VPOS="816" WIDTH="32" HEIGHT="20" WC="0.96" CONTENT="att"/><SP WIDTH="11" VPOS="816" HPOS="982"/>
							<String ID="string_232" HPOS="993" VPOS="814" WIDTH="40" HEIGHT="21" WC="0.96" CONTENT="den"/>
						</TextLine>
						<TextLine ID="line_24" HPOS="203" VPOS="842" WIDTH="830" HEIGHT="29">
							<String ID="string_233" HPOS="203" VPOS="842" WIDTH="67" HEIGHT="20" WC="0.91" CONTENT="andra"/><SP WIDTH="23" VPOS="842" HPOS="270"/>
							<String ID="string_234" HPOS="293" VPOS="842" WIDTH="70" HEIGHT="22" WC="0.89" CONTENT="derför"/><SP WIDTH="22" VPOS="842" HPOS="363"/>
							<String ID="string_235" HPOS="385" VPOS="843" WIDTH="100" HEIGHT="22" WC="0.91" CONTENT="behöfver"/><SP WIDTH="22" VPOS="843" HPOS="485"/>
							<String ID="string_236" HPOS="507" VPOS="844" WIDTH="61" HEIGHT="22" WC="0.91" CONTENT="vinna"/><SP WIDTH="23" VPOS="844" HPOS="568"/>
							<String ID="string_237" HPOS="591" VPOS="844" WIDTH="59" HEIGHT="22" WC="0.92" CONTENT="bifall"/><SP WIDTH="22" VPOS="844" HPOS="650"/>
							<String ID="string_238" HPOS="672" VPOS="846" WIDTH="13" HEIGHT="20" WC="0.93" CONTENT="&amp;"/><SP WIDTH="19" VPOS="846" HPOS="685"/>
							<String ID="string_239" HPOS="704" VPOS="844" WIDTH="67" HEIGHT="27" WC="0.96" CONTENT="högre"/><SP WIDTH="16" VPOS="844" HPOS="771"/>
							<String ID="string_240" HPOS="787" VPOS="846" WIDTH="40" HEIGHT="24" WC="0.96" CONTENT="ort,"/><SP WIDTH="17" VPOS="846" HPOS="827"/>
							<String ID="string_241" HPOS="844" VPOS="844" WIDTH="23" HEIGHT="20" WC="0.97" CONTENT="sä"/><SP WIDTH="14" VPOS="844" HPOS="867"/>
							<String ID="string_242" HPOS="881" VPOS="843" WIDTH="39" HEIGHT="21" WC="0.96" CONTENT="har"/><SP WIDTH="12" VPOS="843" HPOS="920"/>
							<String ID="string_243" HPOS="932" VPOS="843" WIDTH="37" HEIGHT="26" WC="0.96" CONTENT="jag"/><SP WIDTH="16" VPOS="843" HPOS="969"/>
							<String ID="string_244" HPOS="985" VPOS="842" WIDTH="48" HEIGHT="21" WC="0.96" CONTENT="med"/>
						</TextLine>
						<TextLine ID="line_25" HPOS="202" VPOS="869" WIDTH="831" HEIGHT="30">
							<String ID="string_245" HPOS="202" VPOS="869" WIDTH="99" HEIGHT="22" WC="0.91" CONTENT="afseende"/><SP WIDTH="23" VPOS="869" HPOS="301"/>
							<String ID="string_246" HPOS="324" VPOS="872" WIDTH="51" HEIGHT="21" WC="0.91" CONTENT="derä"/><SP WIDTH="23" VPOS="872" HPOS="375"/>
							<String ID="string_247" HPOS="398" VPOS="874" WIDTH="69" HEIGHT="19" WC="0.89" CONTENT="ansett"/><SP WIDTH="23" VPOS="874" HPOS="467"/>
							<String ID="string_248" HPOS="490" VPOS="873" WIDTH="128" HEIGHT="26" WC="0.92" CONTENT="petitionens"/><SP WIDTH="22" VPOS="873" HPOS="618"/>
							<String ID="string_249" HPOS="640" VPOS="873" WIDTH="140" HEIGHT="26" WC="0.92" CONTENT="formulering"/><SP WIDTH="19" VPOS="873" HPOS="780"/>
							<String ID="string_250" HPOS="799" VPOS="878" WIDTH="50" HEIGHT="15" WC="0.97" CONTENT="vara"/><SP WIDTH="15" VPOS="878" HPOS="849"/>
							<String ID="string_251" HPOS="864" VPOS="872" WIDTH="48" HEIGHT="20" WC="0.96" CONTENT="vida"/><SP WIDTH="14" VPOS="872" HPOS="912"/>
							<String ID="string_252" HPOS="926" VPOS="877" WIDTH="46" HEIGHT="15" WC="0.93" CONTENT="mer"/><SP WIDTH="14" VPOS="877" HPOS="972"/>
							<String ID="string_253" HPOS="986" VPOS="872" WIDTH="47" HEIGHT="19" WC="0.93" CONTENT="sak-"/>
						</TextLine>
						<TextLine ID="line_26" HPOS="202" VPOS="898" WIDTH="830" HEIGHT="27">
							<String ID="string_254" HPOS="202" VPOS="898" WIDTH="57" HEIGHT="27" WC="0.96" CONTENT="enlig"/><SP WIDTH="22" VPOS="898" HPOS="259"/>
							<String ID="string_255" HPOS="281" VPOS="901" WIDTH="27" HEIGHT="19" WC="0.93" CONTENT="än"/><SP WIDTH="23" VPOS="901" HPOS="308"/>
							<String ID="string_256" HPOS="331" VPOS="900" WIDTH="114" HEIGHT="22" WC="0.94" CONTENT="utskottets"/><SP WIDTH="23" VPOS="900" HPOS="445"/>
							<String ID="string_257" HPOS="468" VPOS="901" WIDTH="39" HEIGHT="21" WC="0.96" CONTENT="och"/><SP WIDTH="22" VPOS="901" HPOS="507"/>
							<String ID="string_258" HPOS="529" VPOS="908" WIDTH="58" HEIGHT="15" WC="0.92" CONTENT="mera"/><SP WIDTH="24" VPOS="908" HPOS="587"/>
							<String ID="string_259" HPOS="611" VPOS="901" WIDTH="232" HEIGHT="22" WC="0.41" CONTENT="ö&amp;fverensstämmande"/><SP WIDTH="16" VPOS="901" HPOS="843"/>
							<String ID="string_260" HPOS="859" VPOS="900" WIDTH="47" HEIGHT="21" WC="0.93" CONTENT="med"/><SP WIDTH="14" VPOS="900" HPOS="906"/>
							<String ID="string_261" HPOS="920" VPOS="899" WIDTH="56" HEIGHT="22" WC="0.96" CONTENT="hvad"/><SP WIDTH="16" VPOS="899" HPOS="976"/>
							<String ID="string_262" HPOS="992" VPOS="899" WIDTH="40" HEIGHT="21" WC="0.96" CONTENT="den"/>
						</TextLine>
						<TextLine ID="line_27" HPOS="202" VPOS="927" WIDTH="287" HEIGHT="28">
							<String ID="string_263" HPOS="202" VPOS="927" WIDTH="95" HEIGHT="26" WC="0.96" CONTENT="verkliga"/><SP WIDTH="15" VPOS="927" HPOS="297"/>
							<String ID="string_264" HPOS="312" VPOS="930" WIDTH="74" HEIGHT="25" WC="0.93" CONTENT="nyttan"/><SP WIDTH="15" VPOS="930" HPOS="386"/>
							<String ID="string_265" HPOS="401" VPOS="929" WIDTH="88" HEIGHT="22" WC="0.82" CONTENT="kräfver."/>
						</TextLine>
					</TextBlock>
					<TextBlock ID="block_3" HPOS="198" VPOS="955" WIDTH="835" HEIGHT="486">
						<TextLine ID="line_28" HPOS="272" VPOS="955" WIDTH="760" HEIGHT="30">
							<String ID="string_266" HPOS="272" VPOS="955" WIDTH="56" HEIGHT="22" WC="0.89" CONTENT="Frih."/><SP WIDTH="18" VPOS="955" HPOS="328"/>
							<String ID="string_267" HPOS="346" VPOS="957" WIDTH="98" HEIGHT="26" WC="0.96" CONTENT="Wrede,"/><SP WIDTH="17" VPOS="957" HPOS="444"/>
							<String ID="string_268" HPOS="461" VPOS="958" WIDTH="24" HEIGHT="21" WC="0.93" CONTENT="R."/><SP WIDTH="15" VPOS="958" HPOS="485"/>
							<String ID="string_269" HPOS="500" VPOS="959" WIDTH="35" HEIGHT="20" WC="0.92" CONTENT="A.:"/><SP WIDTH="11" VPOS="959" HPOS="535"/>
							<String ID="string_270" HPOS="546" VPOS="958" WIDTH="41" HEIGHT="27" WC="0.96" CONTENT="Jag"/><SP WIDTH="10" VPOS="958" HPOS="587"/>
							<String ID="string_271" HPOS="597" VPOS="959" WIDTH="43" HEIGHT="20" WC="0.95" CONTENT="kan"/><SP WIDTH="10" VPOS="959" HPOS="640"/>
							<String ID="string_272" HPOS="650" VPOS="958" WIDTH="46" HEIGHT="21" WC="0.96" CONTENT="icke"/><SP WIDTH="10" VPOS="958" HPOS="696"/>
							<String ID="string_273" HPOS="706" VPOS="959" WIDTH="57" HEIGHT="22" WC="0.96" CONTENT="neka"/><SP WIDTH="10" VPOS="959" HPOS="763"/>
							<String ID="string_274" HPOS="773" VPOS="960" WIDTH="33" HEIGHT="20" WC="0.97" CONTENT="att"/><SP WIDTH="11" VPOS="960" HPOS="806"/>
							<String ID="string_275" HPOS="817" VPOS="958" WIDTH="42" HEIGHT="21" WC="0.96" CONTENT="den"/><SP WIDTH="10" VPOS="958" HPOS="859"/>
							<String ID="string_276" HPOS="869" VPOS="956" WIDTH="21" HEIGHT="23" WC="0.96" CONTENT="af"/><SP WIDTH="9" VPOS="956" HPOS="890"/>
							<String ID="string_277" HPOS="899" VPOS="957" WIDTH="22" HEIGHT="20" WC="0.92" CONTENT="hr"/><SP WIDTH="7" VPOS="957" HPOS="921"/>
							<String ID="string_278" HPOS="928" VPOS="956" WIDTH="104" HEIGHT="27" WC="0.91" CONTENT="Pipping-"/>
						</TextLine>
						<TextLine ID="line_29" HPOS="201" VPOS="983" WIDTH="831" HEIGHT="30">
							<String ID="string_279" HPOS="201" VPOS="983" WIDTH="62" HEIGHT="22" WC="0.96" CONTENT="sköld"/><SP WIDTH="22" VPOS="983" HPOS="263"/>
							<String ID="string_280" HPOS="285" VPOS="985" WIDTH="76" HEIGHT="21" WC="0.96" CONTENT="väckta"/><SP WIDTH="22" VPOS="985" HPOS="361"/>
							<String ID="string_281" HPOS="383" VPOS="985" WIDTH="73" HEIGHT="28" WC="0.96" CONTENT="frågan"/><SP WIDTH="22" VPOS="985" HPOS="456"/>
							<String ID="string_282" HPOS="478" VPOS="987" WIDTH="41" HEIGHT="20" WC="0.93" CONTENT="kan"/><SP WIDTH="16" VPOS="987" HPOS="519"/>
							<String ID="string_283" HPOS="535" VPOS="987" WIDTH="61" HEIGHT="21" WC="0.96" CONTENT="hafva"/><SP WIDTH="16" VPOS="987" HPOS="596"/>
							<String ID="string_284" HPOS="612" VPOS="993" WIDTH="26" HEIGHT="15" WC="0.97" CONTENT="en"/><SP WIDTH="15" VPOS="993" HPOS="638"/>
							<String ID="string_285" HPOS="653" VPOS="988" WIDTH="81" HEIGHT="25" WC="0.96" CONTENT="ganska"/><SP WIDTH="15" VPOS="988" HPOS="734"/>
							<String ID="string_286" HPOS="749" VPOS="990" WIDTH="47" HEIGHT="21" WC="0.96" CONTENT="stor"/><SP WIDTH="15" VPOS="990" HPOS="796"/>
							<String ID="string_287" HPOS="811" VPOS="985" WIDTH="115" HEIGHT="28" WC="0.96" CONTENT="betydelse,"/><SP WIDTH="16" VPOS="985" HPOS="926"/>
							<String ID="string_288" HPOS="942" VPOS="991" WIDTH="48" HEIGHT="15" WC="0.96" CONTENT="men"/><SP WIDTH="16" VPOS="991" HPOS="990"/>
							<String ID="string_289" HPOS="1006" VPOS="985" WIDTH="26" HEIGHT="20" WC="0.96" CONTENT="dä"/>
						</TextLine>
						<TextLine ID="line_30" HPOS="201" VPOS="1012" WIDTH="832" HEIGHT="28">
							<String ID="string_290" HPOS="201" VPOS="1012" WIDTH="149" HEIGHT="28" WC="0.92" CONTENT="petitionären,"/><SP WIDTH="16" VPOS="1012" HPOS="350"/>
							<String ID="string_291" HPOS="366" VPOS="1014" WIDTH="25" HEIGHT="21" WC="0.96" CONTENT="hr"/><SP WIDTH="15" VPOS="1014" HPOS="391"/>
							<String ID="string_292" HPOS="406" VPOS="1015" WIDTH="92" HEIGHT="25" WC="0.93" CONTENT="Donner,"/><SP WIDTH="16" VPOS="1015" HPOS="498"/>
							<String ID="string_293" HPOS="514" VPOS="1015" WIDTH="45" HEIGHT="22" WC="0.92" CONTENT="icke"/><SP WIDTH="16" VPOS="1015" HPOS="559"/>
							<String ID="string_294" HPOS="575" VPOS="1015" WIDTH="7" HEIGHT="21" WC="0.96" CONTENT="i"/><SP WIDTH="15" VPOS="1015" HPOS="582"/>
							<String ID="string_295" HPOS="597" VPOS="1016" WIDTH="38" HEIGHT="21" WC="0.96" CONTENT="sitt"/><SP WIDTH="15" VPOS="1016" HPOS="635"/>
							<String ID="string_296" HPOS="650" VPOS="1016" WIDTH="110" HEIGHT="22" WC="0.84" CONTENT="memorial"/><SP WIDTH="16" VPOS="1016" HPOS="760"/>
							<String ID="string_297" HPOS="776" VPOS="1015" WIDTH="79" HEIGHT="22" WC="0.92" CONTENT="uttalat"/><SP WIDTH="15" VPOS="1015" HPOS="855"/>
							<String ID="string_298" HPOS="870" VPOS="1015" WIDTH="68" HEIGHT="25" WC="0.92" CONTENT="nägon"/><SP WIDTH="14" VPOS="1015" HPOS="938"/>
							<String ID="string_299" HPOS="952" VPOS="1013" WIDTH="81" HEIGHT="21" WC="0.93" CONTENT="önskan"/>
						</TextLine>
						<TextLine ID="line_31" HPOS="202" VPOS="1040" WIDTH="831" HEIGHT="32">
							<String ID="string_300" HPOS="202" VPOS="1040" WIDTH="80" HEIGHT="26" WC="0.91" CONTENT="derom,"/><SP WIDTH="23" VPOS="1040" HPOS="282"/>
							<String ID="string_301" HPOS="305" VPOS="1041" WIDTH="40" HEIGHT="22" WC="0.93" CONTENT="har"/><SP WIDTH="22" VPOS="1041" HPOS="345"/>
							<String ID="string_302" HPOS="367" VPOS="1042" WIDTH="140" HEIGHT="27" WC="0.92" CONTENT="lagutskottet"/><SP WIDTH="21" VPOS="1042" HPOS="507"/>
							<String ID="string_303" HPOS="528" VPOS="1044" WIDTH="47" HEIGHT="21" WC="0.92" CONTENT="icke"/><SP WIDTH="22" VPOS="1044" HPOS="575"/>
							<String ID="string_304" HPOS="597" VPOS="1044" WIDTH="58" HEIGHT="21" WC="0.93" CONTENT="velat"/><SP WIDTH="21" VPOS="1044" HPOS="655"/>
							<String ID="string_305" HPOS="676" VPOS="1048" WIDTH="95" HEIGHT="24" WC="0.92" CONTENT="upptaga"/><SP WIDTH="24" VPOS="1048" HPOS="771"/>
							<String ID="string_306" HPOS="795" VPOS="1044" WIDTH="69" HEIGHT="21" WC="0.93" CONTENT="denna"/><SP WIDTH="14" VPOS="1044" HPOS="864"/>
							<String ID="string_307" HPOS="878" VPOS="1043" WIDTH="64" HEIGHT="26" WC="0.89" CONTENT="fräga,"/><SP WIDTH="17" VPOS="1043" HPOS="942"/>
							<String ID="string_308" HPOS="959" VPOS="1041" WIDTH="27" HEIGHT="22" WC="0.93" CONTENT="dä"/><SP WIDTH="14" VPOS="1041" HPOS="986"/>
							<String ID="string_309" HPOS="1000" VPOS="1043" WIDTH="33" HEIGHT="19" WC="0.93" CONTENT="ut-"/>
						</TextLine>
						<TextLine ID="line_32" HPOS="201" VPOS="1069" WIDTH="831" HEIGHT="31">
							<String ID="string_310" HPOS="201" VPOS="1069" WIDTH="82" HEIGHT="21" WC="0.92" CONTENT="skottet"/><SP WIDTH="23" VPOS="1069" HPOS="283"/>
							<String ID="string_311" HPOS="306" VPOS="1070" WIDTH="46" HEIGHT="21" WC="0.92" CONTENT="icke"/><SP WIDTH="23" VPOS="1070" HPOS="352"/>
							<String ID="string_312" HPOS="375" VPOS="1074" WIDTH="69" HEIGHT="19" WC="0.92" CONTENT="ansett"/><SP WIDTH="23" VPOS="1074" HPOS="444"/>
							<String ID="string_313" HPOS="467" VPOS="1072" WIDTH="35" HEIGHT="21" WC="0.92" CONTENT="det"/><SP WIDTH="23" VPOS="1072" HPOS="502"/>
							<String ID="string_314" HPOS="525" VPOS="1072" WIDTH="53" HEIGHT="21" WC="0.92" CONTENT="höra"/><SP WIDTH="23" VPOS="1072" HPOS="578"/>
							<String ID="string_315" HPOS="601" VPOS="1073" WIDTH="31" HEIGHT="20" WC="0.95" CONTENT="till"/><SP WIDTH="19" VPOS="1073" HPOS="632"/>
							<String ID="string_316" HPOS="651" VPOS="1073" WIDTH="37" HEIGHT="21" WC="0.92" CONTENT="sitt"/><SP WIDTH="15" VPOS="1073" HPOS="688"/>
							<String ID="string_317" HPOS="703" VPOS="1073" WIDTH="114" HEIGHT="27" WC="0.89" CONTENT="äliggande"/><SP WIDTH="15" VPOS="1073" HPOS="817"/>
							<String ID="string_318" HPOS="832" VPOS="1073" WIDTH="33" HEIGHT="20" WC="0.96" CONTENT="att"/><SP WIDTH="14" VPOS="1073" HPOS="865"/>
							<String ID="string_319" HPOS="879" VPOS="1071" WIDTH="85" HEIGHT="21" WC="0.96" CONTENT="komma"/><SP WIDTH="14" VPOS="1071" HPOS="964"/>
							<String ID="string_320" HPOS="978" VPOS="1069" WIDTH="54" HEIGHT="22" WC="0.97" CONTENT="fram"/>
						</TextLine>
						<TextLine ID="line_33" HPOS="201" VPOS="1097" WIDTH="832" HEIGHT="32">
							<String ID="string_321" HPOS="201" VPOS="1097" WIDTH="48" HEIGHT="22" WC="0.94" CONTENT="med"/><SP WIDTH="24" VPOS="1097" HPOS="249"/>
							<String ID="string_322" HPOS="273" VPOS="1105" WIDTH="40" HEIGHT="20" WC="0.92" CONTENT="nya"/><SP WIDTH="23" VPOS="1105" HPOS="313"/>
							<String ID="string_323" HPOS="336" VPOS="1100" WIDTH="156" HEIGHT="27" WC="0.63" CONTENT="önskningsmäl"/><SP WIDTH="23" VPOS="1100" HPOS="492"/>
							<String ID="string_324" HPOS="515" VPOS="1107" WIDTH="45" HEIGHT="15" WC="0.93" CONTENT="som"/><SP WIDTH="23" VPOS="1107" HPOS="560"/>
							<String ID="string_325" HPOS="583" VPOS="1101" WIDTH="46" HEIGHT="21" WC="0.95" CONTENT="icke"/><SP WIDTH="24" VPOS="1101" HPOS="629"/>
							<String ID="string_326" HPOS="653" VPOS="1101" WIDTH="22" HEIGHT="21" WC="0.93" CONTENT="af"/><SP WIDTH="21" VPOS="1101" HPOS="675"/>
							<String ID="string_327" HPOS="696" VPOS="1102" WIDTH="169" HEIGHT="27" WC="0.92" CONTENT="petitionärerne"/><SP WIDTH="23" VPOS="1102" HPOS="865"/>
							<String ID="string_328" HPOS="888" VPOS="1099" WIDTH="68" HEIGHT="21" WC="0.93" CONTENT="blifvit"/><SP WIDTH="14" VPOS="1099" HPOS="956"/>
							<String ID="string_329" HPOS="970" VPOS="1098" WIDTH="63" HEIGHT="21" WC="0.93" CONTENT="fram-"/>
						</TextLine>
						<TextLine ID="line_34" HPOS="202" VPOS="1125" WIDTH="830" HEIGHT="31">
							<String ID="string_330" HPOS="202" VPOS="1125" WIDTH="79" HEIGHT="22" WC="0.84" CONTENT="hållna."/><SP WIDTH="31" VPOS="1125" HPOS="281"/>
							<String ID="string_331" HPOS="312" VPOS="1127" WIDTH="38" HEIGHT="22" WC="0.93" CONTENT="Ett"/><SP WIDTH="22" VPOS="1127" HPOS="350"/>
							<String ID="string_332" HPOS="372" VPOS="1129" WIDTH="75" HEIGHT="21" WC="0.96" CONTENT="sådant"/><SP WIDTH="22" VPOS="1129" HPOS="447"/>
							<String ID="string_333" HPOS="469" VPOS="1129" WIDTH="73" HEIGHT="27" WC="0.96" CONTENT="tillägg"/><SP WIDTH="20" VPOS="1129" HPOS="542"/>
							<String ID="string_334" HPOS="562" VPOS="1131" WIDTH="24" HEIGHT="19" WC="0.96" CONTENT="är"/><SP WIDTH="16" VPOS="1131" HPOS="586"/>
							<String ID="string_335" HPOS="602" VPOS="1130" WIDTH="108" HEIGHT="21" WC="0.96" CONTENT="dessutom"/><SP WIDTH="16" VPOS="1130" HPOS="710"/>
							<String ID="string_336" HPOS="726" VPOS="1130" WIDTH="22" HEIGHT="21" WC="0.97" CONTENT="af"/><SP WIDTH="15" VPOS="1130" HPOS="748"/>
							<String ID="string_337" HPOS="763" VPOS="1130" WIDTH="42" HEIGHT="21" WC="0.93" CONTENT="den"/><SP WIDTH="16" VPOS="1130" HPOS="805"/>
							<String ID="string_338" HPOS="821" VPOS="1127" WIDTH="113" HEIGHT="27" WC="0.96" CONTENT="anledning"/><SP WIDTH="13" VPOS="1127" HPOS="934"/>
							<String ID="string_339" HPOS="947" VPOS="1127" WIDTH="47" HEIGHT="21" WC="0.96" CONTENT="icke"/><SP WIDTH="15" VPOS="1127" HPOS="994"/>
							<String ID="string_340" HPOS="1009" VPOS="1127" WIDTH="23" HEIGHT="21" WC="0.96" CONTENT="sä"/>
						</TextLine>
						<TextLine ID="line_35" HPOS="201" VPOS="1154" WIDTH="831" HEIGHT="31">
							<String ID="string_341" HPOS="201" VPOS="1154" WIDTH="138" HEIGHT="28" WC="0.96" CONTENT="nödvändigt,"/><SP WIDTH="24" VPOS="1154" HPOS="339"/>
							<String ID="string_342" HPOS="363" VPOS="1159" WIDTH="31" HEIGHT="19" WC="0.93" CONTENT="att"/><SP WIDTH="23" VPOS="1159" HPOS="394"/>
							<String ID="string_343" HPOS="417" VPOS="1158" WIDTH="112" HEIGHT="21" WC="0.95" CONTENT="ständerna"/><SP WIDTH="22" VPOS="1158" HPOS="529"/>
							<String ID="string_344" HPOS="551" VPOS="1159" WIDTH="27" HEIGHT="26" WC="0.95" CONTENT="pä"/><SP WIDTH="23" VPOS="1159" HPOS="578"/>
							<String ID="string_345" HPOS="601" VPOS="1158" WIDTH="69" HEIGHT="27" WC="0.95" CONTENT="grund"/><SP WIDTH="23" VPOS="1158" HPOS="670"/>
							<String ID="string_346" HPOS="693" VPOS="1159" WIDTH="23" HEIGHT="20" WC="0.95" CONTENT="af"/><SP WIDTH="20" VPOS="1159" HPOS="716"/>
							<String ID="string_347" HPOS="736" VPOS="1159" WIDTH="29" HEIGHT="21" WC="0.64" CONTENT="40"/><SP WIDTH="16" VPOS="1159" HPOS="765"/>
							<String ID="string_348" HPOS="781" VPOS="1158" WIDTH="12" HEIGHT="27" WC="0.79" CONTENT="$"/><SP WIDTH="16" VPOS="1158" HPOS="793"/>
							<String ID="string_349" HPOS="809" VPOS="1157" WIDTH="46" HEIGHT="22" WC="0.0" CONTENT="il."/><SP WIDTH="17" VPOS="1157" HPOS="855"/>
							<String ID="string_350" HPOS="872" VPOS="1157" WIDTH="23" HEIGHT="21" WC="0.92" CONTENT="O."/><SP WIDTH="17" VPOS="1157" HPOS="895"/>
							<String ID="string_351" HPOS="912" VPOS="1155" WIDTH="62" HEIGHT="23" WC="0.96" CONTENT="hafva"/><SP WIDTH="15" VPOS="1155" HPOS="974"/>
							<String ID="string_352" HPOS="989" VPOS="1157" WIDTH="43" HEIGHT="19" WC="0.96" CONTENT="rätt"/>
						</TextLine>
						<TextLine ID="line_36" HPOS="201" VPOS="1183" WIDTH="831" HEIGHT="31">
							<String ID="string_353" HPOS="201" VPOS="1184" WIDTH="33" HEIGHT="30" WC="0.95" CONTENT="att"/><SP WIDTH="23" VPOS="1184" HPOS="234"/>
							<String ID="string_354" HPOS="257" VPOS="1183" WIDTH="23" HEIGHT="21" WC="0.95" CONTENT="af"/><SP WIDTH="20" VPOS="1183" HPOS="280"/>
							<String ID="string_355" HPOS="300" VPOS="1187" WIDTH="81" HEIGHT="19" WC="0.93" CONTENT="statens"/><SP WIDTH="15" VPOS="1187" HPOS="381"/>
							<String ID="string_356" HPOS="396" VPOS="1186" WIDTH="132" HEIGHT="21" WC="0.93" CONTENT="embetsverk"/><SP WIDTH="15" VPOS="1186" HPOS="528"/>
							<String ID="string_357" HPOS="543" VPOS="1187" WIDTH="52" HEIGHT="20" WC="0.92" CONTENT="äska"/><SP WIDTH="16" VPOS="1187" HPOS="595"/>
							<String ID="string_358" HPOS="611" VPOS="1187" WIDTH="26" HEIGHT="20" WC="0.93" CONTENT="de"/><SP WIDTH="15" VPOS="1187" HPOS="637"/>
							<String ID="string_359" HPOS="652" VPOS="1187" WIDTH="103" HEIGHT="27" WC="0.90" CONTENT="muntliga"/><SP WIDTH="20" VPOS="1187" HPOS="755"/>
							<String ID="string_360" HPOS="775" VPOS="1186" WIDTH="38" HEIGHT="21" WC="0.96" CONTENT="och"/><SP WIDTH="17" VPOS="1186" HPOS="813"/>
							<String ID="string_361" HPOS="830" VPOS="1185" WIDTH="103" HEIGHT="26" WC="0.71" CONTENT="skriftliga"/><SP WIDTH="15" VPOS="1185" HPOS="933"/>
							<String ID="string_362" HPOS="948" VPOS="1183" WIDTH="84" HEIGHT="28" WC="0.92" CONTENT="upplys-"/>
						</TextLine>
						<TextLine ID="line_37" HPOS="201" VPOS="1213" WIDTH="831" HEIGHT="28">
							<String ID="string_363" HPOS="201" VPOS="1217" WIDTH="82" HEIGHT="21" WC="0.96" CONTENT="ningar,"/><SP WIDTH="24" VPOS="1217" HPOS="283"/>
							<String ID="string_364" HPOS="307" VPOS="1219" WIDTH="44" HEIGHT="15" WC="0.96" CONTENT="som"/><SP WIDTH="22" VPOS="1219" HPOS="351"/>
							<String ID="string_365" HPOS="373" VPOS="1214" WIDTH="26" HEIGHT="21" WC="0.93" CONTENT="de"/><SP WIDTH="15" VPOS="1214" HPOS="399"/>
							<String ID="string_366" HPOS="414" VPOS="1221" WIDTH="49" HEIGHT="14" WC="0.93" CONTENT="anse"/><SP WIDTH="15" VPOS="1221" HPOS="463"/>
							<String ID="string_367" HPOS="478" VPOS="1214" WIDTH="111" HEIGHT="27" WC="0.90" CONTENT="behöfliga."/><SP WIDTH="32" VPOS="1214" HPOS="589"/>
							<String ID="string_368" HPOS="621" VPOS="1215" WIDTH="49" HEIGHT="21" WC="0.93" CONTENT="Med"/><SP WIDTH="16" VPOS="1215" HPOS="670"/>
							<String ID="string_369" HPOS="686" VPOS="1215" WIDTH="115" HEIGHT="26" WC="0.96" CONTENT="anledning"/><SP WIDTH="15" VPOS="1215" HPOS="801"/>
							<String ID="string_370" HPOS="816" VPOS="1215" WIDTH="47" HEIGHT="21" WC="0.96" CONTENT="åter"/><SP WIDTH="16" VPOS="1215" HPOS="863"/>
							<String ID="string_371" HPOS="879" VPOS="1213" WIDTH="21" HEIGHT="22" WC="0.96" CONTENT="af"/><SP WIDTH="14" VPOS="1213" HPOS="900"/>
							<String ID="string_372" HPOS="914" VPOS="1214" WIDTH="26" HEIGHT="20" WC="0.93" CONTENT="hr"/><SP WIDTH="14" VPOS="1214" HPOS="940"/>
							<String ID="string_373" HPOS="954" VPOS="1213" WIDTH="78" HEIGHT="21" WC="0.93" CONTENT="Schau-"/>
						</TextLine>
						<TextLine ID="line_38" HPOS="200" VPOS="1241" WIDTH="832" HEIGHT="29">
							<String ID="string_374" HPOS="200" VPOS="1245" WIDTH="61" HEIGHT="16" WC="0.92" CONTENT="mans"/><SP WIDTH="22" VPOS="1245" HPOS="261"/>
							<String ID="string_375" HPOS="283" VPOS="1241" WIDTH="52" HEIGHT="22" WC="0.93" CONTENT="sista"/><SP WIDTH="22" VPOS="1241" HPOS="335"/>
							<String ID="string_376" HPOS="357" VPOS="1243" WIDTH="97" HEIGHT="26" WC="0.92" CONTENT="yttrande"/><SP WIDTH="22" VPOS="1243" HPOS="454"/>
							<String ID="string_377" HPOS="476" VPOS="1243" WIDTH="35" HEIGHT="21" WC="0.97" CONTENT="vill"/><SP WIDTH="19" VPOS="1243" HPOS="511"/>
							<String ID="string_378" HPOS="530" VPOS="1244" WIDTH="37" HEIGHT="26" WC="0.96" CONTENT="jag"/><SP WIDTH="23" VPOS="1244" HPOS="567"/>
							<String ID="string_379" HPOS="590" VPOS="1245" WIDTH="57" HEIGHT="20" WC="0.93" CONTENT="ännu"/><SP WIDTH="15" VPOS="1245" HPOS="647"/>
							<String ID="string_380" HPOS="662" VPOS="1243" WIDTH="56" HEIGHT="22" WC="0.93" CONTENT="blott"/><SP WIDTH="15" VPOS="1243" HPOS="718"/>
							<String ID="string_381" HPOS="733" VPOS="1243" WIDTH="123" HEIGHT="26" WC="0.91" CONTENT="korteligen"/><SP WIDTH="15" VPOS="1243" HPOS="856"/>
							<String ID="string_382" HPOS="871" VPOS="1241" WIDTH="83" HEIGHT="28" WC="0.92" CONTENT="päpeka"/><SP WIDTH="14" VPOS="1241" HPOS="954"/>
							<String ID="string_383" HPOS="968" VPOS="1241" WIDTH="64" HEIGHT="21" WC="0.93" CONTENT="huru-"/>
						</TextLine>
						<TextLine ID="line_39" HPOS="199" VPOS="1269" WIDTH="833" HEIGHT="30">
							<String ID="string_384" HPOS="199" VPOS="1273" WIDTH="46" HEIGHT="16" WC="0.96" CONTENT="som"/><SP WIDTH="24" VPOS="1273" HPOS="245"/>
							<String ID="string_385" HPOS="269" VPOS="1269" WIDTH="36" HEIGHT="22" WC="0.93" CONTENT="det"/><SP WIDTH="25" VPOS="1269" HPOS="305"/>
							<String ID="string_386" HPOS="330" VPOS="1277" WIDTH="61" HEIGHT="20" WC="0.92" CONTENT="synes"/><SP WIDTH="23" VPOS="1277" HPOS="391"/>
							<String ID="string_387" HPOS="414" VPOS="1277" WIDTH="49" HEIGHT="15" WC="0.93" CONTENT="vara"/><SP WIDTH="22" VPOS="1277" HPOS="463"/>
							<String ID="string_388" HPOS="485" VPOS="1272" WIDTH="46" HEIGHT="21" WC="0.92" CONTENT="icke"/><SP WIDTH="16" VPOS="1272" HPOS="531"/>
							<String ID="string_389" HPOS="547" VPOS="1272" WIDTH="56" HEIGHT="21" WC="0.93" CONTENT="blott"/><SP WIDTH="14" VPOS="1272" HPOS="603"/>
							<String ID="string_390" HPOS="617" VPOS="1272" WIDTH="157" HEIGHT="27" WC="0.92" CONTENT="inkonsegvent"/><SP WIDTH="15" VPOS="1272" HPOS="774"/>
							<String ID="string_391" HPOS="789" VPOS="1274" WIDTH="53" HEIGHT="19" WC="0.93" CONTENT="utan"/><SP WIDTH="15" VPOS="1274" HPOS="842"/>
							<String ID="string_392" HPOS="857" VPOS="1270" WIDTH="116" HEIGHT="27" WC="0.92" CONTENT="olämpligt,"/><SP WIDTH="16" VPOS="1270" HPOS="973"/>
							<String ID="string_393" HPOS="989" VPOS="1270" WIDTH="43" HEIGHT="20" WC="0.92" CONTENT="mä-"/>
						</TextLine>
						<TextLine ID="line_40" HPOS="200" VPOS="1295" WIDTH="832" HEIGHT="31">
							<String ID="string_394" HPOS="200" VPOS="1295" WIDTH="71" HEIGHT="23" WC="0.93" CONTENT="hända"/><SP WIDTH="22" VPOS="1295" HPOS="271"/>
							<String ID="string_395" HPOS="293" VPOS="1300" WIDTH="14" HEIGHT="19" WC="0.92" CONTENT="t"/><SP WIDTH="26" VPOS="1300" HPOS="307"/>
							<String ID="string_396" HPOS="333" VPOS="1305" WIDTH="17" HEIGHT="15" WC="0.73" CONTENT="o."/><SP WIDTH="25" VPOS="1305" HPOS="350"/>
							<String ID="string_397" HPOS="375" VPOS="1306" WIDTH="26" HEIGHT="14" WC="0.93" CONTENT="m."/><SP WIDTH="24" VPOS="1306" HPOS="401"/>
							<String ID="string_398" HPOS="425" VPOS="1300" WIDTH="96" HEIGHT="21" WC="0.96" CONTENT="orättvist"/><SP WIDTH="22" VPOS="1300" HPOS="521"/>
							<String ID="string_399" HPOS="543" VPOS="1303" WIDTH="32" HEIGHT="18" WC="0.93" CONTENT="att"/><SP WIDTH="18" VPOS="1303" HPOS="575"/>
							<String ID="string_400" HPOS="593" VPOS="1301" WIDTH="115" HEIGHT="21" WC="0.96" CONTENT="ständerna"/><SP WIDTH="15" VPOS="1301" HPOS="708"/>
							<String ID="string_401" HPOS="723" VPOS="1300" WIDTH="70" HEIGHT="22" WC="0.93" CONTENT="skulle"/><SP WIDTH="16" VPOS="1300" HPOS="793"/>
							<String ID="string_402" HPOS="809" VPOS="1300" WIDTH="79" HEIGHT="26" WC="0.96" CONTENT="begära"/><SP WIDTH="15" VPOS="1300" HPOS="888"/>
							<String ID="string_403" HPOS="903" VPOS="1305" WIDTH="25" HEIGHT="15" WC="0.93" CONTENT="en"/><SP WIDTH="16" VPOS="1305" HPOS="928"/>
							<String ID="string_404" HPOS="944" VPOS="1297" WIDTH="88" HEIGHT="26" WC="0.93" CONTENT="redogö-"/>
						</TextLine>
						<TextLine ID="line_41" HPOS="199" VPOS="1324" WIDTH="831" HEIGHT="32">
							<String ID="string_405" HPOS="199" VPOS="1324" WIDTH="55" HEIGHT="22" WC="0.93" CONTENT="relse"/><SP WIDTH="23" VPOS="1324" HPOS="254"/>
							<String ID="string_406" HPOS="277" VPOS="1326" WIDTH="23" HEIGHT="21" WC="0.96" CONTENT="af"/><SP WIDTH="21" VPOS="1326" HPOS="300"/>
							<String ID="string_407" HPOS="321" VPOS="1333" WIDTH="25" HEIGHT="15" WC="0.96" CONTENT="en"/><SP WIDTH="24" VPOS="1333" HPOS="346"/>
							<String ID="string_408" HPOS="370" VPOS="1328" WIDTH="33" HEIGHT="20" WC="0.96" CONTENT="del"/><SP WIDTH="18" VPOS="1328" HPOS="403"/>
							<String ID="string_409" HPOS="421" VPOS="1328" WIDTH="22" HEIGHT="21" WC="0.96" CONTENT="af"/><SP WIDTH="13" VPOS="1328" HPOS="443"/>
							<String ID="string_410" HPOS="456" VPOS="1328" WIDTH="58" HEIGHT="21" WC="0.93" CONTENT="Hans"/><SP WIDTH="16" VPOS="1328" HPOS="514"/>
							<String ID="string_411" HPOS="530" VPOS="1328" WIDTH="111" HEIGHT="27" WC="0.91" CONTENT="Majestäts"/><SP WIDTH="15" VPOS="1328" HPOS="641"/>
							<String ID="string_412" HPOS="656" VPOS="1329" WIDTH="128" HEIGHT="27" WC="0.93" CONTENT="rädgifvare,"/><SP WIDTH="16" VPOS="1329" HPOS="784"/>
							<String ID="string_413" HPOS="800" VPOS="1328" WIDTH="33" HEIGHT="21" WC="0.96" CONTENT="för"/><SP WIDTH="16" VPOS="1328" HPOS="833"/>
							<String ID="string_414" HPOS="849" VPOS="1328" WIDTH="60" HEIGHT="21" WC="0.93" CONTENT="deras"/><SP WIDTH="15" VPOS="1328" HPOS="909"/>
							<String ID="string_415" HPOS="924" VPOS="1326" WIDTH="106" HEIGHT="26" WC="0.93" CONTENT="ätgärder,"/>
						</TextLine>
						<TextLine ID="line_42" HPOS="199" VPOS="1353" WIDTH="833" HEIGHT="31">
							<String ID="string_416" HPOS="199" VPOS="1355" WIDTH="52" HEIGHT="19" WC="0.96" CONTENT="utan"/><SP WIDTH="23" VPOS="1355" HPOS="251"/>
							<String ID="string_417" HPOS="274" VPOS="1357" WIDTH="32" HEIGHT="19" WC="0.93" CONTENT="att"/><SP WIDTH="18" VPOS="1357" HPOS="306"/>
							<String ID="string_418" HPOS="324" VPOS="1356" WIDTH="68" HEIGHT="21" WC="0.88" CONTENT="tillika"/><SP WIDTH="17" VPOS="1356" HPOS="392"/>
							<String ID="string_419" HPOS="409" VPOS="1356" WIDTH="54" HEIGHT="27" WC="0.92" CONTENT="gifva"/><SP WIDTH="16" VPOS="1356" HPOS="463"/>
							<String ID="string_420" HPOS="479" VPOS="1357" WIDTH="46" HEIGHT="21" WC="0.93" CONTENT="dem"/><SP WIDTH="16" VPOS="1357" HPOS="525"/>
							<String ID="string_421" HPOS="541" VPOS="1357" WIDTH="104" HEIGHT="26" WC="0.93" CONTENT="rättighet"/><SP WIDTH="15" VPOS="1357" HPOS="645"/>
							<String ID="string_422" HPOS="660" VPOS="1359" WIDTH="32" HEIGHT="19" WC="0.95" CONTENT="att"/><SP WIDTH="14" VPOS="1359" HPOS="692"/>
							<String ID="string_423" HPOS="706" VPOS="1358" WIDTH="57" HEIGHT="20" WC="0.93" CONTENT="inför"/><SP WIDTH="16" VPOS="1358" HPOS="763"/>
							<String ID="string_424" HPOS="779" VPOS="1355" WIDTH="197" HEIGHT="29" WC="0.93" CONTENT="representationen"/><SP WIDTH="15" VPOS="1355" HPOS="976"/>
							<String ID="string_425" HPOS="991" VPOS="1353" WIDTH="41" HEIGHT="22" WC="0.92" CONTENT="för-"/>
						</TextLine>
						<TextLine ID="line_43" HPOS="198" VPOS="1383" WIDTH="834" HEIGHT="30">
							<String ID="string_426" HPOS="198" VPOS="1386" WIDTH="63" HEIGHT="17" WC="0.77" CONTENT="svara"/><SP WIDTH="22" VPOS="1386" HPOS="261"/>
							<String ID="string_427" HPOS="283" VPOS="1384" WIDTH="62" HEIGHT="21" WC="0.93" CONTENT="dessa"/><SP WIDTH="21" VPOS="1384" HPOS="345"/>
							<String ID="string_428" HPOS="366" VPOS="1385" WIDTH="105" HEIGHT="26" WC="0.96" CONTENT="åtgärder."/><SP WIDTH="30" VPOS="1385" HPOS="471"/>
							<String ID="string_429" HPOS="501" VPOS="1385" WIDTH="65" HEIGHT="21" WC="0.96" CONTENT="Detta"/><SP WIDTH="23" VPOS="1385" HPOS="566"/>
							<String ID="string_430" HPOS="589" VPOS="1388" WIDTH="24" HEIGHT="19" WC="0.95" CONTENT="är"/><SP WIDTH="23" VPOS="1388" HPOS="613"/>
							<String ID="string_431" HPOS="636" VPOS="1392" WIDTH="25" HEIGHT="15" WC="0.93" CONTENT="en"/><SP WIDTH="15" VPOS="1392" HPOS="661"/>
							<String ID="string_432" HPOS="676" VPOS="1386" WIDTH="106" HEIGHT="27" WC="0.96" CONTENT="rättighet"/><SP WIDTH="15" VPOS="1386" HPOS="782"/>
							<String ID="string_433" HPOS="797" VPOS="1391" WIDTH="47" HEIGHT="15" WC="0.97" CONTENT="som"/><SP WIDTH="16" VPOS="1391" HPOS="844"/>
							<String ID="string_434" HPOS="860" VPOS="1384" WIDTH="39" HEIGHT="22" WC="0.93" CONTENT="bör"/><SP WIDTH="14" VPOS="1384" HPOS="899"/>
							<String ID="string_435" HPOS="913" VPOS="1383" WIDTH="119" HEIGHT="22" WC="0.95" CONTENT="tillkomma"/>
						</TextLine>
						<TextLine ID="line_44" HPOS="199" VPOS="1409" WIDTH="559" HEIGHT="32">
							<String ID="string_436" HPOS="199" VPOS="1409" WIDTH="40" HEIGHT="21" WC="0.95" CONTENT="den"/><SP WIDTH="17" VPOS="1409" HPOS="239"/>
							<String ID="string_437" HPOS="256" VPOS="1417" WIDTH="38" HEIGHT="15" WC="0.93" CONTENT="ene"/><SP WIDTH="16" VPOS="1417" HPOS="294"/>
							<String ID="string_438" HPOS="310" VPOS="1412" WIDTH="133" HEIGHT="29" WC="0.92" CONTENT="rädglfvaren"/><SP WIDTH="14" VPOS="1412" HPOS="443"/>
							<String ID="string_439" HPOS="457" VPOS="1413" WIDTH="44" HEIGHT="21" WC="0.96" CONTENT="lika"/><SP WIDTH="16" VPOS="1413" HPOS="501"/>
							<String ID="string_440" HPOS="517" VPOS="1413" WIDTH="33" HEIGHT="22" WC="0.96" CONTENT="väl"/><SP WIDTH="16" VPOS="1413" HPOS="550"/>
							<String ID="string_441" HPOS="566" VPOS="1420" WIDTH="45" HEIGHT="15" WC="0.97" CONTENT="som"/><SP WIDTH="17" VPOS="1420" HPOS="611"/>
							<String ID="string_442" HPOS="628" VPOS="1414" WIDTH="40" HEIGHT="21" WC="0.96" CONTENT="den"/><SP WIDTH="16" VPOS="1414" HPOS="668"/>
							<String ID="string_443" HPOS="684" VPOS="1415" WIDTH="74" HEIGHT="20" WC="0.96" CONTENT="andra."/>
						</TextLine>
					</TextBlock>
				</ComposedBlock>
				<ComposedBlock ID="cblock_2" HPOS="197" VPOS="1467" WIDTH="846" HEIGHT="58">
					<TextBlock ID="block_4" HPOS="197" VPOS="1467" WIDTH="846" HEIGHT="58">
						<TextLine ID="line_45" HPOS="213" VPOS="1467" WIDTH="830" HEIGHT="31">
							<String ID="string_444" HPOS="213" VPOS="1495" WIDTH="5" HEIGHT="3" WC="0.58" CONTENT="="/><SP WIDTH="30" VPOS="1495" HPOS="218"/>
							<String ID="string_445" HPOS="248" VPOS="1463" WIDTH="10" HEIGHT="39" WC="0.0" CONTENT="="/><SP WIDTH="9" VPOS="1463" HPOS="258"/>
							<String ID="string_446" HPOS="267" VPOS="1467" WIDTH="34" HEIGHT="22" WC="0.0" CONTENT="Dä"/><SP WIDTH="15" VPOS="1467" HPOS="301"/>
							<String ID="string_447" HPOS="316" VPOS="1467" WIDTH="94" HEIGHT="23" WC="0.92" CONTENT="hvarken"/><SP WIDTH="15" VPOS="1467" HPOS="410"/>
							<String ID="string_448" HPOS="425" VPOS="1469" WIDTH="26" HEIGHT="22" WC="0.93" CONTENT="hr"/><SP WIDTH="14" VPOS="1469" HPOS="451"/>
							<String ID="string_449" HPOS="465" VPOS="1469" WIDTH="130" HEIGHT="22" WC="0.92" CONTENT="Schaumans"/><SP WIDTH="16" VPOS="1469" HPOS="595"/>
							<String ID="string_450" HPOS="611" VPOS="1469" WIDTH="52" HEIGHT="22" WC="0.95" CONTENT="eller"/><SP WIDTH="15" VPOS="1469" HPOS="663"/>
							<String ID="string_451" HPOS="678" VPOS="1470" WIDTH="26" HEIGHT="21" WC="0.93" CONTENT="hr"/><SP WIDTH="11" VPOS="1470" HPOS="704"/>
							<String ID="string_452" HPOS="715" VPOS="1469" WIDTH="167" HEIGHT="28" WC="0.93" CONTENT="Pippingskölds"/><SP WIDTH="10" VPOS="1469" HPOS="882"/>
							<String ID="string_453" HPOS="892" VPOS="1467" WIDTH="78" HEIGHT="27" WC="0.93" CONTENT="förslag"/><SP WIDTH="11" VPOS="1467" HPOS="970"/>
							<String ID="string_454" HPOS="981" VPOS="1473" WIDTH="62" HEIGHT="16" WC="0.66" CONTENT="vun-"/><SP WIDTH="-8" VPOS="1473" HPOS="1043"/>
							<String ID="string_455" HPOS="1035" VPOS="1463" WIDTH="11" HEIGHT="39" WC="0.63" CONTENT="-"/>
						</TextLine>
						<TextLine ID="line_46" HPOS="197" VPOS="1495" WIDTH="834" HEIGHT="30">
							<String ID="string_456" HPOS="197" VPOS="1496" WIDTH="32" HEIGHT="19" WC="0.95" CONTENT="nit"/><SP WIDTH="15" VPOS="1496" HPOS="229"/>
							<String ID="string_457" HPOS="244" VPOS="1496" WIDTH="123" HEIGHT="27" WC="0.93" CONTENT="understöd,"/><SP WIDTH="16" VPOS="1496" HPOS="367"/>
							<String ID="string_458" HPOS="383" VPOS="1497" WIDTH="118" HEIGHT="28" WC="0.96" CONTENT="tillfrågade"/><SP WIDTH="16" VPOS="1497" HPOS="501"/>
							<String ID="string_459" HPOS="517" VPOS="1499" WIDTH="25" HEIGHT="20" WC="0.93" CONTENT="hr"/><SP WIDTH="15" VPOS="1499" HPOS="542"/>
							<String ID="string_460" HPOS="557" VPOS="1498" WIDTH="198" HEIGHT="22" WC="0.92" CONTENT="landtmarskalken"/><SP WIDTH="15" VPOS="1498" HPOS="755"/>
							<String ID="string_461" HPOS="770" VPOS="1498" WIDTH="77" HEIGHT="21" WC="0.96" CONTENT="endast"/><SP WIDTH="10" VPOS="1498" HPOS="847"/>
							<String ID="string_462" HPOS="857" VPOS="1497" WIDTH="24" HEIGHT="22" WC="0.97" CONTENT="R."/><SP WIDTH="13" VPOS="1497" HPOS="881"/>
							<String ID="string_463" HPOS="894" VPOS="1503" WIDTH="18" HEIGHT="15" WC="0.93" CONTENT="o."/><SP WIDTH="12" VPOS="1503" HPOS="912"/>
							<String ID="string_464" HPOS="924" VPOS="1497" WIDTH="32" HEIGHT="26" WC="0.90" CONTENT="A.,"/><SP WIDTH="11" VPOS="1497" HPOS="956"/>
							<String ID="string_465" HPOS="967" VPOS="1495" WIDTH="64" HEIGHT="22" WC="0.93" CONTENT="huru-"/>
						</TextLine>
					</TextBlock>
				</ComposedBlock>
			</PrintSpace>
		</Page>
	</Layout>
</alto>
