1092 1709
209 130 64 26 1,210
483 130 16 18 R.
511 134 16 15 0.
540 130 17 19 A.
569 130 47 19 1885.
639 130 19 19 16
670 130 36 23 Haj.

180 198 83 29 tydelse
285 198 32 22 för
333 199 48 22 hela
396 200 48 21 vårt
458 200 56 26 land,
530 206 46 16 som
592 206 27 16 en
634 199 168 27 ändamålsenlig
816 199 53 22 vård
884 205 34 16 om
933 199 80 23 krono-

181 228 106 26 skogarne
308 227 93 28 innebär,
423 230 24 20 är
468 228 7 22 i
498 228 39 22 och
560 228 34 22 för
612 228 32 27 sig
660 230 32 20 ett
705 228 109 27 fullgiltigt
829 228 65 21 motiv
909 230 32 19 att
956 234 58 22 egna

181 257 63 21 dessa
259 256 77 26 skogar
351 256 39 22 den
405 257 52 21 vård
472 257 26 21 de
513 256 117 22 tillsvidare
645 257 75 26 tarfva,
736 257 34 21 för
784 258 32 20 att
832 256 26 22 de
871 256 6 21 i
888 263 26 15 en
924 256 87 23 framtid

181 285 36 22 må
238 284 73 21 kunna
331 284 61 27 gifva,
415 286 69 21 såsom
503 285 41 21 här
558 285 67 22 redan
640 285 40 22 har
694 285 134 26 framhållits,
844 291 26 15 en
885 285 81 22 kanske
980 291 32 16 nu

182 312 137 27 oberäknelig
339 313 98 27 inkomst,
460 313 39 22 och
515 313 39 28 jag
568 316 25 19 är
608 314 65 21 också
688 319 50 16 ense
754 313 72 22 derom
842 315 32 20 att
888 319 48 16 man
951 314 62 27 inga-

180 342 67 21 lunda
261 347 36 20 nu,
312 341 33 22 för
359 344 32 19 att
405 344 51 25 göra
471 342 145 27 besparingar,
632 342 40 21 bör
686 343 103 20 reducera
800 342 40 21 den
850 342 158 27 forstpersonal,

181 377 45 16 som
241 369 35 22 för
291 370 60 22 dessa
365 371 87 26 skogars
468 371 102 26 behöriga
584 371 52 22 vård
648 373 25 19 är
682 370 132 27 nödvändig;
826 370 80 21 kanske
917 372 94 20 tvärtom

180 405 89 16 sparare
289 398 41 22 öka
345 399 67 22 denna
426 399 105 27 personal.
562 399 50 22 Men
628 399 27 22 då
670 399 112 25 utskottet,
798 399 70 22 såsom
883 399 43 26 mig
940 405 71 21 synes,

180 427 84 22 mindre
279 427 39 21 har
332 427 55 27 gjort
402 434 25 15 en
443 427 140 28 anmärkning
597 427 82 27 härom,
694 430 27 19 än
736 427 96 28 uttryckt
846 428 39 21 den
897 427 112 28 ,förhopp-

180 456 51 27 ning
254 458 33 19 att
308 456 102 27 styrelsen
425 456 54 22 skall
495 456 52 22 söka
562 457 7 20 i
584 456 120 27 möjligaste
719 457 67 20 måtto
802 456 91 27 afhjelpa
908 456 26 21 de
949 456 61 22 miss-

179 484 154 27 förhållanden,
348 491 45 15 som
409 485 34 21 vid
457 485 185 27 kronoskogarnes
654 485 129 26 förvaltning
793 484 71 22 kunna
874 484 137 28 förefinnas*,

180 514 25 21 sä
224 519 62 21 synes
302 515 35 20 det
351 513 43 27 mig
409 515 32 20 att
456 513 59 22 detta
529 513 111 22 uttalande
656 513 88 22 alldeles
759 513 47 22 icke
821 514 45 21 stär
880 513 7 21 i
902 513 53 22 strid
971 519 39 16 ens

180 541 49 22 med
252 541 27 22 de
300 541 213 28 tillkännagifvanden
532 543 27 20 hr
574 541 105 23 Norrmen
695 542 39 21 här
748 542 40 21 har
802 541 64 28 gjort.
896 542 32 21 Hr
942 541 65 22 Norr-

180 570 48 22 men
251 570 40 21 har
313 570 46 27 sjelf
379 571 113 26 medgifvit,
516 572 33 20 att
567 571 120 22 inkomsten
703 571 46 21 från
765 570 173 27 kronoskogarne
953 571 57 21 varit

180 599 115 27 obetydlig,
318 599 45 26 och,
385 599 66 21 ehuru
464 599 36 27 jag
515 601 24 19 är
553 599 49 22 fullt
617 605 51 16 ense
683 606 34 15 om
733 601 33 20 att
781 599 40 21 den
836 599 99 27 möjligen
950 601 59 20 ännu

178 627 47 22 icke
240 627 41 22 har
294 627 81 22 kunnat
389 634 50 15 vara
453 627 127 22 nämnvärdt
595 629 75 25 större,
686 628 68 21 skulle
767 627 37 27 jag
819 627 64 22 likväl
899 627 66 22 önska
974 629 36 20 att.

179 656 60 21 detta
262 656 107 21 uttalande
391 657 35 20 mä
447 657 33 20 stä
498 662 58 21 gvar.
586 657 44 21 Det
648 659 24 18 är
687 657 81 21 mindre
784 663 27 14 en
826 656 139 27 anmärkning
979 658 29 20 än

178 684 121 22 uttalandet
314 684 21 22 af
349 687 31 19 ett
395 685 161 26 önskningsmäl.
572 697 29 3 —
616 685 82 22 Brister
708 685 40 22 och
758 684 202 27 missförhållanden,
972 691 37 15 om:

180 713 26 22 de
229 712 118 26 förefinnas,
365 713 52 21 böra
432 713 107 27 afhjelpas.
570 713 64 22 Hvad
649 713 101 22 beträffar
765 713 95 27 Nylands
875 713 75 21 kasern
967 713 41 22 och

178 741 145 22 kostnaderna
344 741 32 22 för
399 742 126 26 densamma,
545 743 25 20 sä
584 742 42 21 kan
639 742 38 27 jag
691 742 47 21 icke
754 744 65 19 annat
834 744 26 19 än
876 741 67 22 uttala
958 741 49 22 mitt

178 769 133 28 beklagande
327 770 59 21 deraf
399 772 32 19 att
446 770 73 21 härvid
535 773 35 24 egt
585 777 47 14 rum
648 773 32 19 ett
694 773 56 19 stort
760 770 80 26 slöseri,
851 776 75 21 genom
937 770 72 22 kolos-

178 798 45 22 sala
245 798 87 27 utgifter
353 799 70 21 hvilka
445 800 27 26 pä
491 799 54 21 intet
564 801 44 19 sätt
622 799 34 21 stä
671 799 7 20 i
693 799 129 21 konformit6
837 799 48 21 med
899 799 50 21 våra
964 798 41 22 för-

177 826 122 22 hällanden.
329 827 32 21 En
383 827 67 22 talare
473 827 38 22 har
526 827 106 26 anmärkt,
648 829 32 20 att
696 827 37 22 det
747 827 67 27 ligger
830 833 24 15 en
870 827 42 21 viss
927 827 81 26 böjelse

177 855 33 22 för
225 855 47 27 präl
288 856 39 21 och
341 855 83 27 fåfänga
439 856 38 21 hos
492 856 84 27 menige
591 862 49 15 man
656 855 22 22 af
695 856 36 21 det
745 855 69 22 finska
828 855 73 26 folket,
917 855 39 22 och
971 855 35 28 jag

178 884 107 21 erkänner
306 886 32 19 att
359 885 24 20 sä
399 885 60 20 torde
474 891 61 19 vara;
552 891 34 14 me
603 884 38 22 det
658 887 24 18 är
698 885 24 20 sä
737 885 87 26 mycket
840 883 115 28 sorgligare
970 890 37 15 om

177 912 104 27 styrelsen
304 913 27 26 pä
353 913 59 21 detta
433 915 48 23 sätt,
504 914 24 21 sä
550 914 33 20 att
602 915 56 24 säga,
674 912 67 27 gifver
756 913 76 26 näring
846 913 23 20 ät
884 914 31 20 ett
929 913 78 21 sädant

176 940 106 22 nationelt
296 941 48 27 lyte.
367 941 40 27 Jag
423 941 38 22 har
475 941 46 22 icke
536 941 68 22 heller
618 941 68 22 under
702 941 69 22 denna
781 941 59 22 afton
850 941 81 21 kunnat
941 940 64 23 blifva

176 969 125 27 öfvertygad
315 976 33 15 om
361 971 32 20 att
409 970 68 21 denna
491 972 59 19 stora
565 969 63 28 utgift
644 970 54 21 varit
713 969 129 27 nödvändig;
858 971 92 20 tvärtom
965 969 43 22 har

175 1004 50 15 man
247 997 76 27 anfört,
346 999 69 20 säsom
431 999 41 26 mig
487 1005 69 20 synes,
571 998 81 27 ganska
667 998 55 27 goda
738 998 46 21 skäl
798 997 34 22 för
848 998 40 21 den
902 997 55 27 äsigt
971 1000 36 19 att

176 1028 31 19 ett
222 1025 105 28 betydligt
345 1026 78 28 belopp
438 1027 62 21 häraf
513 1027 56 21 hade
584 1027 82 21 kunnat
681 1027 65 21 blifva
760 1026 143 27 inbesparadt,
919 1025 87 23 hvarför

172 1055 38 26 jag
232 1054 39 21 ber
293 1057 32 19 att
347 1055 20 21 fä
382 1055 111 22 instämma
508 1055 6 21 i
530 1055 117 22 utskottets
662 1055 136 22 betänkande
813 1055 7 20 i
836 1055 68 21 denna
920 1055 39 21 del.
977 1067 24 4 —

174 1082 137 23 Beträffande
333 1084 36 21 det
391 1083 22 22 af
433 1084 105 21 utskottet
561 1084 112 21 anmärkta
692 1083 148 28 besynnerliga
855 1083 148 25 förhällandet,

174 1113 33 20 att
222 1113 71 20 staten
307 1111 82 22 betalar
403 1115 61 19 ränta
479 1113 27 26 pä
521 1114 32 20 ett
568 1112 42 27 län,
625 1118 46 15 som
687 1112 23 21 af
723 1111 124 22 statsmedel
862 1111 94 27 utgifvits
971 1111 34 21 till

174 1141 33 20 ett
230 1139 92 22 enskildt
343 1140 69 27 bolag,
435 1141 24 21 sä
480 1141 39 21 ber
532 1141 38 26 jag
585 1142 33 20 att
632 1141 7 20 i
654 1140 42 22 alla
712 1141 60 21 delar
786 1140 21 21 få
822 1140 112 21 instämma
949 1140 6 21 i
970 1141 33 20 ut-

173 1169 94 21 skottets
281 1168 134 23 betänkande
431 1169 38 22 och
485 1169 84 26 önskar,
584 1169 8 21 i
607 1171 90 19 motsats
712 1171 46 19 mot
773 1169 66 26 nägra
854 1169 64 20 ärade
936 1168 69 22 talare

172 1197 46 26 här,
242 1199 33 19 att
297 1197 68 22 denna
388 1197 138 33 anmärkning
548 1198 35 21 mä
606 1198 92 26 gvarstä.
718 1209 30 4 —
765 1197 168 21 Vidkommande
949 1197 26 21 de
989 1197 14 21 &

172 1231 49 21 pag.
237 1225 14 21 6
267 1228 106 30 upptagna
389 1229 59 18 extra
462 1227 114 26 pensioner
590 1226 40 21 och
645 1225 197 27 nädebevisningar,
855 1226 23 20 sä
888 1226 67 21 mäste
966 1225 37 27 jag

171 1253 75 22 förena
269 1253 42 27 mig
333 1254 6 21 i
355 1254 30 23 hr
399 1255 82 21 Taubes
497 1254 110 21 uttalande
623 1255 83 25 derom;
724 1255 36 20 det
775 1256 39 24 gör
830 1253 111 27 onekligen
955 1253 49 22 icke

171 1283 66 26 nägot
260 1282 52 27 godt
329 1283 82 27 intryck
427 1285 31 19 att
473 1283 57 21 finna
545 1283 48 21 dem
608 1283 35 20 vid
659 1283 72 26 hvarje
746 1282 102 27 landtdag
863 1281 138 22 äterkomma.

171 1310 62 22 Efter
249 1311 36 21 det
300 1311 144 26 meddelande,
461 1317 44 16 som
520 1311 26 21 hr
562 1311 111 22 Molander
688 1313 72 20 ansett
774 1311 32 26 sig
821 1310 53 21 böra
889 1312 52 25 göra
955 1310 48 26 här,

170 1338 42 22 kan
233 1339 39 26 jag
291 1339 46 22 icke
352 1341 65 20 annat
432 1342 26 19 än
473 1339 32 22 för
520 1339 162 22 statsutskottet
696 1339 100 27 uttrycka
812 1339 42 21 min
870 1338 131 22 tacksamhet

171 1367 58 21 öfver
253 1370 32 18 att
307 1368 68 21 denna
397 1368 49 22 lista
467 1368 69 21 blifvit
558 1368 124 27 publicerad
700 1368 39 21 och
755 1367 83 28 hoppas
854 1369 38 24 att,
907 1367 7 20 i
929 1366 37 22 fall
981 1366 22 22 af

169 1395 68 22 behof
250 1396 25 21 sä
289 1395 130 23 fortfarande
433 1397 34 21 mä
483 1397 37 20 ske
535 1396 62 21 äfven
615 1397 33 20 vid
662 1396 130 21 kommande
807 1395 131 26 landtdagar.

239 1424 58 21 Frih.
321 1430 40 15 von
379 1424 89 22 Born:
491 1424 50 22 Med
557 1424 114 27 anledning
686 1424 22 22 af
721 1424 27 22 hr
762 1424 85 21 Taubes
862 1423 140 27 anmärkning

167 1452 69 21 under
261 1452 46 21 7:de
329 1452 140 22 hufvudtitein
492 1459 35 15 om
550 1455 100 19 senatens
672 1452 207 28 dispositionsmedel
902 1454 24 18 är
941 1451 38 27 jag
993 1452 7 20 i

167 1480 84 22 tillfälle
275 1482 32 20 att
329 1481 40 21 öka
392 1481 52 22 hans
466 1482 124 26 bekymmer
612 1481 48 21 med
683 1482 40 20 den
746 1480 160 28 upplysningen,
923 1482 32 19 att
970 1480 32 22 uti

166 1508 145 22 innevarande
333 1510 34 20 års
390 1510 131 26 statsförslag
544 1512 99 19 senatens
667 1508 207 28 dispositionsmedel
896 1510 37 19 äro
948 1515 53 21 upp-

166 1539 65 25 tagna
255 1537 32 21 till
303 1539 31 20 ett
349 1538 77 27 belopp
442 1538 22 21 af
477 1539 55 21 ända
547 1538 32 21 till
595 1538 93 27 200,000
704 1538 66 22 mark.
802 1538 42 21 Det
859 1539 24 19 är
899 1537 53 21 dock
968 1539 32 19 att
