1100 1745
236 113 42 21 966
513 114 15 19 R.
541 119 14 14 o,
569 115 16 18 A.
598 114 46 19 1885.
669 115 10 18 2
692 115 35 23 Maj.

276 181 75 22 Denna
370 188 58 21 prop.
444 182 127 23 besvarades
586 183 49 22 med
651 183 154 28 öfvervägande
818 183 29 28 ja,
863 183 39 22 och
917 183 68 22 skulle
1001 184 32 21 så-

206 208 59 23 ledes
288 209 30 22 uti
340 210 33 27 S:n
395 210 78 23 införas
496 211 121 28 ovilkorligt
639 211 78 23 förbud
732 214 46 20 mot
792 211 143 28 utskänkning
949 213 13 20 &
977 213 56 20 näst-

207 237 85 27 angifna
307 238 81 22 ställen.

198 269 4 5 '
277 265 102 28 Slutligen
393 267 70 22 beslöt
477 268 24 21 R.
518 274 18 15 o.
553 269 26 20 A.
595 270 32 19 att
641 268 34 22 till
689 269 68 22 första
772 275 62 16 mom.
850 269 23 22 af
883 269 24 21 11
920 267 36 29 8:n
966 268 66 22 orden

207 309 9 10 v
221 293 53 22 eller
288 294 7 21 i
310 294 90 28 köping"
416 296 68 21 skulle
498 296 105 27 tilläggas.

276 323 32 21 Hr
324 323 180 28 Schauman,
519 325 25 21 B.
561 325 32 26 O.,
609 325 100 22 anmälde
723 325 131 22 reservation
869 327 45 20 mot
929 325 25 21 R.
965 331 18 15 0.
996 325 36 21 A:s

206 349 71 22 beslut
292 352 107 27 angäende
414 353 143 27 utskänkning
571 353 36 22 vid
619 353 210 28 jernvägsstationer.

278 379 66 22 Ordet
358 380 102 27 begärdes
475 381 68 28 härpä
558 381 22 22 af

276 407 25 22 hr
324 408 207 29 Gripenberg,
553 410 33 26 A.,
609 416 47 15 som
673 411 95 27 yttrade:
785 410 51 22 Med
850 409 98 24 af&seende
963 410 13 21 å
992 410 40 21 den

206 434 61 28 längt
289 435 140 24 framskridna
450 438 58 21 tiden
530 440 61 25 tager
611 438 37 27 jag
669 438 43 27 mig
727 438 91 22 friheten
834 438 106 22 vördsamt
955 437 77 22 föreslä

207 465 32 20 att
254 465 122 22 äterstoden
391 465 22 22 af
426 466 143 27 föreliggande
584 467 231 22 utskottsbetänkande
825 467 70 22 kunde
904 466 128 27 bordläggas

206 491 32 22 till
254 494 61 20 nästa
330 495 161 26 sammanträde,
507 495 89 22 likasom
612 495 65 22 ocksä
693 495 36 22 det
744 495 86 27 ärende,
845 501 45 16 som
906 497 56 20 ännu
976 495 56 21 äter-

206 520 45 21 stär
266 521 28 26 pä
308 521 229 29 föredragningslistan.
564 523 41 27 Jag
620 525 39 25 gör
674 524 37 21 det
725 525 25 20 sä
764 523 84 28 mycket
862 523 68 22 hellre
944 529 46 16 som
1006 523 25 22 de

206 549 96 27 ärender,
325 556 45 15 som
393 553 36 20 äro
451 551 45 22 före
513 552 35 21 vid
565 554 63 19 nästa
643 552 93 27 plenum,
752 552 46 22 icke
813 552 62 21 torde
890 558 51 16 vara
956 551 22 22 af
991 551 41 22 den

206 576 146 23 beskaffenhet
366 581 32 20 att
413 579 26 22 de
454 580 67 22 skulle
535 580 73 22 fordra
623 581 70 26 nägon
709 580 133 28 vidlyftigare
857 580 123 22 diskussion.

276 606 10 21 I
301 607 112 28 anledning
427 608 62 22 häraf
501 609 126 21 meddelade
642 609 26 21 hr
678 609 195 22 landtmarskalken
884 611 32 20 att
926 609 34 21 vid
970 610 62 20 nästa

205 633 87 28 plenum
314 635 129 23 förekommo
466 637 13 21 8
501 637 104 22 särskilda
627 637 94 22 ärenden
742 637 40 22 och
798 637 108 22 dessutom
921 637 33 22 val
970 637 22 21 af
1006 643 26 15 en

206 661 88 29 elektor,
305 663 86 22 hvarför
400 664 26 21 hr
438 664 195 23 landtmarskalken
644 665 47 22 icke
701 666 72 21 kunde
784 672 50 15 anse
850 666 40 21 den
900 665 60 27 längt
969 665 63 22 fram-

205 690 88 23 skridna
307 691 58 22 tiden
378 695 75 24 utgöra
463 695 64 26 nägot
537 694 76 21 hinder
623 695 32 20 att
666 694 150 22 slutbehandla
826 694 142 27 lagförslaget,
978 693 8 21 i
996 699 36 16 en-

205 718 67 27 lighet
286 720 101 22 hvarmed
399 722 109 27 föredrogs
519 723 26 20 de
554 722 93 27 följande
657 722 25 28 $$
695 723 26 21 12
732 723 40 21 och
784 723 25 21 13
820 723 72 22 hvilka
901 722 129 27 godkändes.

275 748 133 23 Beträffande
424 750 13 27 &
454 751 26 20 14
494 751 85 27 yttrade

275 776 25 21 hr
315 777 158 28 Granfelt,
489 779 25 20 Ä.
530 779 35 21 A.:
581 779 12 21 I
607 779 34 28 &n
656 780 45 21 står
717 780 36 21 det
768 781 33 20 att
815 779 36 22 vid
866 779 28 22 all
908 778 124 27 försäljning

204 805 36 20 mä
262 804 88 22 bränvin
372 805 46 23 icke
439 807 103 22 utlemnas
564 807 7 21 i
593 807 48 22 kärl
663 807 23 22 af
706 808 82 21 mindre
811 807 120 28 drägtighet
953 809 27 19 än
996 807 36 21 det

204 832 79 22 minsta
301 833 84 28 belopp,
405 841 45 16 som
465 835 32 22 fär
511 835 108 28 föryttras.
650 836 44 21 För
709 836 43 21 min
769 836 34 22 del
818 835 69 22 skulle
899 835 37 28 jag
950 837 34 20 tro
1000 837 32 20 att

205 860 37 22 det
256 867 51 15 vore
322 862 46 21 skäl
383 865 32 19 att
429 863 38 22 här
482 864 68 21 införa
565 870 26 15 en
606 864 135 27 bestämning
756 871 46 15 som
816 865 8 20 i
838 871 26 15 en
881 864 33 21 del
932 863 100 22 utländsk

204 888 132 28 lagstiftning
354 890 7 21 i
377 893 71 20 ämnet
462 891 66 22 finnes
543 894 98 25 antagen,
658 893 33 21 att
705 892 90 22 bränvin
810 892 47 22 icke
872 892 68 22 skulle
954 891 22 22 fä
990 891 42 21 för-

204 919 70 25 yttras
296 920 65 20 annat
383 921 26 20 än
431 920 7 20 i
460 920 75 27 slutna,
559 920 49 22 med
622 921 109 22 fabrikens
747 920 53 22 eller
814 920 162 22 handelsmärke
990 920 42 21 för-

204 945 67 22 sedda
285 946 53 22 kärl.
369 948 42 21 Det
425 948 68 22 skulle
507 949 73 22 säkert
595 948 98 23 förenkla
706 949 128 22 kontrollen.

274 974 32 21 Hr
321 975 88 28 Boije
423 977 143 22 understödde
580 977 27 22 hr
623 977 107 22 Granfelts
746 977 85 28 förslag.

274 1003 10 21 I
299 1004 113 27 anledning
427 1005 22 21 af
462 1005 25 22 hr
502 1005 107 22 Granfelts
624 1006 96 27 yrkande
738 1006 124 22 framstälde
877 1005 26 22 hr
917 1005 114 22 landtmar-

204 1030 89 22 skalken
308 1038 26 15 en
349 1033 89 22 sälunda
453 1033 128 23 formulerad
597 1034 285 28 omröstningsproposition:

274 1059 53 28 Den,
342 1067 46 15 som
403 1061 123 28 godkänner
542 1063 27 20 14
584 1062 35 29 &:n
635 1062 135 27 oförändrad,
786 1064 71 20 röstar
868 1063 32 27 ja;
928 1055 12 43 =
957 1090 1 4 =

273 1088 74 22 vinner
368 1089 41 27 nej,
428 1091 167 21 äterremitteras
610 1091 36 28 S:n
660 1091 33 21 till
708 1091 107 22 utskottet
829 1091 33 22 för
877 1091 155 26 omredigering

203 1115 7 20 i
226 1115 38 22 det
278 1116 54 27 syfte
347 1119 32 21 att
394 1118 53 27 kärl,
462 1119 59 21 hvari
535 1119 112 22 bränvinet
663 1119 35 22 vid
712 1119 124 28 försäljning
850 1119 112 26 utlemnas,
977 1118 54 22 skall

203 1149 52 16 vara
268 1144 66 23 slutet
349 1145 40 22 och
403 1146 80 23 försedt
497 1147 49 22 med
561 1147 107 23 fabrikens
683 1148 81 21 märke.

273 1173 33 21 Dä
328 1173 69 23 denna
419 1181 60 21 prop.
501 1175 128 23 besvarades
652 1176 49 22 med
717 1176 154 27 öfvervägande
883 1176 29 27 ja,
928 1175 55 22 hade
998 1174 33 28 $:n

202 1199 71 23 blifvit
288 1201 128 23 oförändrad
431 1205 95 26 antagen.

273 1229 12 27 $
301 1231 25 20 15
342 1231 123 26 godkändes
479 1234 51 20 utan
545 1233 170 27 anmärkningar.

272 1258 11 21 I
298 1258 113 28 anledning
425 1259 22 22 af
461 1260 11 28 $
486 1261 27 21 16
527 1262 86 26 yttrade

272 1286 26 21 hr
319 1287 239 28 Pippingsköld:
581 1290 42 27 Jag
644 1289 69 22 skulle
731 1289 29 21 be
774 1295 35 15 om
824 1291 33 19 att
871 1289 21 21 få
907 1288 83 49 Päpeka
1005 1294 27 15 en

202 1314 150 28 oegentlighet,
375 1322 47 15 som
444 1318 24 20 är
490 1317 147 23 missledande.
667 1318 11 21 I
701 1318 65 21 slutet
788 1316 23 22 af
831 1317 12 28 $
867 1318 26 20 16
924 1318 46 20 heter
985 1316 45 22 det:

202 1358 10 9 »
216 1342 52 21 Med
288 1342 30 22 in-
338 1344 39 20 och
392 1344 99 23 utländsk
506 1346 53 26 sprit
574 1346 101 27 tillagade
691 1346 89 27 drycker
795 1345 53 22 böra
863 1344 103 23 likaledes
980 1350 52 16 vara

200 1369 42 32 fria
256 1370 47 22 frän
318 1371 96 28 skadliga
429 1375 74 20 ämnen
519 1374 40 22 och
573 1374 115 27 finkelolja,
703 1374 63 22 äfven
781 1380 35 16 om
827 1374 62 22 deras
899 1372 133 23 alkoholhalt

200 1398 48 22 icke
270 1400 82 26 uppgår
375 1401 32 21 till
425 1402 36 22 det
475 1402 7 21 i
503 1402 6 28 8
526 1403 26 21 51
569 1402 111 22 bestämda
695 1402 141 28 procenttal".
866 1402 51 22 Med
931 1400 101 22 utländsk

200 1426 56 27 sprit
271 1427 42 22 kan
328 1428 47 22 icke
390 1429 77 23 förstås
482 1430 41 22 den
537 1431 85 27 vanliga
637 1431 60 27 sprit,
712 1437 47 15 som
774 1430 143 22 förekommer
926 1430 32 21 uti
969 1429 63 21 brän-

200 1455 42 26 vin,
266 1455 80 22 beredd
369 1457 22 22 af
412 1458 43 27 säd,
473 1461 86 25 potäter
573 1465 27 15 m.
616 1466 35 20 m.,
667 1461 52 20 utan
733 1459 90 27 kognac,
838 1465 47 15 rom
901 1458 40 22 och
956 1457 76 22 arrack

200 1489 28 16 m.
251 1490 28 15 m.
309 1484 134 29 Finkeloljan
464 1487 7 21 i
493 1487 88 28 kognac,
603 1494 47 15 rom
672 1488 39 21 och
730 1487 76 22 arrack
824 1489 25 20 är
861 1487 46 27 just
922 1486 48 27 den,
986 1491 45 27 som

200 1518 39 21 ger
255 1513 60 21 dessa
331 1519 63 16 varor
409 1515 62 22 deras
485 1516 106 27 egentliga
606 1516 67 25 smak,
689 1516 39 22 och
745 1515 70 23 denna
830 1515 109 27 finkelolja
951 1516 24 20 är
985 1514 47 21 icke
