1100 1745
241 144 62 26 1,398
512 145 16 18 R.
541 150 15 14 0.
569 145 16 18 A.
599 145 46 19 1885.
669 145 21 20 22
702 145 35 24 Maj.

212 213 49 21 fullt
280 213 23 21 så
321 213 148 22 förorättande
483 215 34 20 för
532 214 27 21 de
575 214 68 21 andra
659 214 97 23 stånden,
772 221 46 14 som
834 214 35 21 det
883 214 36 27 jag
933 213 109 22 förmenas

212 241 65 21 hafva
292 244 47 25 sagt
354 244 45 19 mot
415 242 23 21 R.
455 249 19 14 o.
490 243 25 20 A.
545 243 40 21 Att
601 249 24 15 en
642 243 7 20 i
665 243 85 26 mycket
765 243 131 20 kasuistiska
912 242 129 22 bestämnin-

212 276 39 20 gar
266 270 104 27 ingående
386 271 135 24 instruktion,
536 271 72 27 gifven
625 271 33 22 för
673 272 29 21 all
720 271 93 26 framtid,
825 271 124 21 framkallar
959 272 81 23 tvister,

211 299 47 20 icke
281 299 84 26 afböjer
388 300 53 25 dem,
461 301 24 20 är
501 306 25 15 en
541 300 45 25 sak,
603 306 45 15 som
664 302 25 19 är
704 300 24 21 så
744 300 86 25 bekant,
846 302 33 19 att
891 300 37 27 jag
942 300 46 21 icke
1004 299 37 21 be-

212 327 75 21 höfver
302 328 125 21 underrätta
443 335 25 14 en
482 328 65 27 jurist
562 329 81 20 derom.
669 328 71 27 Något
755 331 66 18 annat
836 329 102 20 behöfver
946 329 36 26 jag
993 328 47 21 icke

212 356 95 27 tillägga.
337 356 42 27 Jag
401 359 23 18 är
439 357 48 21 frih.
503 357 78 21 Wrede
597 357 86 27 mycket
698 357 95 21 tacksam
809 357 34 21 för
858 357 40 21 den
914 357 125 25 hofsamhet,

212 385 49 20 med
285 385 85 21 hvilken
386 385 40 21 han
442 385 39 21 har
495 386 80 21 uttalat
591 386 32 21 sin
638 386 129 27 anklagelse,
784 388 33 19 att
830 386 37 27 jag
881 386 47 21 icke
943 385 40 21 har
998 385 42 21 till-

212 413 82 26 räcklig
316 414 67 25 pietet
404 414 33 21 för
459 414 116 21 historiska
597 415 93 24 minnen,
714 420 48 15 men
784 415 43 20 kan
847 415 18 25 ej
882 415 95 20 erkänna
992 414 48 20 dess

212 441 135 26 befogenhet.
377 442 43 21 Min
443 442 66 26 pietet
531 442 78 21 hänför
633 442 32 27 sig
686 443 46 20 icke
756 443 32 20 till
810 443 26 20 de
851 444 56 25 yttre
923 441 117 22 föremålen

212 471 52 20 utan
287 470 33 21 till
342 470 56 21 hvad
421 477 44 14 som
491 473 24 19 är
531 471 144 27 oförgängligt
690 472 141 20 existerande.
861 471 41 26 Jag
917 473 35 19 vet
967 470 23 21 så
1005 470 35 21 väl

213 504 45 15 som
281 498 77 27 någon,
380 499 22 26 ja
424 499 70 22 bättre
517 501 26 19 än
562 499 70 27 någon
648 506 69 15 annan
733 499 28 27 på
776 500 60 21 detta
851 506 54 19 rum,
921 499 55 21 huru
990 499 50 26 föga

212 527 116 26 hugnerikt
351 528 36 20 det
409 528 39 21 har
470 528 55 21 varit
547 530 33 19 att
595 529 48 21 med
660 529 26 20 de
701 529 80 26 åsigter
794 528 37 27 jag
846 529 45 25 har,
908 529 68 20 uttala
991 527 49 27 mig,

213 555 27 21 då
261 555 38 27 jag
321 555 26 27 på
370 556 90 21 förhand
482 557 55 21 varit
559 557 107 21 förvissad
689 563 34 15 om
739 559 32 19 att
784 557 37 26 jag
837 557 46 21 icke
899 557 68 20 skulle
982 558 59 19 möta

213 585 122 26 sympatier.
365 585 49 21 Men
427 585 37 27 jag
479 585 39 21 har
533 586 46 21 icke
596 585 83 22 kunnat
694 586 72 28 hjelpa
781 586 66 21 detta.
874 585 68 22 Sedan
955 585 37 26 jag
1007 586 34 19 ta-

212 613 31 26 git
260 615 46 19 säte
321 613 45 25 här,
384 613 38 22 har
435 614 36 27 jag
487 615 75 20 endast
577 614 47 21 haft
639 615 131 26 grundlagen
788 615 38 20 och
842 615 43 20 min
902 613 138 27 öfvertygelse

213 643 32 19 att
268 643 51 26 taga
342 642 80 27 hänsyn
444 643 39 20 till.
514 643 79 26 Hvarje
610 643 163 26 landtdagsman
789 643 42 21 kan
847 643 27 26 pä
890 643 31 26 sig
936 644 51 19 utan
1004 649 36 14 an-

213 670 66 26 spräk
301 670 39 21 och
363 673 52 18 utan
434 671 144 21 förmätenhet
600 672 72 26 lämpa
695 672 36 21 det
746 672 93 21 bekanta
855 671 186 21 verldshistoriska

213 699 72 20 ordet:
307 699 50 26 ,här
380 699 44 21 står
443 699 37 27 jag
500 700 39 21 och
555 700 42 21 kan
612 701 47 20 icke
675 701 83 21 annat".
788 701 43 20 Det
846 702 24 19 är
886 700 35 21 det
937 699 54 22 enda
1004 699 37 27 jag

212 727 103 22 behöfver
331 729 51 25 säga
397 728 32 21 till
444 729 42 20 min
502 729 82 20 ursäkt.

282 756 33 21 Hr
329 756 24 21 af
365 756 172 22 Forselles:
554 757 46 22 Den
616 757 125 28 inbjudning
757 757 132 21 beträffande
905 757 135 20 riddarhuset

211 784 86 21 hvilken
321 785 7 20 i
350 785 113 27 bokstafiig
485 786 85 26 mening
591 786 7 21 i
622 786 141 27 landtdagens
787 786 52 21 sista
861 785 89 22 stunder
972 785 70 21 blifvit

211 813 114 21 framstäld
337 813 34 21 till
386 814 24 20 R.
427 820 18 15 o.
462 815 31 25 A.,
510 814 38 21 har
563 815 24 20 af
600 821 46 14 mer
661 817 27 18 än
704 821 25 15 en
745 815 65 20 orsak
825 814 136 21 förekommit
975 813 66 27 nägot

213 842 100 25 oväntad,
343 841 84 28 Frågan
443 849 33 14 om
492 843 143 26 uppförandet
649 844 24 21 af
686 845 31 19 ett
732 843 41 21 hus
789 843 34 20 för
837 843 102 20 Finlands
955 842 86 21 ständer

213 869 88 21 daterar
323 871 32 25 sig
377 871 69 21 såsom
461 871 79 21 bekant
555 872 68 20 redan
638 872 49 20 från
703 872 113 20 1865—64
833 871 34 21 års
883 871 102 25 landtdag
1000 870 40 21 oeh

212 898 71 21 denna
301 898 61 27 fräga
377 899 39 21 har
431 900 66 20 under
513 901 12 19 5
542 900 66 26 derpä
623 900 93 26 följande
734 900 159 21 ständermöten
911 900 129 20 diskuterats

213 927 51 20 utan
289 929 32 19 att
342 934 49 14 man
413 928 82 26 lyckats
517 928 86 21 komma
627 928 32 22 till
679 931 31 19 ett
724 929 137 25 enstämmigt
877 928 70 21 beslut
962 927 79 22 beträf-

212 955 64 21 fande
299 955 85 27 frägans
408 956 106 22 definitiva
537 957 90 26 lösning.
658 957 73 21 Under
753 956 87 28 frägans
856 957 89 26 tidigare
962 956 79 21 skeden

213 983 40 21 har
276 986 77 20 tvänne
377 985 105 21 särskilda
504 985 80 27 gänger
608 992 25 14 en
656 986 127 26 inbjudning
799 986 52 20 eller
865 987 82 19 rättare
961 984 80 27 förslag

212 1012 32 21 till
260 1012 25 21 R.
304 1019 19 15 o.
338 1014 25 20 A.
380 1013 6 21 i
402 1014 109 20 enahanda
526 1014 54 26 syfte
596 1020 45 15 som
657 1020 29 15 nu
702 1014 69 21 blifvit
785 1014 124 21 framstäldt
924 1013 40 21 och
974 1013 67 27 begge

211 1040 110 27 gängerna
341 1042 39 20 har
395 1042 24 20 R.
436 1048 19 15 o.
470 1043 25 20 A.
511 1043 99 26 upptagit
625 1042 62 22 dessa
702 1043 81 26 förslag
796 1042 49 22 med
861 1049 25 15 en
901 1042 85 26 välvilja
1001 1042 40 20 och

212 1070 32 20 ett
259 1070 191 27 tillmötesgäende,
467 1077 44 15 som
524 1071 37 27 jag
577 1071 68 21 mäste
661 1072 48 20 med
724 1071 71 27 glädje
811 1071 69 21 uttala
896 1071 42 24 det,
955 1072 23 19 är
993 1071 47 20 vär-

212 1097 45 27 digt
273 1098 60 21 detta
348 1099 113 27 höglofliga
477 1099 68 21 stånd.
571 1100 43 20 Det
628 1099 40 21 har
684 1100 65 21 också
763 1099 71 21 blifvit
849 1099 99 26 uttaladt,
965 1098 76 22 ätmin-

211 1127 62 20 stone
293 1127 34 21 vid
345 1129 78 19 tvänne
439 1128 104 20 särskilda
558 1128 129 27 landtdagar
702 1128 28 27 pä
745 1128 31 21 tal
792 1134 34 15 om
843 1128 68 21 denna
926 1128 66 26 fräga,
1008 1129 33 19 att

211 1154 25 21 R.
254 1160 19 15 0.
289 1156 25 20 A.
331 1157 24 19 är
371 1156 79 21 beredd
465 1158 32 19 att
513 1156 111 27 ätergälda
639 1156 61 22 detta
715 1156 42 27 län,
773 1156 89 22 hvarom
878 1163 29 14 nu
922 1156 23 21 sä
956 1156 84 26 mycket

211 1183 74 26 talats,
302 1184 31 20 till
349 1185 129 21 statsverket
493 1186 39 20 och
549 1185 122 27 derigenom
682 1186 69 20 inlösa
762 1186 41 20 den
814 1185 129 21 förbindelse
953 1185 25 21 R.
987 1191 18 15 o.
1014 1185 26 21 A.

211 1211 8 21 i
241 1212 62 21 detta
325 1212 98 22 afseende
446 1213 45 21 har.
521 1214 42 20 För
579 1214 44 20 min
639 1214 34 21 del
687 1214 40 21 har
740 1214 38 26 jag
792 1214 59 21 förut
866 1214 55 20 varit
935 1214 6 20 i
957 1213 83 21 tillfälle

211 1241 32 19 att
258 1241 71 21 uttala
344 1241 43 27 mig
402 1242 87 25 derhän,
505 1244 32 19 att
553 1248 26 15 en
593 1242 127 27 inbjudning
735 1244 33 19 att
784 1242 104 21 öfverläta
904 1242 136 21 riddarhuset

211 1268 34 21 till
268 1269 85 21 förmån
376 1270 33 20 för
431 1270 132 26 uppförande
587 1271 24 21 af
632 1273 31 19 ett
686 1270 135 26 ständerhus,
837 1271 66 26 enligt
917 1270 44 21 min
976 1270 65 21 tanke

211 1296 68 22 borde
303 1298 23 20 af
339 1298 24 21 R.
381 1304 18 15 o.
415 1299 26 20 A.
457 1300 94 25 antagas,
569 1306 34 13 om
619 1300 74 20 dervid
708 1300 65 25 nödig
788 1300 85 25 garanti
888 1299 71 20 kunde
973 1298 67 21 finnas

210 1325 34 20 för
259 1327 34 19 att
309 1328 31 19 ett
355 1327 128 21 ständerhus
498 1328 68 20 skulle
582 1327 86 22 komma
683 1327 33 22 till
731 1327 70 21 ständ.
827 1327 42 27 Jag
884 1327 38 21 ber
938 1333 28 14 nu
977 1326 64 21 ocksä

210 1355 33 19 att
266 1353 23 22 fä
311 1355 28 26 pä
361 1355 37 21 det
419 1357 106 20 varmaste
547 1356 89 21 förorda
659 1357 132 26 antagandet
813 1355 24 21 af
851 1355 189 28 borgareständets

209 1381 128 28 inbjudning
360 1383 39 21 och
421 1384 68 21 skulle
511 1385 57 20 helst
591 1391 22 15 se
637 1386 32 19 att
693 1385 71 20 denna
786 1385 125 26 inbjudning
933 1383 71 22 kunde
1020 1383 23 21 af

211 1410 37 21 det
268 1411 115 27 höglofliga
399 1412 84 21 ständet
499 1415 88 24 antagas
603 1413 28 26 pä
647 1413 65 26 nägot
727 1413 82 21 mindre
826 1413 131 26 detaljerade
973 1412 69 21 vilkor

210 1440 27 19 än
261 1439 26 22 de
306 1440 72 21 hvilka
392 1441 47 20 frih.
456 1447 40 15 von
511 1442 58 20 Born
584 1441 39 21 har
638 1441 128 22 formulerat
782 1441 39 22 och
837 1441 25 21 hr
877 1441 73 21 Antell
965 1441 76 20 under-

210 1467 67 22 stödt.
307 1469 41 26 Jag
370 1469 115 26 medgifver
507 1476 67 21 gerna
597 1472 32 19 att
653 1470 158 21 öfverlätandet
825 1470 24 21 af
862 1469 137 22 riddarhuset
1013 1469 29 26 pä

210 1495 70 22 andra
302 1497 70 21 vilkor
394 1504 28 14 nu
445 1500 24 19 är
483 1498 124 21 försväradt
622 1498 23 21 af
659 1499 41 20 den
716 1498 187 27 omständigheten
918 1499 33 20 att
966 1498 36 21 det
1018 1499 23 19 är

209 1524 252 23 riddarhusdirektionen
484 1533 44 15 som
551 1527 69 21 mäste
637 1527 110 26 öfvertaga
763 1527 223 26 underhandlingarne
1002 1526 39 21 och

211 1554 32 19 att
267 1554 67 21 saken
356 1554 48 22 icke
426 1555 42 20 kan
483 1555 23 21 af
519 1556 25 20 R.
561 1562 18 15 o.
596 1556 25 20 A.
637 1556 22 20 in
675 1556 62 26 pleno
753 1555 93 27 afgöras,
862 1561 49 15 men
924 1555 37 27 jag
976 1555 66 26 vågar
