1100 1742
382 126 16 18 R.
411 131 14 14 e.
439 126 16 19 A.
467 126 47 19 1885.
540 126 17 18 21
571 126 35 22 Maj.
820 127 61 27 1,343

82 193 105 22 utskottet
202 194 79 27 afgifvit
297 196 12 20 7
325 194 156 26 betänkanden,
496 194 60 22 hvari
575 195 47 21 vårt
641 195 65 21 andra
716 194 110 22 inhemska
836 194 73 28 språks

82 222 138 22 användande
241 224 80 26 utgjort
343 222 152 27 hufvudsaken,
518 223 40 22 och
578 223 61 21 dessa
659 224 10 20 7
686 223 147 21 betänkanden
848 222 63 23 hafva

82 251 91 27 grundat
189 251 31 27 sig
235 252 27 26 på
276 252 47 21 icke
339 252 80 21 mindre
435 254 26 20 än
477 253 27 20 25
515 252 120 21 inlemnade
647 252 118 27 petitioner,
777 253 13 19 4
800 252 23 21 af
831 254 79 25 preste-

82 279 92 27 ståndet,
198 280 12 21 8
233 280 22 21 af
274 280 177 26 borgareståndet
473 280 40 22 och
537 281 26 21 13
586 280 23 21 af
622 280 161 22 bondeståndet.
813 280 10 22 I
838 286 36 16 sex
889 280 22 22 af

82 309 61 21 dessa
158 308 148 22 betänkanden
322 309 39 21 har
376 309 107 21 allmänna
493 309 203 21 besvärsutskottets
707 309 123 27 majoritet
822 304 12 36 i
842 311 67 19 större

83 337 51 22 eller
153 337 82 21 mindre
251 338 52 26 grad
318 337 148 27 tillmötesgått
481 338 148 26 petitionerna,
645 344 48 14 men
708 337 151 26 minoritetens,
875 338 35 21 be-

82 366 88 21 stående
192 365 32 21 till
247 368 77 19 största
347 366 60 22 delen
430 366 22 21 af
469 366 25 22 R.
511 372 18 15 o.
544 366 37 22 A:s
597 366 40 21 och
653 366 184 27 borgareståndets
853 366 56 21 med-

82 394 94 26 lemmar,
199 394 110 26 vidfogade
332 394 155 22 reservationer
509 394 66 22 oftast
597 394 7 21 i
627 396 88 20 motsatt
737 394 93 28 riktning
847 394 62 22 hafva

82 424 50 20 utan
154 422 109 27 undantag
282 422 67 22 blifvit
363 423 23 21 af
398 424 25 20 R.
440 430 17 14 o.
475 424 26 20 A.
517 426 98 24 antagna.
646 423 11 21 I
672 425 31 19 ett
717 423 142 26 betänkande,
873 423 36 21 det

82 457 45 15 som
146 452 7 20 i
168 452 39 26 går
221 451 88 26 förevar,
325 452 52 26 egde
393 454 31 19 ett
439 454 88 20 motsatt
543 451 132 22 förhållande
690 458 53 20 rum,
759 451 103 27 nämligen
878 453 32 20 att

83 480 238 22 utskottsbetänkandet
343 480 122 22 förkastade
487 480 124 27 petitionen,
635 480 111 21 hvaremot
765 482 145 25 representan-

82 510 61 20 terna
165 508 23 22 af
207 511 80 24 preste-
311 508 38 22 och
372 509 160 21 bondestånden
555 508 114 22 förordade
684 508 46 26 den,
746 515 48 15 men
809 509 38 21 allt
861 508 48 22 med

82 543 81 15 samma
177 536 96 25 resultat,
289 537 105 27 nämligen
410 540 31 19 att
452 538 116 26 petitionen
579 537 46 22 blef
632 537 109 21 förkastad
751 537 56 21 inom
818 537 23 21 R.
853 544 19 14 o.
883 537 24 21 A.

83 565 86 22 Summa
177 565 149 27 25fpetitioner
335 566 108 26 angående
453 566 69 21 finska
533 566 93 27 språket,
639 566 108 21 deribland
758 568 33 19 tre
801 566 108 26 angående

84 594 26 21 de
133 594 55 21 bäda
205 594 111 21 inhemska
333 595 102 26 spräkens
451 594 144 27 likställighet,
611 594 121 22 förkastade
748 594 51 22 eller
813 594 96 22 tillbaka-

82 622 78 22 visade.
191 622 40 27 Jag
246 622 36 21 vill
297 623 105 26 medgifva
417 625 32 19 att
465 624 36 20 det
516 624 58 20 skett
589 624 6 20 i
611 624 77 25 mänga
702 622 36 22 fall
753 624 27 26 pä
795 623 55 27 goda
863 622 46 22 skäl

82 651 52 21 eller
156 653 33 19 att
211 652 76 25 mänga
310 652 113 26 petitioner
447 652 54 21 varit
524 652 133 26 opäkallade,
674 651 38 21 och
724 651 37 27 jag
777 654 45 19 tror
837 653 32 19 att
884 657 25 15 en

83 679 84 27 upplyst
188 679 97 27 regering
305 686 41 20 nog
364 680 47 21 dem
426 680 85 22 förutan
527 680 97 22 kommer
639 682 33 19 att
687 680 55 26 sörja
756 680 32 21 för
803 682 32 19 att
850 680 61 21 dessa

83 708 157 26 önskningsmä!l
262 708 63 21 blifva
345 708 160 27 tillgodosedda,
521 711 39 19 när
575 708 31 22 tid
621 708 40 22 och
677 708 111 27 tillgångar
803 708 36 22 det
854 708 56 21 med-

82 736 60 27 gifva.
174 737 49 21 Men
245 736 55 22 hade
323 736 53 22 dock
399 737 46 21 icke
460 737 198 27 billighetskänslan
673 739 45 19 mot
733 737 26 21 de
774 738 65 20 andra
854 738 56 20 stän-

82 765 41 21 den
146 764 64 22 bordt
231 764 114 22 förestafva
367 768 31 18 ett
413 768 65 19 annat
493 766 162 26 handlingssätt,
673 765 120 27 isynnerhet
808 768 38 18 när
861 771 48 15 man

80 793 77 27 jemför
180 794 86 21 dermed
289 800 25 15 en
337 794 76 27 mängd
437 794 66 22 andra
522 794 120 27 petitioner,
659 800 33 15 om
708 794 70 21 hvilka
793 794 66 26 gäller
874 794 36 20 det

82 822 71 27 sagda,
169 824 32 19 att
217 822 26 21 de
257 822 55 21 varit
327 822 125 27 opäkallade
468 823 40 21 och
524 824 32 20 att
571 823 66 21 saken
653 828 41 21 nog
709 822 67 22 skulle
791 822 62 22 hafva
863 823 46 25 gätt

82 851 83 20 förutan
182 850 67 21 dessa.
277 851 39 26 Jag
332 850 35 21 vill
384 850 55 22 blott
453 853 78 19 nämna
547 852 26 20 de
588 852 77 25 många
680 851 227 26 läkare-petitionerna,

82 879 77 26 hvilka,
183 878 66 21 ehuru
265 879 24 21 de
305 879 33 21 väl
354 879 67 22 blifvit
436 879 105 28 afstyrkta
556 879 23 21 af
592 879 112 26 utskottet,
719 879 40 21 här
773 879 54 21 dock
842 879 67 21 blifvit

82 909 98 25 antagna,
203 907 88 21 emedan
314 908 26 20 de
362 907 33 22 till
417 914 26 15 en
462 910 45 19 stor
523 908 33 21 del
572 908 55 21 varit
641 907 118 22 inlemnade
775 907 22 22 af
810 907 99 22 medlem-

82 942 46 15 mar
149 936 56 21 inom
229 936 74 21 Adeln.
333 937 33 20 Då
386 936 36 27 jag
444 936 69 22 tillika
535 936 77 21 tänker
630 937 27 26 på
671 936 80 27 ganska
767 937 74 26 många
857 936 52 27 peti-

82 965 75 26 tioner,
179 964 72 21 hvilka
273 964 22 21 af
316 965 37 20 det
375 965 33 21 för
430 965 115 26 partisinne
561 965 102 27 beskylda
679 965 153 21 bondeståndet
847 963 62 22 hafva

82 992 68 22 blifvit
171 995 98 24 antagna,
293 993 66 21 ehuru
383 993 25 22 de
430 993 46 22 icke
492 993 68 22 blifvit
575 993 151 22 framlemnade
742 993 21 21 af
777 993 47 22 dess
839 999 70 20 repre-

82 1023 108 20 sentanter
213 1021 39 22 och
274 1022 109 26 angående
406 1022 68 26 saker,
499 1022 72 21 hvilka
594 1022 44 21 ofta
657 1021 54 22 varit
726 1021 31 22 för
773 1022 58 21 detta
846 1021 63 21 stånd

82 1049 42 22 lika
147 1049 130 22 främmande
299 1056 46 15 som
367 1050 68 22 finska
457 1051 88 26 språket
567 1053 25 19 är
614 1051 27 26 på
660 1051 58 20 detta
732 1057 53 19 rum,
800 1051 23 20 så
839 1049 70 27 frågar

79 1079 37 26 jag
131 1079 42 26 mig
192 1078 52 27 sjelf,
260 1079 6 20 i
282 1079 131 21 hvilketdera
429 1079 85 21 ståndet
528 1079 39 22 har
583 1079 54 21 visat
651 1079 32 26 sig
698 1085 57 15 mera
771 1078 136 22 moderation.

82 1107 49 21 Mitt
152 1107 67 21 första
240 1107 99 27 yttrande
362 1108 27 26 på
410 1107 136 22 riddarhuset
568 1107 35 22 vid
627 1107 69 21 denna
711 1107 100 27 landtdag
825 1113 37 15 var
877 1108 32 19 att

81 1135 69 22 uttala
172 1135 42 21 min
232 1135 69 27 glädje
317 1137 32 20 att
364 1136 35 21 vid
415 1142 25 15 en
456 1136 97 27 petition,
569 1136 40 21 den
625 1136 66 21 första
706 1136 6 21 i
730 1136 68 21 denna
813 1135 44 26 sak,
873 1141 36 16 an-

81 1164 80 26 gående
183 1164 168 21 normalskolans
374 1164 6 21 i
403 1165 131 21 Tavastehus
556 1164 105 27 flyttning,
684 1164 45 21 icke
745 1164 41 21 alla
801 1170 108 21 represen-

81 1194 71 19 tanter
169 1192 22 21 af
208 1193 25 20 R.
249 1199 17 14 o.
284 1193 24 21 A.
324 1193 31 21 uti
372 1193 106 21 allmänna
494 1193 192 22 besvärsutskottet
700 1193 153 21 undertecknat
868 1192 40 21 den

80 1220 98 27 bifogade
193 1221 156 22 reservationen
365 1221 40 21 och
420 1221 101 22 särskildt
537 1224 31 19 att
587 1228 25 15 en
629 1221 22 22 af
664 1221 60 22 dessa
739 1223 170 25 representanter

81 1251 15 19 t.
113 1255 18 15 o.
147 1255 26 15 m.
194 1249 39 22 här
251 1251 36 25 tog
302 1250 116 26 petitionen
433 1250 8 21 i
456 1249 87 22 försvar.
575 1250 75 21 Denna
664 1249 69 28 glädje
748 1250 39 20 har
801 1255 28 15 nu
845 1249 63 21 också

80 1277 69 22 blifvit
164 1278 42 26 mig
221 1277 106 27 beröfvad,
344 1280 22 25 ty
382 1279 36 20 det
433 1281 24 19 är
472 1279 49 21 med
536 1285 25 15 en
577 1278 82 27 pinsam
675 1278 74 21 känsla
761 1278 36 27 jag
811 1277 42 22 läst
868 1277 40 21 den

82 1307 130 20 reservation
231 1306 22 21 af
273 1313 80 15 samma
376 1307 194 26 utskottsledamot,
586 1313 45 16 som
647 1306 67 22 finnes
728 1306 85 27 bifogad
829 1305 36 22 det
879 1312 29 15 nu

80 1334 143 27 föreliggande
237 1335 151 22 betänkandet.

149 1363 32 21 Hr
204 1363 165 22 Mechelin:
392 1364 96 21 Emedan
505 1364 26 21 de
545 1363 78 28 frägor,
639 1369 46 16 som
700 1363 7 21 i
722 1362 135 23 förevarande
873 1362 36 23 be-

80 1391 107 22 tänkande
210 1392 92 25 beröras,
326 1391 53 22 höra
396 1392 33 21 till
444 1393 41 21 den
501 1392 196 27 förvaltningsgren,
713 1392 48 21 med
775 1391 83 22 hvilken
871 1391 38 28 jag

80 1419 40 22 har
134 1421 32 20 att
181 1420 81 22 befatta
277 1420 48 27 mig,
341 1427 63 15 anser
416 1421 37 26 jag
469 1421 42 27 mig
527 1421 52 21 böra
595 1421 70 21 lemna
676 1421 66 26 nägra
752 1420 154 27 upplysningar.

80 1448 84 27 Frägan
180 1455 33 14 om
229 1449 130 21 inrättandet
374 1449 23 21 af
410 1449 99 22 tekniska
523 1449 73 22 skolor
609 1449 48 21 med
668 1449 63 21 finskt
741 1448 167 27 undervisnings-

80 1477 70 26 spräk,
173 1477 75 22 främst
270 1483 26 16 en
318 1477 7 22 i
347 1477 84 27 Kuopio
449 1478 56 26 stad,
521 1478 39 21 har
575 1478 66 21 redan
656 1477 54 21 varit
724 1477 80 27 ganska
818 1464 69 39 länge
895 1477 13 21 å

80 1504 61 22 bane.
171 1505 113 27 Samtidigt
306 1506 88 21 dermed
417 1508 32 19 att
467 1513 49 15 man
532 1506 91 27 begynte
638 1506 183 26 uppmärksamma
836 1504 72 22 behof-

80 1535 35 19 vet
137 1533 22 22 af
172 1534 97 21 tekniska
285 1534 97 21 läroverk
398 1535 47 21 med
461 1534 66 23 finskt
541 1534 232 28 undervisningsspräk,
787 1533 55 22 hade
857 1539 52 22 upp-
