1100 1742
383 93 17 19 RB.
412 98 15 15 0.
440 94 16 18 A.
469 93 46 21 1885.
539 93 18 19 18
570 93 35 23 Maj.
817 94 61 26 1,199

78 163 60 22 öfver
161 162 194 28 finansrelationen,
379 169 45 15 som
446 163 77 22 hänför
545 163 32 27 sig
596 163 33 21 till
646 169 26 15 en
687 162 94 22 afslutad
796 162 74 27 period
885 161 22 22 af

77 191 226 28 statshushällningen,
326 192 74 21 berört
419 192 63 21 äfven
496 192 99 26 kalkyler
609 191 34 22 för
657 191 122 21 framtiden.
810 190 42 22 Det
867 190 39 21 har

79 220 32 22 uti
134 220 41 21 den
197 220 172 28 approximativa
390 220 101 27 kalkylen
513 220 60 22 öfver
593 220 142 22 statsverkets
751 219 111 22 sannolika
876 219 32 21 in-

79 249 96 21 komster
190 248 41 22 och
245 249 66 21 behof
324 249 68 21 under
407 248 171 28 finansperioden
591 248 149 26 1886—1888,
751 254 45 15 som
807 248 32 22 till
849 249 59 21 stän-

79 277 68 22 derna
161 277 118 27 aflemnats,
295 277 129 27 exempelvis
439 278 88 26 anförts,
544 277 73 21 hvilka
633 277 46 27 slag
694 276 24 22 af
726 277 108 21 allmänna
843 277 64 27 bygg-

79 306 68 22 nader
161 312 46 16 som
222 306 33 21 för
271 306 40 21 den
326 307 108 20 närmaste
449 306 115 22 framtiden
579 306 87 26 förestä,
682 305 39 22 och
732 305 103 22 särskildt
844 305 63 22 hafva

79 334 82 22 sädana
183 335 74 21 dervid
280 336 77 24 nämts,
376 334 73 22 hvilka
471 336 58 20 ännu
550 334 47 22 icke
613 335 55 21 varit
683 334 91 22 föremäl
788 334 33 21 för
835 334 73 22 defini-

79 363 41 22 tivt
142 364 78 21 beslut.
249 363 130 27 Byggnaden
401 363 33 22 för
449 363 91 22 konsten
556 363 40 21 och
611 362 172 22 konstindustrin
798 362 54 22 hade
867 363 40 21 vis-

79 392 92 27 serligen
189 392 83 21 kunnat
281 392 32 21 uti
323 398 51 21 nyss
387 392 94 21 berörda
490 392 74 27 kalkyl
574 394 113 25 upptagas,
699 398 35 15 om
745 392 35 20 det
791 391 40 22 ock
841 391 66 21 borde

80 420 107 22 erkännas
202 420 125 28 tillräckligt
343 422 33 20 att
391 420 37 22 det
442 420 108 28 behöfliga
565 420 133 27 ärsanslaget
713 420 33 22 för
762 420 98 27 samtliga
869 426 39 22 ny-

80 449 123 27 byggnader
225 449 106 21 anfördes.
361 449 56 21 Hela
438 449 121 22 kostnaden
580 449 35 21 för
630 450 61 21 detta
706 449 39 21 hus
761 450 24 20 är
799 449 109 22 beräknad

79 478 35 22 till
137 478 97 26 omkring
257 478 92 24 880,000
371 478 42 26 mk,
432 478 41 22 och
488 478 66 27 enligt
569 484 27 15 en
611 478 34 22 för
660 477 129 27 längesedan
804 477 104 28 uppgjord

80 507 52 27 plan
153 506 70 22 skulle
241 506 118 27 utgifterna
381 506 106 22 bestridas
511 508 96 20 närmast
630 506 48 22 frän
699 512 27 16 en
741 506 102 22 danaarfs
857 506 51 22 fond

80 541 48 16 som
142 535 67 21 finnes
225 535 7 21 i
247 535 157 21 statskontoret
419 535 40 21 och
475 535 86 22 dernäst
576 536 49 21 med
641 535 76 26 medel,
733 541 46 15 som
789 535 78 21 influtit
876 535 33 21 uti

80 564 43 22 den
138 570 17 15 s.
170 564 21 21 k.
207 563 134 27 Helsingfors
356 564 169 27 byggnadsfond.
555 564 42 21 Till
611 564 214 26 förfullständigande
841 564 22 21 af
872 570 37 15 an-

80 592 70 27 slaget
165 592 39 21 har
220 592 36 22 det
275 592 116 22 beräknats
407 594 32 20 att
454 592 64 28 högst
533 593 93 25 480,000
641 593 43 25 mk,
700 592 107 22 fördeladt
820 592 28 28 pä
858 592 51 21 ären

83 621 55 21 1886
155 621 39 21 och
211 621 61 26 1887,
288 621 69 21 skulle
373 621 51 28 utgä
446 621 49 22 frän
517 622 42 21 den
574 622 109 21 allmänna
698 621 118 27 budgetens
826 620 83 28 vanliga

82 650 75 26 anslag
172 650 33 21 för
221 650 158 26 nybyggnader.
409 650 207 27 Ofverhufvudtaget
631 650 40 21 har
686 650 24 21 af
723 650 26 21 de
765 650 52 26 skäl,
827 650 26 21 hr
864 649 45 21 Mo-

81 678 76 22 lander
172 678 77 26 anfört,
265 684 26 15 en
306 678 137 28 specificerad
453 678 74 28 kalkyl
539 679 59 21 öfver
608 679 100 27 samtliga
717 678 193 28 byggnadsföretag

82 707 103 21 särskilät
207 707 47 21 icke
275 707 83 21 kunnat
375 709 114 25 uppgöras,
505 708 90 21 emedan
610 708 116 26 styrelsens
741 708 74 26 planer
830 706 80 22 beträf-

82 734 65 22 fande
169 736 64 25 tiden,
250 737 39 19 när
304 738 32 19 ett
351 736 40 21 hus
406 736 55 22 skall
477 736 166 26 ästadkommas,
660 736 40 21 och
715 736 56 21 huru
785 736 53 28 högt
851 736 59 21 kost-

83 764 95 21 naderna
193 764 56 26 stiga
265 764 23 22 sä
303 764 44 22 ofta
362 764 76 22 korsas
453 764 24 22 af
491 765 189 27 omständigheter,
696 771 46 15 som
758 765 36 21 det
808 764 47 22 icke
865 763 45 22 stär

83 792 8 22 i
114 792 115 28 styrelsens
251 793 60 21 makt
333 795 33 19 att
381 793 117 22 förhindra.
529 794 77 21 Derför
620 794 63 26 följes
698 794 131 21 fortfarande
844 794 67 26 syste-

83 822 45 20 met
150 823 32 19 att
204 821 48 22 föra
273 822 28 27 pä
323 822 192 28 normalbudgeten
537 822 93 27 800,000
647 822 37 22 mk
700 828 34 16 om
750 822 51 26 året,
817 822 40 21 och
871 823 39 19 när

83 849 139 26 uppkommet
237 850 118 22 öfverskott
374 851 57 20 visar
451 852 33 20 att
500 852 37 20 det
551 853 25 19 är
591 851 89 26 möjligt,
696 851 39 21 har
750 850 27 27 pä
793 852 60 20 extra
867 851 44 20 stat

83 879 110 26 upptagits
209 880 31 19 ett
255 879 124 27 ytterligare
395 879 85 27 belopp,
498 880 26 21 de
539 881 85 20 senaste
641 879 50 22 åren
702 880 92 25 300,000
804 879 42 21 mk.
869 878 42 21 Det

82 907 27 20 är
124 906 59 22 detta
198 907 78 27 belopp
299 914 45 15 som
367 909 24 20 är
413 910 106 25 upptaget
536 909 7 20 i
559 909 41 20 den
621 908 169 27 approximativa
805 907 104 27 kalkylen,

83 934 86 23 hvilken
184 935 33 22 för
233 936 68 27 öfrigt,
318 936 71 22 säsom
404 937 66 21 redan
489 937 116 26 anmärkts,
625 937 121 27 egentligen
763 937 46 21 icke
824 937 39 20 hör
879 935 32 22 till

83 963 117 22 föremälen
216 964 33 21 för
264 965 37 21 det
315 972 29 14 nu
359 965 146 28 föreliggande
521 966 153 21 betänkandet.

153 992 58 22 Frih.
227 993 23 21 af
264 993 139 28 Schult&n,
422 995 29 21 M.
467 995 42 20 W.:
531 994 34 21 Då
584 994 173 22 statsutskottets
772 993 139 27 anmärkning

100 1020 13 22 å
136 1021 38 21 sid.
190 1023 12 20 6
219 1022 132 22 beträffande
372 1025 77 19 räntan
469 1023 13 21 &
497 1023 48 27 Nya
567 1023 209 28 teaterhusbolagets
791 1023 8 21 i
813 1023 98 26 Helsing-

94 1055 35 16 ors
143 1049 35 22 län
194 1051 168 28 uppenbarligen
372 1053 36 20 rör
419 1052 77 21 endast
507 1058 25 15 en
543 1051 193 28 bokföringsfräga,
750 1052 84 21 hvilken
844 1051 67 27 fråga,

84 1078 67 27 enligt
166 1079 56 21 hvad
237 1080 94 27 framgår
346 1081 24 21 af
383 1081 40 21 den
438 1081 24 21 af
475 1081 27 20 hr
517 1081 112 21 Molander
640 1081 80 26 afgifna
730 1080 150 27 förklaringen,
891 1079 23 22 af

84 1107 105 27 styrelsen
212 1108 69 22 blifvit
303 1109 50 22 fullt
376 1109 107 27 sakenligt
505 1109 128 26 behandlad,
655 1109 49 22 ville
720 1109 37 27 jag
771 1109 34 22 för
819 1109 44 21 min
878 1108 34 22 del

83 1134 81 23 föreslå
178 1138 33 19 att
226 1137 25 21 R.
267 1143 19 16 o.
301 1138 26 21 A.
343 1137 47 22 icke
405 1138 68 21 måtte
488 1138 74 21 förena
577 1138 32 27 sig
625 1144 34 15 om
670 1139 60 21 detta
741 1137 171 22 statsutskottets

84 1164 118 22 uttalande.

153 1193 136 23 Beträffande
312 1195 96 27 Nylands
431 1195 108 27 bataljons
557 1195 79 21 kasern
651 1195 37 22 vill
700 1195 37 28 jag
752 1195 113 22 framhålla
880 1195 33 20 att

82 1221 50 22 frän
151 1221 128 23 fackmanna
294 1223 108 28 synpunkt
416 1224 83 27 ganska
515 1223 133 28 berättigade
664 1224 165 27 anmärkningar
843 1223 70 21 blifvit

82 1250 83 27 gjorda,
189 1251 59 21 säväl
270 1251 134 23 beträffande
425 1253 91 26 platsen,
540 1253 39 21 der
601 1253 69 20 denna
685 1253 78 21 kasern
778 1252 68 22 blifvit
860 1257 53 21 upp-

84 1279 48 21 förd
147 1285 45 16 som
208 1280 65 21 ocksä
288 1280 133 22 beträffande
437 1281 76 27 sjelfva
528 1281 184 27 byggnadssättet.
735 1281 52 21 Man
799 1281 40 21 har
849 1280 64 21 fram-

84 1306 61 23 hållit
160 1310 32 19 att
208 1309 95 26 platsens
319 1310 96 21 sanitära
430 1310 49 27 läge
494 1310 83 21 lemnar
592 1309 104 28 åtskilligt
712 1309 65 28 öfrigt
791 1311 32 20 att
839 1308 73 26 önska,

82 1337 41 24 att,
139 1337 41 21 den
203 1339 24 20 är
250 1337 65 27 något
336 1337 64 28 trång
413 1338 34 21 för
462 1345 28 14 en
504 1338 96 27 betydlig
615 1339 190 26 sammanhopning
819 1337 24 22 af
856 1343 58 16 men-

84 1365 74 23 niskor
180 1366 40 21 och
243 1366 109 22 dessutom
376 1367 88 21 alldeles
483 1369 54 19 nära
551 1369 69 19 stöter
635 1367 33 21 till
683 1373 26 15 en
724 1369 43 19 tätt
781 1366 84 27 bebygd
880 1366 34 21 del

82 1393 26 22 af
122 1395 81 25 staden,
219 1401 45 15 som
279 1395 68 27 ligger
362 1395 67 27 högre
445 1397 28 20 än
488 1395 75 28 sjelfva
573 1395 113 22 kasernen.
709 1395 58 22 Utan
777 1395 72 22 tvifvel
859 1395 55 21 hade

83 1422 39 21 det
144 1429 25 15 ur
191 1423 81 22 sanitär
295 1423 109 28 synpunkt
426 1424 56 21 varit
497 1424 125 27 lämpligare
637 1426 33 19 att
685 1430 26 15 en
726 1425 56 26 plats
796 1425 8 20 i
819 1430 26 16 en
859 1423 56 27 glest

84 1450 101 23 befolkad
208 1452 35 21 del
265 1451 23 22 af
308 1452 78 21 staden
402 1452 52 22 eller
469 1454 61 20 utom
549 1453 124 21 densamma
689 1453 68 21 blifvit
771 1453 57 26 vald,
844 1451 71 22 säsom

84 1479 59 21 skett
153 1479 34 22 för
202 1480 93 21 flertalet
311 1481 23 20 af
348 1481 27 20 de
390 1481 69 27 öfriga
475 1481 138 22 kasernerna.
645 1481 73 22 Skulle
733 1481 24 22 sä
771 1481 66 22 hafva
851 1480 64 26 skett,

82 1506 26 22 sä
131 1507 68 22 skulle
222 1509 37 21 det
281 1510 56 21 varit
359 1510 112 27 naturligt,
495 1511 32 20 att
549 1509 213 28 byggnadssystemet
777 1510 55 21 hade
848 1508 69 22 blifvit
