1100 1748
226 107 63 25 1,154
495 108 16 19 R.
524 113 15 14 0.
552 108 16 19 A.
581 108 46 20 1885.
651 108 18 19 15
683 108 34 24 Maj.

195 174 181 28 uppblomstrade.
406 176 40 27 Jag
468 176 37 22 vill
525 177 47 22 med
589 176 99 23 afseende
704 178 51 21 derä
770 177 53 22 ifrän
839 177 52 22 hans
907 181 53 24 eget,
976 178 48 22 med

195 202 108 23 darrande
317 204 57 22 hand
388 205 81 22 skrifna
483 205 134 28 manuskript
631 206 90 27 uppläsa
736 207 65 26 nägra
817 206 44 26 ord,
879 206 26 22 dä
920 207 41 22 han
975 207 49 22 skil-

196 233 37 22 des
256 232 46 22 frän
321 232 79 23 Finska
415 233 191 28 Konstföreningen
624 235 41 21 den
683 235 25 21 12
724 241 56 16 mars
797 236 62 21 1878.
889 235 48 22 Han
953 238 69 25 säger:

196 261 53 26 »Ett
272 261 51 22 sista
344 262 39 21 ord
404 262 96 22 anhåller
517 263 37 27 jag
569 265 57 19 änuu
642 265 33 20 att
690 263 86 28 tillägga
791 264 60 21 detta
866 264 48 21 mitt
929 264 51 21 sista
995 264 29 22 af-

195 289 59 22 sked.
286 290 41 21 Det
349 292 24 19 är
394 290 32 21 för
448 291 101 22 herrarne
573 291 86 27 bekant,
682 294 32 19 att
726 293 38 26 jag
779 293 38 20 der
832 294 35 19 ute
883 293 27 26 pä
925 299 26 14 en
966 293 58 21 vind-

195 318 101 22 omsusad
317 318 72 28 klippa
404 319 33 22 vid
452 319 69 22 finska
536 320 73 22 vikens
624 321 74 21 strand
713 321 95 27 uppbygt
823 327 26 15 en
863 321 78 27 hydda,
957 321 67 27 egnad

195 349 34 20 att
251 347 23 21 åt
297 347 40 22 den
358 347 66 22 första
446 348 168 28 tillstymmelsen
638 349 33 21 till
689 351 31 20 ett
735 349 74 28 galleri
824 349 32 22 för
871 350 70 26 konst,
957 356 45 15 som
1017 350 7 21 i

196 375 60 22 detta
279 375 49 22 land
349 375 92 23 försökts
464 376 23 22 af
507 377 82 22 enskild
612 383 84 22 person,
718 378 57 27 gifva
797 380 31 19 ett
850 377 62 28 hägn.
950 377 74 22 Denna

194 405 92 26 samling
300 404 39 21 har
353 405 101 27 uppvuxit
469 405 183 28 hufvudsakligast
666 412 77 21 genom
759 407 26 21 de
800 406 71 26 alster,
889 407 46 21 dem
946 406 79 21 Konst-

195 432 123 27 föreningen
333 433 126 28 framkallat,
476 434 38 22 och
531 434 40 22 den
585 434 143 28 förhoppning
743 435 53 22 skall
812 435 18 27 ej
847 435 64 26 svika,
927 437 32 20 att
974 435 50 21 vära

196 462 92 25 artister,
305 461 60 22 äfven
387 462 112 23 framdeles
521 462 178 28 ihägkommande
722 464 41 21 den
785 463 114 27 vänlighet.
922 463 102 22 hvarmed

196 489 63 23 deras
275 489 136 28 föregängare
433 491 116 22 omfattade
571 492 58 21 mina
650 492 142 26 sträfvanden,
816 493 46 21 icke
885 492 68 22 tilläta
972 492 52 21 kon-

195 518 114 23 tinviteten
331 519 8 21 i
360 520 37 20 vär
419 519 110 22 inhemska
550 520 74 22 konsts
647 521 120 27 utveckling
782 521 97 27 utplänas
895 521 7 21 i
918 521 47 21 mitt
980 520 43 22 lilla

195 547 144 28 konstgalleri.
370 548 42 21 Det
433 550 24 19 är
477 549 32 21 väl
525 549 67 21 under
607 549 48 22 hela
670 550 47 21 värt
732 549 61 22 lands
808 549 164 22 konstälskande
988 549 36 22 all-

195 576 99 25 mänhets
308 577 56 27 hägn
376 577 37 27 jag
427 577 74 22 ställer
515 577 70 22 denna
599 577 51 28 asyl,
667 584 48 15 men
720 578 38 27 jag
768 577 69 22 tviflar
847 578 64 21 likväl
921 578 18 27 ej
952 578 71 27 derpä,

194 606 34 20 att
251 605 41 22 den
314 605 74 22 främst
410 605 41 22 kan
473 606 66 22 räkna
562 607 29 28 pä
610 606 80 22 Finska
705 607 203 26 Konstföreningens
923 606 100 28 beskydd,

195 634 28 21 dä
246 634 41 21 den
309 633 68 22 blifvit
392 634 83 22 värnlös
490 641 75 20 genom
581 635 42 21 min
638 635 126 27 bortgång".
795 635 49 22 Han
859 635 92 27 begärde
966 635 58 22 detta

194 661 70 29 skydd
287 662 22 22 af
329 663 99 21 Finlands
451 663 50 27 folk,
524 664 88 21 emedan
636 663 41 22 han
698 664 49 27 inga
763 664 66 21 andra
845 664 97 26 arvingar
964 663 59 27 egde,

194 691 24 21 ät
242 691 72 22 hvilka
328 691 42 22 han
386 691 69 22 kunde
471 692 92 21 anförtro
580 692 69 21 denna
664 692 32 21 sin
712 693 55 21 enda
782 692 91 28 dyrbara
889 693 62 20 skatt.
981 692 43 21 Det

195 721 25 20 är
242 720 46 21 icke
311 721 65 26 några
399 719 96 28 miljoner
517 721 52 21 eller
591 721 66 26 några
672 721 123 22 tiotusental
811 721 66 26 mark,
894 721 86 21 hvarom
996 726 28 15 nu

194 749 26 20 är
242 748 65 27 fräga,
331 749 36 21 det
389 751 24 19 är
435 749 74 22 endast
532 756 34 15 om
589 755 26 16 en
637 749 85 28 mycket
737 750 60 27 ringa
812 756 82 15 summa
909 749 32 22 till
957 749 67 22 denna

195 777 101 27 samlings
307 777 52 22 värd
370 778 39 21 och
423 777 119 22 bevarande
557 778 7 21 i
579 777 94 28 enlighet
688 779 49 20 med
752 779 52 20 hans
820 778 5 21 i
842 779 135 20 testamentet
992 780 32 19 ut-

195 805 86 28 tryckta
304 806 86 22 önskan.
421 806 45 22 Och
489 807 35 21 det
546 809 25 19 är
593 813 34 14 om
651 806 48 22 dess
722 807 119 26 beviljande
853 807 43 26 jag,
912 813 45 14 som
972 807 52 20 stätt

195 833 106 28 Cygnzus
323 835 23 21 sä
368 837 52 19 nära
435 836 7 20 i
458 841 57 16 mera
531 837 26 20 än
573 835 28 22 30
615 835 35 21 års
665 835 32 21 tid
712 835 23 22 af
747 835 53 22 hans
815 835 78 26 lefnad,
908 834 75 22 hvaraf
998 835 25 21 10

193 862 27 22 år
235 863 67 22 under
317 863 53 22 hans
386 863 179 28 ordförandeskap
580 863 7 22 i
602 863 201 28 Konstföreningen,
819 863 85 22 hvarför
916 863 37 27 jag
961 863 63 22 också

194 890 92 23 kommit
301 894 32 20 att
346 892 63 22 hafva
424 895 106 19 närmaste
545 892 98 28 tillsynen
659 892 59 22 öfver
731 893 69 21 denna
810 892 89 27 samling
909 892 53 22 efter
972 892 52 22 hans

196 919 49 27 död,
268 927 29 15 nu
315 921 65 27 vågar
398 921 83 22 anhålla
496 921 39 22 hos
549 922 25 21 R.
591 927 19 15 o.
625 921 33 27 A.,
674 921 73 21 ibland
761 921 63 21 hvars
841 921 135 21 medlemmar
989 920 36 28 jag

195 948 65 22 ocksä
283 949 38 21 här
343 956 35 15 ser
400 950 117 22 ledamöter
536 950 23 22 af
571 949 84 22 landets
670 950 95 27 styrelse,
782 956 45 15 som
843 949 98 21 afiemnat
957 949 68 21 denna

195 976 49 23 nåd.
268 984 59 21 prop.
349 984 35 16 n:o
400 979 26 21 38
442 978 34 22 till
489 978 84 22 landets
588 978 94 26 ständer,
697 978 112 22 hvaröfver
824 978 158 22 statsutskottet
997 984 28 15 nu

196 1004 83 28 afgifvit
293 1006 38 22 sitt
346 1006 141 22 betänkande.

267 1034 39 22 Om
329 1034 59 23 detta
410 1035 139 26 betänkande,
573 1036 22 20 åt
617 1035 81 21 hvilket
719 1035 37 27 jag
778 1035 7 21 i
801 1034 118 22 hufvudsak
934 1034 91 22 skänker

195 1062 49 22 mitt
267 1062 51 23 fulla
340 1064 141 26 erkännande,
501 1064 96 21 anhåller
609 1063 37 27 jag
661 1066 32 19 att
708 1064 21 21 få
744 1065 52 25 göra
812 1064 65 26 några
893 1063 133 21 anmärknin-

194 1096 40 21 gar
257 1091 40 21 och
319 1091 80 28 tillägg,
422 1092 71 22 hvilka
514 1092 81 22 kanske
617 1094 37 20 äro
673 1092 140 26 nödvändiga.
844 1092 43 21 Det
902 1098 36 15 var
953 1092 71 24 skada,

195 1121 33 19 att
250 1119 172 28 landtdagstiden
444 1127 38 15 var
496 1122 23 20 så
535 1120 59 27 långt
608 1120 147 27 framskriden,
772 1120 27 22 då
815 1120 68 21 denna
898 1126 60 21 prop.
973 1119 53 22 först

195 1147 114 23 tillstäldes
331 1149 113 21 ständerna
467 1149 40 21 och
529 1149 148 21 remitterades
700 1149 32 21 till
755 1148 166 27 statsutskottet,
945 1148 81 21 hvilket

194 1176 83 27 gjorde,
300 1179 33 19 att
347 1178 159 21 statsutskottet
527 1177 134 27 naturligtvis
684 1178 46 21 icke
746 1177 70 21 kunde
833 1183 54 20 egna
902 1183 25 15 en
943 1177 83 21 timmes

194 1204 33 22 tid
249 1206 24 20 åt
290 1207 31 20 att
336 1206 50 21 bese
402 1206 68 22 denna
486 1206 95 27 samling,
597 1206 64 21 innan
678 1206 41 21 den
734 1205 58 29 afgaf
805 1206 37 20 sitt
859 1206 102 26 yttrande,
978 1205 48 21 med

195 1233 110 28 undantag
327 1234 22 22 af
371 1235 46 21 dess
441 1235 126 22 ordförande
589 1235 40 21 och
651 1241 26 15 en
698 1241 70 15 annan
784 1234 94 21 ledamot
893 1233 6 22 i
915 1234 111 26 utskottet,

194 1261 41 22 och
259 1264 32 19 att
313 1263 8 21 i
343 1263 116 22 allmänhet
481 1263 104 22 utskottet
600 1263 46 22 icke
662 1263 70 22 kunde
749 1269 54 20 egna
818 1263 70 26 någon
904 1262 30 21 tid
950 1265 32 19 att
996 1262 30 21 in-

194 1290 75 22 hemta
283 1291 151 28 upplysningar
449 1292 108 26 angående
573 1292 129 27 densamma.
732 1291 129 27 Derigenom
877 1291 38 21 har
930 1291 96 26 uppstått

195 1321 32 19 ett
249 1325 42 22 nog
313 1319 143 28 besynnerligt
478 1320 93 27 misstag,
595 1327 46 14 som
661 1320 124 27 genomgått
800 1322 76 19 nästan
892 1319 42 22 alla
949 1319 77 22 referat

195 1353 35 15 om
253 1348 61 21 detta
337 1348 82 28 Cygni
443 1349 79 26 galleri,
545 1351 33 19 att
600 1348 36 22 det
657 1349 69 21 skulle
744 1348 107 21 innehålla
867 1347 118 27 egentligen
1000 1353 26 16 en

194 1376 80 26 mängd
297 1376 23 21 af
335 1383 66 20 yngre
415 1376 68 23 finske
497 1377 137 22 konstnärers
649 1377 204 27 förstlingsarbeten.
884 1377 75 20 Denna
973 1381 54 16 sam-

193 1403 46 27 ling
253 1404 118 22 innehäller
386 1408 91 19 tvärtom
492 1405 50 22 flere
557 1406 88 21 arbeten
661 1405 22 22 af
696 1405 62 22 äfven
774 1405 26 22 de
815 1405 77 24 äldsta,
908 1404 54 21 ända
972 1403 55 22 ifrän

194 1431 104 23 Laur&us
319 1433 39 22 och
374 1433 112 28 Finnberg,
502 1434 47 22 dem
565 1434 104 27 Cygneus
685 1434 22 21 af
720 1436 71 19 värme
806 1433 34 22 för
855 1433 67 21 finska
937 1433 90 21 konsten

195 1459 56 23 hade
274 1461 49 22 sökt
345 1464 32 19 att
399 1462 67 22 skaffa
487 1462 38 27 sig,
549 1463 41 21 och
612 1462 73 22 hvilka
696 1463 45 26 just
757 1464 76 25 utgöra
849 1461 48 22 dess
912 1460 115 23 förnämsta

195 1489 73 27 värde,
285 1489 39 22 och
348 1491 107 21 dessutom
478 1491 87 22 arbeten
589 1491 22 21 af
625 1497 65 21 yngre
706 1491 135 25 konstnärer,
857 1495 46 16 som
918 1489 42 22 han
975 1495 52 22 upp-

195 1518 114 22 muntrade
332 1519 48 21 med
400 1519 156 28 beställningar,
573 1519 38 22 och
627 1519 23 22 af
663 1519 72 22 hvilka
750 1519 43 22 han
809 1519 40 22 ock
864 1517 41 22 fick
920 1520 108 25 emottaga
