1103 1745
203 102 66 50 1,230,
475 118 16 18 R.
532 118 16 24 4.
561 118 51 25 18863.
631 119 18 23 18
662 119 44 23 Rajaa

172 183 60 22 öfver
247 184 50 29 den
317 186 119 27 synnerliga
450 187 198 27 uppmärksamhet,
665 194 52 20 som
727 187 219 27 riddarhusutskottet
961 188 47 26 har.

174 211 78 23 skänkt
275 213 23 21 ät
319 211 288 31 riddarhusgenealogiernas
630 216 186 27 kompletterande
839 216 40 26 och
894 216 105 26 rättande,

171 241 106 22 särskildt.
290 243 48 24 med
353 242 86 24 afsende
455 243 13 21 &
482 244 27 21 de
524 245 7 20 i
546 244 106 27 Ryssland
668 245 85 21 bosatte
763 244 68 22 finske
842 244 157 22 adelsmännen.

172 268 113 24 Utskottet
306 271 45 27 har,
374 272 48 21 med
444 272 100 22 afseende
560 273 52 21 derä
627 275 33 19 att
675 280 26 15 en
717 275 46 20 stor
778 273 35 22 del
828 273 23 21 af
865 273 136 27 uppgifterna

172 304 35 15 om
230 298 63 22 dessa
316 300 7 20 i
345 300 104 27 Ryssland
471 301 85 22 bosatte
572 302 112 22 landsmän
700 304 38 19 äro
753 302 100 21 hemtade
868 301 47 21 frän
930 302 70 26 privat

172 326 172 28 korrespondens
367 329 39 21 och
427 330 47 21 icke
499 332 37 19 äro
563 330 118 27 hestyrkta,
701 330 112 27 föreslagit
828 336 26 15 en
869 330 81 27 åtgärd,
966 330 34 22 för

171 356 34 20 att
226 356 63 27 skilja
312 357 61 21 dessa
396 358 108 28 uppgifter
528 358 48 22 från
601 360 26 20 de
652 359 124 21 autentiska
801 358 141 28 uppgifterna,
959 359 40 21 och

172 384 36 21 det
224 386 24 19 är
268 386 79 26 ganska
366 386 75 28 riktigt
455 388 32 20 att
502 394 50 14 man
568 388 40 21 bör
623 390 54 23 veta,
694 388 73 21 hvilka
782 387 107 27 uppgifter
904 389 36 19 äro
956 387 43 21 till-

171 412 110 27 förlitliga,
297 415 88 21 emedan
400 415 36 22 det
450 418 25 18 är
490 416 23 21 af
530 416 52 27 vigt,
598 423 46 15 som
659 416 106 22 utskottet
781 418 68 25 säger,
866 416 46 21 icke
923 416 76 21 endast

171 440 34 21 för
227 441 27 21 de
277 443 99 26 politiska
399 444 40 21 och
462 444 61 21 civila
538 445 167 26 rättigheternas
722 444 132 27 åtnjutande,
871 446 51 19 utan
937 444 62 21 äfven

171 469 33 21 för
228 470 41 21 den
292 471 114 22 historiska
428 473 144 27 forskningen.
602 473 52 22 Man
676 473 39 22 har
734 473 71 22 derför
821 473 115 26 föreslagit,
952 479 46 16 som

171 499 68 26 sagdt,
264 499 40 22 den
325 500 102 27 åtgärden
442 504 32 19 att
489 502 7 20 i
511 502 120 21 tabellerna
647 502 70 21 införa
732 508 26 15 en
774 501 127 27 anteckning
916 507 34 16 om
966 503 32 20 att

171 527 41 20 den
235 528 53 21 eller
303 529 40 20 den
358 530 109 26 uppgiften
482 530 46 21 icke
544 532 25 19 är
584 531 115 26 autentisk,
716 533 53 19 utan
785 530 86 21 hemtad
886 529 54 22 ifrån
955 530 43 27 pri-

170 557 36 19 vat
227 556 65 21 källa.
322 557 41 22 Det
386 565 62 15 anser
468 559 37 27 jag
521 559 39 21 ock
576 565 52 16 vara
642 559 83 27 ganska
740 559 38 21 bra
794 559 40 21 och
849 559 84 26 nyttigt,
949 565 48 15 men

169 583 88 23 hvarför
280 585 25 22 de
327 586 96 22 källorna
445 587 61 22 skola
528 587 103 27 förvaras,
653 588 36 21 det
711 588 43 21 kan
773 587 37 27 jag
825 587 46 21 icke
885 587 73 26 förstå,
975 589 23 24 ty

170 612 26 22 de
212 613 62 22 bestå
290 615 66 21 oftast
371 616 6 20 i
392 616 84 26 privata
491 616 53 25 bref,
561 616 72 22 hvilka
648 617 72 21 kunna
735 615 108 22 innehålla
854 615 144 27 hvarjehanda

169 644 73 25 annat,
258 642 86 22 hvarför
356 643 37 28 jag
408 647 46 19 tror
469 645 36 21 det
520 651 51 15 vore
586 652 48 20 nog,
651 651 34 16 om
701 645 244 26 riddarhusgenealogen
961 651 36 14 an-

169 671 113 26 tecknade,
298 673 31 20 att
344 673 26 21 de
386 675 37 19 äro
439 673 99 22 hemtade
553 674 48 21 från
618 676 30 19 ett
664 674 49 21 bref
726 673 49 22 från
790 673 41 21 den
841 679 39 15 ena
894 673 52 21 eller
956 673 41 20 den

168 699 69 21 andra
251 706 111 20 personen.
392 702 66 21 Detta
474 702 83 21 således
573 703 56 21 hvad
645 702 67 27 angår
727 702 70 21 första
811 702 101 26 punkten,
930 707 33 15 om
977 701 20 21 vi

168 727 61 21 skola
252 729 27 26 gå
300 729 7 21 i
330 729 95 28 ordning.
455 731 37 21 Uti
515 731 41 21 den
581 738 27 14 nu
631 731 7 21 i
661 731 62 27 fråga
737 731 94 21 varande
846 730 106 21 klämmen
969 729 28 27 pä

169 755 38 21 sid.
232 757 18 25 7,
274 757 84 22 hvilken
382 759 72 21 består
469 760 22 20 af
505 760 13 20 8
534 760 51 20 eller
601 761 12 20 9
629 760 69 25 rader,
716 759 69 21 skulle
798 759 37 27 jag
851 758 63 21 alltså
930 758 66 21 önska

169 786 33 19 att
225 785 27 21 de
272 788 32 19 tre
319 787 108 22 mellersta
442 788 92 21 raderna
548 788 70 22 skulle
634 788 51 27 utgå
702 788 71 21 såsom
788 787 93 21 varande
897 786 98 27 onödiga.

236 813 32 22 På
282 814 24 22 hr
316 815 208 23 landtmarskalkens
539 816 61 27 fråga
615 816 113 28 godkände
743 816 26 22 R.
786 822 19 15 o.
819 816 24 20 A.
855 815 52 21 härå
917 815 78 27 ifråga-

165 842 96 21 varande
276 843 84 28 förslag.

236 871 99 22 Rörande
351 872 35 21 det
401 873 22 21 af
435 873 105 21 utskottet
555 873 27 27 på
597 873 38 21 sid.
652 873 12 21 8
680 873 121 26 föreslagna
816 871 130 22 förfarandet
963 871 32 22 för

167 897 26 22 de
208 900 149 27 genealogiska
372 901 126 22 tabellernas
514 902 191 27 kompletterande,
723 901 111 22 anmärkte

236 928 26 21 br
284 928 180 28 Schauman,
488 931 34 20 A.:
544 931 40 24 Jag
608 930 48 21 ville
674 930 55 21 blott
745 929 102 22 anmärka
863 930 31 19 att
908 928 39 21 här
963 927 31 22 till

166 955 51 27 följd
240 957 22 20 af
284 959 30 19 ett
336 958 78 22 skriffel
437 959 51 21 eller
505 959 89 26 tryckfel
610 959 39 20 har
664 959 89 20 kommit
769 960 32 19 att
816 958 33 21 stä
865 973 8 9 ,
879 956 116 26 finländske

166 984 130 22 adelsmän".
326 987 23 20 R.
374 987 24 21 O.
421 989 35 20 vet
470 987 46 22 icke
532 987 22 22 af
568 989 64 24 något
648 1004 5 8 ,
654 987 138 25 finländskt"
809 985 118 26 riddarhus,
943 987 51 19 utan

165 1012 23 21 af
202 1015 30 19 ett
248 1013 65 22 finskt
328 1015 117 22 riddarhus.

234 1042 58 21 Frib.
310 1049 39 15 von
364 1043 92 22 Born:
472 1044 39 27 Jag
527 1046 24 19 är
566 1044 7 21 i
588 1043 82 22 tillfälle
686 1046 32 19 att
732 1043 90 27 upplysa
833 1043 25 20 hr
869 1042 124 26 Schauman,

165 1075 35 15 om
216 1073 32 18 att
264 1071 58 22 detta
336 1072 46 21 icke
398 1075 23 19 är
437 1075 30 18 ett
484 1073 96 27 tryckfel,

234 1099 33 20 Hr
282 1099 182 28 Schauman,
480 1102 36 20 A.:
534 1101 56 21 Utan
607 1103 31 19 ett
654 1100 102 22 tankefel!

234 1127 121 22 Utskottets
371 1129 77 27 förslag
463 1129 43 22 blef
521 1130 53 21 härå
588 1129 116 27 godkändt.

234 1156 10 21 I
268 1157 111 27 anledning
402 1158 22 21 af
444 1158 115 21 utskottets
579 1157 156 27 framställning
750 1158 13 20 å
778 1157 60 21 sidan
855 1157 12 20 9
884 1162 33 15 om
933 1155 61 22 efter-

165 1183 98 22 lefnaden
280 1185 20 21 af
314 1186 127 27 stadgandet
456 1187 6 20 i
478 1187 12 20 2
506 1187 13 27 &
536 1187 22 20 af
571 1187 24 20 R.
612 1186 25 21 O.
654 1186 110 27 angående
779 1185 118 26 ingifvande
913 1184 22 21 af
948 1184 46 21 full-

164 1213 98 26 ständiga
286 1213 127 27 biografiska
434 1215 134 26 genealogier
590 1215 32 20 till
640 1213 254 25 riddarhusdirektionen,
910 1213 83 27 yttrade

234 1241 26 21 hr
283 1241 181 28 Schauman,
487 1243 23 21 B.
537 1243 36 21 O.:
596 1243 40 27 Jag
654 1245 24 20 är
693 1243 6 21 i
715 1243 89 26 sanning
819 1241 102 22 förvånad
936 1241 58 22 öfver

162 1271 33 19 att
210 1270 245 23 riddarhusdirektionen
470 1272 39 21 har
524 1272 48 21 låtit
588 1272 84 21 komma
687 1271 32 27 sig
734 1271 34 21 till
783 1271 42 20 last
840 1277 25 14 en
877 1269 65 22 sådan
953 1269 41 21 för-

161 1298 117 22 summelse
300 1299 39 21 och
361 1300 47 21 icke
423 1300 50 21 stält
488 1300 31 26 sig
534 1300 32 21 till
584 1300 142 21 efterrättelse
741 1299 26 21 R.
785 1299 36 25 O:s
837 1299 12 20 2
866 1298 20 28 &,
898 1304 48 26 som
961 1300 32 18 sä-

162 1332 39 20 ger
223 1328 33 19 att
274 1327 33 21 vid
326 1328 71 26 hvarje
412 1334 27 22 ny
454 1330 41 19 ätts
511 1328 158 27 introducering
683 1328 55 21 skall
754 1334 26 14 en
796 1326 132 26 fullständigt
943 1332 52 20 upp-

162 1355 72 21 rättad
258 1355 114 27 biografisk
394 1356 109 28 genealogi
526 1357 58 21 öfver
600 1356 40 22 alla
660 1356 31 22 till
707 1358 61 20 ätten
785 1355 93 21 hörande
893 1360 101 22 personer

161 1382 97 27 ingifvas.
279 1384 40 26 Jag
334 1390 62 16 anser
411 1385 68 21 denna
494 1385 230 21 riddarhusutskottets
740 1384 58 22 kläm
809 1384 84 27 mycket
902 1382 91 28 befogad

163 1411 39 20 och
218 1411 38 21 ber
272 1412 81 21 således
369 1415 32 19 att
413 1412 21 22 få
449 1413 129 22 understöda
594 1413 127 22 densamma.

232 1439 33 22 Hr
280 1439 180 29 Schauman,
476 1442 39 21 A.:
532 1442 74 21 Ehuru
621 1442 58 21 tiden
695 1444 24 19 är
733 1441 25 22 så
773 1441 60 26 långt
848 1439 145 27 framskriden,

161 1467 43 21 kan
221 1467 38 28 jag
276 1468 46 22 icke
340 1469 110 22 underlåta
466 1472 31 19 att
512 1470 78 27 begära
606 1471 61 20 ordet
682 1470 7 21 i
705 1470 70 21 denna
790 1469 65 26 fråga,
872 1469 26 20 då
913 1467 80 22 riddar-

161 1495 157 23 husutskottets
341 1497 133 22 betänkande
496 1498 111 27 härvidlag
628 1498 90 22 innebär
741 1504 26 15 en
791 1497 139 24 anmärkning
949 1499 44 19 mot

162 1524 254 30 riddarhusdirektionen,
439 1527 32 21 till
493 1527 85 21 hvilken
590 1527 37 27 jag
643 1527 44 22 haft
703 1529 52 19 äran
772 1527 32 20 att
819 1526 58 21 höra.
907 1525 47 22 Den
970 1527 23 20 är
