1100 1742
402 107 16 19 R.
431 112 15 14 o.
458 107 16 19 A.
487 107 47 19 1885.
558 106 18 19 18
589 106 35 23 Waj.
841 108 61 26 1,263

94 176 58 26 ligen
167 176 47 20 icke
230 176 24 20 så
268 176 69 26 tidigt,
357 177 33 19 att
404 182 50 15 man
469 176 58 21 inom
542 182 82 14 samma
640 174 24 22 år
680 175 42 21 kan
739 175 72 21 skrida
826 176 31 20 till
868 176 61 21 verk-

93 204 113 26 ställighet
228 204 23 21 af
264 204 55 21 dem.
350 204 45 22 Och
411 210 34 15 om
462 204 184 26 anslagssumman
661 210 29 14 nu
706 204 129 21 bestämmes
850 204 33 20 till
898 206 31 20 ett

95 232 116 21 maximum
234 232 23 21 af
272 233 11 21 8
300 232 104 27 miljoner,
421 232 24 22 så
460 233 106 21 beräknas
582 233 35 21 vld
634 232 200 27 byggnadsplanens
849 234 80 25 uppgö-

96 260 65 22 rande
177 261 39 21 allt
232 260 101 27 derefter,
349 262 61 20 äfven
427 268 34 14 om
478 262 36 20 det
529 266 50 16 vore
595 260 152 27 förmänligare
763 261 34 21 för
812 260 69 22 banan
897 263 32 19 att

94 290 100 20 använda
217 291 32 19 ett
271 291 70 20 större
365 290 84 26 belopp.
480 289 30 21 Pä
532 290 68 20 denna
615 290 70 26 grund
702 289 39 21 och
757 289 28 21 dä
801 287 35 23 det
851 289 77 27 belopp

98 318 58 20 öfver
171 319 13 20 8
200 318 104 26 miljoner,
321 325 46 15 som
384 319 114 21 ständerna
514 325 29 14 nu
559 318 69 21 skulle
644 318 80 25 anvisa,
736 318 6 20 i
753 318 63 27 ingen
827 317 101 22 händelse

96 346 39 26 gär
150 346 105 22 förloradt
275 347 53 21 eller
343 347 71 21 kunde
430 347 86 21 komma
531 349 33 19 att
579 346 88 28 fördyra
682 346 77 24 banan,
777 347 42 21 kan
831 346 37 28 jag
882 347 46 21 icke

94 374 59 22 finna
168 375 37 21 det
219 375 110 26 praktiskt
343 377 34 19 att
393 375 119 21 bestämma
528 381 97 15 summan
641 374 23 22 sä
680 375 42 27 låg,
738 377 53 19 utan
807 375 77 21 vidblir
897 377 32 19 att

95 403 89 21 förorda
201 404 25 20 10
242 404 105 26 miljoner.

165 432 33 21 Hr
220 438 41 15 von
283 432 142 22 Alfthan:
448 432 43 22 Det
514 434 24 19 är
554 432 46 27 just
615 432 34 21 för
665 432 139 27 möjligheten
819 434 32 19 att
866 438 62 16 even-

96 461 56 21 tuelt
174 461 72 20 kunna
268 463 53 24 göra
345 463 59 19 stora
426 461 146 27 besparingar,
596 467 45 15 som
666 461 61 21 äfven
741 460 38 28 jag
794 461 68 21 skulle
878 461 50 27 vilja

97 488 87 22 förorda
207 491 32 19 att
264 490 25 20 10
314 490 97 26 miljoner
435 490 61 20 mark
512 489 70 21 skulle
598 490 84 20 anvisas
698 489 34 21 för
748 489 179 22 Savolaksbanan.

97 518 27 20 Vi
140 518 64 20 hafva
219 520 31 18 ett
266 518 89 21 alldeles
370 518 68 21 färskt
455 518 95 27 exempel
565 518 47 21 frän
627 518 144 21 innevarande
787 518 30 26 är,
828 518 28 22 dä
866 518 62 22 Uleä-

96 546 65 26 borgs
175 546 100 28 jernvägs
286 547 191 27 byggnadskomit6
488 553 38 15 var
529 542 14 37 i
560 546 83 22 tillfälle
658 548 34 20 att
707 546 98 28 begagna
819 548 31 26 sig
866 547 22 21 af
902 548 25 20 de

97 574 128 27 förmänliga
248 575 185 27 konjunkturerna
455 576 33 20 för
511 577 33 19 att
567 575 91 21 beställa
674 575 39 21 och
729 575 137 21 införskrifva
881 576 47 21 ske-

97 610 39 14 nor
159 604 33 20 till
215 610 64 14 norra
303 604 61 21 delen
380 604 23 21 af
416 604 198 27 Uleäborgsbanan,
630 604 48 20 från
694 603 77 21 Gamla
786 604 94 27 Karleby
895 604 32 21 till

97 631 115 27 Uleåborg,
236 632 91 21 emedan
343 633 37 21 det
402 633 60 21 fanns
478 632 23 21 sä
517 634 59 20 stora
593 632 117 26 besparade
726 633 69 21 medel
811 633 5 20 i
832 633 96 21 kommu-

97 660 187 22 nikationsfonden
309 663 31 19 att
363 661 49 21 hela
435 662 12 20 9
463 661 98 27 miljoner
576 660 62 22 mark
653 661 70 21 kunde
740 661 33 21 för
789 662 59 20 detta
864 662 64 20 ända-

97 689 43 21 mål
164 690 91 20 anvisas.
281 690 78 21 Finnes
379 690 46 21 icke
441 696 25 14 en
483 690 66 20 sådan
565 696 89 14 ressurs.
670 689 24 21 sä
709 690 43 20 kan
767 696 49 15 man
831 690 45 22 icke
892 690 36 22 be-

97 724 70 20 gagna
182 718 32 26 sig
229 718 24 21 af
266 719 26 20 de
309 719 168 25 eventualiteter,
494 725 44 15 som
557 718 73 21 kunna
647 718 89 27 erbjuda
751 719 32 26 sig
798 718 39 22 och
852 719 34 21 vid
902 719 26 21 de

96 749 61 18 stora
181 746 160 27 beställningar,
370 754 34 14 om
427 747 71 21 hvilka
519 747 36 21 det
578 747 40 20 här
637 748 25 19 är
677 746 67 28 fråga.
775 747 40 27 Jag
830 748 36 20 vill
882 748 46 20 der-

97 774 35 22 för
147 774 87 22 förorda
250 776 109 26 anslagets
374 776 92 26 höjande
482 776 31 20 till
533 776 25 20 10
573 775 105 27 miljoner.

168 804 32 20 Hr
223 804 165 21 Hackman:
414 805 46 20 Den
483 806 84 19 senaste
581 804 65 21 ärade
662 804 82 21 talaren
761 804 39 21 har
815 804 45 22 icke
876 811 52 20 upp-

98 832 48 26 lyst,
170 832 105 21 huruvida
299 833 106 21 skenorna
428 832 23 22 sä
474 833 105 27 betydligt
602 833 58 26 stigit
677 833 6 20 i
698 833 51 25 pris,
766 835 32 19 att
814 840 34 18 nu,
864 834 65 20 sedan

98 860 88 27 uppköp
209 860 33 22 för
264 861 192 27 Uleäborgsbanan
479 861 73 27 gjorts,
577 861 96 22 effektivt
696 868 26 14 en
747 861 69 22 fördel
839 862 89 21 vunnits.

98 889 51 21 Med
172 890 28 21 all
223 890 92 27 aktning
339 891 33 20 för
388 890 172 22 vederbörandes
580 890 129 21 merkantila
725 891 78 26 skarpa
819 891 56 21 blick
890 891 39 21 och

98 917 233 28 divinationsförmäga,
353 919 43 21 kan
415 919 37 26 jag
475 919 55 20 ändå
552 919 47 20 icke
615 918 114 21 underlåta
745 920 38 23 att,
799 919 70 21 såsom
884 919 46 21 haf-

96 947 70 20 vande
190 953 26 14 en
238 948 43 20 viss
305 948 121 21 erfarenhet
448 948 7 20 i
470 947 174 25 handelsaffärer,
661 948 100 26 uttrycka
776 948 56 21 mina
848 948 81 25 dubier,

98 975 107 21 huruvida
227 976 73 26 dylika
324 977 159 26 spekulationer
506 976 62 21 alltid
584 976 72 21 kunna
672 976 77 21 utfalla
763 977 93 26 lyckligt.
887 977 42 20 Det

98 1003 72 22 kunde
184 1004 24 26 ju
222 1004 73 21 hända
311 1007 32 18 att
359 1005 40 21 den
413 1005 245 26 jernvägskommission,
674 1011 45 14 som
736 1005 54 20 hade
801 1007 32 19 att
843 1005 87 27 bestyra

96 1038 37 15 om
156 1033 116 26 uppköpet,
296 1033 47 22 icke
366 1034 48 21 fullt
437 1033 73 27 riktigt
533 1033 126 27 uppfattade
682 1033 97 27 sakläget
801 1033 28 27 pä
850 1034 80 21 verlds-

99 1061 137 26 marknaden,
257 1061 57 22 hvad
327 1062 147 27 jernpriserna
495 1062 117 21 beträffade
628 1062 40 21 och
684 1063 32 20 att
732 1062 48 21 dess
795 1063 134 25 spekulation

98 1089 7 20 i
128 1091 26 19 st.
178 1090 13 21 f.
215 1092 33 19 att
270 1091 118 26 tillskynda
407 1091 73 20 landet
496 1097 25 14 en
538 1091 121 26 betydande
676 1091 114 26 besparing
805 1091 67 21 skulle
888 1091 41 21 öka

98 1117 249 28 jernvägskostnaderna
375 1120 48 21 med
447 1121 31 19 ett
500 1119 47 21 icke
571 1119 119 26 obetydligt
714 1119 84 27 belopp.
831 1119 41 27 Jag
894 1120 35 21 vill

96 1146 78 21 anföra
190 1147 60 20 detta
265 1148 22 20 in
304 1148 141 26 paranthesis,
462 1148 45 21 icke
523 1147 33 21 för
573 1150 31 18 att
620 1148 70 20 uttala
705 1147 66 28 nägot
781 1148 148 21 misstroende-

98 1177 79 19 votum.
208 1175 44 21 För
274 1177 44 20 min
342 1177 34 21 del
400 1177 39 20 har
460 1176 35 27 jag
518 1177 110 26 ingenting
651 1179 56 18 emot
724 1183 107 15 summans
846 1177 84 21 ökande

98 1203 33 31 till
156 1204 26 20 10
205 1204 100 26 miljoner
324 1205 39 21 och
380 1205 39 21 har
434 1205 46 21 icke
496 1205 68 21 heller
579 1205 6 20 i
601 1205 106 21 utskottet
723 1207 69 20 röstat
807 1205 33 21 för
856 1205 12 21 8
883 1205 47 21 mil-

94 1237 70 20 joner.

167 1261 33 20 Hr
222 1267 41 15 von
280 1262 144 21 Alfthan:
440 1262 57 21 Utan
513 1264 32 19 att
562 1262 41 21 den
618 1261 135 22 Uleäborska
767 1262 163 27 jernvägsbygg-

98 1289 151 21 nadskomiten
264 1290 42 21 kan
316 1291 62 26 våga
394 1293 58 18 mäta
466 1291 32 26 sig
512 1291 7 20 i
535 1291 114 20 merkantil
665 1291 64 26 skarp
746 1290 56 21 blick
817 1291 47 20 med
874 1290 56 21 före-

99 1317 117 22 ständaren
240 1319 33 20 för
293 1319 86 21 landets
401 1319 118 21 förnämsta
542 1319 137 26 handelshus,
703 1319 24 21 sä
743 1319 65 27 vägar
821 1319 36 26 jag
876 1319 54 21 ändä

98 1345 62 27 påstå
184 1349 32 18 att
239 1347 72 21 denna
324 1348 208 26 jernvägsdirektion
548 1348 5 20 i
571 1347 140 21 förevarande
726 1347 38 22 fall
780 1347 88 22 handlat
883 1348 47 21 full-

98 1374 92 27 komligt
199 1375 75 27 riktigt
284 1377 40 20 och
334 1377 100 26 temligen
444 1377 78 20 säkert.
538 1376 155 21 Förhällandet
702 1383 38 14 var
749 1376 76 21 sädant
836 1378 32 19 att
876 1376 55 21 före-

98 1403 117 21 ständaren
237 1404 35 21 för
298 1411 26 14 en
347 1405 23 20 af
391 1405 25 20 de
440 1406 80 20 största
542 1404 148 21 verldsfirmor
711 1405 34 21 för
760 1405 134 26 tillverkning
910 1405 22 20 af

95 1431 182 28 jernvägsskenor
303 1433 137 27 personligen
465 1433 72 21 infann
562 1433 32 26 sig
616 1433 28 26 pä
667 1433 69 21 denna
759 1436 34 19 ort
815 1433 33 21 för
862 1435 32 19 att
910 1433 21 21 få

99 1459 69 22 denna
191 1461 53 20 affär
266 1461 103 22 afslutad.
399 1463 43 20 Det
464 1468 37 15 var
524 1464 31 18 ett
576 1461 77 27 tydligt
666 1461 59 22 bevis
741 1462 26 26 pä
783 1463 32 20 att
830 1468 49 15 man
894 1469 37 14 var

96 1490 80 24 ytterst
199 1489 50 21 män
273 1496 33 14 om
329 1492 32 19 att
377 1490 21 21 fä
414 1490 80 21 affären
509 1490 33 21 till
558 1489 70 22 ständ.
660 1490 41 21 Det
716 1491 37 26 gaf
764 1491 167 26 jernvägskomi-

98 1517 36 20 ten
150 1523 26 14 en
200 1518 112 27 möjlighet
328 1521 33 18 att
376 1519 117 26 nedtrycka
508 1519 98 26 priserna
622 1518 39 21 och
675 1519 37 26 jag
727 1521 46 19 tror
789 1521 32 19 att
836 1519 40 20 den
892 1519 38 20 har
