1103 1745
220 95 62 26 1,138
495 96 16 19 R.
518 101 21 27 0.
553 96 17 19 A.
583 96 47 31 1885.
651 96 17 32 12
681 96 35 25 Maj.

191 163 75 28 tycker
286 163 46 22 icke
348 163 58 22 detta
421 166 24 19 är
459 165 92 26 rättvist,
567 165 28 22 då
612 165 35 22 det
662 165 40 22 här
716 165 67 27 gäller
798 170 26 15 en
840 165 45 20 stor
899 164 39 22 och
954 163 65 28 vigtig

191 191 107 23 landsorts
319 192 41 22 väl.
388 193 48 21 Den
457 196 84 19 senaste
563 194 90 26 talaren,
676 194 26 21 hr
718 200 39 15 von
774 192 148 27 Christierson,
938 193 24 22 E.
979 192 40 27 W.,

192 221 66 26 ansåg
280 222 31 20 att
333 227 48 16 man
403 221 46 22 icke
466 221 67 23 borde
547 222 80 22 blanda
642 222 49 22 bort
706 222 41 22 den
763 221 195 28 dislokationsplan,
973 226 46 17 som

191 249 70 21 blifvit
282 249 84 28 nyligen
384 249 95 23 faststäld
496 251 39 21 och
550 251 47 22 icke
613 253 56 20 ännu
684 251 82 21 kunnat
782 250 71 21 verka.
883 249 38 22 Om
938 249 26 22 hr
978 256 42 16 von

191 277 143 22 Christierson
356 278 54 22 hade
432 281 66 25 yttrat
520 279 61 22 detta
602 280 49 21 med
670 279 98 22 afseende
786 279 13 21 å
815 285 25 14 en
857 278 162 27 organisations-

191 306 57 27 plan,
269 306 54 22 hade
335 306 37 27 jag
386 307 32 21 till
433 307 51 22 fullo
499 307 61 28 gifvit
576 308 79 21 honom
670 310 50 24 rätt,
737 310 22 25 ty
774 313 26 16 en
816 307 203 27 organisationsplan

192 334 42 22 blir
256 335 110 27 onekligen
388 335 148 28 bortblandad,
561 337 72 21 derest
655 343 55 20 man,
733 336 55 22 efter
809 336 37 21 det
861 335 39 22 den
915 335 55 22 blott
985 335 7 22 i
1007 336 12 21 2

192 363 52 22 eller
268 363 12 22 3
302 364 25 21 år
348 364 54 21 varit
420 365 7 20 i
442 365 141 26 verksamhet,
599 365 97 22 försöker
710 367 33 22 att
757 364 64 27 lappa
837 364 39 21 och
891 364 66 21 ändra
973 364 46 26 den,

193 398 48 16 men
256 391 55 23 huru
327 392 35 22 det
376 393 8 21 i
399 393 68 27 någon
483 395 67 20 måtto
566 394 55 22 skall
637 394 72 21 kunna
724 395 59 21 störa
798 392 221 28 dislokationsplanen,

193 423 32 18 att
248 427 25 15 en
296 423 46 19 stor
362 421 101 27 landsdel,
481 422 63 21 hvars
559 422 124 27 befolkning
700 435 24 3 —
738 422 38 27 jag
790 422 56 21 talar
861 421 54 22 blott
930 428 34 15 om
980 422 40 20 den

193 449 41 27 del,
258 455 46 16 som
325 450 67 21 måste
414 450 77 22 räknas
513 450 32 22 till
567 451 95 22 Joensuu
684 450 136 22 skolområde
838 462 21 3 —
878 451 38 25 går
930 456 42 21 upp
988 449 32 22 till

193 478 37 27 1/16
246 477 22 22 af
282 479 47 20 vårt
343 477 60 23 lands
417 479 150 27 folknumerär,
587 480 84 21 komme
686 479 7 21 i
708 478 127 28 åtnjutande
850 478 22 21 af
885 485 80 14 samma
980 478 41 21 för-

193 507 49 21 mån
258 512 46 15 som
320 507 65 21 andra
400 507 58 22 delar
473 507 22 22 af
505 507 82 28 landet,
604 510 33 19 att
651 508 61 21 hafva
728 510 31 19 ett
775 507 130 26 fullständigt
923 507 98 21 läroverk

193 536 66 26 något
279 535 23 21 så
317 537 39 19 när
371 535 32 22 till
418 536 73 26 hands,
507 536 36 21 det
557 536 80 22 förstår
649 537 37 27 jag
701 537 53 21 icke.
784 536 41 26 Jag
839 535 67 22 finner
920 535 53 26 icke,
989 537 32 20 att

193 564 66 26 något
282 566 64 19 annat
366 563 97 23 läroverk
485 565 52 21 eller
559 565 217 27 dislokationsplanen
795 564 59 21 öfver
869 563 76 22 hufvud
962 563 60 23 deraf

193 592 42 21 kan
257 592 7 21 i
286 592 92 27 ringaste
400 594 48 21 mån
467 593 51 26 lida;
535 596 93 19 tvärtom
644 595 68 20 måste
728 594 36 21 det
780 599 50 15 vara
845 592 32 21 till
892 592 81 22 förmån
989 592 32 22 för

193 620 222 28 dislokationsplanen,
438 624 32 19 att
491 628 25 15 en
531 622 84 22 känbar
629 622 62 22 lucka
706 622 42 21 blir
762 621 50 28 fyld.
843 621 39 27 Jag
898 621 62 27 hyser
974 621 46 22 icke

193 649 33 22 för
248 649 43 22 min
315 649 33 22 del
369 651 69 26 någon
453 650 87 27 farhåga
555 651 36 21 vid
607 651 101 27 förslaget
724 653 32 19 att
771 649 114 23 ständerna
899 651 48 20 åter
961 649 60 22 skola

193 680 52 25 göra
266 678 32 21 sin
322 679 44 20 röst
388 679 59 26 hörd,
471 685 25 16 en
513 679 96 27 farhåga,
625 686 46 15 som
686 680 73 27 tyckes
775 679 33 21 för
823 678 47 21 frih.
886 678 22 21 af
921 678 100 22 Schultén

193 713 51 15 vara
267 707 84 26 mycket
368 707 91 22 talande.
489 708 42 21 Det
549 715 62 20 synes
627 708 48 27 mig,
692 711 32 18 att
739 714 25 16 en
780 707 131 26 underdånig
926 707 95 27 petition,

194 735 27 21 då
243 735 57 27 goda
321 735 46 22 skäl
389 735 106 23 framförts
517 737 32 20 till
572 737 49 21 stöd
643 737 33 21 för
698 737 130 24 densamma,
847 735 70 22 alltför
931 735 34 22 väl
980 735 42 21 kan

193 763 105 22 inlemnas
314 763 39 22 och
368 764 46 21 icke
429 765 39 21 bör
481 765 8 21 i
503 766 70 26 någon
589 766 68 21 måtto
672 766 68 21 väcka
755 764 174 27 betänkligheter.

262 792 33 21 Hr
315 792 245 23 Nordenskiöld:
571 794 50 33 Jag
636 794 38 21 ber
689 796 31 19 att
734 793 22 22 få
771 793 130 21 understöda
916 792 106 22 klämmen

193 820 8 21 i
223 821 41 21 den
286 821 23 21 af
328 821 47 22 frih.
398 821 22 22 af
441 822 106 27 Schultén,
571 829 28 15 m.
618 822 20 21 fl.
662 821 173 23 undertecknade
858 821 163 22 reservationen.

193 849 34 22 Då
246 849 38 27 jag
306 851 39 25 gör
366 850 64 26 detta,
449 851 42 21 kan
507 851 38 27 jag
559 851 56 22 dock
630 851 46 22 icke
691 851 113 21 underlåta
818 852 33 19 att
866 849 109 22 framhålla
991 851 31 19 att

193 873 36 58 jag
252 877 34 22 för
308 878 42 21 min
372 878 34 22 del
428 879 45 22 icke
495 880 42 21 kan
560 880 114 26 godkänna
697 879 42 22 alla
754 878 60 23 delar
830 878 22 22 af
865 878 158 27 motiveringen.

215 908 24 19 ör
261 906 36 21 det
318 906 66 22 första
406 914 62 15 anser
487 908 36 27 jag
545 910 32 19 att
601 908 26 21 de
645 908 124 25 understöd,
785 913 46 15 som
846 907 8 21 i
869 906 92 27 enlighet
977 907 48 20 med

196 934 40 22 den
259 935 48 21 nåd.
330 935 141 27 kungörelsen
493 937 22 21 af
536 937 40 21 den
595 938 24 19 11
636 936 118 23 December
769 937 63 24 1884,
848 937 71 19 kunna
933 935 92 21 tilldelas

195 963 83 27 privata
293 963 105 27 läroverk,
413 965 113 26 ingalunda
541 966 73 21 kunna
629 967 61 25 sägas
705 971 51 16 vara
772 964 94 22 särdeles
880 963 81 27 rikliga.
985 963 40 27 Jag

195 994 46 19 tror
264 993 32 20 att
320 992 26 21 dä
361 996 160 19 reservanterna
535 995 49 25 sagt
600 994 66 26 detta,
682 993 26 22 de
723 995 48 25 sagt
786 993 33 21 för
834 993 88 26 mycket.
951 992 75 21 Reser-

194 1022 114 20 vanternas
323 1021 100 27 yttrande
438 1022 6 21 i
460 1023 67 20 denna
541 1022 34 21 del
591 1022 74 21 stöder
680 1022 32 27 sig
726 1023 28 26 pä
770 1021 129 27 antagandet
914 1022 33 20 att
961 1021 64 25 4,500

195 1049 61 21 mark
278 1049 33 21 för
332 1049 59 27 lägre
409 1049 80 23 klasser
507 1051 39 21 och
562 1051 65 26 5,500
642 1051 32 20 för
690 1051 65 26 högre
771 1050 83 21 klasser
868 1055 49 15 vore
933 1048 92 22 tilleäek-

195 1077 45 27 ligt,
263 1077 33 21 för
318 1079 32 20 att
372 1078 125 22 underhälla
519 1081 32 20 ett
565 1079 107 22 läroverk.
702 1079 69 22 Dessa
786 1077 71 22 siffror
872 1080 36 19 äro
924 1077 54 22 dock
993 1077 32 21 för

195 1105 55 27 läga,
273 1105 45 22 ifall
337 1112 48 15 man
400 1109 38 24 gör
453 1108 90 27 anspräk
559 1109 28 26 pä
602 1109 33 20 att
651 1107 25 22 de
691 1108 84 27 privata
790 1106 123 22 läroverken
929 1106 46 21 icke
991 1111 35 16 en-

195 1134 49 21 dast
266 1134 61 21 skola
348 1134 99 23 förskaffa
469 1136 31 27 sig
522 1136 85 27 dugliga
630 1136 76 26 lärare,
730 1139 52 18 utan
799 1135 64 21 också
877 1134 84 22 behålla
977 1134 48 21 dem

194 1162 34 21 för
250 1169 27 15 en
299 1163 73 26 längre
394 1163 38 27 tid,
455 1166 54 19 samt
532 1165 109 21 dessutom
664 1164 55 22 förse
737 1165 33 26 sig
786 1163 48 22 med
854 1162 112 27 tillräcklig
987 1162 40 21 och

195 1191 63 27 riklig
280 1191 261 28 undervisningsmateriel.
573 1193 50 21 Men
647 1193 35 21 det
704 1193 69 21 finnes
796 1199 26 14 en
840 1192 73 27 punkt,
937 1191 37 21 der
990 1191 37 26 jag

195 1221 26 20 är
242 1219 21 22 af
286 1226 26 15 en
335 1222 27 19 än
381 1227 45 15 mer
443 1221 110 22 afvikande
569 1222 56 26 äsigt
640 1221 46 22 från
701 1223 180 20 reservanternas.
911 1220 116 21 Reservan-

195 1250 62 19 terna
281 1250 51 25 säga
354 1249 28 26 pä
404 1255 47 21 pag.
473 1250 37 21 43:
535 1250 44 27 ,Dä
603 1252 32 19 ett
654 1249 191 22 subventioneradt
860 1248 167 27 privatläroverk

195 1282 77 21 genom
297 1283 25 16 en
345 1277 101 22 konstant
469 1278 38 21 och
529 1278 122 28 betydande
666 1278 145 27 eleviregvens
827 1277 67 21 under
908 1276 73 27 längre
996 1276 32 21 tid

196 1304 82 22 bevisat
300 1305 33 27 sig
355 1308 105 19 motsvara
483 1309 30 19 ett
535 1309 56 19 stort
609 1307 40 21 och
664 1307 136 25 obestridligt
815 1304 172 28 bildningsbehof
1001 1305 27 25 pä

195 1339 27 16 en
246 1336 40 24 ort,
309 1335 43 20 kan
373 1336 70 20 staten
465 1335 7 21 i
494 1336 48 21 män
564 1335 24 22 af
608 1336 47 21 sina
674 1335 116 27 tillgänger
804 1340 40 21 ega
859 1333 46 22 skäl
921 1333 108 26 öfvertaga

197 1362 59 21 detta
272 1362 119 22 läroverk".
412 1363 43 22 För
469 1363 42 22 min
527 1363 34 22 del
577 1370 63 15 anser
653 1364 36 27 jag
704 1364 43 27 mig
764 1363 54 21 böra
834 1362 67 22 uttala
915 1362 37 21 det
967 1361 62 21 önsk-

196 1389 111 28 ningsmäl,
331 1393 32 19 att
385 1393 70 20 staten
478 1393 65 20 mätte
562 1392 95 21 hvarken
672 1392 80 22 inrätta
768 1393 68 25 nägra
851 1397 41 22 nya
907 1391 65 26 högre
989 1385 40 40 ele-

196 1419 189 27 mentarläroverk,
408 1420 18 27 ej
450 1420 65 21 heller
537 1420 110 27 öfvertaga
665 1421 67 26 några
747 1420 24 22 af
785 1420 83 27 privata
883 1424 102 22 personer
999 1423 30 16 in-

195 1447 86 22 rättade
297 1447 78 28 dylika.
404 1448 41 27 Jag
459 1455 62 15 anser
535 1449 37 21 det
587 1449 93 27 önskligt
696 1452 32 19 att
743 1450 49 21 värt
807 1447 138 22 skolväsende
961 1445 68 23 skulle

195 1475 33 21 slä
243 1475 22 22 in
283 1476 29 27 pä
327 1482 26 15 en
370 1476 45 22 helt
430 1477 39 22 och
485 1477 65 22 hället
564 1484 28 21 ny
608 1477 61 22 bana.
700 1477 42 28 Jag
757 1476 70 23 skulle
842 1476 105 27 nämligen
963 1475 67 22 önska

197 1506 32 19 att
252 1504 27 21 de
302 1504 138 27 skolafgifter,
463 1511 44 16 som
529 1505 108 22 erfordras
659 1506 23 22 af
696 1506 100 22 eleverna
814 1505 7 21 i
836 1507 81 19 statens
931 1503 99 22 läroverk
