1103 1745
226 143 62 26 1,410
500 143 15 18 R.
528 148 14 13 o.
556 143 16 18 A.
584 142 47 20 1885.
655 142 20 19 23
687 142 35 24 Maj.

263 210 42 22 Att
326 210 57 22 inom
406 217 25 15 en
453 212 169 26 representation
644 211 122 27 skiljaktiga
788 210 78 28 åsigter
885 210 78 22 uttalas
983 209 40 22 och

196 240 58 20 mäta
276 239 32 27 sig
323 239 49 21 med
394 239 125 27 hvarandra,
535 242 63 24 utgör
612 246 87 16 snarare
714 246 27 15 en
755 240 33 21 för
797 239 114 27 frågornas
927 238 96 27 allsidiga

196 266 111 28 belysning
329 267 125 28 fördelaktig
473 268 163 28 omständighet.
666 269 43 21 Det
724 268 154 22 fosterländska
892 266 131 22 framåtskri-

196 295 80 22 dandet
291 296 42 21 kan
349 296 75 22 endast
438 296 62 22 vinna
515 297 71 27 derpå,
602 299 34 19 att
650 297 74 21 skälen
738 297 33 21 för
782 296 39 22 och
831 298 57 20 emot
898 296 125 26 grundligen

196 323 93 28 afvägas,
313 325 39 21 och
374 324 55 22 blott
450 327 6 19 i
480 325 36 22 det
533 325 36 22 fall
584 327 90 26 uppstår
689 332 26 15 en.
730 326 111 21 allvarsam
857 324 118 28 olägenhet,
991 326 32 19 att

195 358 26 16 ur
243 353 149 27 meningarnas
415 353 103 28 brytning,
542 354 41 22 den
606 354 188 28 samstämmighet,
809 360 45 15 som
868 353 33 21 för
917 352 107 22 definitiva

196 380 70 22 beslut
281 384 24 19 är
320 382 71 26 nödig,
405 382 46 22 icke
466 382 98 27 framgår.

266 410 50 22 Med
338 410 182 22 tillfredsställelse
539 411 39 21 bör
593 411 122 22 framhållas
730 413 32 19 att
778 411 34 21 vid
827 410 41 22 den
882 416 29 16 nu
925 410 98 21 tillända-

197 438 83 26 gångna
303 438 128 28 landtdagen
454 439 36 22 det
509 439 184 27 tillmötesgående
712 439 46 22 icke
773 439 93 26 saknats,
881 438 141 27 hvarigenom,

196 468 55 19 trots
273 467 182 28 meningsolikhet,
474 469 32 20 ett
520 468 82 27 slutligt
616 467 115 28 afgörande
746 468 22 21 af
781 469 75 20 nästan
878 467 42 22 alla
942 468 81 20 väsent-

196 494 43 27 liga
261 495 72 27 frågor
355 496 90 21 vunnits.
475 497 33 21 En
530 497 79 26 mängd
629 497 77 26 vigtiga
721 497 102 21 reformer
838 495 92 22 särdeles
945 496 27 26 på
988 495 35 21 det

196 523 139 22 ekonomiska
351 525 95 21 området
460 525 63 22 hafva
537 525 90 22 sålunda
642 526 46 26 gått
703 525 31 22 sin
750 525 83 26 lösning
846 523 32 22 till
894 526 73 24 mötes,
983 523 39 22 och

196 552 70 21 såsom
270 548 10 37 -
291 555 31 18 ett
344 553 120 27 isynnerhet
480 553 111 27 glädjande
607 553 89 22 resultat
711 554 62 21 hafva
787 560 26 14 ur
827 552 196 27 landtdagsarbetet

196 579 189 29 skattelindringar
405 581 107 28 framgått,
536 582 25 21 de
585 583 37 20 der
646 582 89 21 kommit
752 581 129 22 vidsträckta
896 587 92 21 grupper
1002 579 23 22 af

197 608 166 26 skattdragande
385 610 44 29 till
442 611 40 26 del,
498 611 102 21 ehuruväl
619 611 37 22 det
669 611 47 22 icke
732 611 81 21 kunnat
827 610 103 21 undvikas
945 611 31 20 att
991 609 32 21 för

197 637 62 22 dessa
281 638 130 23 allmännare
433 639 78 28 syftens
533 640 106 21 ernående
658 639 95 22 enskilde
771 639 91 22 klassers
877 637 146 28 offervillighet

196 666 65 27 tagits
276 666 7 21 i
299 667 97 27 anspråk.

267 695 40 21 Om
322 695 60 22 äfven
397 697 65 26 några
477 696 159 28 betydelsefulla
652 697 90 21 ärender
756 696 46 21 icke
817 695 74 22 vunnit
906 701 26 16 en
942 695 82 22 önskad

196 722 89 28 lösning,
309 724 62 21 torde
393 724 36 22 det
446 725 52 21 böra
515 725 122 27 medgifvas,
653 728 32 19 att
700 725 109 22 desamma
823 731 76 20 genom
913 723 32 22 sin
960 726 63 19 natur

195 751 88 22 tillhöra
305 753 81 21 antalet
405 753 22 21 af
442 754 79 21 sådana
535 753 78 27 frågor,
629 760 45 15 som
690 754 76 21 endast
781 753 48 21 med
844 755 44 19 stor
903 752 120 22 varsamhet

195 778 54 23 böra
264 780 106 22 slutföras.

265 808 25 22 R.
315 815 18 15 0.
357 810 25 20 A.
405 810 39 22 har
465 811 48 21 med
535 810 99 22 erkänsla
655 810 100 28 iakttagit
770 812 32 20 att
817 810 36 21 det
867 810 61 26 högv.
943 811 80 25 preste-

196 837 86 31 ståndet
297 837 106 28 allvarligt
417 839 89 22 sträfvat
520 841 32 19 att
569 833 126 39 underlätta.
708 833 124 39 samarbetet
842 838 36 22 vid
887 838 135 26 landtdagen,

195 864 77 23 liksom
295 866 40 21 ock
357 866 24 21 R.
402 873 19 15 o.
437 868 24 20 A.
478 868 46 21 frän
538 868 32 20 sin
585 867 47 22 sida
647 868 81 27 hoppas
743 867 63 22 hafva
820 867 57 27 gjort
891 867 32 26 sig
937 866 87 27 förtjent

196 893 23 21 af
230 899 83 16 samma
329 895 140 22 erkännande.

266 922 160 23 Presteständet
448 924 58 21 delar
528 924 47 22 med
597 925 25 21 R.
638 931 20 15 o.
673 925 24 21 A.
715 924 40 22 den
770 924 62 21 svåra
846 923 108 28 uppgiften
970 924 32 20 att
1016 922 7 21 i

197 951 31 20 ett
243 950 112 28 tidehvarf,
371 958 44 15 som
431 952 89 22 sträfvar
534 953 33 21 till
578 953 42 21 alla
631 953 129 27 privilegiers
772 951 135 28 afskaffande,
918 953 28 26 pä
955 951 69 28 grund

196 978 23 21 af
236 985 27 15 en
281 979 147 28 privilegierad
443 981 99 27 ställning
557 981 58 22 bilda
629 981 103 22 hvardera
748 987 26 16 en
789 980 101 28 fjerdedel
905 980 22 22 af
941 980 82 22 landets

195 1006 179 35 representanter.
527 1035 3 2 N
705 1021 2 2 i

266 1036 83 22 Endast
370 1043 75 21 genom
467 1040 31 19 ett
516 1035 96 25 lefvande
631 1039 90 21 intresse
736 1038 40 22 och
792 1044 26 15 en
833 1037 33 22 rik
881 1037 142 27 sakkunskap,

195 1069 77 21 genom
296 1071 49 16 sans
367 1066 39 21 och
429 1067 86 27 aktning
538 1067 32 21 för
588 1067 72 27 hvarje
677 1067 53 27 ärlig
745 1066 138 28 öfvertygelse
898 1066 42 21 kan
955 1066 69 21 denna

197 1092 92 27 dyrbara
305 1093 39 22 och
359 1095 137 22 ansvarsfulla
511 1095 103 27 rättighet
629 1097 27 25 pä
670 1095 154 22 fruktbärande
838 1096 43 20 sätt
895 1094 88 22 utöfvas.

265 1121 74 22 Under
360 1123 109 22 uttalande
491 1123 23 22 af
534 1124 40 21 den
597 1124 64 27 lifliga
679 1124 80 21 önskan
776 1125 32 19 att
823 1123 26 22 de
864 1123 56 21 båda
934 1123 90 21 stånden

195 1149 68 32 mätte
285 1150 39 21 allt
346 1151 104 27 framgent
469 1154 43 19 rätt
526 1152 40 21 och
581 1153 31 20 till
628 1153 51 21 fullo
694 1152 116 27 uppskatta
824 1151 130 22 hvarandras
968 1151 56 27 goda

195 1177 50 28 vilja
267 1180 33 20 att
322 1179 50 27 fylla
387 1180 40 21 den
442 1181 86 26 uppgift,
544 1181 48 21 dem
608 1183 24 19 är
646 1181 101 26 förelagd,
764 1179 106 22 frambära
884 1180 21 21 vi
919 1180 32 21 till
966 1180 58 21 Eder

195 1205 46 51 AT
266 1207 122 50 rkebiskop
405 1208 38 22 och
459 1209 31 21 till
506 1209 35 22 det
557 1209 129 27 högvördiga
701 1209 85 21 ståndet
801 1209 24 21 R.
842 1215 20 15 o.
877 1209 37 20 A:s
925 1209 98 27 hjertlisa

203 1241 66 15 arväl.
506 1249 1 3 a
562 1243 2 2 >
724 1253 3 2 a

266 1293 58 21 Frih.
340 1299 43 16 von
395 1294 86 22 Borns
496 1295 30 21 tal
536 1295 31 21 till
580 1295 176 27 borgareständet
765 1295 55 21 hade
830 1294 92 27 följande
932 1294 89 27 lydelse:

265 1350 98 26 Högädle
372 1350 63 22 "Herr
449 1351 97 22 Talman!
562 1351 111 28 Vällofliga
688 1352 168 27 Borgareständ!

241 1406 5 4 =
265 1378 46 21 Den
335 1379 62 26 sjette
419 1380 22 21 af
456 1381 49 20 våra
520 1380 127 28 landtdagar
661 1382 24 20 är
700 1380 93 22 afslutad
808 1379 127 23 och:tillhör
946 1385 32 15 nu
993 1378 31 22 hi-

193 1408 88 19 storien.
311 1407 74 22 Under
407 1408 59 21 detta
485 1408 88 22 likasom
590 1410 66 20 under
669 1409 129 26 föregäende
812 1408 158 22 ständermöten
985 1408 39 21 har

194 1433 92 33 emellan
301 1435 25 21 R.
342 1441 20 15 o.
377 1436 26 21 A.
419 1436 44 22 och:
474 1437 35 21 det
524 1437 105 27 vällofliga
643 1437 181 28 Borgareständet
838 1437 49 21 rädt
902 1442 27 15 en
939 1435 85 28 enighet

193 1468 8 15 i
222 1463 144 28 uppfattning,
385 1471 25 14 en
427 1465 215 22 öfverensstämmelse
658 1466 5 21 i
679 1466 77 26 beslut,
772 1471 46 16 som
833 1465 72 22 säkert
920 1464 104 27 förgäfves

193 1490 56 33 skall
271 1492 54 21 söka
347 1492 32 22 sin
397 1492 44 23 like
454 1493 8 21 i
476 1499 25 16 en
516 1494 244 27 ständsrepresentation
776 1493 68 22 under
858 1493 42 22 alla
914 1493 55 21 tider
984 1493 40 22 och

193 1525 7 15 i
222 1519 45 22 alla
288 1520 81 27 länder,
393 1533 25 4 —
441 1527 27 16 en
489 1522 189 27 sammanslutning
692 1522 23 22 af
728 1523 24 21 sä
768 1521 84 29 mycket
866 1515 67 40 större
945 1515 80 40 foster-

193 1547 77 22 ländsk
285 1548 116 29 betydelse,
416 1556 46 16 som
477 1551 37 22 vär
529 1551 169 27 representation
711 1551 91 22 faktiskt
816 1550 39 22 allt.
872 1553 43 18 mer
927 1543 39 41 och
976 1556 49 16 mer
