1106 1748
187 121 63 36 1,264
460 125 16 19 R.
488 130 16 14 e.
517 126 17 18 A.
546 125 46 20 1886.
617 126 18 19 18
647 125 36 24 Maj.

160 195 89 22 afslutat
276 201 26 16 en
325 195 34 22 för
382 195 130 22 statsverket
536 195 83 27 ganska
646 195 115 27 förmånlig
788 195 59 22 affär.
878 195 116 28 Sjelflallet:

158 223 70 22 måste
250 224 37 21 det
308 224 116 27 medgifvas
446 225 39 24 att,
509 224 44 21 ifall
576 230 50 15 man
641 224 40 21 har
695 224 111 27 möjlighet
821 226 33 19 att
869 225 78 21 afsluta
963 230 28 15 en

159 253 54 22 affär
228 253 41 21 och
283 253 108 27 begagnar
401 253 31 26 sig
442 253 24 21 af
474 259 27 16 en
511 253 133 27 konjunktur
653 259 46 15 som
710 253 42 21 kan
763 253 96 22 befinnas
869 253 126 28 förmånlig,

160 281 24 22 så
205 281 96 22 befinner
318 287 48 16 man
382 282 31 26 sig
427 281 7 21 i
449 282 72 21 bättre
536 281 48 28 läge
600 283 28 20 än
642 287 36 16 om
694 287 25 16 en
735 281 66 22 sådan
817 282 110 27 möjlighet
942 283 52 21 icke

157 309 121 23 förefinnes.

230 367 47 22 Den
286 367 105 22 allmänna
400 367 146 22 diskussionen
554 367 125 22 afstannade
687 367 95 26 härmed,
791 367 106 22 hvarefter
904 367 25 22 R.
938 373 18 15 o.
964 367 29 22 A..

162 395 107 28 öfvergick
284 396 31 21 till
330 396 156 22 betänkandets
501 396 201 27 detaljbehandling,
718 396 73 21 dervid
806 396 75 22 främst
895 396 99 27 godkän--

160 425 70 21 nande
253 425 115 21 utskottets
390 425 72 28 kalkyl
484 425 28 27 på
534 425 38 21 sid.
596 426 14 20 4
628 424 40 22 och
686 426 12 20 5
715 425 59 21 öfver
787 424 207 23 kommunikations--

159 453 90 22 fondens
265 453 112 27 tillgångar
392 453 38 22 och
446 453 88 28 utgifter
547 453 69 22 under
630 454 25 21 år
671 454 61 21 1885.

229 481 79 22 Likaså
330 482 77 26 gillade
430 482 24 22 R.
478 489 18 14 o.
520 483 24 20 A.
569 482 117 22 utskottets
708 481 110 22 uttalande
833 483 13 20 å
861 489 47 20 pag.
925 483 12 20 6
953 488 38 15 an-

160 510 82 27 gående
258 510 156 27 Hangöbanans
429 510 149 23 trafikerande.

229 538 41 22 Vid
293 539 91 22 derefter
406 539 109 27 företagen
536 539 131 28 granskning
682 539 23 22 af
718 539 115 22 utskottets
848 539 147 26 beräkningar

160 567 110 27 angående
285 567 281 22 kommunikationsfondens
581 567 87 28 utgifter
684 568 39 21 och
734 567 114 28 tillgångar
858 568 68 21 under
936 567 55 22 före-

160 595 89 22 stående
264 595 148 28 finansperiod,
426 597 86 27 yttrade

231 624 25 21 br
279 624 163 22 Mechelin:
464 625 41 27 Jag
520 628 61 23 tager
596 625 42 27 mig
653 625 57 21 blott
725 625 89 21 friheten
830 625 112 22 framhålla
958 627 37 19 att.

161 653 71 21 derest
255 653 68 22 denna
345 653 143 28 uppställning
510 654 70 21 såsom
602 654 67 21 sådan
685 653 77 22 varder
776 654 106 27 godkänd,
898 653 93 22 beslutet

161 681 110 27 angående
293 682 73 26 anslag
388 681 32 22 för
442 682 174 22 Savolaksbanan
634 682 47 22 icke
698 683 35 20 må
748 689 62 14 anses
825 682 98 27 afgjordt,
939 684 56 19 enär

160 710 106 21 utskottet
288 711 28 26 på
337 711 38 20 sid.
400 712 26 20 15
448 711 76 27 intagit
546 717 26 16 en
595 711 91 21 särskild
709 711 56 21 kläm
781 717 34 15 om
832 711 59 22 detta
906 711 86 26 anslag;

161 738 51 22 eller
227 738 65 22 också
306 739 40 21 bör
361 739 67 22 denna
444 739 68 28 punkt
527 745 28 16 nu
570 739 101 22 särskildt
686 741 110 25 upptagas.

228 767 34 22 Hr
284 767 275 28 Standertskjöld,
583 768 21 22 C.
630 767 34 22 G.:
689 767 10 22 I
722 767 98 28 kalkylen
843 770 24 19 är
887 770 106 25 upptaget

160 795 74 28 anslag
256 796 33 21 för
310 798 32 19 ett
363 796 115 27 hamnspår
499 797 5 20 i
520 797 89 26 Wiborg
624 797 49 21 med
690 797 90 25 122,400
796 797 67 21 mark.
893 797 43 21 Det
951 797 44 21 har

160 823 119 23 emellertid
301 825 47 21 icke
372 825 81 21 kunnat
475 825 159 22 åstadkommas
658 827 32 20 ett
711 825 157 22 ständerbeslut
890 825 7 21 i
920 825 71 22 denna

159 852 66 28 fråga,
248 855 51 20 utan
322 853 62 23 hafva
406 854 36 21 två
463 853 63 22 stånd
548 856 87 20 stannat
652 856 58 19 emot
725 854 42 26 två,
784 853 85 22 hvarför
882 854 111 27 jernvägs-

160 881 107 21 utskottet
281 884 71 19 ansett
366 882 73 27 frågan
455 889 33 15 om
505 882 137 28 hamnspåret
657 882 63 22 hafva
734 882 88 22 förfallit
837 882 39 22 och
890 883 27 21 då
928 882 66 22 torde

161 910 36 21 det
211 910 79 22 nämda
313 910 95 27 anslaget
424 911 46 21 icke
486 910 67 23 heller
567 911 40 21 här
621 911 53 21 böra
690 910 6 22 i
712 911 59 26 fråga
785 911 92 21 komma.

230 938 32 22 Hr
278 939 167 21 Schauman,
471 940 36 21 A.:
518 940 50 21 Med
578 939 114 27 anledning
702 939 22 21 af
731 939 25 21 hr
766 939 183 27 Standertskjölds
959 946 34 14 se-

160 969 60 19 naste
242 968 100 26 yttrande
364 967 35 22 vill
418 968 37 27 jag
477 968 109 26 anmärka,
608 970 33 19 att
664 968 26 22 då
713 968 105 21 utskottet
836 968 101 21 affattade
953 968 41 21 sitt

160 995 141 27 betänkande,
317 1002 37 16 var
375 996 72 27 frågan
462 1003 35 15 om
513 999 31 19 ett
559 997 115 27 hamnspår
689 996 33 22 till
737 996 87 27 Wiborg
839 997 46 21 icke
900 996 90 27 afgjord.

160 1024 75 21 Såsom
250 1030 62 22 synes
328 1024 22 22 af
362 1031 26 16 en
404 1031 74 15 senare
493 1025 89 27 afgifven
598 1025 137 25 reservation,
747 1025 39 21 har
798 1025 38 21 der
846 1025 65 21 också
921 1024 73 22 blifvit

160 1052 103 22 beaktadt
278 1055 32 19 att
325 1054 67 21 denna
407 1053 63 27 utgift
484 1053 47 22 icke
546 1060 59 15 mera
620 1053 71 22 kunde
706 1053 7 21 i
728 1053 60 27 fråga
802 1054 92 21 komma.

229 1081 58 21 Frih.
304 1082 246 26 Langenskiöld,
566 1082 26 21 K.
608 1082 22 22 J:
650 1082 34 21 Då
699 1082 138 21 förevarande
853 1082 139 21 betänkande

160 1116 58 15 mera
233 1110 56 21 afser
305 1112 32 20 att
352 1110 116 22 bestämma
483 1110 115 28 utgifterna
612 1110 47 22 frän
670 1110 280 22 kommunikationsfonden.
962 1112 29 19 än

160 1140 65 19 sättet
240 1138 33 21 för
288 1138 134 22 anskaffande
438 1138 22 22 af
473 1139 25 21 de
514 1139 74 25 medel,
605 1145 45 15 som
667 1138 71 22 dertill
753 1138 112 26 erfordras,
887 1138 106 22 försävidt

159 1166 283 23 kommunikationsfondens
464 1174 54 20 egna
540 1167 115 27 tillgångar
678 1166 70 22 dertill
768 1167 46 21 icke
832 1167 70 26 förslä,
918 1168 25 20 sä
958 1167 35 21 lär

160 1195 36 21 det
218 1194 119 23 tillkomma
359 1196 236 26 expeditionsutskottet
617 1198 32 19 att
671 1196 46 20 frän
738 1195 117 21 motiverna
869 1198 124 19 utmönstra

161 1224 25 21 de
209 1230 28 15 nu
260 1223 159 28 ifrågavarande
441 1224 75 26 siffror,
540 1231 45 15 som
604 1224 46 22 icke
666 1224 187 21 öfverensstämmä
870 1224 47 21 med
933 1226 59 20 stän-

160 1253 76 21 dernas
259 1252 108 22 definitiva
384 1253 80 26 beslut;
480 1253 40 22 och
535 1253 61 21 torde
612 1253 46 21 icke
674 1253 72 26 hvarje
762 1253 61 20 ständ
840 1252 90 22 behöfva
947 1259 45 15 om-

159 1283 52 24 göra
233 1281 105 28 kalkylen,
359 1281 27 22 dä
404 1281 120 27 derigenom
540 1281 165 27 missräkningar
720 1281 40 21 lätt
775 1281 70 21 kunde
862 1281 129 22 föranledas.

228 1310 34 21 Hr
277 1310 165 21 Mechelin:
459 1310 43 21 För
516 1310 43 21 min
574 1309 35 22 del
624 1309 69 22 finner
704 1309 38 27 jag
755 1309 132 27 sakenligare
899 1311 32 20 att
941 1309 50 21 här-

158 1337 54 22 ifrän
234 1339 104 21 uteslutes
357 1345 25 15 en
400 1340 48 25 post
463 1345 45 15 som
524 1345 48 14 man
588 1340 36 19 vet
638 1340 32 19 att
685 1338 46 21 icke
747 1337 96 22 kommer
857 1339 6 20 i
879 1337 68 27 fräga,
963 1339 29 20 än

159 1369 32 19 att
206 1367 60 21 detta
282 1367 138 22 öfverlemnas
435 1367 23 21 ät
473 1367 245 28 expeditionsutskottet.

225 1423 33 22 Hr
279 1423 196 22 landtmarskalken
497 1423 157 22 öfverlemnade
678 1423 52 22 härä
752 1423 33 21 till
804 1423 97 22 ständets
917 1423 75 21 besva-

157 1452 65 21 rande
238 1458 26 15 en
280 1453 24 20 sä
320 1452 90 27 lydande
425 1452 285 27 omröstningsproposition
701 1448 12 35 :

226 1481 54 25 Den,
304 1487 45 14 som
371 1481 123 26 godkänner
512 1481 117 21 utskottets
648 1481 79 26 förslag
743 1480 108 27 angäende
867 1479 74 27 anslag
957 1479 33 21 till

157 1509 181 26 Savolaksbanan,
354 1511 69 20 röstar
435 1509 33 26 ja;
