1100 1742
379 108 17 20 R.
409 114 15 14 o.
437 109 16 19 A.
465 108 46 20 1885.
535 108 19 19 18
565 108 35 24 Maj.
809 109 61 26 1,197

70 178 33 22 slå
118 180 32 19 att
165 178 25 21 R.
206 184 19 16 o.
241 178 33 25 A.,
290 178 48 21 med
353 178 140 22 förkastande
509 178 24 21 af
546 178 119 21 utskottets
680 177 112 21 uttalande
807 177 7 21 i
830 177 69 21 denna

71 206 74 27 punkt,
164 207 49 21 ville
228 206 91 22 omfatta
334 209 32 19 ett
381 206 92 22 sålunda
486 206 142 22 formuleradt
643 205 161 28 önskningsmål
819 207 32 19 att
866 211 38 15 re--

71 235 101 27 geringen
187 235 49 21 ville
251 238 51 24 taga
316 236 7 20 i
339 235 155 27 öfvervägande
510 235 107 21 huruvida
631 234 47 22 icke
694 240 77 21 genom
787 234 55 21 vissa
856 234 47 21 för--

71 264 114 26 ändringar
208 264 6 20 i
237 264 26 21 de
286 263 99 22 officiella
407 264 146 26 tidningarnes
571 263 178 27 redaktionsplan
764 263 36 21 det
814 262 34 22 för
862 262 36 22 de-

72 298 80 16 samma
174 293 7 20 i
204 292 107 27 budgeten
332 295 112 24 upptagna
466 292 109 27 betydliga
595 292 75 26 anslag
691 291 72 21 kunde
778 291 124 22 reduceras.

140 321 32 21 Hr
186 320 144 22 Mechelin:
347 337 8 9 ,
361 321 38 21 Ett
415 322 24 20 är
454 325 32 17 att
496 320 68 22 vårda
573 320 88 27 skogen,
672 321 32 20 ett
714 321 66 20 annat
789 321 33 20 att
832 320 66 26 draga

71 348 94 23 inkomst
187 349 103 21 derifrän*
312 349 87 27 yttrade
422 356 26 14 en
471 350 74 25 talare,
566 349 26 21 hr
607 349 80 26 Taube,
702 348 86 22 hvilken
800 348 36 28 jag
851 348 49 22 icke

71 384 29 14 nu
115 384 34 16 ser
164 378 28 26 på
208 378 32 21 sin
257 378 62 26 plats.
350 378 43 21 Det
408 380 25 19 är
445 378 46 26 just
505 378 70 21 denna
590 377 166 27 omständighet,
770 377 70 21 denna
855 377 43 21 dis-

71 406 99 26 tinktion,
187 412 45 16 som
248 406 40 21 bör
302 406 114 27 iakttagas,
432 409 40 19 när
487 413 49 15 man
551 406 37 22 vill
603 406 92 21 bedöma
712 406 185 26 kronoskogarnes

71 437 59 19 netto
146 435 128 26 afkastning;
291 441 26 15 en
331 435 48 21 icke
394 436 61 26 ringa
470 435 34 21 del
519 435 23 21 af
555 435 109 27 budgeten
674 434 34 22 för
719 434 179 22 forstförvaltnin-

70 469 41 21 gen
133 464 68 20 måste
224 464 108 21 användas
353 463 35 21 för
410 464 115 24 vårdande,
546 464 121 21 bevarande
683 463 40 21 och
739 462 122 28 skyddande
876 462 25 22 af

72 491 80 22 sådana
174 492 154 26 skogsarealer,
344 492 73 21 hvilka
432 492 47 22 icke
494 493 71 21 lemna
587 492 71 27 någon
677 492 101 22 inkomst.
808 492 42 21 För
864 493 33 19 att

70 520 63 26 påstå
148 522 32 20 att
196 527 26 15 en
237 520 57 28 dålig
309 520 136 28 hushållning
460 522 49 20 med
524 521 177 27 kronoskogarne
716 524 36 22 egt
766 527 52 19 rum,
829 520 67 22 borde

70 555 50 15 man
142 549 73 21 kunna
237 550 63 20 stöda
322 550 31 26 sig
375 549 28 27 på
426 550 77 21 sådant
525 550 90 26 faktum,
631 552 33 18 att
679 550 124 26 försäljning
818 548 78 22 skett
884 544 15 37 i

71 580 46 19 stor
132 578 61 21 skala
208 578 40 21 och
263 578 65 21 likväl
342 578 63 26 ringa
419 578 122 27 behållning
556 578 105 21 erhållits.
686 578 161 27 Försäljningen
857 578 39 20 har

71 606 118 21 emellertid
212 606 55 22 varit
286 606 155 28 jemförelsevis
463 607 90 26 måttlig;
577 607 36 21 det
635 607 62 21 torde
719 613 53 15 vara
790 606 54 22 blott
860 606 36 27 1/1

71 635 53 21 eller
138 634 28 28 1/3
181 635 23 21 af
218 635 36 21 det
268 636 32 20 till
315 637 76 25 export
406 636 99 21 använda
519 636 76 25 virket,
611 642 46 14 som
673 636 107 21 levereras
790 634 47 22 från
847 634 49 22 kro-

70 664 141 26 noskogarne,
227 664 39 21 allt
281 664 35 21 det
332 664 68 27 öfriga
415 664 40 21 har
469 665 64 26 tagits
548 664 48 21 från
612 664 25 21 de
653 665 90 26 privata.
766 664 10 21 I
790 664 40 21 den
840 662 55 27 män,

70 691 71 22 såsom
162 692 66 21 redan
243 692 26 21 hr
283 692 106 22 Norrm6n
404 692 125 26 framhållit,
545 693 68 27 öfriga
627 692 150 23 förhållanden
791 692 105 27 medgifva

71 726 26 15 en
117 721 81 21 ordnad
213 721 138 26 exploitation
366 722 8 20 i
389 722 27 20 de
431 722 99 26 nordliga
545 722 87 21 delarne
647 722 24 21 af
683 722 80 25 landet,
778 721 7 21 i
796 721 41 21 den
846 720 50 21 män

70 748 96 22 kommer
182 749 64 21 också
261 750 120 21 inkomsten
397 750 94 21 derifrän
507 752 32 19 att
553 752 61 19 växa.

139 778 62 20 Hvad
226 778 132 22 vidkommer
381 779 230 26 kasernbyggnaderna
633 779 41 21 och
696 778 144 22 kostnaderna
862 777 34 21 för

70 806 115 26 desamma,
201 806 24 21 sä
239 806 40 22 har
294 807 36 21 det
344 808 137 26 naturligtvis
497 808 47 20 icke
558 808 83 21 kunnat
655 808 72 26 undgä
736 810 32 18 att
778 814 52 14 vara
839 806 57 22 före-

69 834 44 21 mäl
127 834 34 22 för
176 834 46 22 ofta
236 835 176 22 äterkommande
427 836 124 26 bekymmer
565 837 58 21 inom
639 837 111 26 styrelsen,
765 836 56 21 huru
834 835 62 21 dessa

70 864 60 19 stora
144 863 40 21 och
200 864 132 21 omfattande
347 864 196 27 byggnadsföretag
557 865 7 20 i
575 865 58 20 olika
643 865 60 21 delar
713 865 24 21 af
745 865 73 21 landet
828 863 68 22 skulle

70 891 73 21 kunna
164 892 134 27 genomföras
320 894 53 19 utan
396 895 33 18 att
449 899 46 15 mer
511 895 26 19 än
553 893 78 27 nödiga
646 893 118 21 kostnader
779 893 70 21 dertill
864 891 32 22 ät-

69 919 69 27 ginge.
168 921 63 20 Hvad
246 921 102 21 särskildt
362 921 68 27 angär
444 921 135 22 kasernerna
593 922 34 21 för
638 922 96 27 Nylands
744 921 101 28 bataljon,
856 920 40 21 har

70 948 36 21 det
128 949 49 21 med
199 951 45 19 stor
266 949 136 22 bestämdhet
424 950 93 27 påståtts
541 953 32 18 att
595 951 27 20 de
638 953 38 19 äro
692 951 113 26 slösaktigt
819 949 75 27 bygda.

69 976 43 21 För
132 979 33 19 att
180 978 58 21 detta
254 979 98 21 omdöme
368 979 55 21 skall
438 985 53 15 vara
506 979 79 26 säkert,
601 979 67 22 borde
683 979 56 22 dock
753 979 53 22 först
822 984 26 15 en
862 979 34 20 ut-

69 1005 89 27 redning
180 1006 109 27 föreligga,
313 1007 33 21 till
368 1007 82 22 hvilket
467 1008 45 26 pris
531 1008 144 27 tilläfventyrs
689 1009 61 20 detta
764 1013 80 16 samma
859 1006 37 21 be-

69 1033 39 22 hof
120 1034 69 22 skulle
204 1035 82 21 kunnat
301 1036 131 27 tillgodoses,
448 1037 73 20 derest
535 1037 132 21 kasernerna
684 1037 97 26 uppförts
795 1036 54 21 efter
858 1041 38 15 an-

69 1062 39 21 dra
123 1063 104 27 ritningar
242 1065 28 20 än
285 1064 25 21 de
326 1071 46 14 som
387 1071 30 15 nu
432 1065 70 21 blifvit
517 1065 104 22 använda.
651 1065 101 22 Förbises
767 1065 66 21 borde
848 1064 47 21 icke

68 1091 68 22 heller
158 1091 34 22 för
214 1092 36 21 det
271 1093 69 21 första
362 1095 33 19 att
410 1093 238 28 byggnadskomplexen
667 1096 25 19 är
706 1094 81 27 ganska
801 1093 95 27 betydlig

69 1119 40 22 och
126 1122 34 19 att
174 1121 41 21 den
230 1121 67 22 mäste
310 1128 53 15 vara
377 1122 84 26 ganska
475 1122 141 26 omfattande;
631 1123 34 21 för
680 1123 37 21 det
727 1123 67 20 andra
804 1124 32 19 att
846 1127 49 16 man

69 1148 202 28 Ofverhufvudtaget
292 1150 8 21 i
323 1150 134 27 Helsingfors
475 1151 81 27 bygger
571 1151 82 27 ganska
669 1151 55 28 dyrt.
754 1151 42 21 Det
810 1150 85 22 förefal-

68 1177 32 21 ler
122 1177 80 27 ganska
225 1179 113 26 sannolikt,
362 1179 103 21 särskildt
489 1180 7 21 i
511 1179 144 22 betraktande
670 1180 23 21 af
707 1180 26 21 de
748 1179 148 27 redogörelser

68 1205 59 22 öfver
142 1206 223 27 byggnadsarbetenas
381 1207 84 27 förlopp
481 1208 40 21 och
537 1209 36 21 det
588 1215 125 20 noggranna
727 1208 39 21 och
778 1207 118 27 ordentliga

66 1233 124 22 förfarande
212 1241 46 16 som
280 1236 74 21 dervid
375 1236 119 27 iakttagits,
517 1238 40 25 att,
580 1237 28 21 dä
630 1237 63 22 dessa
711 1237 102 22 kaserner
827 1235 69 22 mäste

67 1262 81 27 byggas
170 1263 24 21 af
214 1264 62 27 tegel,
298 1265 147 20 kostnaderna
459 1265 34 21 för
509 1265 110 22 desamma
633 1265 47 22 icke
695 1266 71 21 kunde
785 1265 65 22 ställa
864 1264 32 27 sig

67 1291 85 27 mycket
174 1292 66 27 lägre,
263 1293 61 21 äfven
346 1299 36 15 om
404 1299 51 15 man
477 1294 56 21 varit
551 1295 6 20 i
572 1294 84 22 tillfälle
671 1296 33 19 att
718 1294 66 27 nägot
798 1292 98 23 förenkla

67 1320 113 27 ritningen.
210 1321 42 21 Det
274 1321 40 21 har
333 1323 80 26 yttrats
431 1322 8 21 i
454 1323 119 21 utskottets
588 1323 136 21 betänkande
740 1323 39 21 och
794 1321 23 22 af
830 1321 67 27 nägra

66 1349 69 21 talare
157 1351 122 26 upprepats,
302 1351 33 20 att
357 1357 50 14 man
430 1351 47 21 icke
500 1351 67 22 borde
587 1351 54 22 söka
655 1351 130 27 förverkliga
800 1350 26 21 de
841 1351 55 20 mest

66 1377 70 22 ideala
151 1380 85 25 system.
259 1379 67 21 Detta
340 1380 25 20 är
379 1385 30 15 nu
425 1381 32 19 ett
472 1379 25 21 sä
510 1380 89 21 allmänt
609 1380 112 22 uttalande
731 1382 33 19 att
774 1380 36 21 det
819 1380 78 19 nästan

66 1406 106 21 utesluter
188 1409 32 19 ett
235 1407 63 21 exakt
314 1407 136 26 bemötande,
466 1414 50 16 men
529 1409 37 26 jag
581 1415 63 15 anser
659 1409 44 26 mig
714 1409 54 20 dock
778 1409 54 20 böra
842 1413 55 20 egna

66 1434 63 21 derät
149 1435 67 27 några
231 1436 45 21 ord.
307 1436 10 21 I
332 1436 77 27 sjelfva
422 1436 77 21 verket
513 1439 87 25 tränger
615 1437 32 27 sig
663 1437 41 21 den
718 1437 75 26 frågan
808 1435 46 22 ofta
868 1435 29 26 pä

65 1463 85 21 landets
172 1464 96 27 styrelse,
290 1464 83 22 hvilket
395 1466 80 25 system
498 1466 55 21 skall
575 1465 34 22 för
625 1465 158 28 nybyggnader,
799 1471 50 15 vare
864 1463 33 27 sig

64 1490 35 22 för
114 1491 94 22 militära
222 1493 52 21 eller
289 1493 69 21 andra
373 1493 108 27 ändamål,
498 1495 109 26 tillämpas
636 1494 82 21 Härvid
733 1494 42 21 kan
789 1499 51 16 man
849 1491 48 22 icke

64 1519 73 27 undgä
160 1522 32 19 att
214 1521 56 22 dock
291 1522 8 20 i
314 1521 71 28 nägon
401 1521 50 22 män
466 1522 58 27 gifva
539 1523 51 21 vika
604 1522 35 22 för
653 1523 88 20 bevisen
756 1524 32 19 att
804 1523 31 20 ett
849 1522 48 25 nytt
