1100 1742
385 122 16 18 R.
413 127 15 15 0.
441 123 16 19 A.
470 122 47 20 1885.
541 122 9 19 9
563 122 35 24 Haj.
813 122 62 27 1,053

73 191 45 26 just
132 191 109 27 ingenting
256 194 55 19 stort
326 192 80 26 vinnes,
422 194 53 19 utan
491 191 28 22 då
533 191 72 22 kunde
621 198 50 14 man
687 192 43 21 lika
741 191 35 21 väl
785 190 117 22 tillsvidare

76 219 71 27 åtnöja
163 220 31 26 sig
209 220 49 21 med
274 221 53 21 1851
345 220 35 21 års
400 220 201 28 skogsförfattning.
631 220 31 21 På
677 220 69 26 grund
762 220 23 21 af
797 220 56 21 hvad
865 219 38 27 jag

75 254 29 14 nu
119 248 39 21 här
172 248 7 21 i
193 248 88 22 korthet
303 248 47 22 haft
370 251 51 19 äran
441 249 82 26 anföra,
546 248 70 22 måste
632 248 64 22 också
709 249 38 27 jag
762 249 83 21 ansluta
860 248 43 26 mig

75 276 34 21 till
132 277 25 21 de
180 276 23 22 af
223 277 48 21 frih.
294 278 80 20 Wrede
393 278 40 20 och
448 278 38 21 hrr
501 278 110 20 Fabritius
627 277 40 21 och
682 277 120 21 Nummelin
818 277 7 21 i
841 277 62 21 deras

76 306 155 21 reservationer
253 306 97 21 uttalade
374 306 85 26 åsigter,
481 312 45 16 som
549 306 46 21 icke
611 306 86 26 mycket
713 306 72 21 afvika
799 306 47 21 från
861 305 42 21 den

76 332 48 23 nåd.
132 340 61 21 prop.
215 334 50 21 Men
273 334 27 22 då
308 334 68 27 några
382 335 135 27 berättigade
526 334 167 28 anmärkningar
701 334 70 22 blifvit
778 334 127 22 framstälda

76 364 57 20 emot
155 363 148 27 ordalydelsen
326 364 31 20 uti
374 364 61 20 dessa
451 364 164 25 reservationer,
640 362 23 22 så
679 363 68 21 skulle
760 363 37 27 jag
811 364 33 20 för
859 362 43 22 min

77 390 34 22 del
126 391 54 28 våga
195 391 84 26 föreslå,
295 393 33 20 att
343 392 90 21 ärendet
447 392 6 21 i
470 393 70 21 denna
555 392 35 21 del
606 392 70 21 skulle
692 392 167 21 återremitteras
869 390 33 22 till

77 420 112 26 utskottet,
204 420 34 21 för
253 422 32 19 att
301 420 36 22 det
351 420 69 22 skulle
435 420 56 22 ifrån
507 421 62 21 dessa
584 422 35 20 tre
634 420 80 27 förslag
725 420 67 28 draga
801 422 24 19 ut
835 420 68 26 några

76 448 80 28 tydliga
171 449 39 21 och
225 449 61 21 klara
300 449 166 27 bestämningar,
483 450 74 21 hvilka
572 449 69 21 skulle
657 450 53 26 göra
724 449 37 21 det
776 449 77 21 lättare
869 448 33 22 för

76 477 55 21 både
149 477 148 22 forstmästare
313 478 40 21 och
368 478 179 27 kronobetjening
562 480 33 19 att
611 478 74 21 kunna
700 478 115 21 öfvervaka
828 478 74 26 lagens

76 506 157 21 efterlefvande.
264 506 105 22 Särskildt
384 507 66 21 borde
466 507 41 21 den
523 506 187 26 omständigheten
725 506 105 27 tydligare
845 507 57 20 utta-

76 534 38 26 las,
137 536 32 20 att
191 541 50 15 man
258 535 47 21 icke
323 535 28 27 pä
367 535 61 27 tjugu
444 536 77 21 ställen
537 535 27 27 pä
580 542 26 14 en
622 535 100 27 lägenhet
737 535 43 21 kan
795 537 50 25 taga
861 535 42 27 93/4

76 563 104 21 tunnland
203 563 38 21 och
261 563 108 27 kalhugga
384 564 55 21 dem.
470 564 81 22 Sädant
566 564 41 22 har
621 564 116 26 ingalunda
752 564 56 21 varit
823 564 79 21 menin-

76 597 40 21 gen
139 592 48 21 med
209 592 60 21 detta
291 592 87 27 förslag.
408 592 42 22 Det
472 593 68 21 borde
563 592 27 22 dä
605 592 106 27 tydligare
726 593 116 27 uttryckas.
871 591 32 22 Pä

77 626 80 16 samma
180 622 43 20 sätt
245 621 70 21 kunde
331 621 36 21 det
382 622 105 26 tydligare
506 623 87 25 utsägas
609 623 34 19 att
658 621 111 21 fröträden
783 621 54 21 böra
851 626 52 15 vara

76 648 24 22 af
113 649 70 21 bättre
198 650 101 26 trädslag,
316 650 101 21 barrträd
433 650 95 26 specielt,
545 650 38 21 der
598 650 68 21 sädan
682 650 53 26 skog
750 650 69 21 blifvit
834 649 69 21 afver-

76 677 49 26 kad,
149 678 39 21 och
203 678 121 26 derigenom
339 678 27 21 de
382 678 138 28 olägenheter
535 678 152 26 förekommas,
706 684 45 16 som
767 678 23 22 af
803 678 26 21 hr
844 678 59 21 Ami-

76 706 46 21 noff
142 706 39 22 här
196 707 69 21 blifvit
279 706 118 28 päpekade.
426 707 43 27 Jag
483 707 34 21 fär
532 708 91 20 sälunda
638 707 34 21 för
687 708 43 20 min
745 707 34 21 del
794 707 109 21 vördsamt

76 734 79 22 föreslä
170 741 26 15 en
212 735 122 21 äterremiss
349 736 34 21 till
398 736 107 21 utskottet
520 736 7 21 i
543 736 55 27 syfte
615 738 33 19 att
664 736 23 21 af
700 736 63 21 dessa
777 736 126 21 reservatio-

76 769 39 15 ner
133 764 39 20 och
192 764 40 21 den
252 764 48 21 näd.
317 770 59 21 prop.
393 764 67 22 mätte
477 766 176 26 sammandragas
669 766 31 20 ett
714 766 48 25 nytt
776 764 80 27 förslag
870 763 34 21 till

77 792 112 22 redaktion
212 792 23 22 af
255 793 69 21 denna
345 793 107 27 paragraf,
476 800 46 14 som
541 793 68 22 skulle
624 793 109 21 innehälla
748 794 25 20 de
789 793 45 21 deri
849 793 56 21 före-

77 820 74 27 slagna
169 821 212 27 inskränkningarna,
404 828 48 15 men
469 822 23 21 sä
507 822 78 27 tydligt
600 822 105 26 uttalade,
729 824 33 19 att
775 822 47 21 icke
837 821 68 27 nägra

77 849 138 27 olägenheter
230 850 35 21 vid
280 850 63 22 deras
358 851 136 27 tillämpning
509 851 70 21 skulle
593 850 87 27 uppstä.

145 879 32 20 Hr
192 879 190 28 Montgomery:
398 880 41 26 Jag
455 879 80 22 tillstär
551 881 32 20 att
598 880 57 21 hvad
671 879 106 22 utskottet
790 881 67 25 yttrat
867 885 37 14 an-

76 906 81 28 gäende
173 907 26 22 de
215 909 12 20 2
243 908 98 27 miljoner
357 908 169 22 normalfamnar
541 909 55 25 träd,
613 915 46 14 som
670 909 7 20 i
687 908 74 21 landet
775 907 130 28 produceras

76 935 84 22 utöfver
175 935 112 28 åtgången,
303 937 90 21 likasom
409 937 65 21 också
493 938 27 21 de
539 937 122 22 statistiska
676 936 229 27 sammanställningar,

77 970 45 15 som
145 965 39 20 här
206 965 70 21 blifvit
299 965 97 22 lemnade
418 965 24 21 af
463 966 27 21 hr
505 965 100 25 Aminoff,
629 968 26 19 är
677 965 134 27 synnerligen
826 964 79 27 egnadt

77 995 33 18 att
125 999 34 15 om
175 993 39 21 ock
228 994 47 21 icke
291 995 68 25 precis
375 996 124 25 uppvärma,
520 994 23 21 så
559 994 130 21 åtminstone
705 993 94 28 upplifva
815 993 25 22 de
855 999 49 21 per-

78 1027 61 16 soner
155 1022 6 21 i
176 1022 79 25 landet,
279 1029 45 15 som
345 1023 77 27 gripits
445 1023 23 21 af
489 1023 88 22 fruktan
597 1023 35 21 för
647 1029 27 15 en
689 1023 126 26 tilltagande
831 1022 74 26 skogs-

77 1050 55 21 brist
153 1050 39 21 och
208 1051 134 22 devastation
357 1051 24 22 af
394 1052 115 27 skogarna.
540 1052 43 21 Det
598 1054 25 19 är
635 1052 25 27 ju
675 1051 82 27 ganska
771 1051 87 27 lyckligt
873 1052 32 19 att

77 1078 65 27 något
164 1079 76 22 sådant
263 1080 46 21 icke
328 1082 24 19 är
367 1082 33 19 att
415 1083 90 23 emotse,
529 1082 32 19 att
577 1081 129 25 statistiken,
723 1079 69 22 såvidt
807 1079 41 21 den
863 1079 42 20 kan

76 1114 52 15 vara
149 1107 89 28 pålitlig,
262 1108 150 28 ådagalägger,
435 1111 34 19 att
491 1110 21 20 vi
534 1109 47 22 icke
601 1109 28 27 gå
644 1111 32 19 ett
692 1108 75 21 sådant
783 1108 66 21 oblidt
865 1107 40 22 öde

76 1136 34 21 till
128 1138 69 19 mötes
213 1143 44 15 som
277 1143 48 15 man
341 1138 58 21 velat
414 1137 129 28 förespegla,
566 1145 49 14 men
628 1138 38 27 jag
681 1138 42 20 kan
738 1137 47 21 icke
800 1137 23 20 af
836 1137 69 20 denna

77 1165 162 27 omständighet,
256 1166 39 21 och
311 1167 26 20 de
353 1166 69 27 öfriga
437 1167 54 25 skäl,
508 1173 46 14 som
569 1167 7 20 i
591 1166 59 21 afton
665 1166 70 21 blifvit
750 1165 118 27 framlagda
883 1164 23 21 af

76 1193 26 21 hr
124 1194 94 21 Aminoff
238 1194 69 21 såsom
326 1195 118 27 tryggande
465 1197 58 19 emot
539 1195 41 21 den
595 1195 108 21 enskildes
718 1193 187 27 misshushållning

76 1222 24 21 af
121 1222 32 21 sin
175 1222 58 27 skog,
257 1223 57 21 finna
337 1225 32 20 att
391 1224 138 27 försigtighet
552 1230 50 15 vore
621 1223 132 27 öfverflödig,
777 1223 39 21 och
831 1224 32 19 att
879 1222 26 21 de

76 1250 69 22 skulle
168 1251 68 22 befria
259 1253 169 20 statsmakterna
450 1252 49 21 från
523 1259 112 20 omsorgen
652 1258 35 15 om
702 1253 33 20 att
749 1251 26 21 de
791 1254 58 19 stora
865 1250 40 21 och

76 1279 34 21 för
125 1279 72 22 landet
212 1281 79 26 vigtiga
306 1281 88 27 kapital,
412 1287 45 15 som
473 1281 70 21 finnas
559 1281 7 21 i
581 1281 86 21 landets
683 1281 84 26 skogar,
783 1280 45 21 icke
844 1279 60 21 miss-

75 1308 86 21 brukas.
192 1309 42 21 Det
256 1311 24 18 är
303 1315 26 15 en
353 1310 93 26 gammal
467 1310 66 27 regel,
557 1311 32 20 att
604 1310 63 27 ingen
683 1311 24 19 är
722 1308 24 22 så
761 1308 39 25 rik,
816 1310 32 19 att
862 1307 43 21 han

75 1337 47 21 icke
137 1337 102 22 behöfver
254 1337 113 28 förnuftigt
383 1338 100 21 hushålla
502 1339 49 20 med
567 1338 56 21 hvad
638 1338 43 21 han
697 1343 56 21 eger.
783 1337 42 21 Det
841 1338 23 19 är
880 1342 25 15 ur

76 1365 69 21 denna
168 1366 106 27 synpunkt
297 1373 45 15 som
363 1367 38 26 jag
423 1367 33 21 för
471 1367 46 21 min
533 1367 34 21 del
582 1367 40 20 har
637 1367 54 20 känt
705 1366 44 26 mig
763 1365 84 27 mycket
862 1365 43 20 till-

74 1394 60 21 talad
150 1394 23 21 af
187 1394 25 21 de
228 1395 86 27 förslag,
334 1401 46 15 som
396 1395 70 21 blifvit
481 1395 122 27 framlagda
617 1396 7 20 i
639 1395 49 21 nåd.
704 1401 60 20 prop.
781 1393 39 22 och
835 1393 24 20 af
872 1399 33 15 re-

75 1425 138 19 servanterne
235 1423 49 21 frih.
307 1423 79 22 Wrede
405 1426 56 19 samt
480 1424 39 21 hrr
538 1424 108 21 Fabritius
663 1423 39 22 och
717 1421 120 23 Nummelin
852 1421 7 20 i
875 1421 30 21 af-

75 1451 76 21 seende
167 1451 14 21 å
196 1451 143 22 befordrande
361 1452 24 21 af
406 1454 31 19 ett
452 1453 133 26 förståndigt
600 1452 141 21 användande
756 1451 23 20 af
793 1450 111 26 skogarna,

75 1479 66 21 sedan
163 1479 125 28 afverkning
310 1481 40 20 har
374 1483 36 24 egt
432 1487 55 15 rum.
519 1481 29 21 Så
563 1483 60 19 snart
639 1487 50 14 man
704 1487 27 14 en
746 1479 55 27 gång
816 1480 24 19 är
855 1484 50 15 ense

75 1507 80 27 derom,
175 1510 33 19 att
223 1515 26 15 en
264 1509 132 27 afverkning,
419 1512 52 18 utan
488 1512 33 19 att
537 1516 49 15 man
603 1509 68 26 sörjer
686 1509 33 21 för
734 1508 131 25 återväxten,
881 1508 24 19 är

74 1535 125 28 oförnuftig,
215 1539 32 19 att
263 1537 41 22 den
319 1537 7 21 i
343 1538 31 21 sin
390 1538 137 27 konseqvens
542 1538 43 21 kan
600 1538 67 21 blifva
682 1537 6 22 i
705 1537 73 27 sjelfva
788 1535 74 22 verket
872 1535 34 21 för
