1100 1742
384 121 17 18 R.
413 125 15 14 6.
441 121 16 19 A.
470 121 47 19 1885.
541 120 18 19 18
572 121 35 23 Maj.
823 122 61 26 1,213

80 189 40 21 har
134 189 57 21 velat
205 189 71 21 lemna
291 189 61 22 dessa
367 189 152 27 upplysningar
533 189 34 21 för
581 191 34 19 att
629 188 100 28 förklara,
739 189 84 21 hvarför
834 189 78 21 hehäll-

81 217 77 27 ningen
178 217 46 22 från
240 218 355 26 Helsingfors
389 213 9 36 —
410 218 185 26 Tavastehus—S:t
611 218 140 26 Petersburgs
764 218 88 27 jernväg
865 218 46 21 icke

81 246 35 21 vid
139 246 57 21 ärets
220 246 48 24 slut,
288 248 49 19 utan
354 247 53 20 först
421 246 68 22 under
504 247 36 21 det
555 246 92 27 följande
662 247 48 20 äret
724 246 68 22 blifvit
808 246 105 22 öfverförd

82 274 31 21 till
137 274 26 21 de
183 280 54 21 resp.
254 274 80 26 fonder,
350 274 71 22 hvilka
436 274 62 22 hafva
513 275 63 21 andel
592 275 7 21 i
614 275 146 21 inkomsterna
775 274 45 22 från
836 275 75 21 banan.

150 303 150 21 Betänkandet
315 303 44 21 blef
373 304 52 20 härå
441 304 6 20 i
463 304 68 21 denna
548 303 34 22 del
597 303 117 27 godkändt.

150 332 99 21 Rörande
264 332 115 21 utskottets
395 332 110 28 uttalande
521 338 34 15 om
572 332 192 26 bränvinsskatten,
780 332 83 26 yttrade

150 360 25 21 hr
195 360 175 26 Molander,
389 360 36 22 H.:
442 360 67 22 Afven
525 360 132 22 beträffande
673 360 184 22 bränvinsskatten
872 360 40 21 har

81 389 27 27 pä
130 395 47 21 pag.
202 390 26 20 14
252 389 159 21 statsutskottet
432 388 112 26 framstält,
568 391 33 19 att
619 389 36 21 det
671 395 50 15 vore
737 388 127 28 egentligare
880 390 31 20 att

81 417 35 21 vid
131 418 73 26 hvarje
218 418 36 20 års
268 418 79 26 utgång
362 417 149 27 behållningen
527 418 22 20 af
563 417 184 22 bränvinsmedlen
762 416 68 22 skulle
845 417 67 21 öfver-

80 445 58 22 föras
160 446 31 20 till
215 446 277 21 kommunikationsfonden.
524 446 50 22 Som
597 446 60 21 detta
679 448 24 19 är
726 446 75 21 endast
820 452 25 15 en
860 445 51 21 bok-

82 474 144 27 föringsfråga,
242 475 62 21 torde
325 474 35 22 det
375 474 46 22 icke
437 474 66 22 heller
519 477 58 19 möta
592 476 70 25 någon
677 474 108 28 svårighet
800 476 31 20 att
846 474 65 22 saken

83 503 24 21 så
122 503 83 21 ordnas.

151 531 32 21 Då
206 531 145 21 diskussionen
374 532 87 21 härmed
485 532 124 21 afstannade
633 532 40 21 och
695 532 63 26 ingen
773 531 138 26 anmärkning

82 559 115 22 framstälts
220 562 57 19 emot
299 560 116 22 utskottets
437 561 99 27 yttrande
557 560 7 21 i
587 560 80 27 frågan,
692 560 46 22 blef
760 561 115 21 detsamma
891 560 21 20 af

81 588 24 21 R.
123 594 19 16 o.
158 588 26 21 A.
201 588 115 26 godkändt.

152 616 166 22 Vidkommande
334 617 106 21 allmänna
455 617 204 27 bevillningsfonden
674 617 85 27 yttrade

151 645 25 21 hr
199 645 174 27 Molander,
397 646 36 21 H.:
457 646 166 22 Statsutskottet
645 646 40 21 har
707 646 28 26 pä
750 652 46 20 pag.
814 646 25 20 15
855 645 56 27 gjort

83 674 40 21 den
146 674 139 27 anmärkning
307 676 32 20 att
361 674 119 21 inkomsten
503 674 22 22 af
546 674 220 27 tobaksbevillningen
788 674 30 21 uti
836 673 75 21 finans-

82 702 116 22 relationen
221 702 67 22 blifvit
310 705 107 25 upptagen
439 703 66 26 högre
527 705 27 19 ää
577 703 42 21 den
641 703 6 21 i
667 702 143 28 verkligheten
825 702 86 26 utgjort,

82 730 85 22 hvartill
182 731 90 21 orsaken
288 731 53 22 varit
357 732 40 20 den
413 734 32 19 att
460 738 47 15 man
524 732 39 20 har
578 732 105 21 beräknat
698 733 13 19 4
723 732 59 20 mark
792 732 27 26 pä
829 730 81 22 rubeln.

82 759 75 21 Denna
179 760 115 21 utskottets
316 760 139 26 anmärkning
473 762 24 19 är
513 760 88 21 alldeles
615 760 71 26 riktig.
718 760 95 21 Orsaken
828 759 32 21 till
876 759 36 21 det

83 788 111 21 anmärkta
218 788 177 27 förfaringssättet
416 788 39 22 har
477 789 56 21 varit
555 789 42 21 den
612 791 33 19 att
660 788 138 26 bokföringen
814 788 56 21 skett
884 788 28 26 pä

83 816 69 27 grand
166 816 23 22 af
202 816 48 22 nåd.
266 817 140 26 kungörelsea
422 817 22 21 af
457 817 41 21 den
517 818 25 21 10
557 817 119 21 December
690 818 25 20 är
731 817 61 25 1862,
803 816 109 27 angående

82 844 104 27 omföring
201 844 47 22 frän
263 845 59 22 rubel
338 846 39 20 och
393 846 70 26 kopek
479 846 32 21 till
527 846 60 21 mark
599 846 39 21 och
650 846 62 26 penni
723 846 6 19 i
741 845 85 26 publika
837 844 75 21 räken-

83 872 83 27 skaper.
197 874 75 21 Denna
293 874 47 21 näd.
365 874 127 26 kungörelse
507 873 124 27 innehäller,
648 876 32 19 att
695 874 65 21 sedan
775 873 32 21 för
822 872 90 22 Finland

82 901 104 22 faststälts
208 908 26 15 en
257 909 52 20 egen
332 903 129 26 myntenhet,
484 903 68 20 under
567 902 128 27 benämning
711 902 21 21 af
746 902 66 25 mark,
828 901 84 21 hvilken

82 931 119 20 motsvarar
216 931 28 27 1/,
258 930 66 27 rubel,
340 931 61 21 skola
416 931 41 21 alla
473 931 89 27 skatter,
575 931 111 26 utskylder
696 931 40 21 och
751 931 66 21 andra
830 929 82 27 afgifter

82 958 33 21 till
137 959 89 26 kronan,
249 959 106 22 äfvensom
379 959 159 26 utbetalningar
560 959 22 22 af
603 959 107 22 allmänna
724 959 69 22 medel
809 958 103 21 beräknas

83 987 39 21 och
137 987 81 22 utföras
233 988 7 20 i
256 988 59 21 mark
330 988 40 21 och
386 988 62 27 penni
464 988 53 21 efter
533 988 59 21 detta
607 988 133 21 förhållande
753 987 88 22 emellan
852 986 60 21 mark

83 1016 40 21 och
145 1015 138 22 silfverrubel.
315 1017 31 21 På
373 1017 68 20 denna
463 1017 69 26 grund
555 1017 39 21 har
616 1017 75 20 rubeln
716 1016 67 21 blifvit
804 1014 109 23 beräknad

82 1043 33 22 till
129 1045 13 20 4
158 1045 66 20 mark.
249 1045 43 21 För
306 1047 38 21 att,
360 1045 24 21 sä
399 1045 45 21 vidt
459 1045 90 27 möjligt,
565 1045 132 22 förekomma
713 1044 123 22 differenser
851 1043 62 22 emel-

82 1071 35 22 lan
132 1073 172 27 räkenskaperna
320 1073 38 22 och
375 1073 26 22 de
415 1073 94 22 faktiska
523 1073 167 26 förhällandena,
706 1073 88 22 föreslär
808 1072 105 21 utskottet

84 1103 45 23 »att
152 1101 36 22 det
210 1102 34 21 vid
268 1102 122 27 uppbörden
414 1105 122 24 emottagna
559 1103 64 26 ryska
640 1105 81 24 myntet
736 1101 66 22 borde
816 1101 7 20 i
839 1101 75 20 räken-

83 1129 105 28 skaperna
210 1130 100 21 bokföras
332 1131 99 26 antingen
451 1131 33 21 till
501 1131 36 21 det
552 1131 65 21 värde
633 1131 118 21 detsamma
765 1130 67 21 blifvit
848 1130 66 20 emot-

82 1160 60 24 taget
156 1158 32 21 till
199 1158 52 22 eller
266 1159 40 21 ock
316 1159 30 21 till
358 1166 25 14 en
395 1159 126 26 medelkurs,
533 1165 46 16 som
590 1159 22 22 af
620 1159 104 27 styrelsen
734 1159 32 21 tid
776 1158 53 22 efter
844 1163 69 16 annan

83 1186 127 26 faststäldes,
230 1190 56 19 samt
301 1187 34 22 vid
350 1188 57 21 årets
422 1188 43 21 slut
480 1188 99 26 möjligen
595 1188 136 21 återstående
746 1186 168 28 skiljaktigheter

82 1220 76 21 genom
174 1215 166 28 agioberäkning
355 1216 124 27 utjemnas*.
512 1217 64 20 Detta
592 1216 79 27 förslag
688 1216 43 21 kan
746 1216 46 21 icke
808 1217 64 20 annat
887 1216 27 19 än

83 1243 124 26 godkännas
230 1245 38 20 och
291 1251 33 14 om
347 1251 26 15 en
395 1245 66 21 sädan
484 1245 124 26 förändring
623 1245 7 20 i
645 1245 139 26 bokföringen
800 1244 38 21 har
853 1242 61 22 äfven

83 1272 55 21 varit
153 1271 66 28 fråga.
250 1273 77 21 Vidare
342 1273 113 22 anmärker
470 1274 107 21 utskottet
592 1274 13 20 &
620 1279 48 21 pag.
686 1274 33 24 17,
735 1275 32 20 att
782 1271 132 26 bevillnings-

83 1300 69 21 medel
175 1301 32 20 till
231 1301 61 27 högst
314 1301 120 28 betydande
457 1308 94 15 summor
569 1302 68 21 under
653 1301 151 28 jemförelsevis
819 1300 49 25 läng
883 1299 32 20 tid

83 1328 58 27 legat
163 1329 7 20 i
193 1330 160 26 statskontoret,
377 1332 52 19 utan
445 1333 32 18 att
493 1331 107 20 derunder
615 1332 63 25 göras
694 1328 164 25 räntebärande;
875 1327 39 22 och

84 1359 61 25 säger
160 1358 105 21 utskottet
280 1360 32 19 att
328 1359 26 21 dä
369 1359 156 21 statskontoret
541 1365 49 20 eger
599 1359 92 21 förvalta
701 1358 98 27 samtliga
809 1356 107 22 allmänna

83 1387 131 25 statsmedel,
237 1387 61 21 torde
320 1387 65 26 nägot
408 1387 75 22 hinder
505 1387 47 21 icke
573 1387 114 22 förefinnas
709 1387 33 21 för
762 1385 154 23 statskontoret

84 1416 38 24 att,
146 1415 28 21 dä
195 1415 161 22 förhällandena
378 1421 78 16 annars
479 1416 77 21 sädant
574 1415 111 27 medgifva,
701 1421 76 21 genom
792 1414 87 27 uppköp
895 1412 23 22 af

83 1443 64 20 säkra
169 1443 156 22 räntebärande
347 1443 142 27 obligationer
512 1444 96 21 förränta
623 1444 61 21 äfven
699 1441 216 28 bevillningsmedlen.

83 1471 47 20 Här
152 1473 69 20 möter
243 1472 54 21 dock
320 1479 24 15 en
369 1472 114 27 svårighet.
518 1472 215 27 Bevillningsmedlen
755 1471 72 28 inflyta
849 1469 67 22 under

84 1499 57 20 årets
164 1499 51 28 lopp
238 1500 39 21 och
300 1503 24 19 är
339 1501 36 21 det
390 1500 65 22 oftast
471 1501 132 27 nödvändigt
617 1503 33 19 att
664 1501 68 21 under
746 1506 80 16 samma
841 1499 25 21 är
880 1504 36 15 an-

83 1527 71 22 vända
177 1528 47 21 dem
239 1528 33 22 för
287 1529 26 21 de
328 1529 71 26 behof,
415 1529 32 21 för
462 1529 73 22 hvilka
551 1530 26 21 de
592 1529 69 22 blifvit
676 1529 104 22 anvisade.
813 1528 39 21 Om
868 1532 50 16 man
