1098 1745
247 98 41 22 934
523 99 16 19 R.
551 104 15 14 0.
579 99 15 19 A.
608 99 46 19 1885.
678 100 10 18 2
700 100 34 23 Maj.

218 166 32 21 till
272 166 120 27 förordning
413 167 108 28 angående
544 168 136 27 tillverkning
702 169 39 21 och
764 167 128 28 destillering
907 167 22 22 af
942 167 95 28 bränvin,

218 195 74 22 främst
306 197 47 24 togs
367 195 66 22 under
448 196 134 27 behandling.

286 223 133 23 Beträffande
435 224 12 29 &
464 226 11 20 1
491 225 7 21 i
514 225 59 21 detta
587 224 214 28 författningsförslag
814 225 83 27 yttrade

286 252 26 20 hr
325 251 200 29 Pippingsköld:
542 253 40 27 Jag
596 253 102 28 beklagar
713 255 32 20 att
757 253 37 28 jag
808 254 68 21 mäste
890 253 98 27 förklara,
1005 255 32 20 att

218 279 39 22 här
278 279 76 23 saknas
373 282 10 20 1
399 282 13 26 8
427 282 6 21 i
448 281 250 28 bränvinsförfattningen
713 281 47 22 från
776 282 61 22 1873.
868 281 73 22 Såsom
953 282 37 27 jag
1005 287 32 16 re-

219 308 41 21 dan
274 307 32 22 för
320 315 27 15 en
361 310 63 21 stund
439 310 65 21 sedan
519 310 95 22 uttalade
629 311 49 26 mig,
694 311 64 26 vägar
771 310 36 27 jag
822 312 40 24 tro,
876 312 32 19 att
918 310 40 21 den
968 310 69 21 ökade

218 336 84 22 skatten
317 343 27 15 m.
361 337 19 22 fl.
396 338 117 22 artificiella
527 339 106 26 åtgärder,
648 339 72 21 hvilka
735 341 37 20 äro
787 338 86 22 afsedda
883 340 31 20 att
923 338 114 22 inskränka

218 364 253 29 bränvinsproduktionen
490 367 39 22 och
547 367 170 27 konsumtionen,
733 369 37 20 äro
785 367 109 27 förgäfves,
910 368 31 20 att
955 367 82 21 således

218 393 155 27 produktionen
394 395 41 21 blir
457 395 44 22 lika
515 397 45 20 stor
574 401 46 16 som
636 395 44 22 förr
694 395 40 22 och
748 395 163 22 konsumtionen
925 395 45 21 icke
985 395 52 21 min-

219 421 43 22 dre.
311 423 113 22 Åtminstone
446 426 24 19 är
492 424 40 21 den
551 424 69 21 ökade
636 424 173 27 beskattningens
824 424 78 21 verkan
916 423 121 27 påtagligen

219 449 62 27 högst
296 450 111 28 obetydlig,
426 452 37 21 och
471 452 43 22 .det
528 458 62 22 synes
604 452 50 27 mig,
669 458 35 16 om
720 452 68 22 denna
803 452 55 27 äsigt
872 452 66 22 skulle
950 451 7 21 i
968 451 69 21 lands-

219 478 83 28 bygden
317 479 63 27 delas,
396 482 31 20 att
442 487 52 15 oron
509 480 67 22 blefve
591 480 47 22 icke
652 480 67 28 ringa,
735 487 35 15 om
783 480 28 22 all
822 480 138 28 begränsning
970 479 67 22 skulle

220 506 75 22 saknas
310 507 33 21 för
360 508 166 27 produktionens
541 509 85 28 belopp.
656 509 43 22 För
714 509 63 27 öfrigt
792 515 61 21 synes
868 509 42 27 mig
924 508 67 27 äfven,
1006 509 32 20 att

220 536 51 20 utan
292 536 47 22 skäl
361 536 40 22 den
422 537 147 28 begränsning,
588 544 45 15 som
651 538 7 21 i
674 538 40 22 den
729 538 59 22 äldre
803 544 29 15 nu
846 537 96 27 gällande
956 536 83 22 författ-

220 563 76 27 ningen
318 564 117 29 förefinnes,
457 566 39 22 har
517 566 68 21 blifvit
607 567 7 21 i
637 566 40 22 den
698 566 120 27 föreslagna
835 572 41 21 nya
889 565 149 27 författningen

219 591 119 29 borttagen.
366 593 72 23 Under
452 594 54 22 intet
521 595 24 21 år
560 594 39 22 har
613 594 256 28 bränvinsproduktionen
883 594 58 27 stigit
955 594 33 22 till
1003 594 36 21 det

219 620 75 28 högsta
308 622 83 27 belopp,
407 629 46 15 som
468 625 23 19 är
506 623 84 22 tillåtet.
616 624 38 21 Att
669 623 82 22 således
767 623 105 27 upphäfva
887 622 51 22 eller
952 621 87 23 afskaffa

221 655 26 15 en
268 649 40 28 lag,
331 650 84 22 hvilken
437 658 45 15 som
505 652 61 26 helst,
588 658 46 15 som
652 652 82 22 bevisat
748 652 32 26 sig
794 651 128 27 fullkomligt
936 650 102 28 oskyldig,

221 677 69 22 derför
311 678 66 22 finnes
399 680 54 21 intet
473 680 56 26 skäl;
552 686 49 16 man
616 680 70 22 kunde
701 680 34 22 väl
750 682 52 20 utan
816 680 76 22 minsta
907 679 74 22 hinder
995 679 44 21 låta

221 706 41 21 den
283 707 70 26 gamla
374 707 166 29 begränsningen
563 710 92 26 qvarstå.
684 709 41 26 Jag
739 708 80 22 tillåter
833 709 43 26 mig
890 708 82 22 derföre
986 708 53 27 yrka

221 734 70 28 derpå,
314 737 32 20 att
367 742 27 15 en
415 736 147 28 begränsning,
586 737 85 22 hvilken
693 743 46 16 som
753 737 63 27 helst,
830 736 80 22 kanske
926 736 113 27 4,000,000

220 762 87 28 kannor,
330 764 67 22 skulle
418 765 129 22 fortfarande
568 766 117 22 bibehållas
708 766 49 22 med
780 766 40 21 den
842 767 50 24 rätt,
914 771 45 15 som
976 764 7 21 i
999 764 40 22 den

220 790 59 23 äldre
300 792 150 28 författningen
471 794 81 22 lemnas
573 794 103 28 styrelsen
692 796 32 20 att
739 794 54 22 efter
808 794 64 22 behof
885 793 41 22 öka
940 793 99 27 beloppet

220 820 49 21 med
283 821 28 21 50
326 821 33 27 9/,.
389 822 32 26 Ja,
439 822 37 28 jag
491 828 50 16 vore
556 825 16 19 t.
588 829 20 15 o.
624 829 26 15 m.
667 823 85 27 mycket
768 822 125 28 disponerad
908 822 32 21 för
954 823 38 25 att,
1008 821 31 21 så-

220 854 46 16 som
278 848 37 28 jag
329 849 8 21 i
352 852 31 20 ett
397 850 48 22 mitt
461 850 89 27 tidigare
564 851 137 27 andragande
716 851 62 28 gjort,
794 851 27 26 gå
835 851 22 21 in
872 851 71 26 derpå,
959 851 32 20 att
1005 849 35 21 be-

220 877 140 28 gränsningen
382 879 85 22 sänktes
485 879 31 21 till
532 880 113 26 3,500,000
660 879 88 27 kannor,
764 879 61 22 äfven
840 879 47 22 med
902 877 138 28 gvarstäende

220 904 34 22 för
276 907 103 26 styrelsen
401 907 22 22 af
442 907 128 27 rättigheten
587 910 33 20 att
634 908 42 21 öka
690 908 101 27 beloppet
806 907 7 21 i
827 907 100 22 händelse
942 906 22 22 af
977 905 65 23 behof

221 933 48 21 med
291 941 27 14 en
335 935 41 22 viss
391 938 93 25 procent,
499 936 39 22 och
553 939 25 19 är
593 936 122 28 öfvertygad
730 937 80 25 derom,
824 937 33 20 att
871 942 25 15 en
911 935 66 22 sädan
991 934 50 22 ned-

221 963 43 20 satt
278 962 141 29 begränsning
433 964 67 22 skulle
514 965 87 22 inverka
616 965 105 27 lugnande
736 965 28 27 pä
778 963 207 29 nykterhetsifrarne,
1001 963 39 22 och

222 989 58 23 detta
294 992 28 26 pä
337 993 55 26 goda
406 993 51 21 skäl.

290 1019 32 22 Hr
336 1027 41 15 von
391 1021 109 27 Wright:
516 1022 43 21 Det
574 1021 22 22 af
609 1022 26 21 hr
646 1021 154 28 Pippingsköld
810 1027 29 15 nu
849 1020 73 28 gjorda
931 1019 110 28 yrkandet,

222 1048 32 20 att
276 1053 26 16 en
323 1048 140 29 begränsning
484 1050 68 22 skulle
573 1050 8 21 i
598 1051 61 26 lagen
674 1050 86 26 införas,
775 1049 39 22 har
829 1049 63 22 ocksä
906 1048 55 22 varit
975 1048 66 21 under

222 1075 119 23 diskussion
362 1077 7 21 i
391 1078 109 27 utskottet,
522 1085 48 16 men
593 1079 73 22 dervid
682 1077 117 27 framhölls,
815 1079 31 20 att
862 1077 67 22 denna
943 1076 100 28 begräns-

221 1104 50 27 ning
292 1105 69 23 skulle
382 1113 50 16 vara
453 1107 22 21 af
494 1107 63 27 ingen
573 1107 115 27 betydelse.
718 1107 34 21 Hr
766 1106 152 28 Pippingsköld
931 1105 40 22 har
985 1105 58 32 med-

222 1132 65 28 gifvit,
303 1136 32 19 att
351 1135 39 21 den
405 1135 145 28 begränsning,
565 1142 46 16 som
625 1136 7 21 i
646 1136 152 26 författningen
814 1134 22 22 af
850 1135 54 21 1873
919 1134 66 27 ingår,
995 1133 48 21 icke

221 1160 46 22 haft
289 1163 65 27 något
375 1164 105 27 praktiskt
501 1164 95 27 resultat,
620 1164 88 22 emedan
730 1164 43 22 den
794 1169 81 16 summa
893 1162 88 27 kannor,
997 1168 46 15 som

222 1189 46 22 deri
289 1192 114 26 medgifves
424 1192 33 22 för
477 1192 110 28 bränning,
610 1192 68 28 aldrig
700 1192 70 22 blifvit
791 1191 105 28 uppnådd.
926 1191 41 27 Jag
981 1196 62 26 anser

223 1217 77 29 derför,
321 1220 8 20 i
351 1220 66 22 likhet
439 1221 48 21 med
508 1221 111 27 utskottet,
642 1222 32 20 att
696 1221 70 21 denna
780 1220 132 26 bestämning
927 1221 25 20 är
966 1218 77 27 onödig

222 1247 51 50 a,
284 1247 40 23 ber
345 1248 21 22 få
387 1249 84 22 förorda
486 1250 129 26 antagandet
630 1250 21 21 af
664 1249 118 22 utskottets
798 1248 39 22 och
852 1248 40 22 den
906 1248 49 21 nåd.
971 1252 72 22 prop:s

231 1278 75 25 örslag.

292 1305 50 22 Som
363 1306 63 27 ingen
447 1306 22 21 af
489 1306 94 22 ständets
605 1306 138 21 medlemmar
765 1305 125 22 understödt
906 1304 26 21 hr
946 1303 97 28 Pipping-

223 1332 72 22 skölds
316 1333 85 28 förslag,
423 1334 49 22 kom
494 1335 117 21 detsamma
632 1334 47 22 icke
701 1333 68 22 under
784 1333 136 26 omröstning,
935 1334 51 20 utan
1001 1331 40 22 för-

222 1360 100 23 klarades
337 1362 11 27 $
364 1364 11 20 1
391 1363 98 27 godkänd
503 1363 66 27 enligt
583 1363 117 21 utskottets
714 1361 88 28 förslag.

293 1389 24 28 88
333 1391 55 22 2—7
403 1391 86 27 gillades
503 1394 51 19 utan
569 1391 147 26 anmärkning.

291 1419 42 21 Vid
349 1419 12 28 8
377 1421 13 20 8
405 1420 82 27 yttrade
1011 1445 4 4 N

292 1447 26 21 hr
340 1448 197 27 Pippingsköld:
560 1448 43 21 Det
624 1450 25 19 är
664 1454 26 15 en
704 1447 54 22 liten
774 1446 161 27 omständighet,
951 1451 45 16 som
1008 1451 37 21 jag

223 1474 40 22 här
284 1475 69 22 skulle
375 1483 50 16 anse
439 1476 70 22 fordra
524 1475 139 28 anmärkning
678 1475 52 22 eller
745 1475 170 28 komplettering.
945 1474 46 21 Här
1005 1473 40 22 och

223 1503 8 21 i
245 1503 49 22 hela
308 1503 149 29 författningen
471 1504 89 23 omtalas
576 1505 28 27 pä
618 1505 76 26 mänga
709 1504 78 23 ställen
801 1503 161 29 procenthalten
977 1501 22 22 af
1009 1501 36 22 det
