1100 1692
374 106 16 18 R.
402 110 15 14 o.
429 105 17 19 A.
458 105 46 20 1885.
529 104 66 24 12:Maj.
814 105 59 26 1,121

144 174 33 21 Hr
198 173 208 28 Pippingsköld:
431 174 51 21 Man
507 174 104 21 behöfver
632 173 49 22 icke
702 173 67 22 tänka
791 173 32 27 sig
845 172 60 22 detta

77 202 120 22 samarbete
219 202 96 26 sålunda,
338 204 32 19 att
392 202 41 22 den
456 208 41 16 ena
517 202 134 22 konstnären
672 202 68 21 skulle
755 202 71 21 utföra
840 203 15 19 t.
871 207 33 15 ex.

78 230 44 22 öfre
137 231 62 21 delen
215 230 22 22 af
251 232 78 26 statyn,
347 230 41 22 den
405 230 69 22 andra
489 231 42 21 den
545 230 74 27 nedra,
636 232 53 20 utan
704 230 97 26 sålunda,
817 232 32 19 att
863 229 42 22 den

78 266 40 15 ena
137 260 132 21 konstnären
291 259 68 22 skulle
374 259 72 21 utföra
460 261 16 20 t.
492 266 33 15 ex.
541 259 111 28 kejsarens
668 260 56 26 höga
739 259 55 27 figur
809 258 40 22 och
863 258 42 21 den

78 289 65 21 andre
164 288 135 27 bifigurerna,
322 294 49 15 men
392 290 33 19 att
447 288 27 22 de
489 290 134 25 gemensamt
637 288 70 21 skulle
722 288 184 22 öfverenskomma

78 323 34 16 om
134 317 49 22 hela
205 317 153 26 anordningen;
381 317 40 21 och
441 317 38 27 jag
501 319 24 20 är
549 317 127 27 öfvertygad
698 318 33 19 att
750 317 63 21 dessa
827 318 79 21 tvänne

77 345 126 22 konstnärer
225 345 38 22 åro
286 345 24 21 sä
330 350 50 22 pass
402 345 57 27 goda
481 345 69 22 finnar
573 345 40 22 och
628 345 112 27 patrioter,
760 347 33 19 att
809 345 40 22 den
864 350 41 17 ena

78 374 55 23 skall
154 374 69 22 förstå
244 376 33 19 att
299 374 49 21 vika
370 373 34 22 för
426 374 42 21 den
490 374 79 22 andres
589 373 173 28 öfverlägsenhet
777 374 40 21 och
831 375 32 20 att
878 373 27 22 de

76 403 70 22 tillika
169 405 38 20 äro
229 402 24 22 så
269 402 57 27 goda
340 402 95 25 kritiker,
452 404 33 20 att
501 403 26 22 de
542 403 62 22 skola
619 403 53 26 inse,
687 404 39 20 när
741 402 41 22 den
798 409 50 15 enas
863 401 43 22 för-

77 431 47 29 slag
138 431 45 23 står
196 431 89 22 framför
301 431 40 21 den
356 431 84 22 andres.
465 431 138 22 Samarbetet
617 431 44 22 blir
676 431 87 22 alldeles
778 431 47 21 icke
840 430 65 27 svårt,

77 460 57 23 blott
148 467 50 15 man
212 460 36 21 vill
263 462 34 19 tro
313 459 40 22 och
368 459 68 22 förstå
451 462 34 20 att
500 460 63 22 dessa
577 459 37 23 två
629 460 130 21 konstnärer
773 471 28 4 —
812 459 37 28 jag
858 458 49 22 tvif-

77 489 33 22 lar
131 489 47 22 icke
199 487 28 29 på
249 490 34 20 att
304 488 101 22 Takanen
427 489 63 21 äfven
509 489 55 21 skall
579 489 75 21 kunna
669 490 78 25 antaga
761 488 103 27 förslaget
879 499 26 4 —

78 518 34 22 stå
132 519 8 21 i
161 518 52 27 godt
235 517 133 22 förhållande
390 517 33 22 till
442 517 131 27 hvarandra,
589 517 40 22 och
645 524 51 15 man
710 517 61 22 torde
786 517 47 22 icke
847 515 61 23 tvifla

78 548 32 21 att
126 547 25 21 de
165 547 132 26 gemensamt
311 545 61 22 skola
386 546 74 21 kunna
475 546 72 22 utföra
563 548 32 20 ett
610 545 135 22 harmoniskt
760 546 80 21 arbete.

145 603 154 22 Diskussionen
323 603 116 22 afslutades
467 603 97 27 härmed,
591 603 116 26 hvarefter,
730 602 40 22 och
794 603 65 21 sedan
880 602 28 21 hr

78 632 196 21 landtmarskalken
295 632 8 21 i
317 631 88 22 korthet
423 634 122 20 resumerat
562 632 164 27 hufvuddragen
741 631 23 22 af
777 631 130 26 densamma,

78 661 34 22 till
130 661 96 21 ståndets
243 661 132 21 besvarande
391 660 170 23 öfverlemnades
576 661 95 27 följande
687 660 220 27 omröstningspropo-

78 689 75 22 sition:

146 718 53 25 Den,
222 724 46 15 som
289 718 38 21 vill
348 717 33 23 till
398 717 215 28 kontraproposition
629 720 58 21 emot
702 717 117 22 utskottets
834 717 73 21 betän-

78 747 77 24 kande,
178 747 47 21 med
249 747 51 21 eller
322 748 52 20 utan
395 746 49 21 frih.
468 747 25 21 af
506 747 115 22 Schulténs
636 747 54 22 eller
704 746 26 21 hr
745 745 163 28 Pippingskölds

78 775 156 26 amendement,
249 777 80 25 antaga
343 775 168 25 reservationen,
528 777 72 20 röstar
612 775 34 28 ja;

147 804 74 21 vinner
243 804 42 27 nej,
308 806 88 26 antages
418 804 33 21 till
467 803 215 28 kontraproposition
696 803 26 22 hr
738 803 77 27 Spåres
829 803 81 26 förslag

79 838 34 16 om
128 832 151 22 internationel
293 833 72 21 täflan.

146 861 76 22 Denna
243 862 133 26 proposition
397 861 132 22 besvarades
551 862 36 21 vid
608 861 86 22 anstäld
708 861 98 27 votering
819 860 48 22 med
881 860 28 21 52

76 890 24 28 ja
122 890 40 22 och
184 890 27 21 20
233 890 40 26 nej,
297 890 109 22 hvarefter
420 890 26 22 hr
461 890 202 22 landtmarskalken
678 890 123 22 framstälde
816 888 94 28 följande

78 918 287 28 omröstningsproposition:

151 946 54 26 Den,
227 953 46 15 som
295 948 123 26 godkänner
433 947 120 22 utskottets
568 947 144 26 betänkande,
728 947 48 21 med
791 946 52 22 eller
857 947 53 21 utan

82 976 48 22 frih.
153 975 24 22 af
198 975 112 22 Schulténs
332 977 52 21 eller
400 976 27 21 hr
441 976 168 27 Pippingskölds
625 976 154 26 amendement,
795 976 70 20 röstar
877 974 34 28 ja;

150 1004 75 28 vinner
240 1004 40 27 nej,
296 1006 88 26 antages
399 1006 168 21 reservationen.

149 1032 70 23 Äfven
241 1039 35 15 om
297 1034 69 21 denna
388 1034 134 26 proposition
544 1034 111 22 anstäldes
680 1034 69 20 sluten
774 1032 136 28 omröstning,

82 1062 86 21 hvilken
190 1061 62 22 utföll
267 1062 49 21 med
331 1063 26 21 55
370 1062 24 28 ja
410 1062 39 22 och
466 1062 28 22 13
509 1062 42 28 nej,
567 1062 52 22 derå
635 1068 26 16 en
677 1062 89 21 sålunda
781 1060 130 22 formulerad

80 1090 134 28 proposition
228 1090 33 22 till
277 1090 95 23 ståndets
387 1091 135 21 besvarande
537 1090 73 22 afläts:

149 1119 54 26 Den,
225 1125 46 15 som
293 1120 124 26 godkänner
433 1119 120 23 utskottets
568 1120 145 25 betänkande,
728 1118 48 22 med
792 1119 51 21 eller
858 1120 53 20 utan

80 1148 39 22 rih.
134 1148 24 20 af
172 1147 113 22 Scbulténs
300 1148 157 26 amendement,
475 1150 78 20 röstar
566 1148 34 27 ja;

148 1177 74 21 vinner
236 1176 41 27 nej,
293 1178 88 26 antages
396 1177 26 21 hr
437 1177 169 27 Pippingskölds
620 1177 89 27 förslag.

148 1204 34 22 Då
204 1205 69 21 denna
294 1206 134 26 proposition
451 1206 132 22 besvarades
601 1206 49 22 med
667 1205 154 27 öfvervägande
835 1205 28 27 ja,
880 1210 32 16 er-

79 1234 45 21 höll
139 1234 42 22 den
196 1233 107 22 definitiva
319 1234 309 27 omröstningspropositionen
643 1234 95 28 följande
753 1234 90 32 lydelse:

147 1263 54 32 Den,
217 1268 46 16 som
276 1263 125 27 godkänner
417 1263 120 22 utskottets
552 1263 145 26 betänkande,
713 1264 70 20 röstar
795 1262 34 26 ja;

147 1291 74 22 vinner
235 1292 42 26 nej,
293 1291 101 22 omfattar
408 1292 25 20 R.
451 1298 20 15 o.
487 1292 26 22 A.
530 1292 49 21 frih.
595 1292 24 21 af
633 1292 113 21 Schultens
762 1290 87 32 förslag,

147 1320 87 22 hvilken
255 1320 133 27 proposition
411 1320 132 22 besvarades
565 1320 49 22 med
637 1320 155 27 öfvervägande
815 1318 40 28 nej,
872 1318 40 22 och

78 1348 56 22 hade
156 1348 25 22 R.
198 1355 19 15 o.
232 1349 26 21 A.
274 1348 83 22 säledes
372 1349 97 27 godkänt
483 1349 148 22 betänkandet
648 1349 49 21 med
712 1349 41 21 den
767 1348 96 26 ändring,
879 1349 33 20 att

79 1377 66 22 orden
160 1383 87 21 ,genom
262 1378 121 21 samarbete
398 1378 81 21 mellan
495 1378 48 21 värt
558 1378 63 21 lands
636 1380 56 19 mest
704 1376 143 23 framstäende
857 1376 56 22 bild-

78 1405 107 28 huggare”
204 1406 68 22 skulle
290 1406 87 27 utbytas
392 1408 46 19 mot
453 1413 91 21 ,genom
560 1406 123 22 samarbete
697 1406 77 22 mellan
790 1405 37 22 hrr
842 1405 70 22 Rune-

78 1434 54 27 berg
147 1435 40 21 och
202 1435 119 22 Takanen".

147 1463 58 22 Frih.
224 1470 41 15 von
283 1464 68 21 Born
365 1463 74 22 anhöll
453 1465 37 20 att
505 1464 177 21 reservationsvis
696 1463 22 22 få
733 1463 33 22 till
781 1461 132 29 protokollet

78 1491 131 22 antecknadt
231 1494 32 19 att
279 1492 42 21 han
336 1492 47 21 icke
398 1492 98 27 bidragit
511 1493 33 20 till
559 1492 61 21 detta
635 1492 77 26 beslut,
728 1492 33 21 för
777 1491 23 22 sä
814 1491 45 22 vidt
870 1491 41 36 det

77 1518 98 27 äsyftade
191 1520 151 21 nedsättandet
357 1520 23 21 af
392 1527 26 14 en
434 1521 221 26 ständerdelegation.
