1092 1745
212 128 63 26 1,152
482 129 16 18 R.
511 134 15 14 0.
539 129 15 18 A.
567 129 47 19 1886.
638 129 18 18 15
669 129 35 23 Maj.

183 196 39 21 och
244 195 47 22 från
311 197 231 26 justeringsutskottets
564 198 178 26 sammanträden,
768 203 62 16 anser
852 198 164 22 statsutskottet.

182 230 51 17 vara
248 225 113 27 sjelffallet;
378 225 38 22 och
431 225 33 22 fär
478 225 112 22 Utskottet
604 225 78 22 föreslä
698 228 32 20 att
745 226 93 21 nämnda
853 226 159 23 resekostnads-

183 253 118 28 ersättning
323 256 54 19 samt
392 255 183 26 dagtraktamente
590 255 68 21 under
672 255 141 26 resedagarne
828 255 84 22 komme
927 257 32 20 att
973 255 38 22 be-

181 282 80 22 räknas
276 282 64 27 enligt
355 283 41 21 6:te
410 283 85 22 klassen
511 283 6 21 i
533 283 99 27 gällande
646 283 184 27 resereglemente.

435 323 31 22 Pä
481 323 175 22 Statsutskottets
672 325 87 26 vägnar:

493 363 50 23 Hans
558 363 68 24 Gustaf
640 363 58 28 Boije.

706 420 85 28 Gustaf
806 420 133 28 Sucksdorf.

253 476 171 22 Statsutskottets
443 477 7 20 i
465 477 134 22 förestäende
614 478 68 21 mätto
697 477 75 28 gjorda
789 477 162 27 framställning,
966 477 46 22 blef

182 504 22 23 af
217 505 25 22 R.
259 511 20 16 o.
294 505 32 25 A.,
342 505 32 22 till
389 505 42 22 alla
446 505 59 22 delar
520 505 71 27 gillad.

252 591 33 22 Hr
307 591 193 22 landtmarskalken
522 591 141 27 tillkännagaf
682 593 32 20 att
729 591 65 26 enligt
808 591 203 22 talmanskonferen-

182 626 49 15 sens
252 619 71 22 beslut
344 619 62 28 plena
421 620 84 21 komme
519 622 33 19 att
566 619 69 22 hällas
655 620 2 21 i
672 625 89 22 morgon
779 619 75 28 lördag
870 620 38 21 och
924 619 86 22 mända-

181 655 42 21 gen
245 648 42 22 den
309 649 26 21 18
358 648 41 27 Maj
419 648 29 22 kl.
463 649 49 27 1/,6
528 655 17 15 e.
561 655 35 20 m.,
612 650 56 20 samt
684 648 66 27 öfriga
766 648 66 27 dagar
846 648 7 21 i
868 650 60 20 nästa
943 648 66 22 vecka

181 677 30 22 kl.
228 678 11 20 7
256 683 19 16 e.
290 683 27 15 m.

240 763 33 21 Hr
283 762 193 22 landtmarskalken
487 762 124 22 meddelade
622 762 73 22 vidare
706 764 32 20 att
748 761 237 28 talmanskonferensen,
1000 762 12 21 i

181 791 54 28 syfte
259 793 32 19 att
312 791 108 27 påskynda
441 791 84 22 arbetet
546 791 6 21 i
575 791 161 22 vederbörande
758 790 89 26 utskott,
868 790 87 21 beslutit
969 790 40 22 hos

181 820 92 21 stånden
287 819 76 22 föreslå
379 821 31 20 att
425 819 222 28 protokollsutdragen
663 819 59 22 öfver
732 819 22 22 af
763 819 87 21 stånden
863 818 94 27 afgjorda
967 818 43 22 frä-

180 854 41 21 gor
235 847 68 22 borde
315 847 136 27 omedelbart,
467 848 54 21 efter
535 848 37 21 det
587 848 108 22 desamma
710 847 112 27 granskats
838 847 22 22 af
869 847 25 21 de
904 853 54 21 resp.
968 847 41 22 tal-

181 879 99 23 männen,
295 875 32 22 till
342 876 108 22 utskotten
465 876 129 28 expedieras,
610 876 111 22 hvaremot
736 875 222 28 protokollsutdragen
975 875 36 22 till

181 905 146 25 medstånden,
343 904 88 23 likasom
446 905 57 22 förut
517 905 53 22 först
586 905 54 22 efter
655 905 37 22 det
705 905 26 22 de
740 904 56 22 inför
806 904 86 22 ståndet
900 904 111 27 justerats,

182 933 69 22 skulle
267 933 102 22 afsändas.

251 962 65 21 Detta
338 961 241 23 talmanskonferensens
601 961 80 28 förslag
696 962 45 22 blef
754 961 23 22 af
790 961 24 22 R.
831 967 19 15 o.
866 962 25 20 A.
906 963 51 20 utan
973 967 36 16 an-

182 990 113 27 märkning
308 990 115 27 godkändt.
546 1005 2 2 E

250 1075 96 22 Emedan
368 1075 205 28 landtdagsbeslutet
595 1076 35 22 vid
652 1076 142 27 landtdagens
816 1077 60 20 snart
890 1075 121 22 stundande

181 1103 118 22 afslutande
311 1103 67 22 borde
392 1104 32 21 till
439 1104 52 22 hans
509 1105 104 22 excellens
628 1105 220 27 generalguvernören
864 1103 147 27 öfverlemnas,

180 1132 135 28 uppmanade
325 1132 26 21 hr
360 1132 194 23 landtmarskalken
564 1133 26 22 R.
602 1139 19 16 o.
632 1134 37 21 A:s
680 1133 138 22 medlemmar
829 1134 31 19 att
869 1132 33 21 vid
912 1137 97 22 morgon-

181 1161 80 27 dagens
283 1161 84 27 plenum
386 1167 50 16 vara
454 1161 92 22 beredde
561 1164 32 19 att
607 1162 145 21 underteckna
769 1161 124 26 detsamma,
908 1162 54 20 samt
977 1161 34 20 att

179 1189 34 22 för
227 1189 77 22 sådant
319 1189 97 22 ändamål
430 1190 99 27 medtaga
543 1190 47 22 sina
604 1190 170 22 sköldemärken.

249 1274 103 27 Slutligen
367 1275 140 28 tillkännagaf
519 1275 25 22 hr
560 1275 195 22 landtmarskalken
772 1277 32 19 att
819 1274 73 22 chefen
906 1273 33 22 för
953 1274 58 21 stän-

179 1303 47 21 dets
248 1302 178 28 stenografkansli
448 1303 106 23 framstält
576 1310 26 16 en
618 1304 99 22 anhällan
734 1303 72 21 derom
822 1305 33 19 att
870 1303 26 21 de
910 1301 99 22 medlem-

178 1336 47 16 mar
248 1330 23 22 af
291 1331 24 21 R.
339 1337 19 16 o.
382 1332 31 26 A.,
433 1332 71 22 hvilka
519 1332 54 22 hade
588 1332 33 22 för
636 1332 64 27 afsigt
714 1334 34 20 att
762 1332 60 21 snart
836 1331 70 21 lemna
921 1329 88 22 hufvud-

178 1359 83 27 staden,
284 1359 49 22 ville
355 1360 76 22 sädant
452 1361 33 21 för
505 1361 93 22 kansliet
620 1361 85 22 anmäla
723 1361 28 27 pä
767 1360 35 22 det
818 1360 61 21 deras
894 1358 116 29 yttranden

176 1387 77 50 Hämet
275 1387 70 22 kunde
367 1389 113 22 utskrifvas
503 1389 40 22 och
565 1389 48 22 dem
631 1389 7 22 i
652 1389 100 22 afseende
767 1389 13 21 å
795 1387 158 29 genomgående
967 1386 42 22 till-

177 1417 81 20 ställas.

247 1501 40 21 Till
314 1501 59 22 detta
395 1503 156 21 sammanträde
573 1503 55 21 hade
650 1503 111 27 bordlagts
785 1501 39 22 och
847 1501 109 26 föredrogs
981 1508 29 15 nu

176 1530 171 21 statsutskottets
371 1530 133 22 betänkande
526 1537 35 16 n:o
586 1532 26 20 14
636 1531 47 22 med
706 1530 114 27 anledning
843 1530 21 21 af
885 1529 47 22 nåd.
947 1536 61 21 prop.
