1100 1720
231 104 60 26 1,002
504 106 15 18 R.
532 111 14 14 0.
559 107 16 18 A.
589 106 48 19 1885.
661 106 10 19 7
683 107 35 23 Maj

269 173 117 27 Föredrogs
407 174 168 22 statsutskottets
598 175 134 22 betänkande
754 181 35 15 n:o
812 175 12 21 9
846 174 7 21 i
876 175 110 27 anledning
1001 174 25 22 af

201 203 48 21 nåd.
267 208 60 21 prop.
342 202 106 27 angående
463 203 80 21 inlösen
559 203 22 22 af
595 203 192 28 donationsgodsen
803 203 6 21 i
824 203 97 27 Wiborgs
937 203 37 22 och
990 203 32 22 S:t

199 231 89 22 Michels
301 230 40 22 län.
431 246 2 2 a

269 260 46 21 Den
330 259 105 22 allmänna
450 259 100 22 debatten
566 260 7 21 i
589 260 70 22 denna
674 260 58 27 fräga
747 260 108 27 öppnades
870 260 23 21 af

268 288 25 21 hr
311 287 170 27 Molander,
499 288 26 22 H.
542 289 49 21 med
606 288 95 28 följande
716 289 119 21 uttalande:
851 289 31 21 På
897 289 123 22 ständernas

199 317 35 29 vjd
249 318 83 20 senaste
346 316 101 27 landtdag
461 317 74 26 gjorda
550 317 100 22 anhällan
666 317 39 22 har
720 324 25 15 en
760 317 137 22 kommission
908 318 53 21 varit
971 318 47 21 ned-

198 347 44 20 satt
263 345 33 22 för
318 346 31 20 att
366 345 114 22 verkställa
495 345 159 27 undersökning
677 346 21 21 af
722 346 26 21 de
772 345 179 28 omständigheter
973 352 45 15 som

198 374 81 21 kunnat
301 373 86 22 inverka
406 373 86 28 menligt
507 374 27 27 pä
547 374 106 22 äboarnas
668 375 13 21 ä
696 375 26 21 de
737 374 77 22 inlösta
830 375 190 26 donationsgodsen

199 402 136 22 ekonomiska
356 402 104 27 ställning,
483 403 39 21 och
545 402 39 22 har
607 403 69 21 denna
697 403 138 22 kommission
849 403 80 26 afgifvit
944 409 24 15 en
984 403 36 21 be-

198 431 87 21 rättelse
301 430 38 22 och
354 431 67 21 tillika
435 431 108 26 föreslagit
558 431 107 27 ätskilliga
680 431 100 27 ätgärder
795 431 6 21 i
812 431 97 21 afseende
922 432 13 20 ä
945 431 76 21 under-

197 459 96 22 lättande
315 458 21 22 af
358 458 231 22 donationsböndernas
611 459 100 27 ställning
733 460 7 20 i
763 459 134 22 ekonomiskt
915 459 102 22 afseende.

197 487 169 23 Kommissionen
375 487 44 22 har
433 488 6 20 i
455 488 68 21 denna
538 488 31 21 sin
586 487 114 23 berättelse
715 488 80 21 uttalat
809 490 32 19 att
857 487 160 22 donationsbön-

198 516 75 22 dernas
293 515 97 28 ställning
405 522 49 16 vore
469 516 93 22 särdeles
577 516 104 28 betryckt.
712 516 57 22 Frän
785 516 66 22 andra
865 516 44 22 häll
924 517 95 21 deremot

196 544 40 22 har
255 544 23 22 af
291 544 145 28 myndigheter
451 545 38 21 och
505 551 108 21 personer,
629 551 44 15 som
690 547 38 19 äro
743 544 34 22 väl
792 544 108 28 förtrogna
915 545 47 21 med
976 544 42 22 för-

196 573 126 22 hällandena
339 574 12 20 &
366 573 190 27 donationsgodsen
572 572 126 23 framhållits
714 575 33 20 att
761 573 24 21 af
799 573 118 22 böndernas
931 580 87 15 numera

196 601 129 28 betryggade
339 601 168 27 besittningsrätt
522 602 32 21 till
571 602 62 21 deras
646 602 50 27 jord
710 602 56 27 goda
781 602 88 21 resultat
883 602 63 21 redan
964 602 54 21 visat

196 630 38 28 sig.
264 630 38 22 Att
323 630 117 22 böndernas
463 630 137 22 ekonomiska
623 630 100 28 ställning
744 631 28 27 pä
795 630 107 27 ätskilliga
923 631 51 26 gods
994 632 24 20 är

196 658 98 28 betryckt
315 658 38 22 har
368 659 17 26 ej
402 660 53 20 varit
470 658 102 28 styrelsen
588 658 94 22 obekant
697 659 39 21 och
751 658 34 22 till
800 658 109 22 lindrande
924 659 22 21 af
959 659 59 22 detta

195 686 95 28 betryck,
313 687 84 21 hvartill
419 687 88 22 orsaken
529 687 68 22 borde
613 688 62 21 sökas
690 688 31 21 uti
737 687 126 27 föregäende
878 688 65 21 tiders
958 687 58 22 miss-

196 715 151 26 förhällanden,
370 715 81 22 hvilkas
473 716 127 27 verkningar
622 716 53 22 först
698 716 53 22 efter
766 722 27 15 en
808 715 50 27 följd
873 716 22 21 af
909 717 23 20 är
947 716 71 21 kunna

195 744 105 27 utplänas,
322 744 39 21 har
382 744 101 28 styrelsen
506 744 89 27 vidtagit
617 744 107 27 ätskilliga
745 744 106 27 ätgärder,
870 744 71 22 hvilka
955 744 60 22 äfven

195 772 68 22 blifvit
285 772 22 22 af
325 772 156 22 statsutskottet
496 773 218 27 uppmärksammade.
745 773 44 21 För
805 774 31 20 att
851 773 32 21 för
897 773 121 21 donations-

194 800 109 22 bönderna
323 801 120 21 underlätta
465 801 183 27 äterbetalningen
671 801 23 22 af
714 801 168 27 köpeskillingen
898 801 32 21 för
945 802 25 21 de
985 801 31 21 in-

194 828 56 22 lösta
267 829 79 27 godsen
361 830 39 21 har
413 830 7 20 i
435 829 138 22 förevarande
588 830 49 22 näd.
653 836 58 21 prop.
728 830 70 21 blifvit
812 829 117 27 föreslagna
944 830 71 21 ätskil-

194 857 43 27 liga
263 858 162 27 bestämningar,
452 858 147 21 innehållande
627 858 126 21 förändrade
775 858 240 26 äterbetalningsvilkor.

193 885 112 22 Utskottet
319 886 38 21 har
372 885 32 22 för
418 887 30 20 sin
465 887 32 20 del
514 886 60 27 gillat
589 886 108 27 principen
713 887 6 20 i
736 887 61 21 dessa
812 885 83 28 förslag,
912 893 46 14 men
971 886 47 27 plu-

193 914 99 22 raliteten
314 914 56 22 inom
392 915 103 21 utskottet
517 915 39 21 har
578 915 104 27 tillstyrkt
704 914 217 27 detaljförändringar,
945 914 70 22 hvilka

193 945 38 19 äro
254 943 22 21 af
296 943 102 27 väsentlig
421 943 46 27 vigt.
498 943 43 21 För
563 943 43 22 min
630 943 34 22 del
686 943 42 22 kan
740 943 38 27 jag
794 943 17 26 ej
828 943 111 27 godkänna
954 944 25 20 de
994 943 25 22 af

193 971 135 27 pluraliteten
346 971 7 21 i
372 972 103 21 utskottet
489 971 119 28 föreslagna
623 971 182 27 förändringarne,
820 977 47 16 men
880 972 36 26 jag
931 972 37 21 ber
982 973 34 20 att

192 999 21 22 få
235 999 132 22 återkomma
390 1000 31 21 till
443 1001 46 21 dem
512 1000 34 21 vid
562 1000 147 21 diskussionen
725 999 92 22 rörande
832 1000 26 21 de
873 1000 142 26 slutmoment,

192 1033 45 16 som
253 1027 68 22 finnas
335 1029 7 20 i
357 1029 114 21 utskottets
485 1029 142 21 betänkande.
652 1029 61 21 Hvad
729 1029 68 26 angår
812 1028 25 21 de
848 1029 109 26 principer,
968 1035 45 14 som

191 1056 58 27 legat
264 1056 32 21 till
311 1057 66 26 grund
392 1057 32 22 för
439 1057 112 27 styrelsens
565 1057 101 27 åtgärder
684 1056 132 23 beträffande
830 1057 184 26 donationsfrågan

192 1085 39 22 och
254 1085 48 21 dess
323 1085 134 28 behandling,
480 1085 94 22 anhåller
593 1086 45 27 jag,
653 1092 45 16 som
714 1085 33 23 till
762 1085 56 27 följd
833 1085 22 22 af
869 1085 41 21 min
926 1085 89 22 embets-

191 1113 177 27 mannaställning
389 1114 66 22 under
476 1116 51 19 nära
542 1120 42 21 nog
599 1114 49 21 hela
663 1114 39 21 den
718 1114 32 21 tid
765 1120 46 15 som
826 1113 189 27 inlösningsverket

190 1141 96 27 fortgått,
306 1142 100 27 handlagt
427 1142 125 22 hithörande
568 1143 99 25 ärenden,
683 1142 21 22 få
719 1142 106 27 meddela,
841 1144 32 19 att
888 1142 63 27 syftet
965 1141 48 22 med

191 1169 26 22 de
239 1170 100 27 vidtagna
359 1171 127 26 åtgärderna
507 1171 54 21 varit
583 1173 34 19 att
638 1171 23 21 åt
684 1171 68 21 denna
774 1170 34 22 för
830 1177 25 15 en
871 1170 33 21 hel
920 1170 96 21 landsort

189 1197 80 28 vigtiga
291 1198 65 27 fråga,
378 1199 55 27 gifva
455 1206 25 15 en
502 1199 77 28 lycklig
599 1199 83 27 lösning
696 1199 39 22 och
751 1199 90 22 försätta
856 1199 129 21 landboarne
1000 1199 14 21 &

190 1226 192 29 donationsgodsen
404 1227 7 22 i
429 1234 80 15 samma
523 1227 78 22 sociala
617 1227 100 28 ställning
732 1233 46 16 som
795 1227 66 27 öfriga
873 1227 141 26 jordbrukare

189 1254 7 21 i
211 1254 78 23 landet.
316 1255 43 22 För
373 1255 103 23 vinnande
491 1255 22 22 af
527 1256 59 21 detta
601 1256 43 21 mål
659 1256 62 21 hafva
736 1255 145 28 uppoffringar
896 1255 45 22 från
951 1257 62 20 stats-

188 1283 85 22 verkets
296 1283 45 22 sida
358 1284 55 21 varit
427 1284 138 27 nödvändiga,
582 1285 39 21 och
637 1284 61 22 äfven
713 1284 69 21 blifvit
797 1284 79 26 gjorda.
907 1283 106 27 Styrelsen

187 1311 40 21 har
250 1312 17 27 ej
291 1313 28 27 på
340 1313 65 27 något
426 1314 43 20 sätt
493 1312 48 22 sökt
562 1314 33 20 att
613 1318 76 21 genom
707 1312 62 22 dessa
785 1312 100 27 åtgärder
899 1312 115 27 tillskynda

188 1340 129 22 statsverket
339 1340 61 27 vinst,
422 1342 27 26 på
471 1343 43 19 sätt
532 1340 47 22 från
593 1342 66 26 något
674 1340 43 22 håll
733 1340 56 22 dock
804 1340 67 22 blifvit
886 1340 124 26 framhållet.

187 1367 50 23 Men
261 1368 102 28 styrelsen
384 1369 39 21 har
445 1370 100 26 derjemte
564 1371 71 20 ansett
650 1369 32 27 sig
696 1369 53 21 böra
763 1375 25 16 se
803 1368 32 22 till
849 1370 32 20 att
896 1375 74 20 genom
986 1368 27 22 de

187 1396 144 28 uppoffringar
354 1404 46 15 som
418 1397 47 22 från
480 1400 79 20 statens
575 1398 46 21 sida
635 1398 85 26 gjordes
735 1398 33 21 för
785 1397 226 26 donationsbönderna,

187 1424 27 32 de
236 1425 166 28 skattdragande
424 1426 176 27 medborgarenes
623 1426 31 21 uti
673 1426 66 22 andra
753 1426 122 22 landsorter
890 1425 123 27 rättmätiga

185 1454 90 22 intresse
299 1454 46 22 icke
367 1454 68 22 skulle
458 1455 71 21 trädas
549 1454 32 22 för
595 1456 59 20 nära.
685 1454 45 22 Och
745 1454 65 28 hyser
822 1454 37 27 jag
874 1454 40 21 den
931 1456 31 18 tro
978 1455 32 19 att

185 1480 23 22 af
231 1482 25 21 de
279 1482 46 22 utaf
346 1482 101 27 styrelsen
471 1484 99 26 vidtagna
585 1482 40 22 och
641 1482 112 23 framdeles
768 1482 129 27 vidtagande
912 1482 98 26 åtgärder

185 1509 57 27 goda
261 1510 82 22 frukter
357 1511 60 21 skola
431 1512 7 20 i
454 1518 25 15 en
495 1518 49 15 snar
558 1511 86 22 framtid
660 1512 44 21 visa
718 1511 33 27 sig
766 1511 41 21 och
822 1513 32 19 att
869 1510 142 22 landboarnas
