1100 1739
357 128 15 18 R.
386 132 14 14 0.
413 127 16 18 A.
442 126 47 20 1885,
512 126 10 20 9
535 126 36 24 Maj.
790 128 58 25 1,051

52 196 120 27 kalhuggna
187 196 87 21 marken
290 197 17 26 ej
323 196 97 21 kommer
436 198 32 19 att
478 196 109 21 användas
598 195 34 21 till
642 197 60 25 tomt,
720 196 77 26 odling,
809 196 71 26 skogs-

53 225 55 21 bruk
130 224 51 22 eller
204 227 64 19 annat
291 224 66 28 dylikt
380 225 106 26 nyttigare
509 224 106 22 ändamäl.
637 236 23 3 —
678 224 42 21 För
736 224 144 22 motiverande

53 253 63 21 häraf
128 253 38 21 ber
178 253 37 27 jag
230 253 21 21 fä
266 253 82 27 päpeka
364 255 31 19 ett
410 254 118 26 stadgande
543 253 74 27 längre
632 252 61 27 fram,
710 259 44 15 som
770 255 52 20 utan
832 253 48 21 tvif-

54 282 32 22 vel
108 282 61 21 torde
191 282 85 20 komma
298 284 31 19 att
351 282 125 26 godkännas
495 282 23 21 af
531 282 99 26 samtliga
646 281 68 25 stånd,
729 282 37 26 jag
780 288 72 16 menar
867 282 13 28 &

54 312 34 24 22,
103 310 86 22 hvarest
208 310 35 21 det
258 310 127 22 bestämmes
401 313 32 19 att
448 310 128 27 svedjebruk
592 310 47 21 icke
654 310 34 21 fär
702 310 61 21 idkas
779 311 28 26 pä
822 311 60 21 mark

55 339 23 21 af
91 339 62 21 ofvan
168 339 125 21 omförmäld
308 338 152 22 beskaffenhet.
486 339 109 27 Bränning
610 338 24 22 af
648 338 58 27 dylik
721 339 61 21 mark
797 340 84 25 förstör,

56 368 68 21 säsom
146 368 73 25 kändt,
242 368 83 26 mycket
347 368 41 21 lätt
411 368 36 21 det
462 368 60 27 ringa
537 367 143 27 humuslager,
701 373 44 15 som
762 368 73 22 behöft
850 368 32 21 är-

55 397 93 25 tionden,
164 396 105 22 mähända
290 396 69 22 sekler
374 396 32 21 för
422 399 32 18 att
469 396 56 27 hopa
540 396 33 27 sig
587 396 34 21 till
636 396 66 21 sädan
717 397 77 27 mängd
810 399 31 19 att
856 402 27 16 en

56 426 74 26 torftig
151 425 118 27 växtlighet
291 425 81 21 kunnat
396 425 50 21 derä
468 425 83 27 uppstå.
583 424 51 22 Med
649 424 156 28 humuslagrets
821 426 62 20 brän-

57 454 68 22 nande
147 454 102 21 förstöres
272 454 81 21 säledes
376 454 27 21 all
426 454 117 26 växtlighet
565 453 33 21 för
622 453 147 27 oberäkneligt
788 454 49 27 läng
851 454 32 21 tid

56 483 84 21 framät.
169 482 43 22 Det
235 484 23 19 är
281 482 63 21 likväl
359 482 47 22 icke
422 482 61 21 alltid
499 482 134 21 brännandet
650 484 87 24 ensamt,
754 489 45 15 som
815 482 69 22 ästad-

58 513 94 20 kommer
174 511 124 26 förödelsen,
321 514 23 24 ty
363 511 99 21 markens
477 511 112 21 blottande
604 517 77 21 genom
696 511 143 27 kalhuggning
854 511 30 21 bi-

58 540 76 27 drager.
150 540 69 20 dertill
235 540 7 20 i
256 540 43 20 lika
315 543 50 22 stor,
390 540 45 21 ofta
453 546 42 20 nog
510 542 70 19 större
595 540 59 26 grad.
685 540 33 20 Då
734 540 61 21 neml.
812 540 73 27 bergig

59 569 50 21 eller
124 568 137 27 stenhölstrig
279 569 60 20 mark
355 568 139 26 kalafverkas,
517 570 92 19 utsättes
626 568 36 21 det
676 570 67 20 tunna
758 569 127 27 myll-lagret

59 597 32 21 för
106 597 91 26 ohejdad
212 597 101 21 inverkan
329 597 22 21 af
365 597 31 21 sol
412 597 39 21 och
467 597 63 26 bläst,
546 603 46 15 som
608 596 108 22 förtorkar
731 597 40 27 och
787 598 98 27 slutligen

59 626 78 20 förstör
156 626 118 26 jordlagret
297 626 39 20 och
359 626 87 20 dermed
460 626 62 21 äfven
538 626 28 20 all
581 626 115 20 växtkraft.
726 626 68 21 Afven
810 632 34 15 om
859 632 27 15 en

60 654 65 22 sådan
140 654 101 22 afverkad
256 656 36 25 yta
307 654 22 21 af
343 654 100 27 sidoskog
462 654 70 22 blefve
547 654 81 21 besädd
644 654 40 21 och
700 654 61 21 äfven
777 661 33 15 om
825 655 61 21 fröna

60 683 67 22 skulle
146 683 56 26 spira
220 689 43 21 upp
278 683 33 21 till
326 683 90 27 plantor,
440 683 68 22 skulle
524 684 62 20 dessa
601 683 66 21 likväl
683 685 59 19 snart
757 684 26 21 dö
796 686 29 19 ut.
856 683 31 28 Ty

61 712 26 21 dä
109 712 94 21 hvarken
226 714 47 25 gräs
293 712 50 21 eller
359 712 66 21 andra
440 714 74 19 växter
530 712 72 21 kunna
618 712 108 27 uppspira.
743 712 42 21 blir
799 713 88 20 marken

61 741 38 21 allt
113 742 82 19 torrare
210 741 39 20 och
264 740 99 21 beröfvar
377 741 115 26 plantorna
507 741 36 21 det
559 740 68 27 skydd
643 741 27 20 de
685 741 138 27 ovilkorligen
838 741 7 21 i
855 741 33 21 sin

62 769 66 27 späda
150 769 59 21 ålder
232 769 95 21 erfordza
348 769 34 21 för
404 771 32 19 att
451 769 73 21 kunna
539 769 106 22 fortlefva.
676 769 42 21 Det
730 770 27 20 all
772 769 116 28 växtlighet

62 798 89 21 sålunda
172 797 114 22 beröfvade
308 797 61 22 fältet
391 798 41 21 blir
455 798 66 21 sedan
536 798 68 21 under
620 798 111 21 årtionden
747 798 82 26 framåt,
845 798 44 21 mä-

62 827 71 20 hända
147 826 33 21 för
196 827 60 20 alltid
271 827 44 26 öde,
333 827 92 26 onyttigt
441 827 39 20 och
497 826 129 27 ofruktbart,
642 827 7 20 i
665 827 72 21 stället
750 827 33 21 för
798 829 32 19 att
845 827 44 21 det-

63 861 85 20 samma,
165 861 34 15 om
214 855 79 26 skogen
309 855 86 21 anlitats
410 857 107 24 sparsamt
532 861 76 20 genom
624 855 91 27 gallring
726 855 51 22 eller
787 856 27 27 på
825 857 65 20 annat

63 885 49 20 sätt,
135 883 81 22 kunnat
238 890 51 15 vara
304 890 31 19 en,
359 890 34 15 om
410 884 39 21 ock
464 884 67 27 ringa,
551 890 49 15 men
616 884 56 21 dock
687 884 84 27 ständig
785 885 57 20 källa
856 884 33 21 till

63 912 99 21 inkomst.
194 912 38 21 Om
257 913 25 20 de
305 913 92 27 sorgliga
419 912 106 27 följderna
540 912 23 21 af
577 913 72 26 dylika
664 913 129 26 oförnuftiga
809 913 81 21 afverk-

64 941 74 26 ningar
157 941 42 20 kan
214 941 85 25 enhvar,
323 944 45 18 som
383 941 81 21 färdats
480 941 60 26 längs
556 941 52 21 våra
622 941 81 26 kuster,
727 941 109 28 öfvertyga
852 941 38 28 sig.

64 969 78 22 Likaså
157 969 46 26 den,
220 975 44 15 som
280 969 61 28 gifvit
356 970 37 21 akt
408 970 27 26 på
451 976 26 15 en
494 969 96 27 sandmo,
606 969 87 22 hvilken
709 970 120 27 kalhuggits
839 973 52 18 utan

65 997 115 28 åtföljande
194 998 110 27 bränning.

133 1027 42 21 Det
197 1029 23 18 är
242 1027 28 26 på
293 1027 60 21 dessa
377 1027 99 26 grunder,
501 1033 45 14 som
569 1027 107 21 utskottet
695 1027 109 27 föreslagit
819 1033 73 16 senare

65 1061 63 15 mom.
143 1055 7 21 i
166 1056 12 26 &
196 1055 32 25 13,
252 1055 55 21 helst
326 1056 117 21 detsamma
458 1055 48 21 icke
521 1057 66 19 annat
602 1057 24 19 är
642 1057 27 20 än
685 1062 26 15 en
726 1056 130 27 konseqvens
872 1056 23 21 af

65 1084 99 21 förbudet
178 1085 46 20 mot
238 1084 114 27 svedjande
367 1084 13 21 &
396 1084 58 27 dylik
468 1084 70 21 mark.

132 1113 12 20 I
158 1112 141 22 betraktande
314 1113 22 20 af
349 1113 56 20 hvad
420 1113 91 20 sålunda
525 1113 59 26 legat
598 1113 33 20 till
647 1113 69 26 grund
730 1113 33 21 för
778 1113 116 22 utskottets

66 1141 78 27 förslag
158 1141 8 21 i
180 1141 139 22 förevarande
341 1141 105 25 afseende,
471 1141 66 27 vågar
554 1141 37 26 jag
606 1141 108 27 tillstyrka
729 1142 115 21 utskottets
859 1142 35 21 be-

66 1170 113 25 tänkande,
203 1170 127 21 åtminstone
345 1170 7 21 i
367 1170 56 21 hvad
446 1170 67 27 angår
528 1170 147 21 uteslutandet
690 1170 22 21 af
726 1170 12 28 &
755 1171 26 20 14
796 1171 7 20 i
818 1171 78 26 nådiga

66 1205 60 20 prop.
146 1198 40 21 och
205 1198 81 22 således
299 1199 78 26 jemväl
393 1198 149 21 förkastandet
557 1198 23 21 af
593 1199 184 21 reservationerna
793 1200 10 20 1
820 1199 39 22 och
874 1199 20 21 2.

135 1227 33 20 Hr
182 1227 195 27 Wasastjerna,
393 1227 35 21 A.:
445 1227 42 26 Jag
503 1227 68 21 skulle
587 1227 57 21 helst
660 1227 67 22 önska
737 1230 32 18 att
779 1227 21 22 få
810 1227 87 22 förorda

68 1255 128 28 antagandet
221 1256 23 21 af
267 1256 41 21 den
330 1256 148 21 betänkandet
501 1255 113 27 vidfogade
636 1256 69 22 första
727 1257 169 21 reservationens

67 1285 68 21 första
156 1284 59 21 kläm
236 1285 49 21 med
307 1284 71 27 någon
392 1284 155 26 modifikation,
566 1284 25 23 d.
607 1291 19 14 v.
642 1292 16 14 s.
675 1285 39 21 allt
729 1287 59 19 utom
803 1286 93 20 bestäm-

67 1313 77 27 ningen
166 1313 23 21 af
210 1313 81 21 antalet
309 1313 83 21 fröträd
412 1319 45 15 som
473 1313 69 21 borde
557 1313 82 21 lemnas
655 1320 52 20 qvar
722 1313 27 27 på
764 1314 132 21 tunnlandet.

68 1342 40 26 Jag
123 1344 24 18 är
161 1342 106 26 nemligen
281 1348 50 14 ense
347 1342 49 21 med
412 1342 41 20 den
468 1342 69 21 andra
553 1342 162 22 reservationen
731 1343 51 25 deri,
798 1344 32 19 att
846 1342 51 27 ,,på-

68 1370 66 21 budet
156 1376 34 15 om
206 1370 81 21 antalet
303 1370 23 21 af
339 1370 89 25 fröträd,
449 1376 46 15 som
511 1370 35 21 vid
562 1370 71 21 virkes
649 1371 124 27 afverkning
788 1371 66 21 borde
870 1370 28 27 på

68 1399 127 21 tunnlandet
211 1399 134 26 qvarlemnas
360 1399 33 21 för
408 1398 155 22 befordrandet
574 1399 24 21 af
607 1399 91 27 skogens
707 1399 104 26 återväxt,
826 1399 72 21 kunde

68 1429 52 19 utan
139 1427 114 27 olägenhet
271 1427 63 27 utgå;
358 1427 28 21 då
400 1429 32 19 ett
447 1426 61 26 fåtal,
524 1428 8 20 i
547 1428 43 20 alla
605 1427 115 22 afseenden
735 1428 48 21 fullt
798 1428 101 26 lämpliga

68 1456 84 20 fröträd
174 1456 49 20 vida
244 1458 81 24 vägnar
347 1462 59 15 mera
429 1456 91 26 bidraga
543 1456 33 21 till
600 1456 91 27 skogens
715 1456 96 22 återväxt
825 1457 27 19 än
868 1457 32 20 ett

68 1484 51 21 flere
134 1484 80 26 gånger
230 1486 68 19 större
315 1484 58 21 antal
389 1484 73 27 dylika
476 1484 50 21 träd
542 1484 24 21 af
580 1486 69 19 sämre
665 1485 46 27 slag
726 1485 40 21 och
781 1484 118 22 beskaffen-

69 1512 57 21 het".
156 1512 49 21 Men
222 1512 26 21 dä
262 1512 35 28 jag
313 1513 7 20 i
335 1512 69 22 likhet
422 1513 42 21 med
479 1512 54 21 frih.
549 1519 42 15 von
606 1513 59 21 Born
680 1515 54 23 tror,
750 1515 31 19 att
797 1514 35 20 det
847 1513 53 21 kan-

69 1540 37 21 ske
121 1540 42 21 blir
179 1540 58 22 svårt
252 1542 31 20 att
299 1541 119 21 framkasta
433 1542 32 20 ett
480 1540 66 22 femte
561 1542 81 26 förslag
658 1542 52 21 eller
724 1542 23 20 få
757 1542 32 21 till
801 1540 62 23 stånd
873 1548 26 14 en
