1103 1745
232 126 63 26 1,334
506 126 17 24 R,
534 131 16 14 0.
562 126 16 19 A.
592 126 46 20 1886.
662 127 18 19 21
693 126 35 24 Maj.

272 195 40 21 3:0.
342 194 162 22 Statsutskottet
525 195 33 22 får
576 196 125 27 härigenom
716 196 111 21 vördsamt
841 194 111 22 hemställa
967 194 62 22 huru-

203 222 48 22 vida
272 222 47 22 icke
341 223 118 27 Höglofliga
481 224 156 27 Ridderskapet
660 224 39 22 och
722 224 69 22 Adeln
807 224 55 26 ville,
877 224 28 26 på
920 225 42 20 sätt
977 222 54 23 efter

202 253 84 20 senaste
308 252 125 27 landtdagar
450 252 54 22 varit
519 252 65 26 fallet,
600 252 130 22 öfverlemna
745 254 24 20 åt
784 252 129 22 Ständernas
927 252 104 22 bankfull-

203 280 93 26 mäktige
318 282 31 20 att
370 280 62 22 hafva
453 280 70 28 tillsyn
546 281 59 21 öfver
628 281 131 22 Ständernas
777 281 90 22 ekonom
882 281 7 21 i
904 281 52 21 hans
971 280 59 22 verk-

203 308 82 22 samhet
300 309 39 21 och
354 308 44 22 ifall
413 310 22 20 af
447 309 53 22 hans
514 310 77 27 afgång
606 316 71 15 annan
692 316 78 21 person
785 310 8 20 i
808 310 53 21 hans
871 309 61 22 ställe
943 311 84 25 antaga;

203 336 39 22 och
265 337 32 22 får
319 338 163 22 Statsutskottet
503 338 68 21 tillika
594 338 84 22 anmäla
701 340 32 20 att
755 338 112 22 Utskottet
889 338 116 22 emellertid
1023 338 8 21 i

203 366 67 26 sagda
292 366 117 27 befattning
429 366 110 22 bibehållit
558 366 190 22 Juriskandidaten
763 367 27 21 N.
806 367 24 21 B.
847 366 123 27 Grotenfelt,
986 368 45 20 mot

203 394 123 27 åtnjutande
341 395 22 21 af
377 398 31 18 ett
423 395 62 27 årligt
500 396 78 20 arvode
593 395 23 22 af
629 396 42 21 500
687 396 67 22 mark.

272 423 167 22 Vidkommande
460 424 119 21 ordnandet
598 424 23 21 af
635 424 67 27 öfriga
717 424 8 21 i
740 424 153 26 sammanhang
908 424 47 21 med
970 423 61 22 Stän-

204 451 76 22 dernas
303 452 153 21 sammanträde
479 452 87 21 stående
588 452 140 22 ekonomiska
747 452 184 27 angelägenheter,
946 451 33 22 får
993 451 38 22 Ut-

203 480 87 26 skottet,
313 481 6 20 i
342 480 214 22 öfverensstämmelse
578 481 49 21 med
651 481 36 22 det
710 481 35 22 vid
764 481 127 27 föregående
906 481 126 26 landtdagar

203 508 109 27 iakttagna
327 509 134 27 förfarandet,
477 509 107 22 vördsamt
599 509 88 22 föreslå:

273 539 31 20 att
326 538 22 21 åt
370 538 243 27 Expeditionsutskottet
629 539 66 20 måtte
712 539 121 26 uppdragas
848 540 33 19 att
895 537 53 22 efter
962 537 69 22 landt-

204 565 79 27 dagens
305 565 118 23 afslutande
443 567 47 21 icke
507 567 55 21 blott
577 567 75 27 pröfva
667 567 40 21 och
722 567 106 22 fastställa
844 567 26 21 de
885 566 91 22 arvoden
992 565 39 22 och

203 594 93 27 utgifter,
319 601 44 15 som
386 595 21 21 af
424 595 146 27 Expeditions-
585 595 40 22 och
640 595 242 28 Justeringsutskottens
898 595 133 21 verksamhet

204 625 37 19 äro
263 623 119 27 betingade,
405 626 50 19 utan
471 624 59 21 äfven
545 624 93 27 granska
654 624 39 21 och
709 625 114 26 godkänna
839 624 97 26 möjligen
951 623 80 21 inkom-

203 651 77 22 mande
302 652 66 21 andra
389 652 119 27 räkningar,
530 659 46 15 som
598 652 54 22 böra
675 652 82 22 betalas
777 653 23 21 af
814 653 36 21 det
865 652 31 21 till
911 652 120 26 landtdags-

203 679 116 23 kostnader
334 681 99 21 anvisade
448 681 78 26 anslag,
542 683 56 19 samt
613 681 7 21 i
634 681 38 22 fall
687 681 23 21 af
723 681 67 22 behof
803 681 32 21 för
849 681 75 21 sådant
934 679 97 23 ändamål

203 709 108 26 reqvirera
326 709 91 25 förskott
431 711 45 20 mot
490 709 276 28 redovisningsskyldighet;

273 740 32 19 att
320 737 64 22 sedan
399 737 60 22 äfven
474 738 243 27 Expeditionsutskottet
733 738 88 22 afslutat
835 738 46 22 sina
891 737 93 26 arbeten,
996 737 36 21 det

203 766 35 20 mä
261 765 138 23 öfverlemnas
417 767 22 21 åt
454 766 40 22 den
509 773 83 20 person,
608 773 46 15 som
669 767 94 21 nämnda
778 766 89 22 Utskott
882 766 70 22 dertill
967 768 65 24 utser,

204 795 32 20 att
258 794 92 27 granska
368 794 39 22 och
425 795 111 26 godkänna
552 795 25 21 de
592 795 116 27 räkningar
723 795 33 21 för
771 795 111 27 tryckning
897 794 22 22 af
932 794 99 22 Ständer-

203 828 38 16 nas
257 823 179 21 svarsskrifvelser
451 824 38 21 och
504 824 101 21 ständens
621 823 241 28 diskussionsprotokoll
873 825 54 19 samt
937 823 96 27 häftning

204 857 28 15 m.
248 857 35 20 m.,
299 852 70 21 hvilka
384 852 118 22 sedermera
516 852 118 26 inkomma;
651 854 56 20 samt

274 881 32 20 att
320 880 23 21 at
358 879 161 23 Statsutskottet
534 880 140 22 öfverlemnas
689 882 33 20 att
732 881 32 21 uti
775 879 119 22 skrifvelser
904 879 32 22 till
946 879 87 22 Finans-

205 908 146 27 expeditionen
373 909 90 26 anhälla,
486 910 32 20 att
535 909 42 21 alla
596 909 6 20 i
618 909 135 22 förestäende
769 909 68 21 mätto
853 908 132 27 regvirerade
1000 914 33 15 ar-

204 937 69 20 voden
288 937 40 21 och
342 936 91 23 förskott
448 939 53 20 samt
516 937 113 27 godkända
644 937 116 28 räkningar
775 937 68 22 mätte
857 943 76 21 genom
943 936 91 28 Expedi-

205 965 83 22 tionens
303 966 75 26 ätgärd
393 966 127 21 utanordnas
536 965 39 22 och
590 966 113 21 utbetalas.

454 1023 30 22 Pä
499 1023 176 22 Statsutskottets
691 1025 89 25 vägnar:

514 1069 48 22 Hans
579 1069 67 23 Gustaf
661 1069 57 28 Boije.

728 1119 87 28 Gustaf
831 1119 133 28 Sucksdorf.

276 1183 172 22 Statsutskottets
463 1183 154 27 framställning
632 1183 45 22 blef
691 1183 22 22 af
726 1183 27 22 R.
770 1189 19 15 o.
805 1182 26 21 A.
846 1181 106 28 godkänd.

275 1308 41 21 4:0.
347 1307 162 21 Statsutskottet
530 1307 33 22 får
584 1307 125 27 härigenom
725 1307 111 22 vördsamt
851 1306 83 22 anmäla
949 1308 32 19 att
995 1306 40 22 Ut-

205 1335 82 21 skottet
308 1335 47 21 icke
377 1335 123 22 medhunnit
524 1336 156 26 behandlingen
703 1336 23 21 af
749 1335 93 27 följande
864 1334 47 22 utaf
932 1334 104 22 särskilda

205 1364 64 21 ständ
291 1364 67 21 under
380 1364 68 21 denna
470 1364 100 27 landtdag
591 1364 33 22 till
647 1364 112 22 Utskottet
775 1363 137 22 remitterade
926 1362 109 28 petitions-

205 1392 117 26 memorial,
338 1392 115 27 nämligen
443 1388 12 35 :

276 1427 12 14 af
311 1420 80 21 Herrar
405 1421 101 21 Rosenius
521 1427 26 15 m.
564 1421 19 21 fi.
600 1427 35 16 om
651 1423 31 19 att
697 1421 100 27 samtliga
807 1420 83 27 afgifier
901 1419 39 22 och
952 1420 83 26 export-

205 1448 72 27 tullar,
297 1449 71 21 hvilka
383 1449 94 27 erläggas
492 1449 32 22 för
538 1450 79 27 sägade
633 1449 52 22 eller
699 1449 72 22 bilade
787 1451 103 24 trävaror,
906 1448 27 21 dä
948 1447 26 23 de
988 1447 47 22 frän

205 1477 75 22 landet
294 1477 86 27 utföras,
396 1478 66 21 mätte
477 1477 90 28 aflyftas;

276 1506 22 21 af
318 1506 57 21 Herr
396 1506 53 21 Lille
467 1512 33 15 om
515 1507 103 26 rättighet
632 1506 33 22 för
681 1506 121 23 Ständerna
817 1507 33 21 att
865 1505 85 27 deltaga
964 1505 7 20 i
986 1505 49 22 fast-

206 1533 116 23 ställandet
336 1533 22 22 af
372 1534 112 25 tulltaxan;
