1103 1723
267 137 61 41 1,300
540 148 14 18 R.
568 153 14 14 0.
596 149 16 18 A.
625 149 46 18 1885.
695 149 19 18 19
728 149 34 23 Maj.

305 215 49 22 Som
377 217 34 21 vid
433 217 83 22 anstäld
532 218 132 27 omröstning
679 220 99 19 rösterna
793 217 73 22 utföllo
882 217 47 22 med
945 218 27 21 43
985 217 23 27 ja
1024 217 40 22 och

236 244 26 21 19
278 244 32 27 nej
327 251 37 15 var
379 245 114 22 utskottets
507 246 135 22 betänkande
658 247 61 21 äfven
734 247 7 21 i
758 247 68 21 denna
842 246 33 21 del
891 246 114 27 godkändt.

304 273 77 22 Likasä
404 274 122 27 godkändes
540 275 118 22 utskottets
674 275 79 28 förslag
769 278 31 19 att
816 275 113 26 3,800,000
944 275 35 21 mk
995 274 68 22 skulle

234 306 120 17 reserveras
369 302 33 21 för
417 305 31 19 att
463 303 67 21 under
544 305 57 20 årets
618 306 33 19 tre
665 304 67 21 första
747 300 101 25 månader
859 305 56 20 möta
926 303 137 22 förefallande

234 329 93 26 utgifter,
350 330 32 21 till
404 331 51 26 följd
474 331 76 22 hvaraf
562 333 37 20 det
614 332 85 27 belopp,
716 339 45 15 som
777 339 50 14 vore
842 332 69 21 afsedt
925 334 32 19 att
972 333 51 26 utgä
1037 338 26 15 ur

234 357 118 28 besparade
368 360 256 27 öfverskottsstatsmedel,
640 361 86 21 komme
742 363 32 20 att
789 363 76 24 utgöra
881 361 124 25 12,149,502
1019 360 43 21 mk.

303 387 49 22 Med
375 388 112 28 anledning
509 389 22 21 af
552 390 25 21 de
600 390 172 27 anmärkningar,
796 396 44 15 som
856 389 67 21 blifvit
939 389 124 22 framstälda

234 417 57 19 emot
313 416 68 27 tredje
401 417 38 21 och
454 418 64 21 femte
533 420 101 25 posterna
649 418 6 21 i
671 418 99 27 kalkylen
786 419 13 20 &
814 425 46 20 pag.
879 418 25 21 13
920 417 58 22 öfver
993 417 69 27 dispo-

234 443 57 22 nibla
313 444 112 28 tillgängar
440 446 6 21 i
462 446 349 27 öfverskottsstatsmedelsfonden,
828 446 110 27 uppstälde
953 446 26 21 hr
994 446 69 21 landt-

233 473 135 21 marskalken
384 474 88 27 följande
488 475 143 27 proposition:

302 501 53 26 Den,
371 509 45 15 som
431 503 123 26 godkänner
569 504 116 21 utskottets
701 504 73 27 kalkyl
789 505 13 20 &
818 510 46 21 pag.
883 504 25 21 13
919 503 58 22 öfver
993 503 68 27 dispo-

233 528 58 22 nibla
307 529 112 28 tillgångar
433 532 6 20 i
455 532 351 27 öfverskottsstatsmedelsfonden,
822 534 69 19 röstar
904 532 31 27 ja;

302 558 73 22 viuner
397 560 40 26 nej,
459 560 109 22 förändras
592 561 55 27 3:dje
671 564 75 24 posten
763 561 32 22 till
812 561 76 25 96,912
904 561 35 20 mk
955 561 27 20 43
998 560 63 27 penni

233 585 39 22 och
296 589 42 19 5:te
361 591 74 24 posten
459 590 67 26 utgär,
549 591 23 20 sä
595 592 31 19 att
650 590 140 21 slutsumman
812 589 42 22 blir
877 590 124 25 16,200,549
1025 589 36 21 mk

232 615 27 20 53
275 616 73 25 penni;

303 644 83 22 hvilken
409 646 130 27 proposition
562 647 22 21 af
597 647 86 21 ständet
698 647 128 22 besvarades
842 647 46 21 med
904 647 39 26 nej,
960 646 32 21 till
1008 646 52 27 följd

232 671 76 22 hvaraf
317 673 161 28 behällningen
471 667 14 39 i
490 675 74 22 nämde
576 676 50 21 fond
638 676 84 21 komme
733 678 32 19 att
776 675 76 27 belöpa
862 675 31 26 sig
904 675 31 21 till
946 676 113 25 4,051,047

232 700 36 21 mk
283 701 27 21 53
326 703 62 25 penni
405 703 50 21 eller
470 703 5 21 i
492 704 63 21 rundt
570 704 30 21 tal
616 704 32 21 till
670 706 7 19 4
693 704 98 27 miljoner
806 704 42 21 mk.

301 729 134 24 Beträffande
451 732 113 21 utskottets
580 734 13 20 å
608 739 48 21 pag.
674 734 25 20 15
715 733 125 21 framstälda
854 732 77 27 förslag
942 732 31 21 till
984 732 76 21 under-

232 756 64 28 dänig
319 759 98 22 anhällan
440 762 32 20 att
494 761 21 21 af
538 761 139 22 öfverskottet
702 762 6 20 i
724 762 107 21 allmänna
846 761 130 21 statsfonden
992 761 68 21 under

231 786 51 20 åren
307 788 139 22 1886—1888
469 792 30 18 ett
522 790 76 27 belopp
622 790 22 22 af
665 791 93 25 700,000
774 790 36 21 mk
824 790 80 26 årligen
919 790 51 21 eller
985 789 74 22 inalles

230 814 114 27 2,100,000
367 817 34 21 mk
424 817 67 22 blefve
513 818 32 22 till
568 818 273 22 kommunikationsfonden
865 818 120 26 öfverfördt,
1009 818 50 21 aflät

230 842 25 22 hr
278 843 193 25 landtmarskalken
496 847 31 21 till
545 847 25 22 R.
587 854 18 15 o.
623 848 24 21 A.
663 848 93 26 följande
772 846 285 28 omröstningsproposition
1049 838 11 41 :

300 873 53 24 Den,
369 880 45 15 som
429 875 121 26 godkänner
566 877 116 20 utskottets
697 876 80 27 förslag
793 876 134 26 härutinnan,
943 877 68 20 röstar
1024 875 34 27 ja;

300 902 73 21 vinner
388 903 40 26 nej,
444 903 104 23 förkastas
563 905 108 27 förslaget.

230 957 3 3 N
299 930 73 22 Denna
396 932 128 27 proposition
546 933 128 22 besvarades
697 933 34 21 vid
755 932 84 23 anstäld
855 932 96 27 votering
966 933 48 20 med
1031 933 26 20 36

226 963 23 20 ja
272 958 38 21 och
333 960 27 20 25
383 961 39 26 nej,
443 961 38 21 och
497 967 37 15 var
548 961 56 28 förty
620 962 60 21 detta
695 961 210 27 utskottetsi.förslag
920 961 22 21 af
956 961 25 21 R.
997 967 18 15 o.
1031 961 25 21 A.

228 986 116 26 godkändt.

299 1015 100 23 Härefter
421 1018 110 26 godkände
554 1019 24 20 R.
602 1025 19 14 o.
646 1019 25 21 A.
696 1019 117 21 utskottets
835 1018 116 27 beräkning
974 1018 22 21 af
1017 1018 40 21 den

228 1044 111 21 sannolika
356 1045 146 28 behållningen
518 1047 22 21 af
554 1047 195 26 bevillningsmedel
765 1047 35 21 vid
816 1048 105 25 utgången
938 1047 53 21 afär
1002 1047 55 21 1885

228 1071 33 21 till
287 1073 110 26 1,365,295
421 1075 34 20 mk
478 1075 12 21 3
513 1075 62 27 penni
598 1078 56 19 samt
669 1076 75 24 beslöt,
761 1075 163 22 vidkommande
940 1075 25 21 de
981 1076 12 20 &
1009 1081 47 21 pag.

229 1101 26 20 17
278 1104 109 25 upptagna
408 1103 150 26 utgiftsposter,
582 1107 32 18 att
637 1105 23 20 ät
682 1105 162 20 statsutskottet
859 1103 128 22 öfverlemna
1002 1105 54 20 att
1041 1097 17 38 i

228 1128 47 22 dem
298 1130 86 27 vidtaga
409 1131 24 21 de
457 1132 119 27 ändringar,
592 1133 85 20 hvartill
701 1133 126 21 ständernas
842 1132 91 22 rörande
949 1133 108 20 desamma

226 1156 82 23 fattade
323 1158 70 22 beslut
408 1160 69 21 kunde
492 1161 54 26 gifva
562 1161 119 27 anledning.

297 1187 36 21 Uti
356 1187 96 28 kalkylen
475 1189 13 20 &
509 1195 47 21 pag.
574 1191 26 20 18
616 1190 110 26 angäende
742 1191 116 25 utvägarne
874 1191 32 19 att
921 1189 94 21 bestrida
1030 1189 26 21 de

227 1215 140 22 omförmälda
389 1217 179 27 utgiftsposterna,
592 1218 69 21 blefvo
678 1219 60 26 1:sta,
755 1218 60 21 2:dra
832 1217 39 22 och
886 1217 55 27 3:dje
956 1220 101 24 posterna

225 1243 120 27 godkända.

296 1273 97 22 Rörande
409 1274 46 21 4:de
471 1274 38 21 och
524 1275 44 21 5:te
583 1277 102 25 posterna
700 1275 114 27 uppstälde
825 1275 25 21 hr
861 1274 194 21 landtmarskalken

224 1299 93 28 följande
332 1302 140 26 proposition:

294 1330 54 25 Den,
364 1337 45 14 som
425 1331 122 26 godkänner
562 1332 117 21 utskottets
689 1332 78 27 ätgärd
778 1333 32 20 att
820 1332 6 20 i
837 1331 110 28 kalkylens
957 1331 48 21 4:de
1016 1331 40 22 och

224 1357 44 21 5:te
291 1364 63 15 mom.
377 1359 67 21 införa
466 1359 103 28 beloppen
589 1361 92 25 744,000
697 1361 40 21 och
753 1361 114 26 2,100,000
883 1360 42 21 mk.
940 1361 70 20 röstar
1022 1360 32 27 ja;

295 1386 73 22 vinner
383 1387 40 27 nej,
439 1388 49 26 utgå
504 1389 61 21 dessa
580 1389 78 27 belopp
669 1389 46 22 från
727 1389 102 27 kalkylen
840 1388 40 22 och
890 1388 78 22 införas
979 1388 76 22 efteråt

224 1414 71 21 såsom
311 1416 120 21 eventuella
445 1416 117 28 tillgångar.

294 1443 161 27 Propositionen
479 1445 126 23 besvarades
628 1446 48 21 med
699 1446 89 21 allmänt
811 1445 41 27 nej,
868 1445 31 21 till
915 1445 51 27 följd
982 1445 75 22 hvaraf

223 1470 24 21 R.
273 1477 19 15 o.
308 1472 25 20 A.
349 1472 87 22 beslutit
451 1475 31 19 att
497 1474 77 21 nämda
590 1476 73 26 poster
678 1475 70 21 skulle
764 1474 46 21 frän
826 1474 99 27 kalkylen
940 1474 113 26 uteslutas;

223 1499 40 21 och
279 1500 86 22 komme
380 1501 136 22 slutsumman
532 1502 82 22 säledes
630 1505 32 19 att
677 1506 77 24 utgöra
770 1503 128 25 33,998,860
913 1502 41 21 mk.

292 1528 62 22 Härä
369 1530 120 26 godkändes
505 1531 117 21 utskottets
636 1532 14 20 &
664 1538 48 20 pag.
732 1532 24 21 19
772 1531 40 25 och
828 1532 28 20 20
867 1531 74 27 gjorda
954 1531 101 22 inkomst-

222 1555 146 29 beräkningar
383 1558 87 22 likasom
487 1560 39 20 ock
540 1560 68 21 första
623 1560 107 22 klämmen
746 1560 13 21 &
774 1566 48 20 pag.
838 1560 34 20 21.
