1100 1742
374 116 16 19 R.
403 116 43 19 och.
460 116 47 20 1805.
531 116 18 19 16
562 116 35 23 Maj.
808 117 64 26 4,217

140 186 100 21 Rörande
262 186 116 21 utskottets
398 186 140 26 anmärkning
552 186 7 21 i
574 185 116 27 anledning
705 184 23 22 af
741 185 160 26 redovisningen

72 214 33 22 för
119 214 265 26 amortissementsfonden,
400 214 84 26 yttrade

141 242 25 21 hr
189 242 174 25 Molander,
386 242 38 22 H.:
447 242 111 22 Utskottet
580 242 114 22 anmärker
717 242 27 27 pä
763 248 46 21 pag.
828 242 26 21 24
870 242 33 20 att

72 264 134 28 Äminnefors
228 270 54 22 bruk
304 270 68 22 blifvit
394 271 75 26 inköpt
490 271 34 21 för
543 278 26 14 en
584 270 114 22 intecknad
714 270 85 22 fordran
815 270 39 22 och
869 271 32 20 att

74 300 40 21 den
128 300 120 21 sedermera
264 300 55 20 mäst
333 299 96 27 försäljas
445 300 32 21 till
492 302 32 18 ett
538 300 86 21 relativt
639 300 45 26 lägt
699 299 50 27 pris,
765 299 135 27 hvarigenom

72 328 128 22 statsverket
218 328 107 22 åsamkats
344 334 26 15 en
385 328 82 21 förlust.
497 328 42 22 Det
553 330 25 20 är
593 328 108 26 verkligen
717 327 58 21 fallet
791 330 31 18 att
837 327 65 26 sagde

73 356 54 22 bruk
151 357 67 21 måste
237 356 47 21 med
300 356 76 22 förlust
391 356 150 27 ätertörsäljas.
572 357 33 21 Då
619 356 33 21 för
688 356 113 21 Aminnefors
816 356 85 26 bevilja-

73 385 37 22 des
132 388 32 18 ett
186 384 41 27 län,
249 386 24 20 sä
295 385 129 26 granskades
448 388 84 24 mycket
554 392 56 20 noga
625 384 26 22 de
666 384 175 27 länehandlingar
855 388 45 20 som

73 413 131 22 inlemnades
226 413 39 21 och
288 414 64 20 ocksä
375 414 36 20 det
433 414 71 26 värde,
520 414 32 21 till
568 413 81 22 hvilket
664 413 74 27 sjelfva
753 412 149 27 inrättningen,

73 442 49 21 med
143 442 55 21 hvad
222 442 70 21 dertill
314 442 72 26 hörde,
402 442 68 21 blifvit
485 442 136 27 uppskattad,
638 442 39 22 och
692 441 46 27 gafs
753 442 57 21 länet
828 441 76 21 endast

74 470 32 22 till
129 476 26 16 en
178 470 81 22 mindre
276 470 33 22 del
325 470 22 22 af
361 471 36 21 det
412 471 72 26 värde,
499 470 85 22 hvartill
600 470 78 22 bruket
693 470 141 27 uppskattats.
864 470 38 20 Att

74 498 118 23 emellertid
214 498 58 22 detta
294 499 34 21 län
351 499 98 21 äsamkat
464 499 259 22 amortissementsfonden
738 498 81 27 förlust,
835 499 67 21 mäste

74 527 121 27 medgifvas,
212 534 47 14 men
275 528 36 21 det
325 528 61 21 torde
402 528 55 21 ändä
472 528 72 21 kunna
559 528 49 21 med
623 527 183 22 tillfredsställelse
817 528 83 20 konsta-

74 559 57 19 teras
146 558 32 20 att
193 556 79 21 sädana
287 556 100 22 förluster
402 556 46 22 icke
464 556 44 22 ofta
522 556 96 22 inträffat
633 556 40 21 och
689 562 45 15 mer
749 558 26 19 än
791 556 58 21 detta
862 560 42 16 ena

74 584 37 22 fall
134 585 40 21 har
195 584 46 22 icke
260 585 66 21 heller
341 584 22 22 af
377 586 160 20 statsutskottet
552 584 69 22 blifvit
637 584 114 28 uppgifvet.
782 584 42 22 För
839 583 63 26 öfrigt

74 613 62 21 torde
158 613 46 21 icke
227 614 68 26 någon
319 614 122 26 inrättning,
465 620 50 16 vare
536 614 32 26 sig
590 614 57 21 bank
666 613 51 21 eller
732 620 69 14 aunan
817 611 84 27 anstalt,

75 642 91 21 derifrän
182 642 35 20 län
232 642 71 26 gifvas,
319 642 71 22 kunna
406 642 71 27 undgä
492 644 32 20 att
539 642 99 22 stundom
654 642 44 21 lida
712 642 81 21 förlust.
815 641 88 21 Utskot-

74 672 32 20 tet
128 670 46 26 har,
196 672 70 20 säsom
289 671 27 26 pä
333 677 47 21 pag.
397 672 26 20 25
440 670 128 26 framhälles,
585 670 59 22 öfver
658 670 243 22 amortissementslänen

74 699 96 27 uppgjort
191 705 25 15 en
234 699 90 21 särskild
339 699 72 27 tabell,
427 700 51 21 Litt.
494 700 25 21 E.
549 700 43 21 Det
607 701 24 19 är
647 700 48 20 med
711 699 79 26 verklig
804 698 99 22 tillfreds-

73 727 94 22 ställelse
187 728 37 26 jag
245 727 68 21 funnit
330 730 33 19 att
378 734 26 15 en
419 728 66 21 sädan
501 728 65 21 tabell
581 728 69 21 blifvit
665 728 144 20 betänkandet
824 726 77 26 bilagd,

75 756 87 21 emedan
186 756 59 21 deraf
260 757 81 26 framgå
356 757 26 21 de
397 757 105 25 ändamål,
517 757 33 21 för
565 756 71 22 hvilka
652 756 35 21 län
703 756 67 21 blifvit
785 755 55 27 gifna
855 754 47 22 från

74 784 258 22 amortissementsfonden
355 785 39 21 och
417 785 55 21 visar
496 786 35 20 det
553 785 32 27 sig
604 787 33 19 att
652 785 37 21 det
703 787 59 19 stora
777 784 90 22 flertalet
881 782 23 22 af

74 812 34 22 lån
124 812 69 22 blifvit
208 813 103 27 beviljade
326 813 32 21 för
374 814 196 26 kyrkobyggnader,
581 814 75 21 inalles
666 814 28 21 33
705 814 42 26 lån,
763 813 31 21 för
808 813 94 21 kommu-

74 840 50 22 nala
145 841 127 28 byggnader,
288 841 33 22 för
335 842 152 26 folkskolehus,
508 842 33 21 för
557 844 75 24 vägars
648 842 40 21 och
703 842 74 21 broars
793 840 110 28 byggande

75 869 48 22 med
137 869 51 22 flere
204 870 69 27 dylika
289 869 32 22 för
331 871 154 20 kommunerna
496 870 107 27 verkligen
615 870 117 26 trängande
743 870 68 21 behof.
836 867 69 23 Häraf

74 897 93 28 framgår
188 899 82 20 således
293 901 32 19 att
346 899 63 21 lånen
431 899 47 21 från
497 899 260 21 amortissementsfonden
772 897 62 22 hafva
849 897 53 21 varit

74 925 55 22 både
144 927 81 27 nyttiga
241 927 38 21 och
295 927 111 27 behötliga.
432 927 41 27 Jag
488 928 39 21 har
542 927 56 22 velat
613 927 113 22 framhålla
741 927 64 26 detta,
815 925 87 22 emedan

74 961 49 15 man
145 956 28 26 på
195 956 65 26 något
281 956 43 21 håll
346 957 62 26 yrkat
426 959 33 18 att
474 955 261 22 amortissementsfonden
750 955 46 22 icke
811 955 39 21 alls
864 954 40 21 bör

74 983 68 22 finnas
157 984 37 21 till.
225 985 66 20 Detta
305 985 79 21 skedde
400 985 35 21 vid
450 987 85 19 senaste
552 984 108 27 landtdag,
678 991 47 14 men
741 984 112 21 ständerna
868 983 36 22 b4-

74 1011 55 22 slöto
140 1014 32 19 att
182 1013 181 26 framställningen
374 1019 34 15 om
420 1013 271 22 amortissementsfondens
701 1012 125 27 indragning
836 1011 70 22 skulle

75 1040 89 27 förfalla,
184 1041 38 21 och
238 1041 36 27 jag
289 1044 46 19 tror
350 1042 36 21 det
401 1042 69 21 skulle
485 1041 65 22 blifva
565 1048 26 15 en
607 1044 45 19 stor
667 1041 81 22 saknad
763 1041 32 21 för
809 1041 97 20 kommu-

74 1075 72 20 nerna,
162 1076 34 15 om
213 1070 25 21 de
248 1069 45 22 icke
309 1070 54 21 hade
378 1070 89 27 tillgång
482 1070 32 21 till
530 1069 258 22 amortissementsfonden
803 1069 39 21 och
858 1069 46 20 der-

74 1097 54 22 ifrån
146 1098 71 22 kunna
235 1098 80 22 erhålla
329 1099 81 21 sådana
425 1099 35 22 lån
476 1105 45 15 som
534 1099 37 27 jag
586 1105 49 21 nyss
650 1099 56 21 hade
721 1101 51 19 äran
787 1097 115 28 uppräkna.

143 1155 34 22 Då
198 1155 46 22 icke
263 1157 68 26 någon
347 1156 73 21 vidare
436 1156 94 21 önskade
545 1158 58 25 yttra
618 1156 32 27 sig
665 1156 7 21 i
688 1156 69 21 denna
771 1155 75 26 punkt,
861 1153 44 23 blef

76 1183 144 22 betänkandet
235 1184 60 22 äfven
311 1185 44 20 deri
371 1185 115 26 godkändt.
893 1197 2 3 :

143 1212 120 22 Utskottets
278 1213 110 22 uttalande
404 1219 34 15 om
450 1213 238 26 undsättningsfondens
699 1212 142 27 räkenskaper
855 1211 51 27 god-

74 1240 80 22 kändes
170 1244 51 18 utan
237 1242 145 26 anmärkning.

143 1269 51 22 Med
216 1270 113 27 anledning
351 1270 22 21 af
395 1270 116 21 utskottets
529 1269 157 28 framställning
702 1276 34 15 om
751 1268 154 28 granskningen

74 1297 23 23 af
110 1298 26 21 de
152 1298 66 27 öfriga
233 1298 102 22 fonderna
349 1299 86 27 yttrade

143 1327 26 21 hr
191 1327 170 26 Molander,
385 1327 37 22 H.:
445 1327 113 22 Utskottet
580 1327 123 21 framhåller
726 1327 27 26 pä
768 1332 45 21 pag.
830 1325 27 21 27
873 1326 34 20 att

74 1355 106 22 utskottet
201 1357 71 20 ansett
286 1355 32 27 sig
333 1355 53 22 böra
400 1355 119 22 framställa
534 1355 116 25 ,hurusom
666 1355 36 22 det
718 1355 17 26 ej
752 1357 57 25 synts
824 1353 82 22 utskot-

74 1385 31 20 tet
126 1383 76 27 riktigt
224 1386 33 19 att
280 1384 46 21 från
349 1383 343 22 öfverskottsstatsmedelsfonden
715 1383 120 27 betydande
850 1388 56 15 sum-

74 1418 47 15 mor
142 1411 74 22 bindas
236 1413 30 20 uti
281 1412 142 27 intecknings-
439 1413 39 20 och
495 1412 183 27 amorteringslån,
694 1412 135 26 hvarigenom
846 1411 61 20 dessa

74 1440 68 21 medel
166 1441 34 20 vid
222 1441 138 21 förefallande
383 1441 65 21 behof
470 1441 46 21 icke
532 1441 72 21 kunna
619 1443 63 24 göras
698 1440 136 27 disponibla".
865 1438 41 27 Jag

74 1468 115 26 medgifver
204 1471 32 19 att
252 1470 36 21 det
303 1471 24 20 är
341 1469 123 27 principielt
478 1469 76 26 riktigt
570 1472 32 19 att
617 1469 144 22 statsfondens
776 1468 68 21 medel
859 1467 47 21 icke

73 1497 107 21 användas
203 1497 32 21 till
258 1497 42 26 lån,
323 1497 122 28 isynnerhet
469 1498 27 21 då
520 1498 35 21 det
579 1497 66 22 finnes
668 1498 68 21 andra
751 1497 73 22 fonder
839 1495 67 22 under

72 1525 140 22 statsverkets
235 1525 134 28 förvaltning,
385 1525 54 22 ifrån
454 1525 73 22 hvilka
542 1526 36 21 lån
592 1526 74 22 kunna
681 1525 97 27 erhållas,
794 1525 114 22 hvarutom
