1100 1745
372 108 16 18 R.
401 112 14 15 6.
428 108 16 18 A.
456 107 46 20 1885.
526 107 10 19 2
548 107 34 24 Maj.
823 109 40 22 911

140 176 77 21 Vidare
240 176 107 27 föredrogs
370 175 214 22 ekonomiutskottets
607 175 135 22 betänkande
757 183 35 14 n:o
807 178 12 20 5
835 177 6 20 i
856 183 36 15 an-

72 204 85 26 ledning
172 204 22 21 af
207 205 58 21 Hans
281 204 117 27 Kejserliga
412 204 110 27 Majestäts
538 205 48 20 nåd.
602 210 68 21 prop.,
693 204 144 22 innefattande
851 205 41 21 för-

71 233 47 26 slag
133 233 32 20 till
180 233 145 26 förordningar
341 233 109 26 angående
465 233 94 21 vilkoren
574 233 33 20 för
623 233 17 26 ej
657 233 82 22 mindre
758 233 133 27 tillverkning

74 261 39 21 och
129 261 134 27 destillering,
279 263 26 20 än
320 261 129 26 försäljning,
460 261 87 27 forsling
557 261 40 21 och
608 261 78 27 upplag
697 261 22 21 af
727 261 94 28 bränvin,
837 264 55 19 samt

72 289 66 22 andra
152 289 81 22 brända
248 290 51 21 eller
314 289 132 22 destillerade
461 290 149 27 spritdrycker.

140 318 32 21 Hr
193 325 41 15 von
256 318 128 22 Alfthan
406 318 66 21 utbad
495 318 31 27 sig
541 318 61 21 ordet
618 318 40 21 och
672 318 92 27 yttrade:
779 319 112 28 Upptagen

71 346 23 21 af
114 347 144 26 mängahanda
281 347 38 21 och
341 349 75 24 trägna
438 346 183 27 embetsgöromäl,
639 347 40 20 har
691 347 37 26 jag
742 348 67 21 under
823 348 68 21 denna

72 374 100 28 landtdag
186 375 47 22 icke
248 375 97 22 besvärat
359 375 25 21 R.
400 381 19 15 o.
435 375 24 21 A.
476 375 48 21 med
539 376 76 25 mänga
630 375 52 21 eller
699 375 62 27 länga
776 376 115 27 andragan-

72 403 47 22 den.
148 404 40 27 Jag
210 405 64 25 vägar
296 403 69 22 derför
387 404 69 21 denna
478 410 39 15 ena
539 404 55 26 gäng
616 403 33 22 för
664 409 25 16 en
705 404 63 21 stund
783 405 61 26 vädja
859 404 32 21 till

72 431 36 22 det
122 432 55 27 högl.
200 432 94 21 ständets
310 431 185 28 uppmärksamhet
510 432 39 21 och
564 432 102 24 tälamod,
682 432 88 21 emedan
784 433 107 21 bränvins-

71 459 79 28 frägan,
165 461 106 26 högvigtig
285 461 6 20 i
307 461 31 25 sig
352 461 52 27 sjelf,
421 463 51 18 nära
487 460 63 22 berör
564 461 44 20 min
623 460 215 22 embetsverksamhet
852 461 38 21 och

70 489 71 21 derför
163 489 70 21 städse
255 489 21 21 af
299 489 42 26 mig
363 489 107 22 omfattats
493 489 47 21 med
563 491 55 19 stort
640 489 96 21 intresse.
765 490 42 21 Det
825 492 23 19 är
862 495 29 15 nu

72 518 41 20 500
130 518 24 20 är
172 517 87 21 tillbaka
274 518 64 21 sedan
353 517 111 22 bränvinet
479 518 69 21 säsom
563 517 119 22 läkemedel
698 517 6 21 i
720 519 104 24 apoteken
838 517 53 22 först

71 545 44 21 blef
135 545 66 22 kändt
223 546 7 20 i
251 546 91 27 Europa.
372 546 72 21 Under
461 545 105 28 förloppet
581 546 23 21 af
618 546 26 21 de
659 545 91 28 följande
765 547 35 21 tvä
815 547 76 21 ärhun-

71 573 79 22 draden
172 574 48 21 kom
243 574 35 21 det
300 575 130 26 smäningom
452 575 6 20 i
481 574 129 22 allmännare
626 574 54 21 bruk
696 574 38 21 och
750 574 52 22 fäste
817 577 74 24 genast

71 601 140 27 lagstiftarnes
233 603 6 20 i
258 603 42 21 alla
314 603 74 21 länder
403 603 103 21 särskilda
520 603 195 26 uppmärksamhet,
730 603 58 22 såväl
803 603 87 21 emedan

72 637 48 14 man
134 631 62 26 tidigt
211 631 47 21 lade
273 632 72 21 märke
360 631 32 22 till
408 632 25 21 de
448 631 95 27 skadliga
558 631 134 26 verkningar,
708 637 45 15 som
763 631 127 22 missbruket

70 659 23 21 af
113 659 58 21 detta
189 659 174 28 njutningsmede]
381 659 113 26 medförde,
510 666 45 15 som
571 660 39 21 ock
627 660 88 21 emedan
731 660 115 21 detsamma
862 659 28 22 vi-

70 687 50 22 sade
142 688 31 26 sig
188 694 50 15 vara
253 691 30 18 ett
296 689 131 26 synnerligen
442 688 96 27 lämpligt
552 687 241 28 beskattningsföremäl.
824 688 66 21 Gran-

70 716 50 21 skar
141 723 49 14 man
212 716 254 27 bränvinslagstiftningen
490 717 6 20 i
511 717 41 21 alla
568 717 125 26 europeiska
708 716 38 21 och
762 719 128 19 utom-euro-

69 744 73 27 peiska
163 745 128 22 civiliserade
306 745 79 26 länder,
404 746 23 21 sä
442 745 68 21 finner
524 751 48 15 man
588 747 33 19 att
636 745 41 21 den
692 745 86 21 alldeles
793 745 97 27 ofantligt

69 772 119 27 Aluktuerat,
212 775 31 19 att
265 780 47 15 man
335 774 70 21 kastat
419 773 31 27 sig
466 773 46 22 från
528 774 40 21 den
584 780 40 15 ena
638 773 149 28 ytterligheten
802 773 32 21 till
849 773 40 22 den

69 801 72 26 andra,
164 801 53 22 ifrän
236 801 116 28 fullkomlig
367 802 51 21 eller
432 804 76 19 nästan
524 802 117 27 fullkomlig
656 801 63 22 frihet
733 802 8 21 i
755 801 134 28 tillverkning

69 829 39 22 och
123 829 34 27 läg
172 830 57 21 skatt
244 831 31 20 till
292 831 25 21 de
331 831 53 21 allra
400 833 78 18 största
493 831 147 21 restriktioner
656 830 39 21 och
710 830 42 27 hög
766 830 57 21 skatt
849 830 40 27 Jag

68 857 38 22 ber
127 858 6 20 i
150 858 58 21 detta
223 857 97 23 afseende
335 861 32 19 att
381 859 21 21 få
417 859 73 21 anföra
505 859 75 21 endast
595 861 31 19 ett
642 858 99 27 exempel.
770 859 37 21 Uti
821 859 68 21 Nord-

68 886 110 21 Amerikas
200 886 93 22 Förenta
312 889 72 24 stater,
400 888 38 20 der
452 887 184 21 bränvinsskatten
654 887 45 21 helt
714 886 39 22 och
767 886 65 22 hållet
847 887 41 21 till-

68 914 62 22 faller
150 914 210 28 Unionsregeringen,
380 922 36 15 var
432 916 40 21 den
488 922 26 15 en
529 916 37 25 tid,
582 916 27 26 pä
626 915 122 26 1860-talet,
763 915 46 21 icke
824 915 65 27 högre

67 944 27 20 än
117 944 27 21 20
167 946 57 19 cents
247 944 32 21 för
304 944 80 27 gallon;
408 945 39 20 den
471 944 73 27 höjdes
560 944 65 27 derpä
640 944 33 21 till
688 944 27 21 60
730 945 57 20 cents
803 944 39 21 och
857 950 31 16 se-

68 971 41 22 dan
132 972 39 21 den
195 974 8 19 1
228 972 87 22 Januari
331 974 53 20 1865
401 973 95 27 plötsligt
511 973 31 21 till
558 973 36 20 tvä
610 973 78 20 dollars
703 972 32 21 för
750 972 69 27 gallon
838 973 50 21 eller

67 1000 33 21 till
122 1001 61 25 10'/,
208 1001 58 21 mark
289 1008 37 20 per
350 1002 47 27 13/,
419 1002 76 21 kanna.
526 1001 133 22 Missbruken
678 1003 58 24 stego
752 1004 73 23 genast
841 1001 6 20 i
862 1007 26 16 en

68 1028 90 22 oerhörd
173 1030 129 26 proportion,
318 1031 23 20 sä
356 1032 32 19 att
403 1036 48 15 man
466 1032 68 19 straxt
550 1029 92 22 derefter
657 1029 116 21 uträknade
789 1032 32 19 att
832 1030 56 21 inom

68 1057 89 21 unionen
180 1057 133 22 tillverkades
337 1059 39 21 105
399 1058 97 27 miljoner
513 1058 95 27 galloner
623 1058 95 26 bränvin,
733 1056 23 23 af
768 1057 71 22 hvilka
854 1065 34 14 en-

68 1085 47 22 dast
140 1087 24 20 15
188 1086 95 27 miljoner
305 1087 67 21 blefvo
394 1087 126 21 beskattade
543 1087 39 21 och
601 1087 27 21 90
644 1086 95 27 miljoner
754 1085 134 23 tillverkades

67 1113 23 22 af
109 1113 159 23 lönnbrännare.
300 1115 49 21 Man
372 1117 36 25 säg
431 1115 31 26 sig
486 1115 88 22 sälunda
588 1117 93 24 tvungen
697 1117 32 18 att
747 1115 78 26 hastigt
840 1115 48 22 med

67 1142 47 21 hela
122 1143 28 26 3/,
172 1143 97 21 nedsätta
291 1144 84 21 skatten
398 1144 39 21 och
459 1143 47 22 föra
521 1146 31 19 ett
566 1143 124 22 förbittradt
709 1143 46 26 krig
770 1145 44 19 mot
829 1143 58 22 lönn-

66 1170 137 24 brännarene,
226 1171 80 22 hvilket
328 1173 72 21 räckte
422 1173 7 20 i
451 1172 75 26 äratal,
548 1173 24 20 sä
596 1173 32 20 att
650 1174 56 19 ännu
728 1172 25 20 är
772 1172 53 21 1877
842 1172 46 22 icke

66 1199 81 22 mindre
169 1202 26 19 än
219 1200 25 21 12
267 1200 22 21 af
309 1200 106 22 Unionens
437 1201 127 26 tjenstemän
583 1201 6 20 i
606 1200 58 21 detta
679 1199 47 27 krig
741 1200 91 21 dödades
848 1201 38 21 och

66 1228 14 21 8
94 1228 90 21 sårades.
216 1228 49 21 Man
287 1229 38 21 har
340 1229 88 22 sålunda
442 1229 7 20 i
465 1229 43 22 alla
522 1229 74 21 länder
611 1229 55 21 varit
681 1230 91 24 tvungen
787 1231 32 18 att
834 1229 53 22 inslä

65 1261 27 16 en
114 1256 114 27 medelväg,
252 1257 87 22 emedan
355 1257 174 28 ytterligheterna
544 1258 22 21 ät
581 1257 105 22 hvardera
700 1256 65 21 hället
779 1257 67 21 ehuru
860 1258 27 26 pä

66 1284 56 21 olika
144 1287 48 23 sätt,
215 1285 61 22 ledde
299 1285 32 22 till
353 1286 171 21 demoralisation
547 1286 39 21 och
603 1285 143 27 depravation.
775 1285 112 22 Bränvins-

64 1312 157 28 lagstiftningen
242 1313 8 21 i
271 1314 90 21 Finland
384 1314 39 21 och
438 1314 48 21 dess
502 1314 87 21 historia
604 1314 43 21 kan
660 1313 36 27 jag
710 1312 112 22 förutsätta
837 1320 50 15 vara

64 1340 62 22 känd.
152 1341 65 21 Äfven
228 1341 38 21 här
281 1342 62 21 hafva
357 1342 152 22 fluktuationer
523 1342 135 21 förekommit
673 1341 39 21 och
728 1348 27 14 nu
769 1344 71 19 senast
850 1342 38 21 har

66 1369 94 26 uppstätt
174 1376 26 14 en
215 1370 80 26 mäktig
309 1370 79 22 rörelse
403 1370 57 22 inom
477 1371 26 21 de
519 1371 63 27 djupa
597 1370 73 26 lagren
686 1370 20 21 af
720 1369 71 26 folket,
803 1370 85 22 hvilken

64 1397 64 26 yrkar
149 1398 27 26 pä
199 1400 32 19 att
250 1398 257 28 bränvinslagstiftningen
522 1399 8 21 i
544 1398 90 22 Finland
650 1398 47 26 igen
712 1398 65 20 mätte
791 1397 55 22 inslä
861 1404 27 16 en

64 1426 65 20 sådan
152 1426 185 27 ytterligheternas
352 1430 46 24 väg.
428 1427 52 21 Man
495 1427 67 21 skulle
577 1426 56 22 helst
649 1426 49 27 vilja
713 1432 34 15 om
763 1426 80 26 möjligt
858 1426 29 22 af-

64 1453 66 22 skaffa
146 1454 27 22 all
188 1454 203 28 bränvinsbränning
406 1456 39 21 och
465 1455 29 21 all
516 1454 242 26 bränvinskonsumtion,
781 1460 47 16 men
852 1461 34 15 om

64 1482 60 21 detta
144 1482 47 23 icke
209 1483 55 22 låter
279 1483 31 27 sig
324 1486 58 25 göra,
405 1483 129 22 åtminstone
549 1484 32 21 till
596 1483 80 22 hälften
692 1482 51 23 eller
757 1482 129 27 tredjedelen

63 1511 98 22 nedsätta
184 1512 35 21 det
241 1511 77 28 belopp
341 1519 44 14 som
409 1519 28 14 nu
456 1512 34 21 fär
504 1513 108 21 tillverkas
628 1512 40 22 och
684 1512 146 21 motsvarande
846 1512 41 21 för-
