1100 1728
373 124 15 19 R.
401 129 15 15 0.
428 125 16 18 A.
456 124 47 20 1885.
527 124 20 19 22
560 124 35 23 Maj.
808 124 61 27 1,403

67 193 101 27 Majestät
192 193 7 20 i
221 192 171 27 underdänighet
415 192 93 27 anhälla,
532 193 37 21 det
591 192 157 27 finskspräkiga
770 191 126 28 fyrklassiga

66 223 70 26 lyceet
150 222 8 21 i
173 221 133 27 Björneborg
320 221 68 21 mätte
403 221 99 27 utvidgas
517 221 34 21 till
567 220 138 27 ättaklassigt
719 221 90 26 lyceum.

136 249 121 28 Höglofliga
271 249 158 27 Ridderskapet
445 249 39 22 och
499 250 70 21 Adeln
584 249 41 22 har
638 249 8 21 i
659 249 114 27 anledning
783 249 23 21 af
814 249 83 21 Bonde-

68 279 96 22 ständets
186 278 124 27 inbjudning
333 278 88 21 beslutit
443 279 33 20 att
499 278 91 21 omfatta
613 284 26 16 en
661 277 132 28 underdänig
808 277 89 27 petition

67 309 7 20 i
93 309 71 20 ämnet
179 307 7 21 i
204 307 77 21 sådant
295 306 61 27 syfte,
373 308 32 19 att
420 307 105 26 styrelsen
540 307 48 21 ville
601 306 124 27 tillräckligt
735 306 163 21 subventionera

68 337 41 20 den
131 336 85 26 privata
238 335 67 25 skola,
329 341 46 15 som
397 335 70 21 bildar
488 335 167 27 fortsättningen
677 335 23 20 af
721 335 36 21 det
771 335 127 26 fyrklassiga

68 364 124 27 statslyceet
206 364 8 20 i
221 363 141 27 Björneborg
377 364 56 20 samt
447 364 8 20 i
471 364 40 21 den
526 363 50 21 män
592 364 120 26 detsamma
726 364 57 20 visar
800 363 32 27 sig
846 362 52 27 fylla

68 395 32 19 ett
122 392 142 27 välerundadt
287 392 179 26 bildningsbehof,
489 394 51 25 taga
562 392 68 21 under
651 392 101 26 pröfning
766 392 48 21 dess
830 391 68 21 öfver-

68 421 92 28 tagande
176 421 23 21 af
212 422 77 20 staten.

137 449 138 27 Högvördiga
299 448 163 22 Presteständet
487 449 40 21 har
554 449 95 26 godkänt
672 448 116 22 utskottets
810 448 88 27 förslag,

68 479 112 20 hvaremot
196 478 117 21 detsamma
324 477 22 21 af
354 477 114 27 Vällofiiga
478 477 184 27 Borgareständet
672 477 124 21 förkastats.
816 477 81 21 Heder-

69 507 67 21 värda
151 506 161 22 Bondeständet
328 506 45 21 äter
388 506 41 21 har
443 506 96 27 godkänt
556 512 83 15 samma
653 506 87 26 förslag.

137 535 43 22 För
202 535 189 21 ästadkommande
414 535 23 21 af
457 535 156 26 samstämmigt
637 535 159 21 ständerbeslut
818 534 7 21 i
840 534 56 21 före-

69 565 93 20 varande
186 563 60 27 fräga
268 564 40 20 har
325 563 106 22 utskottet
447 565 71 20 ansett
533 565 33 20 att
581 563 168 26 Ridderskapets
764 563 40 21 och
818 563 80 20 Adelns

70 593 156 21 ofvannämnda
248 592 116 21 resolution
384 592 67 21 borde
467 593 74 26 läggas
556 592 33 21 till
604 592 69 27 grund
688 592 33 21 för
736 591 163 27 sammanjemk-

69 622 84 26 ningen,
177 621 40 21 och
238 621 33 21 fär
293 621 106 20 utskottet
422 621 57 26 förty
494 621 111 20 vördsamt
619 620 86 25 föreslä,
721 621 33 20 att
768 619 130 28 högvördiga

69 650 168 25 Presteständet,
262 649 107 27 vällofliga
392 649 183 27 Borgareständet
601 649 39 21 och
663 649 132 21 hedervärda
816 648 83 21 Bonde-

70 679 91 25 ståndet,
178 679 48 20 med
240 678 129 26 frängäende
385 677 22 21 af
423 679 45 19 sina
483 678 59 20 förut
556 678 83 20 fattade
657 677 72 21 beslut
743 677 67 21 måtte
824 677 74 21 förena

70 707 32 27 sig
118 713 33 15 om
168 713 25 15 en
208 706 132 27 underdänig
355 706 90 26 petition
461 706 81 26 derom,

277 765 33 19 att
332 763 103 27 styrelsen
458 764 50 20 ville
531 763 126 27 tillräckligt
679 763 164 21 subventionera
858 762 40 20 den

209 792 83 27 privata
311 792 67 26 skola,
395 798 45 15 som
456 792 70 21 bildar
541 792 166 26 fortsättningen
722 791 23 21 af
759 792 36 20 det
809 790 90 27 fyrklas-

209 822 45 25 siga
276 821 124 26 statslyceet
422 821 7 20 i
451 820 135 27 Björneborg
609 822 62 24 samt,
694 820 7 20 i
725 820 40 21 den
787 819 49 21 män
854 819 45 21 det-

208 856 80 14 samma
310 849 58 21 visar
391 850 31 26 sig
445 849 52 27 fylla
518 851 31 19 ett
565 848 142 27 välerundadt
722 847 176 27 bildningsbehof,

208 880 50 24 taga
272 878 68 20 under
354 878 101 26 pröfning
471 878 48 21 dess
535 877 151 27 öfvertagande
702 877 23 21 af
738 878 76 20 staten.

139 935 139 27 Helsingfors,
299 934 23 21 af
335 935 114 21 Allmänna
464 934 199 22 Besvärsutskottet
679 934 40 21 den
736 935 25 20 12
777 934 43 26 Maj
837 933 61 21 1885.

636 990 30 18 Ex
679 990 72 18 officio:

556 1020 23 20 Y.
596 1020 30 21 K.
646 1019 185 27 Yrjö-Koskinen.

141 1077 65 21 Detta
222 1077 79 26 förslag
316 1077 123 26 godkändes
455 1078 53 19 utan
524 1076 147 27 anmärkning.

141 1190 59 21 Ifrän
216 1189 160 22 statsutskottet
392 1189 54 21 hade
463 1189 90 21 anländt
567 1189 94 26 följande
677 1189 120 21 skrifvelse:

142 1247 10 20 I
175 1247 108 21 skrifvelse
306 1247 23 21 af
350 1247 40 20 den
414 1247 25 21 21
460 1247 145 21 innevarande
621 1246 43 27 Maj
681 1247 39 20 har
736 1246 165 21 Statsutskottet

73 1276 66 21 redan
161 1275 39 22 hos
223 1275 98 27 samtliga
340 1275 95 21 Ständen
451 1275 82 21 anmält
549 1281 34 15 om
599 1275 25 21 de
640 1275 77 25 beslut,
732 1275 60 20 hvari
808 1274 94 21 Ständen

74 1306 86 19 stannat
182 1305 35 20 vid
241 1304 155 26 behandlingen
421 1303 23 22 af
457 1303 124 22 Utskottets
597 1303 133 22 betänkande
746 1303 39 20 N:o
802 1303 26 20 13
843 1303 6 20 i
866 1308 36 14 an-

72 1333 86 26 ledning
181 1333 23 20 af
224 1333 78 20 Finans
324 1332 169 27 Expeditionens
515 1333 7 20 i
545 1332 120 27 Kejserliga
685 1331 91 22 Senaten
794 1331 32 21 till
841 1331 62 20 Stän-

73 1362 67 20 derna
163 1361 79 26 afsifna
264 1361 90 21 relation
377 1367 35 14 om
435 1361 141 20 statsverkets
600 1360 102 21 tillstånd.
733 1360 33 21 Då
784 1359 118 21 emellertid

73 1396 26 14 en
115 1389 23 21 af
150 1389 156 26 Ridderskapet
323 1389 39 21 och
377 1389 70 21 Adeln
463 1389 99 21 besluten
577 1388 165 26 ordförändring
756 1388 8 20 i
781 1388 122 20 Utskottets

72 1418 144 26 betänkande,
233 1418 51 20 eller
299 1419 32 19 att
347 1418 32 20 uti
395 1418 55 26 3:dje
467 1418 84 26 stycket
567 1417 12 21 &
595 1417 60 21 sidan
671 1417 12 21 5
695 1417 65 21 orden
772 1416 132 28 ,äterhemta

73 1448 73 19 senast
167 1446 129 21 församlade
319 1446 104 20 Ständers
445 1446 112 20 anhållan"
582 1446 67 20 skulle
669 1445 86 27 utbytas
770 1446 44 20 mot
830 1444 74 27 ,fram-

73 1474 58 21 hålla
155 1475 171 21 önskvärdheten
345 1474 78 26 deraf",
439 1474 33 20 uti
487 1474 123 21 Utskottets
627 1474 90 20 berörda
733 1473 109 21 skrifvelse
856 1472 47 20 icke

73 1502 85 26 influtit,
181 1509 49 15 men
252 1502 163 27 ifrågavarande
439 1502 23 21 af
482 1502 159 26 Ridderskapet
663 1502 40 21 och
721 1502 68 21 Adeln
804 1501 102 25 vidtagna

73 1531 125 27 förändring
223 1538 60 20 synes
309 1531 112 21 Utskottet
443 1530 24 22 så
492 1531 85 27 mycket
600 1530 67 21 hellre
690 1530 53 21 böra
765 1530 21 20 af
807 1528 98 26 samtlige
