<?xml version="1.0" encoding="UTF-8"?>
<alto xmlns="http://www.loc.gov/standards/alto/ns-v3#" xmlns:xlink="http://www.w3.org/1999/xlink" xmlns:xsi="http://www.w3.org/2001/XMLSchema-instance" xsi:schemaLocation="http://www.loc.gov/standards/alto/ns-v3# http://www.loc.gov/alto/v3/alto-3-0.xsd">
	<Description>
		<MeasurementUnit>pixel</MeasurementUnit>
		<sourceImageInformation>
			<fileName>/tmp/tess_g_v7tq4k_input.PNG</fileName>
		</sourceImageInformation>
		<OCRProcessing ID="OCR_0">
			<ocrProcessingStep>
				<processingSoftware>
					<softwareName>tesseract 5.3.4</softwareName>
				</processingSoftware>
			</ocrProcessingStep>
		</OCRProcessing>
	</Description>
	<Layout>
		<Page WIDTH="1100" HEIGHT="1742" PHYSICAL_IMG_NR="0" ID="page_0">
			<PrintSpace HPOS="0" VPOS="0" WIDTH="1100" HEIGHT="1742">
				<ComposedBlock ID="cblock_0" HPOS="383" VPOS="112" WIDTH="497" HEIGHT="28">
					<TextBlock ID="block_0" HPOS="383" VPOS="112" WIDTH="497" HEIGHT="28">
						<TextLine ID="line_0" HPOS="383" VPOS="112" WIDTH="497" HEIGHT="28">
							<String ID="string_0" HPOS="383" VPOS="112" WIDTH="17" HEIGHT="19" WC="0.96" CONTENT="R."/><SP WIDTH="12" VPOS="112" HPOS="400"/>
							<String ID="string_1" HPOS="412" VPOS="117" WIDTH="16" HEIGHT="14" WC="0.91" CONTENT="0."/><SP WIDTH="12" VPOS="117" HPOS="428"/>
							<String ID="string_2" HPOS="440" VPOS="112" WIDTH="16" HEIGHT="19" WC="0.84" CONTENT="A."/><SP WIDTH="12" VPOS="112" HPOS="456"/>
							<String ID="string_3" HPOS="468" VPOS="112" WIDTH="46" HEIGHT="20" WC="0.95" CONTENT="1885."/><SP WIDTH="24" VPOS="112" HPOS="514"/>
							<String ID="string_4" HPOS="538" VPOS="112" WIDTH="18" HEIGHT="19" WC="0.96" CONTENT="12"/><SP WIDTH="12" VPOS="112" HPOS="556"/>
							<String ID="string_5" HPOS="568" VPOS="112" WIDTH="36" HEIGHT="24" WC="0.93" CONTENT="Maj."/><SP WIDTH="214" VPOS="112" HPOS="604"/>
							<String ID="string_6" HPOS="818" VPOS="112" WIDTH="62" HEIGHT="28" WC="0.96" CONTENT="1,137"/>
						</TextLine>
					</TextBlock>
				</ComposedBlock>
				<ComposedBlock ID="cblock_1" HPOS="82" VPOS="180" WIDTH="841" HEIGHT="1369">
					<TextBlock ID="block_1" HPOS="82" VPOS="180" WIDTH="832" HEIGHT="570">
						<TextLine ID="line_1" HPOS="82" VPOS="180" WIDTH="827" HEIGHT="28">
							<String ID="string_7" HPOS="82" VPOS="181" WIDTH="39" HEIGHT="21" WC="0.96" CONTENT="och"/><SP WIDTH="22" VPOS="181" HPOS="121"/>
							<String ID="string_8" HPOS="143" VPOS="180" WIDTH="53" HEIGHT="22" WC="0.90" CONTENT="först"/><SP WIDTH="22" VPOS="180" HPOS="196"/>
							<String ID="string_9" HPOS="218" VPOS="181" WIDTH="91" HEIGHT="21" WC="0.90" CONTENT="derefter"/><SP WIDTH="22" VPOS="181" HPOS="309"/>
							<String ID="string_10" HPOS="331" VPOS="181" WIDTH="69" HEIGHT="22" WC="0.93" CONTENT="skulle"/><SP WIDTH="22" VPOS="181" HPOS="400"/>
							<String ID="string_11" HPOS="422" VPOS="181" WIDTH="113" HEIGHT="27" WC="0.92" CONTENT="tillgodose"/><SP WIDTH="18" VPOS="181" HPOS="535"/>
							<String ID="string_12" HPOS="553" VPOS="181" WIDTH="207" HEIGHT="26" WC="0.91" CONTENT="lärdomsskolorna;"/><SP WIDTH="16" VPOS="181" HPOS="760"/>
							<String ID="string_13" HPOS="776" VPOS="187" WIDTH="48" HEIGHT="15" WC="0.96" CONTENT="men"/><SP WIDTH="16" VPOS="187" HPOS="824"/>
							<String ID="string_14" HPOS="840" VPOS="180" WIDTH="26" HEIGHT="22" WC="0.96" CONTENT="dä"/><SP WIDTH="14" VPOS="180" HPOS="866"/>
							<String ID="string_15" HPOS="880" VPOS="186" WIDTH="29" HEIGHT="16" WC="0.97" CONTENT="nu"/>
						</TextLine>
						<TextLine ID="line_2" HPOS="82" VPOS="208" WIDTH="828" HEIGHT="29">
							<String ID="string_16" HPOS="82" VPOS="210" WIDTH="82" HEIGHT="26" WC="0.92" CONTENT="engäng"/><SP WIDTH="17" VPOS="210" HPOS="164"/>
							<String ID="string_17" HPOS="181" VPOS="211" WIDTH="32" HEIGHT="19" WC="0.93" CONTENT="ett"/><SP WIDTH="17" VPOS="211" HPOS="213"/>
							<String ID="string_18" HPOS="230" VPOS="212" WIDTH="88" HEIGHT="19" WC="0.93" CONTENT="motsatt"/><SP WIDTH="14" VPOS="212" HPOS="318"/>
							<String ID="string_19" HPOS="332" VPOS="209" WIDTH="120" HEIGHT="22" WC="0.93" CONTENT="förfarande"/><SP WIDTH="15" VPOS="209" HPOS="452"/>
							<String ID="string_20" HPOS="467" VPOS="210" WIDTH="103" HEIGHT="27" WC="0.92" CONTENT="inslagits,"/><SP WIDTH="16" VPOS="210" HPOS="570"/>
							<String ID="string_21" HPOS="586" VPOS="210" WIDTH="62" HEIGHT="21" WC="0.96" CONTENT="torde"/><SP WIDTH="16" VPOS="210" HPOS="648"/>
							<String ID="string_22" HPOS="664" VPOS="210" WIDTH="37" HEIGHT="21" WC="0.96" CONTENT="det"/><SP WIDTH="15" VPOS="210" HPOS="701"/>
							<String ID="string_23" HPOS="716" VPOS="209" WIDTH="34" HEIGHT="22" WC="0.96" CONTENT="väl"/><SP WIDTH="15" VPOS="209" HPOS="750"/>
							<String ID="string_24" HPOS="765" VPOS="216" WIDTH="50" HEIGHT="14" WC="0.92" CONTENT="vara"/><SP WIDTH="14" VPOS="216" HPOS="815"/>
							<String ID="string_25" HPOS="829" VPOS="208" WIDTH="81" HEIGHT="28" WC="0.92" CONTENT="lämpli-"/>
						</TextLine>
						<TextLine ID="line_3" HPOS="82" VPOS="237" WIDTH="828" HEIGHT="27">
							<String ID="string_26" HPOS="82" VPOS="240" WIDTH="47" HEIGHT="24" WC="0.96" CONTENT="gast"/><SP WIDTH="15" VPOS="240" HPOS="129"/>
							<String ID="string_27" HPOS="144" VPOS="240" WIDTH="31" HEIGHT="19" WC="0.93" CONTENT="att"/><SP WIDTH="15" VPOS="240" HPOS="175"/>
							<String ID="string_28" HPOS="190" VPOS="237" WIDTH="88" HEIGHT="23" WC="0.92" CONTENT="fortfara"/><SP WIDTH="15" VPOS="237" HPOS="278"/>
							<String ID="string_29" HPOS="293" VPOS="238" WIDTH="87" HEIGHT="22" WC="0.93" CONTENT="dermed"/><SP WIDTH="14" VPOS="238" HPOS="380"/>
							<String ID="string_30" HPOS="394" VPOS="238" WIDTH="44" HEIGHT="22" WC="0.96" CONTENT="tills"/><SP WIDTH="15" VPOS="238" HPOS="438"/>
							<String ID="string_31" HPOS="453" VPOS="238" WIDTH="78" HEIGHT="22" WC="0.93" CONTENT="vidare."/><SP WIDTH="27" VPOS="238" HPOS="531"/>
							<String ID="string_32" HPOS="558" VPOS="238" WIDTH="96" HEIGHT="22" WC="0.92" CONTENT="Oaktadt"/><SP WIDTH="15" VPOS="238" HPOS="654"/>
							<String ID="string_33" HPOS="669" VPOS="238" WIDTH="45" HEIGHT="26" WC="0.96" CONTENT="allt,"/><SP WIDTH="16" VPOS="238" HPOS="714"/>
							<String ID="string_34" HPOS="730" VPOS="244" WIDTH="46" HEIGHT="15" WC="0.96" CONTENT="som"/><SP WIDTH="11" VPOS="244" HPOS="776"/>
							<String ID="string_35" HPOS="787" VPOS="237" WIDTH="31" HEIGHT="22" WC="0.91" CONTENT="till"/><SP WIDTH="10" VPOS="237" HPOS="818"/>
							<String ID="string_36" HPOS="828" VPOS="237" WIDTH="82" HEIGHT="22" WC="0.96" CONTENT="förmån"/>
						</TextLine>
						<TextLine ID="line_4" HPOS="82" VPOS="265" WIDTH="828" HEIGHT="29">
							<String ID="string_37" HPOS="82" VPOS="265" WIDTH="32" HEIGHT="23" WC="0.92" CONTENT="för"/><SP WIDTH="22" VPOS="265" HPOS="114"/>
							<String ID="string_38" HPOS="136" VPOS="266" WIDTH="137" HEIGHT="26" WC="0.92" CONTENT="utvidgandet"/><SP WIDTH="22" VPOS="266" HPOS="273"/>
							<String ID="string_39" HPOS="295" VPOS="266" WIDTH="23" HEIGHT="22" WC="0.93" CONTENT="af"/><SP WIDTH="20" VPOS="266" HPOS="318"/>
							<String ID="string_40" HPOS="338" VPOS="266" WIDTH="192" HEIGHT="22" WC="0.92" CONTENT="elementarskolan"/><SP WIDTH="22" VPOS="266" HPOS="530"/>
							<String ID="string_41" HPOS="552" VPOS="267" WIDTH="8" HEIGHT="21" WC="0.96" CONTENT="i"/><SP WIDTH="21" VPOS="267" HPOS="560"/>
							<String ID="string_42" HPOS="581" VPOS="266" WIDTH="96" HEIGHT="22" WC="0.93" CONTENT="Joensuu"/><SP WIDTH="18" VPOS="266" HPOS="677"/>
							<String ID="string_43" HPOS="695" VPOS="266" WIDTH="87" HEIGHT="26" WC="0.92" CONTENT="anförts,"/><SP WIDTH="16" VPOS="266" HPOS="782"/>
							<String ID="string_44" HPOS="798" VPOS="267" WIDTH="64" HEIGHT="27" WC="0.93" CONTENT="vägar"/><SP WIDTH="12" VPOS="267" HPOS="862"/>
							<String ID="string_45" HPOS="874" VPOS="266" WIDTH="36" HEIGHT="26" WC="0.96" CONTENT="jag"/>
						</TextLine>
						<TextLine ID="line_5" HPOS="82" VPOS="294" WIDTH="827" HEIGHT="28">
							<String ID="string_46" HPOS="82" VPOS="294" WIDTH="64" HEIGHT="22" WC="0.96" CONTENT="likväl"/><SP WIDTH="22" VPOS="294" HPOS="146"/>
							<String ID="string_47" HPOS="168" VPOS="294" WIDTH="57" HEIGHT="22" WC="0.96" CONTENT="hålla"/><SP WIDTH="22" VPOS="294" HPOS="225"/>
							<String ID="string_48" HPOS="247" VPOS="295" WIDTH="44" HEIGHT="21" WC="0.96" CONTENT="före"/><SP WIDTH="23" VPOS="295" HPOS="291"/>
							<String ID="string_49" HPOS="314" VPOS="297" WIDTH="31" HEIGHT="19" WC="0.96" CONTENT="att"/><SP WIDTH="23" VPOS="297" HPOS="345"/>
							<String ID="string_50" HPOS="368" VPOS="295" WIDTH="36" HEIGHT="21" WC="0.93" CONTENT="det"/><SP WIDTH="18" VPOS="295" HPOS="404"/>
							<String ID="string_51" HPOS="422" VPOS="301" WIDTH="51" HEIGHT="16" WC="0.96" CONTENT="vore"/><SP WIDTH="14" VPOS="301" HPOS="473"/>
							<String ID="string_52" HPOS="487" VPOS="295" WIDTH="49" HEIGHT="22" WC="0.95" CONTENT="bäst"/><SP WIDTH="14" VPOS="295" HPOS="536"/>
							<String ID="string_53" HPOS="550" VPOS="298" WIDTH="33" HEIGHT="18" WC="0.93" CONTENT="att"/><SP WIDTH="15" VPOS="298" HPOS="583"/>
							<String ID="string_54" HPOS="598" VPOS="294" WIDTH="45" HEIGHT="22" WC="0.96" CONTENT="låta"/><SP WIDTH="15" VPOS="294" HPOS="643"/>
							<String ID="string_55" HPOS="658" VPOS="295" WIDTH="41" HEIGHT="21" WC="0.93" CONTENT="den"/><SP WIDTH="16" VPOS="295" HPOS="699"/>
							<String ID="string_56" HPOS="715" VPOS="294" WIDTH="194" HEIGHT="28" WC="0.92" CONTENT="dislokationsplan,"/>
						</TextLine>
						<TextLine ID="line_6" HPOS="83" VPOS="322" WIDTH="827" HEIGHT="28">
							<String ID="string_57" HPOS="83" VPOS="330" WIDTH="45" HEIGHT="15" WC="0.96" CONTENT="som"/><SP WIDTH="22" VPOS="330" HPOS="128"/>
							<String ID="string_58" HPOS="150" VPOS="330" WIDTH="76" HEIGHT="20" WC="0.92" CONTENT="genom"/><SP WIDTH="22" VPOS="330" HPOS="226"/>
							<String ID="string_59" HPOS="248" VPOS="323" WIDTH="49" HEIGHT="22" WC="0.88" CONTENT="näd."/><SP WIDTH="22" VPOS="323" HPOS="297"/>
							<String ID="string_60" HPOS="319" VPOS="323" WIDTH="151" HEIGHT="27" WC="0.96" CONTENT="förordningen"/><SP WIDTH="22" VPOS="323" HPOS="470"/>
							<String ID="string_61" HPOS="492" VPOS="324" WIDTH="22" HEIGHT="22" WC="0.96" CONTENT="af"/><SP WIDTH="23" VPOS="324" HPOS="514"/>
							<String ID="string_62" HPOS="537" VPOS="324" WIDTH="55" HEIGHT="22" WC="0.96" CONTENT="1883"/><SP WIDTH="15" VPOS="324" HPOS="592"/>
							<String ID="string_63" HPOS="607" VPOS="326" WIDTH="24" HEIGHT="19" WC="0.93" CONTENT="är"/><SP WIDTH="15" VPOS="326" HPOS="631"/>
							<String ID="string_64" HPOS="646" VPOS="322" WIDTH="131" HEIGHT="28" WC="0.92" CONTENT="genomförd,"/><SP WIDTH="15" VPOS="322" HPOS="777"/>
							<String ID="string_65" HPOS="792" VPOS="324" WIDTH="64" HEIGHT="21" WC="0.96" CONTENT="verka"/><SP WIDTH="15" VPOS="324" HPOS="856"/>
							<String ID="string_66" HPOS="871" VPOS="322" WIDTH="39" HEIGHT="22" WC="0.96" CONTENT="och"/>
						</TextLine>
						<TextLine ID="line_7" HPOS="82" VPOS="351" WIDTH="828" HEIGHT="29">
							<String ID="string_67" HPOS="82" VPOS="351" WIDTH="47" HEIGHT="23" WC="0.96" CONTENT="icke"/><SP WIDTH="22" VPOS="351" HPOS="129"/>
							<String ID="string_68" HPOS="151" VPOS="352" WIDTH="55" HEIGHT="28" WC="0.96" CONTENT="ånyo"/><SP WIDTH="23" VPOS="352" HPOS="206"/>
							<String ID="string_69" HPOS="229" VPOS="352" WIDTH="64" HEIGHT="21" WC="0.93" CONTENT="delvis"/><SP WIDTH="23" VPOS="352" HPOS="293"/>
							<String ID="string_70" HPOS="316" VPOS="352" WIDTH="69" HEIGHT="21" WC="0.96" CONTENT="rubba"/><SP WIDTH="17" VPOS="352" HPOS="385"/>
							<String ID="string_71" HPOS="402" VPOS="352" WIDTH="41" HEIGHT="22" WC="0.95" CONTENT="den"/><SP WIDTH="15" VPOS="352" HPOS="443"/>
							<String ID="string_72" HPOS="458" VPOS="352" WIDTH="56" HEIGHT="28" WC="0.96" CONTENT="plan,"/><SP WIDTH="16" VPOS="352" HPOS="514"/>
							<String ID="string_73" HPOS="530" VPOS="359" WIDTH="46" HEIGHT="15" WC="0.93" CONTENT="som"/><SP WIDTH="16" VPOS="359" HPOS="576"/>
							<String ID="string_74" HPOS="592" VPOS="352" WIDTH="104" HEIGHT="28" WC="0.96" CONTENT="styrelsen"/><SP WIDTH="16" VPOS="352" HPOS="696"/>
							<String ID="string_75" HPOS="712" VPOS="352" WIDTH="39" HEIGHT="22" WC="0.93" CONTENT="har"/><SP WIDTH="14" VPOS="352" HPOS="751"/>
							<String ID="string_76" HPOS="765" VPOS="351" WIDTH="88" HEIGHT="23" WC="0.89" CONTENT="föresatt"/><SP WIDTH="15" VPOS="351" HPOS="853"/>
							<String ID="string_77" HPOS="868" VPOS="351" WIDTH="42" HEIGHT="27" WC="0.96" CONTENT="sig;"/>
						</TextLine>
						<TextLine ID="line_8" HPOS="85" VPOS="379" WIDTH="825" HEIGHT="29">
							<String ID="string_78" HPOS="85" VPOS="380" WIDTH="39" HEIGHT="22" WC="0.93" CONTENT="och"/><SP WIDTH="15" VPOS="380" HPOS="124"/>
							<String ID="string_79" HPOS="139" VPOS="382" WIDTH="65" HEIGHT="26" WC="0.92" CONTENT="vägar"/><SP WIDTH="12" VPOS="382" HPOS="204"/>
							<String ID="string_80" HPOS="216" VPOS="380" WIDTH="36" HEIGHT="27" WC="0.93" CONTENT="jag"/><SP WIDTH="15" VPOS="380" HPOS="252"/>
							<String ID="string_81" HPOS="267" VPOS="380" WIDTH="55" HEIGHT="28" WC="0.93" CONTENT="förty"/><SP WIDTH="15" VPOS="380" HPOS="322"/>
							<String ID="string_82" HPOS="337" VPOS="380" WIDTH="130" HEIGHT="22" WC="0.91" CONTENT="understöda"/><SP WIDTH="15" VPOS="380" HPOS="467"/>
							<String ID="string_83" HPOS="482" VPOS="381" WIDTH="46" HEIGHT="21" WC="0.93" CONTENT="frih."/><SP WIDTH="12" VPOS="381" HPOS="528"/>
							<String ID="string_84" HPOS="540" VPOS="381" WIDTH="23" HEIGHT="21" WC="0.93" CONTENT="af"/><SP WIDTH="9" VPOS="381" HPOS="563"/>
							<String ID="string_85" HPOS="572" VPOS="380" WIDTH="113" HEIGHT="22" WC="0.88" CONTENT="Schult&amp;ns"/><SP WIDTH="10" VPOS="380" HPOS="685"/>
							<String ID="string_86" HPOS="695" VPOS="380" WIDTH="135" HEIGHT="22" WC="0.93" CONTENT="reservation."/><SP WIDTH="23" VPOS="380" HPOS="830"/>
							<String ID="string_87" HPOS="853" VPOS="379" WIDTH="57" HEIGHT="23" WC="0.92" CONTENT="Frih."/>
						</TextLine>
						<TextLine ID="line_9" HPOS="83" VPOS="408" WIDTH="829" HEIGHT="28">
							<String ID="string_88" HPOS="83" VPOS="408" WIDTH="87" HEIGHT="24" WC="0.96" CONTENT="Palmén"/><SP WIDTH="22" VPOS="408" HPOS="170"/>
							<String ID="string_89" HPOS="192" VPOS="409" WIDTH="40" HEIGHT="21" WC="0.92" CONTENT="har"/><SP WIDTH="22" VPOS="409" HPOS="232"/>
							<String ID="string_90" HPOS="254" VPOS="411" WIDTH="59" HEIGHT="19" WC="0.96" CONTENT="nämt"/><SP WIDTH="22" VPOS="411" HPOS="313"/>
							<String ID="string_91" HPOS="335" VPOS="410" WIDTH="72" HEIGHT="26" WC="0.96" CONTENT="några,"/><SP WIDTH="24" VPOS="410" HPOS="407"/>
							<String ID="string_92" HPOS="431" VPOS="410" WIDTH="70" HEIGHT="22" WC="0.95" CONTENT="såsom"/><SP WIDTH="23" VPOS="410" HPOS="501"/>
							<String ID="string_93" HPOS="524" VPOS="410" WIDTH="42" HEIGHT="21" WC="0.96" CONTENT="han"/><SP WIDTH="23" VPOS="410" HPOS="566"/>
							<String ID="string_94" HPOS="589" VPOS="409" WIDTH="58" HEIGHT="27" WC="0.93" CONTENT="sade,"/><SP WIDTH="23" VPOS="409" HPOS="647"/>
							<String ID="string_95" HPOS="670" VPOS="409" WIDTH="87" HEIGHT="21" WC="0.96" CONTENT="talande"/><SP WIDTH="18" VPOS="409" HPOS="757"/>
							<String ID="string_96" HPOS="775" VPOS="408" WIDTH="74" HEIGHT="22" WC="0.96" CONTENT="siffror."/><SP WIDTH="30" VPOS="408" HPOS="849"/>
							<String ID="string_97" HPOS="879" VPOS="408" WIDTH="33" HEIGHT="22" WC="0.96" CONTENT="De"/>
						</TextLine>
						<TextLine ID="line_10" HPOS="83" VPOS="436" WIDTH="829" HEIGHT="28">
							<String ID="string_98" HPOS="83" VPOS="438" WIDTH="61" HEIGHT="22" WC="0.96" CONTENT="torde"/><SP WIDTH="24" VPOS="438" HPOS="144"/>
							<String ID="string_99" HPOS="168" VPOS="437" WIDTH="53" HEIGHT="23" WC="0.96" CONTENT="dock"/><SP WIDTH="22" VPOS="437" HPOS="221"/>
							<String ID="string_100" HPOS="243" VPOS="437" WIDTH="46" HEIGHT="22" WC="0.96" CONTENT="icke"/><SP WIDTH="22" VPOS="437" HPOS="289"/>
							<String ID="string_101" HPOS="311" VPOS="444" WIDTH="50" HEIGHT="15" WC="0.96" CONTENT="vara"/><SP WIDTH="23" VPOS="444" HPOS="361"/>
							<String ID="string_102" HPOS="384" VPOS="438" WIDTH="24" HEIGHT="21" WC="0.96" CONTENT="så"/><SP WIDTH="18" VPOS="438" HPOS="408"/>
							<String ID="string_103" HPOS="426" VPOS="438" WIDTH="88" HEIGHT="22" WC="0.96" CONTENT="alldeles"/><SP WIDTH="15" VPOS="438" HPOS="514"/>
							<String ID="string_104" HPOS="529" VPOS="438" WIDTH="92" HEIGHT="22" WC="0.96" CONTENT="talande."/><SP WIDTH="32" VPOS="438" HPOS="621"/>
							<String ID="string_105" HPOS="653" VPOS="438" WIDTH="49" HEIGHT="21" WC="0.93" CONTENT="Han"/><SP WIDTH="15" VPOS="438" HPOS="702"/>
							<String ID="string_106" HPOS="717" VPOS="437" WIDTH="39" HEIGHT="22" WC="0.96" CONTENT="har"/><SP WIDTH="14" VPOS="437" HPOS="756"/>
							<String ID="string_107" HPOS="770" VPOS="440" WIDTH="54" HEIGHT="24" WC="0.96" CONTENT="sagt,"/><SP WIDTH="15" VPOS="440" HPOS="824"/>
							<String ID="string_108" HPOS="839" VPOS="439" WIDTH="31" HEIGHT="19" WC="0.96" CONTENT="att"/><SP WIDTH="16" VPOS="439" HPOS="870"/>
							<String ID="string_109" HPOS="886" VPOS="436" WIDTH="26" HEIGHT="22" WC="0.96" CONTENT="de"/>
						</TextLine>
						<TextLine ID="line_11" HPOS="84" VPOS="466" WIDTH="827" HEIGHT="28">
							<String ID="string_110" HPOS="84" VPOS="466" WIDTH="58" HEIGHT="28" WC="0.96" CONTENT="lägre"/><SP WIDTH="22" VPOS="466" HPOS="142"/>
							<String ID="string_111" HPOS="164" VPOS="466" WIDTH="108" HEIGHT="22" WC="0.96" CONTENT="klasserna"/><SP WIDTH="18" VPOS="466" HPOS="272"/>
							<String ID="string_112" HPOS="290" VPOS="466" WIDTH="7" HEIGHT="21" WC="0.96" CONTENT="i"/><SP WIDTH="18" VPOS="466" HPOS="297"/>
							<String ID="string_113" HPOS="315" VPOS="466" WIDTH="100" HEIGHT="22" WC="0.96" CONTENT="skolorna"/><SP WIDTH="15" VPOS="466" HPOS="415"/>
							<String ID="string_114" HPOS="430" VPOS="466" WIDTH="67" HEIGHT="22" WC="0.96" CONTENT="borde"/><SP WIDTH="15" VPOS="466" HPOS="497"/>
							<String ID="string_115" HPOS="512" VPOS="468" WIDTH="81" HEIGHT="20" WC="0.96" CONTENT="ersätta"/><SP WIDTH="15" VPOS="468" HPOS="593"/>
							<String ID="string_116" HPOS="608" VPOS="466" WIDTH="129" HEIGHT="22" WC="0.96" CONTENT="förlusterna"/><SP WIDTH="14" VPOS="466" HPOS="737"/>
							<String ID="string_117" HPOS="751" VPOS="466" WIDTH="33" HEIGHT="22" WC="0.96" CONTENT="för"/><SP WIDTH="15" VPOS="466" HPOS="784"/>
							<String ID="string_118" HPOS="799" VPOS="466" WIDTH="26" HEIGHT="22" WC="0.96" CONTENT="de"/><SP WIDTH="14" VPOS="466" HPOS="825"/>
							<String ID="string_119" HPOS="839" VPOS="466" WIDTH="72" HEIGHT="26" WC="0.96" CONTENT="högre."/>
						</TextLine>
						<TextLine ID="line_12" HPOS="84" VPOS="494" WIDTH="828" HEIGHT="28">
							<String ID="string_120" HPOS="84" VPOS="494" WIDTH="43" HEIGHT="22" WC="0.96" CONTENT="Det"/><SP WIDTH="21" VPOS="494" HPOS="127"/>
							<String ID="string_121" HPOS="148" VPOS="495" WIDTH="42" HEIGHT="21" WC="0.96" CONTENT="kan"/><SP WIDTH="23" VPOS="495" HPOS="190"/>
							<String ID="string_122" HPOS="213" VPOS="494" WIDTH="75" HEIGHT="27" WC="0.96" CONTENT="hända,"/><SP WIDTH="16" VPOS="494" HPOS="288"/>
							<String ID="string_123" HPOS="304" VPOS="496" WIDTH="32" HEIGHT="21" WC="0.96" CONTENT="att"/><SP WIDTH="15" VPOS="496" HPOS="336"/>
							<String ID="string_124" HPOS="351" VPOS="495" WIDTH="59" HEIGHT="21" WC="0.96" CONTENT="detta"/><SP WIDTH="14" VPOS="495" HPOS="410"/>
							<String ID="string_125" HPOS="424" VPOS="496" WIDTH="100" HEIGHT="26" WC="0.96" CONTENT="yttrande"/><SP WIDTH="15" VPOS="496" HPOS="524"/>
							<String ID="string_126" HPOS="539" VPOS="495" WIDTH="57" HEIGHT="21" WC="0.96" CONTENT="förut"/><SP WIDTH="14" VPOS="495" HPOS="596"/>
							<String ID="string_127" HPOS="610" VPOS="495" WIDTH="40" HEIGHT="21" WC="0.96" CONTENT="har"/><SP WIDTH="16" VPOS="495" HPOS="650"/>
							<String ID="string_128" HPOS="666" VPOS="497" WIDTH="36" HEIGHT="24" WC="0.96" CONTENT="egt"/><SP WIDTH="14" VPOS="497" HPOS="702"/>
							<String ID="string_129" HPOS="716" VPOS="494" WIDTH="32" HEIGHT="22" WC="0.95" CONTENT="sin"/><SP WIDTH="15" VPOS="494" HPOS="748"/>
							<String ID="string_130" HPOS="763" VPOS="494" WIDTH="106" HEIGHT="26" WC="0.96" CONTENT="riktighet,"/><SP WIDTH="17" VPOS="494" HPOS="869"/>
							<String ID="string_131" HPOS="886" VPOS="494" WIDTH="26" HEIGHT="21" WC="0.96" CONTENT="då"/>
						</TextLine>
						<TextLine ID="line_13" HPOS="85" VPOS="521" WIDTH="829" HEIGHT="29">
							<String ID="string_132" HPOS="85" VPOS="523" WIDTH="177" HEIGHT="22" WC="0.91" CONTENT="subventionerna"/><SP WIDTH="22" VPOS="523" HPOS="262"/>
							<String ID="string_133" HPOS="284" VPOS="530" WIDTH="51" HEIGHT="15" WC="0.95" CONTENT="voro"/><SP WIDTH="18" VPOS="530" HPOS="335"/>
							<String ID="string_134" HPOS="353" VPOS="523" WIDTH="65" HEIGHT="27" WC="0.95" CONTENT="ringa."/><SP WIDTH="30" VPOS="523" HPOS="418"/>
							<String ID="string_135" HPOS="448" VPOS="524" WIDTH="51" HEIGHT="22" WC="0.95" CONTENT="Icke"/><SP WIDTH="19" VPOS="524" HPOS="499"/>
							<String ID="string_136" HPOS="518" VPOS="524" WIDTH="23" HEIGHT="22" WC="0.96" CONTENT="så"/><SP WIDTH="15" VPOS="524" HPOS="541"/>
							<String ID="string_137" HPOS="556" VPOS="530" WIDTH="95" HEIGHT="20" WC="0.96" CONTENT="numera,"/><SP WIDTH="16" VPOS="530" HPOS="651"/>
							<String ID="string_138" HPOS="667" VPOS="526" WIDTH="23" HEIGHT="24" WC="0.96" CONTENT="ty"/><SP WIDTH="15" VPOS="526" HPOS="690"/>
							<String ID="string_139" HPOS="705" VPOS="523" WIDTH="35" HEIGHT="21" WC="0.91" CONTENT="vid"/><SP WIDTH="14" VPOS="523" HPOS="740"/>
							<String ID="string_140" HPOS="754" VPOS="523" WIDTH="123" HEIGHT="27" WC="0.91" CONTENT="pröfningen"/><SP WIDTH="14" VPOS="523" HPOS="877"/>
							<String ID="string_141" HPOS="891" VPOS="521" WIDTH="23" HEIGHT="23" WC="0.95" CONTENT="af"/>
						</TextLine>
						<TextLine ID="line_14" HPOS="86" VPOS="550" WIDTH="827" HEIGHT="28">
							<String ID="string_142" HPOS="86" VPOS="552" WIDTH="26" HEIGHT="22" WC="0.96" CONTENT="de"/><SP WIDTH="16" VPOS="552" HPOS="112"/>
							<String ID="string_143" HPOS="128" VPOS="552" WIDTH="96" HEIGHT="26" WC="0.96" CONTENT="omkring"/><SP WIDTH="15" VPOS="552" HPOS="224"/>
							<String ID="string_144" HPOS="239" VPOS="552" WIDTH="28" HEIGHT="21" WC="0.96" CONTENT="30"/><SP WIDTH="14" VPOS="552" HPOS="267"/>
							<String ID="string_145" HPOS="281" VPOS="552" WIDTH="52" HEIGHT="22" WC="0.96" CONTENT="eller"/><SP WIDTH="10" VPOS="552" HPOS="333"/>
							<String ID="string_146" HPOS="343" VPOS="552" WIDTH="29" HEIGHT="22" WC="0.96" CONTENT="40"/><SP WIDTH="10" VPOS="552" HPOS="372"/>
							<String ID="string_147" HPOS="382" VPOS="552" WIDTH="105" HEIGHT="22" WC="0.93" CONTENT="särskilda"/><SP WIDTH="10" VPOS="552" HPOS="487"/>
							<String ID="string_148" HPOS="497" VPOS="552" WIDTH="288" HEIGHT="26" WC="0.90" CONTENT="subventionsansökningar,"/><SP WIDTH="10" VPOS="552" HPOS="785"/>
							<String ID="string_149" HPOS="795" VPOS="558" WIDTH="45" HEIGHT="16" WC="0.96" CONTENT="som"/><SP WIDTH="11" VPOS="558" HPOS="840"/>
							<String ID="string_150" HPOS="851" VPOS="550" WIDTH="62" HEIGHT="22" WC="0.94" CONTENT="hafva"/>
						</TextLine>
						<TextLine ID="line_15" HPOS="85" VPOS="580" WIDTH="827" HEIGHT="28">
							<String ID="string_151" HPOS="85" VPOS="580" WIDTH="111" HEIGHT="22" WC="0.95" CONTENT="inkommit"/><SP WIDTH="22" VPOS="580" HPOS="196"/>
							<String ID="string_152" HPOS="218" VPOS="580" WIDTH="32" HEIGHT="22" WC="0.95" CONTENT="till"/><SP WIDTH="23" VPOS="580" HPOS="250"/>
							<String ID="string_153" HPOS="273" VPOS="581" WIDTH="39" HEIGHT="21" WC="0.93" CONTENT="och"/><SP WIDTH="22" VPOS="581" HPOS="312"/>
							<String ID="string_154" HPOS="334" VPOS="580" WIDTH="94" HEIGHT="28" WC="0.91" CONTENT="pröfvats"/><SP WIDTH="22" VPOS="580" HPOS="428"/>
							<String ID="string_155" HPOS="450" VPOS="580" WIDTH="24" HEIGHT="22" WC="0.96" CONTENT="af"/><SP WIDTH="17" VPOS="580" HPOS="474"/>
							<String ID="string_156" HPOS="491" VPOS="583" WIDTH="95" HEIGHT="23" WC="0.96" CONTENT="senaten,"/><SP WIDTH="16" VPOS="583" HPOS="586"/>
							<String ID="string_157" HPOS="602" VPOS="580" WIDTH="40" HEIGHT="22" WC="0.96" CONTENT="och"/><SP WIDTH="16" VPOS="580" HPOS="642"/>
							<String ID="string_158" HPOS="658" VPOS="580" WIDTH="6" HEIGHT="22" WC="0.96" CONTENT="i"/><SP WIDTH="16" VPOS="580" HPOS="664"/>
							<String ID="string_159" HPOS="680" VPOS="580" WIDTH="71" HEIGHT="22" WC="0.96" CONTENT="hvilka"/><SP WIDTH="14" VPOS="580" HPOS="751"/>
							<String ID="string_160" HPOS="765" VPOS="580" WIDTH="147" HEIGHT="26" WC="0.96" CONTENT="ansökningar,"/>
						</TextLine>
						<TextLine ID="line_16" HPOS="86" VPOS="607" WIDTH="828" HEIGHT="29">
							<String ID="string_161" HPOS="86" VPOS="608" WIDTH="57" HEIGHT="22" WC="0.96" CONTENT="inom"/><SP WIDTH="22" VPOS="608" HPOS="143"/>
							<String ID="string_162" HPOS="165" VPOS="611" WIDTH="98" HEIGHT="25" WC="0.93" CONTENT="parentes"/><SP WIDTH="22" VPOS="611" HPOS="263"/>
							<String ID="string_163" HPOS="285" VPOS="610" WIDTH="68" HEIGHT="26" WC="0.90" CONTENT="sagdt,"/><SP WIDTH="23" VPOS="610" HPOS="353"/>
							<String ID="string_164" HPOS="376" VPOS="609" WIDTH="174" HEIGHT="27" WC="0.92" CONTENT="pretentionerna"/><SP WIDTH="21" VPOS="609" HPOS="550"/>
							<String ID="string_165" HPOS="571" VPOS="609" WIDTH="33" HEIGHT="22" WC="0.96" CONTENT="för"/><SP WIDTH="17" VPOS="609" HPOS="604"/>
							<String ID="string_166" HPOS="621" VPOS="609" WIDTH="27" HEIGHT="22" WC="0.96" CONTENT="de"/><SP WIDTH="15" VPOS="609" HPOS="648"/>
							<String ID="string_167" HPOS="663" VPOS="609" WIDTH="69" HEIGHT="21" WC="0.96" CONTENT="finska"/><SP WIDTH="14" VPOS="609" HPOS="732"/>
							<String ID="string_168" HPOS="746" VPOS="608" WIDTH="99" HEIGHT="22" WC="0.96" CONTENT="skolorna"/><SP WIDTH="15" VPOS="608" HPOS="845"/>
							<String ID="string_169" HPOS="860" VPOS="607" WIDTH="54" HEIGHT="22" WC="0.96" CONTENT="varit"/>
						</TextLine>
						<TextLine ID="line_17" HPOS="86" VPOS="636" WIDTH="828" HEIGHT="29">
							<String ID="string_170" HPOS="86" VPOS="637" WIDTH="113" HEIGHT="27" WC="0.92" CONTENT="uppdrifna"/><SP WIDTH="14" VPOS="637" HPOS="199"/>
							<String ID="string_171" HPOS="213" VPOS="637" WIDTH="33" HEIGHT="22" WC="0.96" CONTENT="till"/><SP WIDTH="15" VPOS="637" HPOS="246"/>
							<String ID="string_172" HPOS="261" VPOS="638" WIDTH="31" HEIGHT="21" WC="0.96" CONTENT="sin"/><SP WIDTH="15" VPOS="638" HPOS="292"/>
							<String ID="string_173" HPOS="307" VPOS="638" WIDTH="76" HEIGHT="27" WC="0.96" CONTENT="högsta"/><SP WIDTH="14" VPOS="638" HPOS="383"/>
							<String ID="string_174" HPOS="397" VPOS="637" WIDTH="57" HEIGHT="27" WC="0.96" CONTENT="höjd,"/><SP WIDTH="16" VPOS="637" HPOS="454"/>
							<String ID="string_175" HPOS="470" VPOS="638" WIDTH="39" HEIGHT="22" WC="0.96" CONTENT="har"/><SP WIDTH="15" VPOS="638" HPOS="509"/>
							<String ID="string_176" HPOS="524" VPOS="640" WIDTH="87" HEIGHT="20" WC="0.96" CONTENT="senaten"/><SP WIDTH="11" VPOS="640" HPOS="611"/>
							<String ID="string_177" HPOS="622" VPOS="638" WIDTH="66" HEIGHT="21" WC="0.96" CONTENT="också"/><SP WIDTH="10" VPOS="638" HPOS="688"/>
							<String ID="string_178" HPOS="698" VPOS="637" WIDTH="94" HEIGHT="22" WC="0.96" CONTENT="förordat"/><SP WIDTH="9" VPOS="637" HPOS="792"/>
							<String ID="string_179" HPOS="801" VPOS="636" WIDTH="113" HEIGHT="28" WC="0.90" CONTENT="långtifrån"/>
						</TextLine>
						<TextLine ID="line_18" HPOS="86" VPOS="664" WIDTH="826" HEIGHT="30">
							<String ID="string_180" HPOS="86" VPOS="666" WIDTH="60" HEIGHT="27" WC="0.96" CONTENT="ringa"/><SP WIDTH="22" VPOS="666" HPOS="146"/>
							<String ID="string_181" HPOS="168" VPOS="666" WIDTH="79" HEIGHT="27" WC="0.95" CONTENT="anslag,"/><SP WIDTH="23" VPOS="666" HPOS="247"/>
							<String ID="string_182" HPOS="270" VPOS="669" WIDTH="51" HEIGHT="19" WC="0.96" CONTENT="utan"/><SP WIDTH="18" VPOS="669" HPOS="321"/>
							<String ID="string_183" HPOS="339" VPOS="668" WIDTH="91" HEIGHT="20" WC="0.95" CONTENT="tvärtom"/><SP WIDTH="16" VPOS="668" HPOS="430"/>
							<String ID="string_184" HPOS="446" VPOS="668" WIDTH="53" HEIGHT="20" WC="0.96" CONTENT="nära"/><SP WIDTH="15" VPOS="668" HPOS="499"/>
							<String ID="string_185" HPOS="514" VPOS="673" WIDTH="42" HEIGHT="21" WC="0.96" CONTENT="nog"/><SP WIDTH="16" VPOS="673" HPOS="556"/>
							<String ID="string_186" HPOS="572" VPOS="666" WIDTH="26" HEIGHT="22" WC="0.96" CONTENT="de"/><SP WIDTH="15" VPOS="666" HPOS="598"/>
							<String ID="string_187" HPOS="613" VPOS="666" WIDTH="77" HEIGHT="27" WC="0.96" CONTENT="högsta"/><SP WIDTH="15" VPOS="666" HPOS="690"/>
							<String ID="string_188" HPOS="705" VPOS="666" WIDTH="84" HEIGHT="27" WC="0.96" CONTENT="belopp,"/><SP WIDTH="16" VPOS="666" HPOS="789"/>
							<String ID="string_189" HPOS="805" VPOS="672" WIDTH="45" HEIGHT="15" WC="0.96" CONTENT="som"/><SP WIDTH="15" VPOS="672" HPOS="850"/>
							<String ID="string_190" HPOS="865" VPOS="664" WIDTH="47" HEIGHT="22" WC="0.96" CONTENT="nåd."/>
						</TextLine>
						<TextLine ID="line_19" HPOS="87" VPOS="693" WIDTH="827" HEIGHT="29">
							<String ID="string_191" HPOS="87" VPOS="694" WIDTH="149" HEIGHT="28" WC="0.96" CONTENT="förordningen"/><SP WIDTH="14" VPOS="694" HPOS="236"/>
							<String ID="string_192" HPOS="250" VPOS="695" WIDTH="23" HEIGHT="21" WC="0.96" CONTENT="af"/><SP WIDTH="15" VPOS="695" HPOS="273"/>
							<String ID="string_193" HPOS="288" VPOS="696" WIDTH="53" HEIGHT="21" WC="0.93" CONTENT="1883"/><SP WIDTH="16" VPOS="696" HPOS="341"/>
							<String ID="string_194" HPOS="357" VPOS="694" WIDTH="121" HEIGHT="28" WC="0.92" CONTENT="medgifver."/><SP WIDTH="26" VPOS="694" HPOS="478"/>
							<String ID="string_195" HPOS="504" VPOS="695" WIDTH="41" HEIGHT="27" WC="0.96" CONTENT="Jag"/><SP WIDTH="15" VPOS="695" HPOS="545"/>
							<String ID="string_196" HPOS="560" VPOS="695" WIDTH="44" HEIGHT="26" WC="0.96" CONTENT="ber,"/><SP WIDTH="16" VPOS="695" HPOS="604"/>
							<String ID="string_197" HPOS="620" VPOS="701" WIDTH="47" HEIGHT="15" WC="0.93" CONTENT="som"/><SP WIDTH="15" VPOS="701" HPOS="667"/>
							<String ID="string_198" HPOS="682" VPOS="695" WIDTH="68" HEIGHT="27" WC="0.92" CONTENT="sagdt,"/><SP WIDTH="16" VPOS="695" HPOS="750"/>
							<String ID="string_199" HPOS="766" VPOS="694" WIDTH="62" HEIGHT="22" WC="0.96" CONTENT="att"/><SP WIDTH="-19" VPOS="694" HPOS="828"/>
							<String ID="string_200" HPOS="809" VPOS="689" WIDTH="25" HEIGHT="38" WC="0.93" CONTENT="få"/><SP WIDTH="4" VPOS="689" HPOS="834"/>
							<String ID="string_201" HPOS="838" VPOS="693" WIDTH="76" HEIGHT="22" WC="0.92" CONTENT="under-"/>
						</TextLine>
						<TextLine ID="line_20" HPOS="87" VPOS="722" WIDTH="400" HEIGHT="28">
							<String ID="string_202" HPOS="87" VPOS="723" WIDTH="62" HEIGHT="21" WC="0.96" CONTENT="stöda"/><SP WIDTH="15" VPOS="723" HPOS="149"/>
							<String ID="string_203" HPOS="164" VPOS="722" WIDTH="40" HEIGHT="22" WC="0.95" CONTENT="frih"/><SP WIDTH="22" VPOS="722" HPOS="204"/>
							<String ID="string_204" HPOS="226" VPOS="723" WIDTH="23" HEIGHT="21" WC="0.93" CONTENT="af"/><SP WIDTH="13" VPOS="723" HPOS="249"/>
							<String ID="string_205" HPOS="262" VPOS="723" WIDTH="110" HEIGHT="23" WC="0.92" CONTENT="Schulténs"/><SP WIDTH="14" VPOS="723" HPOS="372"/>
							<String ID="string_206" HPOS="386" VPOS="724" WIDTH="101" HEIGHT="26" WC="0.96" CONTENT="yrkande."/>
						</TextLine>
					</TextBlock>
					<TextBlock ID="block_2" HPOS="86" VPOS="750" WIDTH="837" HEIGHT="799">
						<TextLine ID="line_21" HPOS="157" VPOS="750" WIDTH="758" HEIGHT="30">
							<String ID="string_207" HPOS="157" VPOS="752" WIDTH="56" HEIGHT="21" WC="0.91" CONTENT="Frih."/><SP WIDTH="16" VPOS="752" HPOS="213"/>
							<String ID="string_208" HPOS="229" VPOS="752" WIDTH="137" HEIGHT="27" WC="0.92" CONTENT="Palmén,"/><SP WIDTH="16" VPOS="752" HPOS="366"/>
							<String ID="string_209" HPOS="382" VPOS="752" WIDTH="25" HEIGHT="22" WC="0.93" CONTENT="E."/><SP WIDTH="17" VPOS="752" HPOS="407"/>
							<String ID="string_210" HPOS="424" VPOS="752" WIDTH="36" HEIGHT="21" WC="0.92" CONTENT="G.:"/><SP WIDTH="16" VPOS="752" HPOS="460"/>
							<String ID="string_211" HPOS="476" VPOS="752" WIDTH="40" HEIGHT="28" WC="0.93" CONTENT="Jag"/><SP WIDTH="16" VPOS="752" HPOS="516"/>
							<String ID="string_212" HPOS="532" VPOS="752" WIDTH="97" HEIGHT="22" WC="0.92" CONTENT="erinrade"/><SP WIDTH="15" VPOS="752" HPOS="629"/>
							<String ID="string_213" HPOS="644" VPOS="752" WIDTH="44" HEIGHT="27" WC="0.96" CONTENT="mig"/><SP WIDTH="14" VPOS="752" HPOS="688"/>
							<String ID="string_214" HPOS="702" VPOS="752" WIDTH="81" HEIGHT="27" WC="0.96" CONTENT="ganska"/><SP WIDTH="14" VPOS="752" HPOS="783"/>
							<String ID="string_215" HPOS="797" VPOS="751" WIDTH="40" HEIGHT="27" WC="0.96" CONTENT="väl,"/><SP WIDTH="11" VPOS="751" HPOS="837"/>
							<String ID="string_216" HPOS="848" VPOS="750" WIDTH="67" HEIGHT="22" WC="0.96" CONTENT="ehuru"/>
						</TextLine>
						<TextLine ID="line_22" HPOS="86" VPOS="779" WIDTH="829" HEIGHT="28">
							<String ID="string_217" HPOS="86" VPOS="779" WIDTH="36" HEIGHT="28" WC="0.96" CONTENT="jag"/><SP WIDTH="14" VPOS="779" HPOS="122"/>
							<String ID="string_218" HPOS="136" VPOS="780" WIDTH="47" HEIGHT="22" WC="0.96" CONTENT="icke"/><SP WIDTH="15" VPOS="780" HPOS="183"/>
							<String ID="string_219" HPOS="198" VPOS="780" WIDTH="50" HEIGHT="22" WC="0.96" CONTENT="kom"/><SP WIDTH="15" VPOS="780" HPOS="248"/>
							<String ID="string_220" HPOS="263" VPOS="783" WIDTH="32" HEIGHT="19" WC="0.96" CONTENT="att"/><SP WIDTH="16" VPOS="783" HPOS="295"/>
							<String ID="string_221" HPOS="311" VPOS="781" WIDTH="71" HEIGHT="21" WC="0.96" CONTENT="derom"/><SP WIDTH="16" VPOS="781" HPOS="382"/>
							<String ID="string_222" HPOS="398" VPOS="781" WIDTH="66" HEIGHT="26" WC="0.96" CONTENT="något"/><SP WIDTH="15" VPOS="781" HPOS="464"/>
							<String ID="string_223" HPOS="479" VPOS="783" WIDTH="84" HEIGHT="24" WC="0.96" CONTENT="nämna,"/><SP WIDTH="16" VPOS="783" HPOS="563"/>
							<String ID="string_224" HPOS="579" VPOS="783" WIDTH="38" HEIGHT="24" WC="0.96" CONTENT="att,"/><SP WIDTH="17" VPOS="783" HPOS="617"/>
							<String ID="string_225" HPOS="634" VPOS="781" WIDTH="70" HEIGHT="21" WC="0.96" CONTENT="såsom"/><SP WIDTH="16" VPOS="781" HPOS="704"/>
							<String ID="string_226" HPOS="720" VPOS="780" WIDTH="65" HEIGHT="22" WC="0.96" CONTENT="redan"/><SP WIDTH="10" VPOS="780" HPOS="785"/>
							<String ID="string_227" HPOS="795" VPOS="780" WIDTH="8" HEIGHT="21" WC="0.96" CONTENT="i"/><SP WIDTH="10" VPOS="780" HPOS="803"/>
							<String ID="string_228" HPOS="813" VPOS="786" WIDTH="26" HEIGHT="16" WC="0.93" CONTENT="en"/><SP WIDTH="10" VPOS="786" HPOS="839"/>
							<String ID="string_229" HPOS="849" VPOS="785" WIDTH="66" HEIGHT="16" WC="0.91" CONTENT="reser-"/>
						</TextLine>
						<TextLine ID="line_23" HPOS="88" VPOS="807" WIDTH="828" HEIGHT="29">
							<String ID="string_230" HPOS="88" VPOS="808" WIDTH="72" HEIGHT="22" WC="0.92" CONTENT="vation"/><SP WIDTH="14" VPOS="808" HPOS="160"/>
							<String ID="string_231" HPOS="174" VPOS="808" WIDTH="68" HEIGHT="22" WC="0.93" CONTENT="blifvit"/><SP WIDTH="15" VPOS="808" HPOS="242"/>
							<String ID="string_232" HPOS="257" VPOS="809" WIDTH="112" HEIGHT="27" WC="0.91" CONTENT="påpekadt,"/><SP WIDTH="17" VPOS="809" HPOS="369"/>
							<String ID="string_233" HPOS="386" VPOS="816" WIDTH="25" HEIGHT="14" WC="0.96" CONTENT="en"/><SP WIDTH="16" VPOS="816" HPOS="411"/>
							<String ID="string_234" HPOS="427" VPOS="809" WIDTH="84" HEIGHT="22" WC="0.96" CONTENT="skilnad"/><SP WIDTH="13" VPOS="809" HPOS="511"/>
							<String ID="string_235" HPOS="524" VPOS="810" WIDTH="91" HEIGHT="20" WC="0.96" CONTENT="numera"/><SP WIDTH="15" VPOS="810" HPOS="615"/>
							<String ID="string_236" HPOS="630" VPOS="815" WIDTH="51" HEIGHT="21" WC="0.96" CONTENT="eger"/><SP WIDTH="14" VPOS="815" HPOS="681"/>
							<String ID="string_237" HPOS="695" VPOS="815" WIDTH="54" HEIGHT="20" WC="0.96" CONTENT="rum,"/><SP WIDTH="15" VPOS="815" HPOS="749"/>
							<String ID="string_238" HPOS="764" VPOS="808" WIDTH="7" HEIGHT="22" WC="0.96" CONTENT="i"/><SP WIDTH="16" VPOS="808" HPOS="771"/>
							<String ID="string_239" HPOS="787" VPOS="808" WIDTH="36" HEIGHT="22" WC="0.96" CONTENT="det"/><SP WIDTH="14" VPOS="808" HPOS="823"/>
							<String ID="string_240" HPOS="837" VPOS="810" WIDTH="32" HEIGHT="20" WC="0.96" CONTENT="att"/><SP WIDTH="14" VPOS="810" HPOS="869"/>
							<String ID="string_241" HPOS="883" VPOS="807" WIDTH="33" HEIGHT="21" WC="0.96" CONTENT="för"/>
						</TextLine>
						<TextLine ID="line_24" HPOS="89" VPOS="836" WIDTH="827" HEIGHT="29">
							<String ID="string_242" HPOS="89" VPOS="836" WIDTH="25" HEIGHT="22" WC="0.96" CONTENT="de"/><SP WIDTH="22" VPOS="836" HPOS="114"/>
							<String ID="string_243" HPOS="136" VPOS="837" WIDTH="66" HEIGHT="27" WC="0.96" CONTENT="högre"/><SP WIDTH="21" VPOS="837" HPOS="202"/>
							<String ID="string_244" HPOS="223" VPOS="837" WIDTH="109" HEIGHT="22" WC="0.96" CONTENT="klasserna"/><SP WIDTH="21" VPOS="837" HPOS="332"/>
							<String ID="string_245" HPOS="353" VPOS="838" WIDTH="66" HEIGHT="26" WC="0.95" CONTENT="enligt"/><SP WIDTH="21" VPOS="838" HPOS="419"/>
							<String ID="string_246" HPOS="440" VPOS="844" WIDTH="30" HEIGHT="15" WC="0.95" CONTENT="nu"/><SP WIDTH="22" VPOS="844" HPOS="470"/>
							<String ID="string_247" HPOS="492" VPOS="838" WIDTH="98" HEIGHT="27" WC="0.95" CONTENT="gällande"/><SP WIDTH="15" VPOS="838" HPOS="590"/>
							<String ID="string_248" HPOS="605" VPOS="838" WIDTH="124" HEIGHT="26" WC="0.96" CONTENT="förordning"/><SP WIDTH="14" VPOS="838" HPOS="729"/>
							<String ID="string_249" HPOS="743" VPOS="838" WIDTH="22" HEIGHT="20" WC="0.96" CONTENT="af"/><SP WIDTH="13" VPOS="838" HPOS="765"/>
							<String ID="string_250" HPOS="778" VPOS="838" WIDTH="40" HEIGHT="20" WC="0.96" CONTENT="den"/><SP WIDTH="17" VPOS="838" HPOS="818"/>
							<String ID="string_251" HPOS="835" VPOS="838" WIDTH="22" HEIGHT="20" WC="0.93" CONTENT="11"/><SP WIDTH="18" VPOS="838" HPOS="857"/>
							<String ID="string_252" HPOS="875" VPOS="836" WIDTH="41" HEIGHT="21" WC="0.90" CONTENT="De-"/>
						</TextLine>
						<TextLine ID="line_25" HPOS="89" VPOS="864" WIDTH="827" HEIGHT="29">
							<String ID="string_253" HPOS="89" VPOS="865" WIDTH="84" HEIGHT="22" WC="0.92" CONTENT="cember"/><SP WIDTH="23" VPOS="865" HPOS="173"/>
							<String ID="string_254" HPOS="196" VPOS="866" WIDTH="61" HEIGHT="27" WC="0.93" CONTENT="1884,"/><SP WIDTH="22" VPOS="866" HPOS="257"/>
							<String ID="string_255" HPOS="279" VPOS="867" WIDTH="63" HEIGHT="25" WC="0.92" CONTENT="4,000"/><SP WIDTH="19" VPOS="867" HPOS="342"/>
							<String ID="string_256" HPOS="361" VPOS="866" WIDTH="60" HEIGHT="22" WC="0.96" CONTENT="mark"/><SP WIDTH="17" VPOS="866" HPOS="421"/>
							<String ID="string_257" HPOS="438" VPOS="866" WIDTH="39" HEIGHT="22" WC="0.96" CONTENT="och"/><SP WIDTH="16" VPOS="866" HPOS="477"/>
							<String ID="string_258" HPOS="493" VPOS="866" WIDTH="33" HEIGHT="22" WC="0.96" CONTENT="för"/><SP WIDTH="14" VPOS="866" HPOS="526"/>
							<String ID="string_259" HPOS="540" VPOS="866" WIDTH="59" HEIGHT="27" WC="0.96" CONTENT="lägre"/><SP WIDTH="16" VPOS="866" HPOS="599"/>
							<String ID="string_260" HPOS="615" VPOS="866" WIDTH="58" HEIGHT="22" WC="0.93" CONTENT="klass"/><SP WIDTH="15" VPOS="866" HPOS="673"/>
							<String ID="string_261" HPOS="688" VPOS="866" WIDTH="64" HEIGHT="26" WC="0.92" CONTENT="2,500"/><SP WIDTH="14" VPOS="866" HPOS="752"/>
							<String ID="string_262" HPOS="766" VPOS="865" WIDTH="60" HEIGHT="22" WC="0.96" CONTENT="mark"/><SP WIDTH="15" VPOS="865" HPOS="826"/>
							<String ID="string_263" HPOS="841" VPOS="867" WIDTH="24" HEIGHT="20" WC="0.96" CONTENT="är"/><SP WIDTH="15" VPOS="867" HPOS="865"/>
							<String ID="string_264" HPOS="880" VPOS="864" WIDTH="36" HEIGHT="22" WC="0.96" CONTENT="det"/>
						</TextLine>
						<TextLine ID="line_26" HPOS="88" VPOS="893" WIDTH="828" HEIGHT="30">
							<String ID="string_265" HPOS="88" VPOS="893" WIDTH="77" HEIGHT="28" WC="0.96" CONTENT="högsta"/><SP WIDTH="15" VPOS="893" HPOS="165"/>
							<String ID="string_266" HPOS="180" VPOS="894" WIDTH="84" HEIGHT="28" WC="0.94" CONTENT="belopp,"/><SP WIDTH="15" VPOS="894" HPOS="264"/>
							<String ID="string_267" HPOS="279" VPOS="901" WIDTH="46" HEIGHT="15" WC="0.96" CONTENT="som"/><SP WIDTH="14" VPOS="901" HPOS="325"/>
							<String ID="string_268" HPOS="339" VPOS="895" WIDTH="42" HEIGHT="22" WC="0.93" CONTENT="kan"/><SP WIDTH="15" VPOS="895" HPOS="381"/>
							<String ID="string_269" HPOS="396" VPOS="895" WIDTH="67" HEIGHT="27" WC="0.92" CONTENT="gifvas"/><SP WIDTH="15" VPOS="895" HPOS="463"/>
							<String ID="string_270" HPOS="478" VPOS="895" WIDTH="170" HEIGHT="28" WC="0.92" CONTENT="privatläroverk"/><SP WIDTH="15" VPOS="895" HPOS="648"/>
							<String ID="string_271" HPOS="663" VPOS="895" WIDTH="6" HEIGHT="21" WC="0.96" CONTENT="i"/><SP WIDTH="14" VPOS="895" HPOS="669"/>
							<String ID="string_272" HPOS="683" VPOS="894" WIDTH="175" HEIGHT="26" WC="0.96" CONTENT="statsunderstöd,"/><SP WIDTH="10" VPOS="894" HPOS="858"/>
							<String ID="string_273" HPOS="868" VPOS="899" WIDTH="48" HEIGHT="16" WC="0.96" CONTENT="men"/>
						</TextLine>
						<TextLine ID="line_27" HPOS="86" VPOS="921" WIDTH="831" HEIGHT="30">
							<String ID="string_274" HPOS="86" VPOS="923" WIDTH="38" HEIGHT="26" WC="0.96" CONTENT="jag"/><SP WIDTH="14" VPOS="923" HPOS="124"/>
							<String ID="string_275" HPOS="138" VPOS="924" WIDTH="74" HEIGHT="24" WC="0.92" CONTENT="måste,"/><SP WIDTH="16" VPOS="924" HPOS="212"/>
							<String ID="string_276" HPOS="228" VPOS="923" WIDTH="88" HEIGHT="22" WC="0.91" CONTENT="oaktadt"/><SP WIDTH="12" VPOS="923" HPOS="316"/>
							<String ID="string_277" HPOS="328" VPOS="924" WIDTH="37" HEIGHT="26" WC="0.96" CONTENT="jag"/><SP WIDTH="14" VPOS="924" HPOS="365"/>
							<String ID="string_278" HPOS="379" VPOS="923" WIDTH="69" HEIGHT="22" WC="0.93" CONTENT="blifvit"/><SP WIDTH="15" VPOS="923" HPOS="448"/>
							<String ID="string_279" HPOS="463" VPOS="924" WIDTH="99" HEIGHT="27" WC="0.92" CONTENT="motsagd"/><SP WIDTH="14" VPOS="924" HPOS="562"/>
							<String ID="string_280" HPOS="576" VPOS="923" WIDTH="23" HEIGHT="22" WC="0.96" CONTENT="af"/><SP WIDTH="13" VPOS="923" HPOS="599"/>
							<String ID="string_281" HPOS="612" VPOS="925" WIDTH="81" HEIGHT="20" WC="0.96" CONTENT="tvänne"/><SP WIDTH="15" VPOS="925" HPOS="693"/>
							<String ID="string_282" HPOS="708" VPOS="923" WIDTH="63" HEIGHT="22" WC="0.96" CONTENT="ärade"/><SP WIDTH="15" VPOS="923" HPOS="771"/>
							<String ID="string_283" HPOS="786" VPOS="923" WIDTH="73" HEIGHT="26" WC="0.93" CONTENT="talare,"/><SP WIDTH="14" VPOS="923" HPOS="859"/>
							<String ID="string_284" HPOS="873" VPOS="921" WIDTH="44" HEIGHT="22" WC="0.93" CONTENT="vid-"/>
						</TextLine>
						<TextLine ID="line_28" HPOS="88" VPOS="949" WIDTH="829" HEIGHT="30">
							<String ID="string_285" HPOS="88" VPOS="951" WIDTH="64" HEIGHT="27" WC="0.95" CONTENT="hålla,"/><SP WIDTH="21" VPOS="951" HPOS="152"/>
							<String ID="string_286" HPOS="173" VPOS="954" WIDTH="33" HEIGHT="19" WC="0.96" CONTENT="att"/><SP WIDTH="18" VPOS="954" HPOS="206"/>
							<String ID="string_287" HPOS="224" VPOS="952" WIDTH="69" HEIGHT="21" WC="0.96" CONTENT="denna"/><SP WIDTH="15" VPOS="952" HPOS="293"/>
							<String ID="string_288" HPOS="308" VPOS="951" WIDTH="97" HEIGHT="23" WC="0.96" CONTENT="differens"/><SP WIDTH="15" VPOS="951" HPOS="405"/>
							<String ID="string_289" HPOS="420" VPOS="952" WIDTH="23" HEIGHT="21" WC="0.97" CONTENT="af"/><SP WIDTH="15" VPOS="952" HPOS="443"/>
							<String ID="string_290" HPOS="458" VPOS="953" WIDTH="63" HEIGHT="26" WC="0.96" CONTENT="1,500"/><SP WIDTH="15" VPOS="953" HPOS="521"/>
							<String ID="string_291" HPOS="536" VPOS="952" WIDTH="61" HEIGHT="22" WC="0.96" CONTENT="mark"/><SP WIDTH="14" VPOS="952" HPOS="597"/>
							<String ID="string_292" HPOS="611" VPOS="952" WIDTH="47" HEIGHT="22" WC="0.96" CONTENT="icke"/><SP WIDTH="16" VPOS="952" HPOS="658"/>
							<String ID="string_293" HPOS="674" VPOS="958" WIDTH="73" HEIGHT="15" WC="0.96" CONTENT="svarar"/><SP WIDTH="14" VPOS="958" HPOS="747"/>
							<String ID="string_294" HPOS="761" VPOS="955" WIDTH="45" HEIGHT="18" WC="0.96" CONTENT="mot"/><SP WIDTH="15" VPOS="955" HPOS="806"/>
							<String ID="string_295" HPOS="821" VPOS="951" WIDTH="39" HEIGHT="21" WC="0.93" CONTENT="den"/><SP WIDTH="15" VPOS="951" HPOS="860"/>
							<String ID="string_296" HPOS="875" VPOS="949" WIDTH="42" HEIGHT="23" WC="0.89" CONTENT="till-"/>
						</TextLine>
						<TextLine ID="line_29" HPOS="90" VPOS="978" WIDTH="827" HEIGHT="30">
							<String ID="string_297" HPOS="90" VPOS="980" WIDTH="78" HEIGHT="27" WC="0.96" CONTENT="ökning"/><SP WIDTH="22" VPOS="980" HPOS="168"/>
							<String ID="string_298" HPOS="190" VPOS="980" WIDTH="7" HEIGHT="21" WC="0.96" CONTENT="i"/><SP WIDTH="23" VPOS="980" HPOS="197"/>
							<String ID="string_299" HPOS="220" VPOS="980" WIDTH="119" HEIGHT="27" WC="0.96" CONTENT="utgifterna,"/><SP WIDTH="23" VPOS="980" HPOS="339"/>
							<String ID="string_300" HPOS="362" VPOS="987" WIDTH="45" HEIGHT="15" WC="0.96" CONTENT="som"/><SP WIDTH="23" VPOS="987" HPOS="407"/>
							<String ID="string_301" HPOS="430" VPOS="983" WIDTH="25" HEIGHT="19" WC="0.96" CONTENT="är"/><SP WIDTH="22" VPOS="983" HPOS="455"/>
							<String ID="string_302" HPOS="477" VPOS="981" WIDTH="121" HEIGHT="27" WC="0.95" CONTENT="nödvändig"/><SP WIDTH="17" VPOS="981" HPOS="598"/>
							<String ID="string_303" HPOS="615" VPOS="980" WIDTH="34" HEIGHT="22" WC="0.96" CONTENT="för"/><SP WIDTH="15" VPOS="980" HPOS="649"/>
							<String ID="string_304" HPOS="664" VPOS="987" WIDTH="26" HEIGHT="15" WC="0.96" CONTENT="en"/><SP WIDTH="15" VPOS="987" HPOS="690"/>
							<String ID="string_305" HPOS="705" VPOS="980" WIDTH="65" HEIGHT="27" WC="0.96" CONTENT="högre"/><SP WIDTH="14" VPOS="980" HPOS="770"/>
							<String ID="string_306" HPOS="784" VPOS="979" WIDTH="63" HEIGHT="22" WC="0.96" CONTENT="klass."/><SP WIDTH="29" VPOS="979" HPOS="847"/>
							<String ID="string_307" HPOS="876" VPOS="978" WIDTH="41" HEIGHT="27" WC="0.96" CONTENT="Jag"/>
						</TextLine>
						<TextLine ID="line_30" HPOS="90" VPOS="1007" WIDTH="828" HEIGHT="29">
							<String ID="string_308" HPOS="90" VPOS="1008" WIDTH="103" HEIGHT="27" WC="0.96" CONTENT="tillägger,"/><SP WIDTH="16" VPOS="1008" HPOS="193"/>
							<String ID="string_309" HPOS="209" VPOS="1011" WIDTH="32" HEIGHT="20" WC="0.96" CONTENT="att"/><SP WIDTH="12" VPOS="1011" HPOS="241"/>
							<String ID="string_310" HPOS="253" VPOS="1009" WIDTH="37" HEIGHT="27" WC="0.96" CONTENT="jag"/><SP WIDTH="15" VPOS="1009" HPOS="290"/>
							<String ID="string_311" HPOS="305" VPOS="1009" WIDTH="73" HEIGHT="22" WC="0.96" CONTENT="härvid"/><SP WIDTH="14" VPOS="1009" HPOS="378"/>
							<String ID="string_312" HPOS="392" VPOS="1009" WIDTH="47" HEIGHT="22" WC="0.96" CONTENT="icke"/><SP WIDTH="15" VPOS="1009" HPOS="439"/>
							<String ID="string_313" HPOS="454" VPOS="1009" WIDTH="66" HEIGHT="22" WC="0.96" CONTENT="fäster"/><SP WIDTH="15" VPOS="1009" HPOS="520"/>
							<String ID="string_314" HPOS="535" VPOS="1010" WIDTH="24" HEIGHT="21" WC="0.96" CONTENT="så"/><SP WIDTH="15" VPOS="1010" HPOS="559"/>
							<String ID="string_315" HPOS="574" VPOS="1011" WIDTH="46" HEIGHT="20" WC="0.96" CONTENT="stor"/><SP WIDTH="16" VPOS="1011" HPOS="620"/>
							<String ID="string_316" HPOS="636" VPOS="1009" WIDTH="44" HEIGHT="27" WC="0.96" CONTENT="vigt"/><SP WIDTH="15" VPOS="1009" HPOS="680"/>
							<String ID="string_317" HPOS="695" VPOS="1009" WIDTH="35" HEIGHT="21" WC="0.96" CONTENT="vid"/><SP WIDTH="15" VPOS="1009" HPOS="730"/>
							<String ID="string_318" HPOS="745" VPOS="1009" WIDTH="39" HEIGHT="22" WC="0.96" CONTENT="den"/><SP WIDTH="11" VPOS="1009" HPOS="784"/>
							<String ID="string_319" HPOS="795" VPOS="1010" WIDTH="47" HEIGHT="20" WC="0.93" CONTENT="rent"/><SP WIDTH="10" VPOS="1010" HPOS="842"/>
							<String ID="string_320" HPOS="852" VPOS="1007" WIDTH="66" HEIGHT="22" WC="0.92" CONTENT="finan-"/>
						</TextLine>
						<TextLine ID="line_31" HPOS="90" VPOS="1035" WIDTH="828" HEIGHT="30">
							<String ID="string_321" HPOS="90" VPOS="1036" WIDTH="60" HEIGHT="22" WC="0.92" CONTENT="siella"/><SP WIDTH="22" VPOS="1036" HPOS="150"/>
							<String ID="string_322" HPOS="172" VPOS="1037" WIDTH="59" HEIGHT="22" WC="0.95" CONTENT="sidan"/><SP WIDTH="23" VPOS="1037" HPOS="231"/>
							<String ID="string_323" HPOS="254" VPOS="1044" WIDTH="45" HEIGHT="15" WC="0.96" CONTENT="som"/><SP WIDTH="22" VPOS="1044" HPOS="299"/>
							<String ID="string_324" HPOS="321" VPOS="1038" WIDTH="34" HEIGHT="21" WC="0.96" CONTENT="vid"/><SP WIDTH="23" VPOS="1038" HPOS="355"/>
							<String ID="string_325" HPOS="378" VPOS="1044" WIDTH="26" HEIGHT="15" WC="0.96" CONTENT="en"/><SP WIDTH="23" VPOS="1044" HPOS="404"/>
							<String ID="string_326" HPOS="427" VPOS="1044" WIDTH="71" HEIGHT="15" WC="0.96" CONTENT="annan"/><SP WIDTH="16" VPOS="1044" HPOS="498"/>
							<String ID="string_327" HPOS="514" VPOS="1038" WIDTH="113" HEIGHT="27" WC="0.95" CONTENT="synpunkt."/><SP WIDTH="31" VPOS="1038" HPOS="627"/>
							<String ID="string_328" HPOS="658" VPOS="1038" WIDTH="43" HEIGHT="21" WC="0.94" CONTENT="Det"/><SP WIDTH="15" VPOS="1038" HPOS="701"/>
							<String ID="string_329" HPOS="716" VPOS="1039" WIDTH="24" HEIGHT="20" WC="0.96" CONTENT="är"/><SP WIDTH="11" VPOS="1039" HPOS="740"/>
							<String ID="string_330" HPOS="751" VPOS="1037" WIDTH="24" HEIGHT="28" WC="0.96" CONTENT="ju"/><SP WIDTH="14" VPOS="1037" HPOS="775"/>
							<String ID="string_331" HPOS="789" VPOS="1037" WIDTH="28" HEIGHT="27" WC="0.93" CONTENT="på"/><SP WIDTH="14" VPOS="1037" HPOS="817"/>
							<String ID="string_332" HPOS="831" VPOS="1035" WIDTH="87" HEIGHT="28" WC="0.92" CONTENT="special-"/>
						</TextLine>
						<TextLine ID="line_32" HPOS="90" VPOS="1065" WIDTH="828" HEIGHT="28">
							<String ID="string_333" HPOS="90" VPOS="1065" WIDTH="84" HEIGHT="22" WC="0.91" CONTENT="lärarne"/><SP WIDTH="22" VPOS="1065" HPOS="174"/>
							<String ID="string_334" HPOS="196" VPOS="1072" WIDTH="45" HEIGHT="15" WC="0.96" CONTENT="som"/><SP WIDTH="23" VPOS="1072" HPOS="241"/>
							<String ID="string_335" HPOS="264" VPOS="1066" WIDTH="26" HEIGHT="21" WC="0.96" CONTENT="de"/><SP WIDTH="22" VPOS="1066" HPOS="290"/>
							<String ID="string_336" HPOS="312" VPOS="1066" WIDTH="66" HEIGHT="27" WC="0.91" CONTENT="högre"/><SP WIDTH="21" VPOS="1066" HPOS="378"/>
							<String ID="string_337" HPOS="399" VPOS="1066" WIDTH="122" HEIGHT="22" WC="0.90" CONTENT="klassernas"/><SP WIDTH="19" VPOS="1066" HPOS="521"/>
							<String ID="string_338" HPOS="540" VPOS="1066" WIDTH="110" HEIGHT="27" WC="0.96" CONTENT="duglighet"/><SP WIDTH="15" VPOS="1066" HPOS="650"/>
							<String ID="string_339" HPOS="665" VPOS="1066" WIDTH="70" HEIGHT="24" WC="0.96" CONTENT="beror,"/><SP WIDTH="16" VPOS="1066" HPOS="735"/>
							<String ID="string_340" HPOS="751" VPOS="1072" WIDTH="47" HEIGHT="15" WC="0.96" CONTENT="men"/><SP WIDTH="15" VPOS="1072" HPOS="798"/>
							<String ID="string_341" HPOS="813" VPOS="1071" WIDTH="48" HEIGHT="16" WC="0.96" CONTENT="man"/><SP WIDTH="15" VPOS="1071" HPOS="861"/>
							<String ID="string_342" HPOS="876" VPOS="1065" WIDTH="42" HEIGHT="20" WC="0.96" CONTENT="kan"/>
						</TextLine>
						<TextLine ID="line_33" HPOS="91" VPOS="1092" WIDTH="827" HEIGHT="30">
							<String ID="string_343" HPOS="91" VPOS="1094" WIDTH="46" HEIGHT="21" WC="0.96" CONTENT="icke"/><SP WIDTH="22" VPOS="1094" HPOS="137"/>
							<String ID="string_344" HPOS="159" VPOS="1094" WIDTH="120" HEIGHT="27" WC="0.96" CONTENT="förutsätta,"/><SP WIDTH="15" VPOS="1094" HPOS="279"/>
							<String ID="string_345" HPOS="294" VPOS="1097" WIDTH="33" HEIGHT="19" WC="0.96" CONTENT="att"/><SP WIDTH="15" VPOS="1097" HPOS="327"/>
							<String ID="string_346" HPOS="342" VPOS="1095" WIDTH="85" HEIGHT="27" WC="0.96" CONTENT="dugliga"/><SP WIDTH="15" VPOS="1095" HPOS="427"/>
							<String ID="string_347" HPOS="442" VPOS="1095" WIDTH="132" HEIGHT="27" WC="0.96" CONTENT="specialister"/><SP WIDTH="14" VPOS="1095" HPOS="574"/>
							<String ID="string_348" HPOS="588" VPOS="1095" WIDTH="62" HEIGHT="22" WC="0.96" CONTENT="skola"/><SP WIDTH="15" VPOS="1095" HPOS="650"/>
							<String ID="string_349" HPOS="665" VPOS="1101" WIDTH="51" HEIGHT="15" WC="0.96" CONTENT="vara"/><SP WIDTH="15" VPOS="1101" HPOS="716"/>
							<String ID="string_350" HPOS="731" VPOS="1094" WIDTH="91" HEIGHT="22" WC="0.96" CONTENT="beredde"/><SP WIDTH="15" VPOS="1094" HPOS="822"/>
							<String ID="string_351" HPOS="837" VPOS="1095" WIDTH="33" HEIGHT="20" WC="0.93" CONTENT="att"/><SP WIDTH="12" VPOS="1095" HPOS="870"/>
							<String ID="string_352" HPOS="882" VPOS="1092" WIDTH="36" HEIGHT="22" WC="0.92" CONTENT="be-"/>
						</TextLine>
						<TextLine ID="line_34" HPOS="91" VPOS="1122" WIDTH="827" HEIGHT="29">
							<String ID="string_353" HPOS="91" VPOS="1122" WIDTH="55" HEIGHT="27" WC="0.96" CONTENT="gifva"/><SP WIDTH="22" VPOS="1122" HPOS="146"/>
							<String ID="string_354" HPOS="168" VPOS="1123" WIDTH="32" HEIGHT="27" WC="0.96" CONTENT="sig"/><SP WIDTH="22" VPOS="1123" HPOS="200"/>
							<String ID="string_355" HPOS="222" VPOS="1123" WIDTH="31" HEIGHT="21" WC="0.96" CONTENT="till"/><SP WIDTH="23" VPOS="1123" HPOS="253"/>
							<String ID="string_356" HPOS="276" VPOS="1129" WIDTH="26" HEIGHT="16" WC="0.96" CONTENT="en"/><SP WIDTH="22" VPOS="1129" HPOS="302"/>
							<String ID="string_357" HPOS="324" VPOS="1124" WIDTH="23" HEIGHT="21" WC="0.96" CONTENT="så"/><SP WIDTH="23" VPOS="1124" HPOS="347"/>
							<String ID="string_358" HPOS="370" VPOS="1124" WIDTH="60" HEIGHT="27" WC="0.93" CONTENT="långt"/><SP WIDTH="15" VPOS="1124" HPOS="430"/>
							<String ID="string_359" HPOS="445" VPOS="1123" WIDTH="92" HEIGHT="27" WC="0.92" CONTENT="aflägsen"/><SP WIDTH="16" VPOS="1123" HPOS="537"/>
							<String ID="string_360" HPOS="553" VPOS="1124" WIDTH="48" HEIGHT="21" WC="0.96" CONTENT="stad"/><SP WIDTH="15" VPOS="1124" HPOS="601"/>
							<String ID="string_361" HPOS="616" VPOS="1130" WIDTH="47" HEIGHT="15" WC="0.96" CONTENT="som"/><SP WIDTH="15" VPOS="1130" HPOS="663"/>
							<String ID="string_362" HPOS="678" VPOS="1122" WIDTH="126" HEIGHT="28" WC="0.96" CONTENT="exempelvis"/><SP WIDTH="14" VPOS="1122" HPOS="804"/>
							<String ID="string_363" HPOS="818" VPOS="1122" WIDTH="100" HEIGHT="25" WC="0.96" CONTENT="Joensuu,"/>
						</TextLine>
						<TextLine ID="line_35" HPOS="91" VPOS="1149" WIDTH="828" HEIGHT="30">
							<String ID="string_364" HPOS="91" VPOS="1150" WIDTH="33" HEIGHT="22" WC="0.96" CONTENT="för"/><SP WIDTH="22" VPOS="1150" HPOS="124"/>
							<String ID="string_365" HPOS="146" VPOS="1154" WIDTH="32" HEIGHT="19" WC="0.93" CONTENT="att"/><SP WIDTH="23" VPOS="1154" HPOS="178"/>
							<String ID="string_366" HPOS="201" VPOS="1152" WIDTH="108" HEIGHT="21" WC="0.91" CONTENT="derstädes"/><SP WIDTH="22" VPOS="1152" HPOS="309"/>
							<String ID="string_367" HPOS="331" VPOS="1151" WIDTH="63" HEIGHT="23" WC="0.96" CONTENT="hafva"/><SP WIDTH="22" VPOS="1151" HPOS="394"/>
							<String ID="string_368" HPOS="416" VPOS="1158" WIDTH="26" HEIGHT="15" WC="0.93" CONTENT="en"/><SP WIDTH="15" VPOS="1158" HPOS="442"/>
							<String ID="string_369" HPOS="457" VPOS="1152" WIDTH="71" HEIGHT="27" WC="0.91" CONTENT="tarflig"/><SP WIDTH="14" VPOS="1152" HPOS="528"/>
							<String ID="string_370" HPOS="542" VPOS="1152" WIDTH="104" HEIGHT="27" WC="0.91" CONTENT="bergning"/><SP WIDTH="15" VPOS="1152" HPOS="646"/>
							<String ID="string_371" HPOS="661" VPOS="1158" WIDTH="47" HEIGHT="15" WC="0.93" CONTENT="som"/><SP WIDTH="14" VPOS="1158" HPOS="708"/>
							<String ID="string_372" HPOS="722" VPOS="1151" WIDTH="113" HEIGHT="25" WC="0.92" CONTENT="timlärare,"/><SP WIDTH="17" VPOS="1151" HPOS="835"/>
							<String ID="string_373" HPOS="852" VPOS="1150" WIDTH="26" HEIGHT="21" WC="0.96" CONTENT="då"/><SP WIDTH="16" VPOS="1150" HPOS="878"/>
							<String ID="string_374" HPOS="894" VPOS="1149" WIDTH="25" HEIGHT="22" WC="0.95" CONTENT="de"/>
						</TextLine>
						<TextLine ID="line_36" HPOS="91" VPOS="1179" WIDTH="828" HEIGHT="29">
							<String ID="string_375" HPOS="91" VPOS="1179" WIDTH="63" HEIGHT="22" WC="0.96" CONTENT="hafva"/><SP WIDTH="21" VPOS="1179" HPOS="154"/>
							<String ID="string_376" HPOS="175" VPOS="1180" WIDTH="110" HEIGHT="27" WC="0.96" CONTENT="möjlighet"/><SP WIDTH="17" VPOS="1180" HPOS="285"/>
							<String ID="string_377" HPOS="302" VPOS="1183" WIDTH="32" HEIGHT="19" WC="0.96" CONTENT="att"/><SP WIDTH="14" VPOS="1183" HPOS="334"/>
							<String ID="string_378" HPOS="348" VPOS="1181" WIDTH="28" HEIGHT="27" WC="0.95" CONTENT="på"/><SP WIDTH="14" VPOS="1181" HPOS="376"/>
							<String ID="string_379" HPOS="390" VPOS="1181" WIDTH="78" HEIGHT="26" WC="0.96" CONTENT="många"/><SP WIDTH="16" VPOS="1181" HPOS="468"/>
							<String ID="string_380" HPOS="484" VPOS="1181" WIDTH="67" HEIGHT="21" WC="0.96" CONTENT="andra"/><SP WIDTH="15" VPOS="1181" HPOS="551"/>
							<String ID="string_381" HPOS="566" VPOS="1183" WIDTH="59" HEIGHT="19" WC="0.96" CONTENT="orter"/><SP WIDTH="15" VPOS="1183" HPOS="625"/>
							<String ID="string_382" HPOS="640" VPOS="1181" WIDTH="6" HEIGHT="20" WC="0.96" CONTENT="i"/><SP WIDTH="16" VPOS="1181" HPOS="646"/>
							<String ID="string_383" HPOS="662" VPOS="1181" WIDTH="48" HEIGHT="21" WC="0.96" CONTENT="vårt"/><SP WIDTH="14" VPOS="1181" HPOS="710"/>
							<String ID="string_384" HPOS="724" VPOS="1180" WIDTH="49" HEIGHT="21" WC="0.96" CONTENT="land"/><SP WIDTH="15" VPOS="1180" HPOS="773"/>
							<String ID="string_385" HPOS="788" VPOS="1179" WIDTH="20" HEIGHT="22" WC="0.96" CONTENT="få"/><SP WIDTH="15" VPOS="1179" HPOS="808"/>
							<String ID="string_386" HPOS="823" VPOS="1186" WIDTH="26" HEIGHT="15" WC="0.96" CONTENT="en"/><SP WIDTH="15" VPOS="1186" HPOS="849"/>
							<String ID="string_387" HPOS="864" VPOS="1179" WIDTH="55" HEIGHT="27" WC="0.97" CONTENT="plats"/>
						</TextLine>
						<TextLine ID="line_37" HPOS="91" VPOS="1207" WIDTH="829" HEIGHT="28">
							<String ID="string_388" HPOS="91" VPOS="1208" WIDTH="32" HEIGHT="21" WC="0.96" CONTENT="uti"/><SP WIDTH="22" VPOS="1208" HPOS="123"/>
							<String ID="string_389" HPOS="145" VPOS="1211" WIDTH="80" HEIGHT="19" WC="0.96" CONTENT="statens"/><SP WIDTH="22" VPOS="1211" HPOS="225"/>
							<String ID="string_390" HPOS="247" VPOS="1209" WIDTH="98" HEIGHT="22" WC="0.96" CONTENT="läroverk"/><SP WIDTH="17" VPOS="1209" HPOS="345"/>
							<String ID="string_391" HPOS="362" VPOS="1209" WIDTH="50" HEIGHT="21" WC="0.96" CONTENT="med"/><SP WIDTH="18" VPOS="1209" HPOS="412"/>
							<String ID="string_392" HPOS="430" VPOS="1209" WIDTH="83" HEIGHT="22" WC="0.96" CONTENT="förmån"/><SP WIDTH="16" VPOS="1209" HPOS="513"/>
							<String ID="string_393" HPOS="529" VPOS="1209" WIDTH="22" HEIGHT="22" WC="0.96" CONTENT="af"/><SP WIDTH="13" VPOS="1209" HPOS="551"/>
							<String ID="string_394" HPOS="564" VPOS="1211" WIDTH="70" HEIGHT="20" WC="0.96" CONTENT="större"/><SP WIDTH="14" VPOS="1211" HPOS="634"/>
							<String ID="string_395" HPOS="648" VPOS="1209" WIDTH="37" HEIGHT="21" WC="0.96" CONTENT="lön"/><SP WIDTH="15" VPOS="1209" HPOS="685"/>
							<String ID="string_396" HPOS="700" VPOS="1209" WIDTH="40" HEIGHT="22" WC="0.96" CONTENT="och"/><SP WIDTH="15" VPOS="1209" HPOS="740"/>
							<String ID="string_397" HPOS="755" VPOS="1208" WIDTH="93" HEIGHT="27" WC="0.96" CONTENT="pension."/><SP WIDTH="30" VPOS="1208" HPOS="848"/>
							<String ID="string_398" HPOS="878" VPOS="1207" WIDTH="42" HEIGHT="21" WC="0.95" CONTENT="Det"/>
						</TextLine>
						<TextLine ID="line_38" HPOS="92" VPOS="1235" WIDTH="828" HEIGHT="30">
							<String ID="string_399" HPOS="92" VPOS="1238" WIDTH="24" HEIGHT="20" WC="0.96" CONTENT="är"/><SP WIDTH="22" VPOS="1238" HPOS="116"/>
							<String ID="string_400" HPOS="138" VPOS="1237" WIDTH="45" HEIGHT="22" WC="0.95" CONTENT="helt"/><SP WIDTH="18" VPOS="1237" HPOS="183"/>
							<String ID="string_401" HPOS="201" VPOS="1237" WIDTH="72" HEIGHT="22" WC="0.96" CONTENT="enkelt"/><SP WIDTH="15" VPOS="1237" HPOS="273"/>
							<String ID="string_402" HPOS="288" VPOS="1244" WIDTH="27" HEIGHT="15" WC="0.96" CONTENT="en"/><SP WIDTH="15" VPOS="1244" HPOS="315"/>
							<String ID="string_403" HPOS="330" VPOS="1237" WIDTH="130" HEIGHT="28" WC="0.95" CONTENT="omöjlighet,"/><SP WIDTH="16" VPOS="1237" HPOS="460"/>
							<String ID="string_404" HPOS="476" VPOS="1240" WIDTH="32" HEIGHT="19" WC="0.96" CONTENT="att"/><SP WIDTH="16" VPOS="1240" HPOS="508"/>
							<String ID="string_405" HPOS="524" VPOS="1245" WIDTH="26" HEIGHT="14" WC="0.96" CONTENT="en"/><SP WIDTH="16" VPOS="1245" HPOS="550"/>
							<String ID="string_406" HPOS="566" VPOS="1237" WIDTH="82" HEIGHT="22" WC="0.93" CONTENT="enskild"/><SP WIDTH="15" VPOS="1237" HPOS="648"/>
							<String ID="string_407" HPOS="663" VPOS="1238" WIDTH="101" HEIGHT="21" WC="0.95" CONTENT="kommun"/><SP WIDTH="15" VPOS="1238" HPOS="764"/>
							<String ID="string_408" HPOS="779" VPOS="1236" WIDTH="53" HEIGHT="22" WC="0.93" CONTENT="skall"/><SP WIDTH="15" VPOS="1236" HPOS="832"/>
							<String ID="string_409" HPOS="847" VPOS="1235" WIDTH="73" HEIGHT="22" WC="0.91" CONTENT="dervid"/>
						</TextLine>
						<TextLine ID="line_39" HPOS="92" VPOS="1263" WIDTH="827" HEIGHT="30">
							<String ID="string_410" HPOS="92" VPOS="1265" WIDTH="71" HEIGHT="22" WC="0.96" CONTENT="kunna"/><SP WIDTH="15" VPOS="1265" HPOS="163"/>
							<String ID="string_411" HPOS="178" VPOS="1265" WIDTH="88" HEIGHT="28" WC="0.96" CONTENT="erbjuda"/><SP WIDTH="14" VPOS="1265" HPOS="266"/>
							<String ID="string_412" HPOS="280" VPOS="1266" WIDTH="100" HEIGHT="21" WC="0.96" CONTENT="likadana"/><SP WIDTH="14" VPOS="1266" HPOS="380"/>
							<String ID="string_413" HPOS="394" VPOS="1266" WIDTH="109" HEIGHT="22" WC="0.96" CONTENT="förmåner"/><SP WIDTH="15" VPOS="1266" HPOS="503"/>
							<String ID="string_414" HPOS="518" VPOS="1273" WIDTH="46" HEIGHT="15" WC="0.95" CONTENT="som"/><SP WIDTH="10" VPOS="1273" HPOS="564"/>
							<String ID="string_415" HPOS="574" VPOS="1268" WIDTH="71" HEIGHT="20" WC="0.93" CONTENT="staten"/><SP WIDTH="11" VPOS="1268" HPOS="645"/>
							<String ID="string_416" HPOS="656" VPOS="1266" WIDTH="138" HEIGHT="22" WC="0.91" CONTENT="annarstädes"/><SP WIDTH="10" VPOS="1266" HPOS="794"/>
							<String ID="string_417" HPOS="804" VPOS="1265" WIDTH="41" HEIGHT="21" WC="0.91" CONTENT="kan"/><SP WIDTH="11" VPOS="1265" HPOS="845"/>
							<String ID="string_418" HPOS="856" VPOS="1263" WIDTH="63" HEIGHT="27" WC="0.96" CONTENT="gifva;"/>
						</TextLine>
						<TextLine ID="line_40" HPOS="91" VPOS="1292" WIDTH="831" HEIGHT="30">
							<String ID="string_419" HPOS="91" VPOS="1293" WIDTH="160" HEIGHT="23" WC="0.96" CONTENT="konkurrensen"/><SP WIDTH="22" VPOS="1293" HPOS="251"/>
							<String ID="string_420" HPOS="273" VPOS="1297" WIDTH="25" HEIGHT="19" WC="0.96" CONTENT="är"/><SP WIDTH="21" VPOS="1297" HPOS="298"/>
							<String ID="string_421" HPOS="319" VPOS="1295" WIDTH="71" HEIGHT="21" WC="0.92" CONTENT="alltför"/><SP WIDTH="19" VPOS="1295" HPOS="390"/>
							<String ID="string_422" HPOS="409" VPOS="1295" WIDTH="77" HEIGHT="26" WC="0.90" CONTENT="ojemn."/><SP WIDTH="31" VPOS="1295" HPOS="486"/>
							<String ID="string_423" HPOS="517" VPOS="1295" WIDTH="43" HEIGHT="22" WC="0.93" CONTENT="Det"/><SP WIDTH="16" VPOS="1295" HPOS="560"/>
							<String ID="string_424" HPOS="576" VPOS="1297" WIDTH="25" HEIGHT="19" WC="0.96" CONTENT="är"/><SP WIDTH="15" VPOS="1297" HPOS="601"/>
							<String ID="string_425" HPOS="616" VPOS="1295" WIDTH="70" HEIGHT="22" WC="0.96" CONTENT="denna"/><SP WIDTH="15" VPOS="1295" HPOS="686"/>
							<String ID="string_426" HPOS="701" VPOS="1293" WIDTH="111" HEIGHT="29" WC="0.94" CONTENT="synpunkt,"/><SP WIDTH="16" VPOS="1293" HPOS="812"/>
							<String ID="string_427" HPOS="828" VPOS="1299" WIDTH="45" HEIGHT="15" WC="0.96" CONTENT="som"/><SP WIDTH="15" VPOS="1299" HPOS="873"/>
							<String ID="string_428" HPOS="888" VPOS="1292" WIDTH="34" HEIGHT="21" WC="0.96" CONTENT="för"/>
						</TextLine>
						<TextLine ID="line_41" HPOS="92" VPOS="1321" WIDTH="830" HEIGHT="30">
							<String ID="string_429" HPOS="92" VPOS="1322" WIDTH="42" HEIGHT="27" WC="0.96" CONTENT="mig"/><SP WIDTH="23" VPOS="1322" HPOS="134"/>
							<String ID="string_430" HPOS="157" VPOS="1325" WIDTH="24" HEIGHT="19" WC="0.96" CONTENT="är"/><SP WIDTH="22" VPOS="1325" HPOS="181"/>
							<String ID="string_431" HPOS="203" VPOS="1323" WIDTH="41" HEIGHT="22" WC="0.93" CONTENT="den"/><SP WIDTH="18" VPOS="1323" HPOS="244"/>
							<String ID="string_432" HPOS="262" VPOS="1323" WIDTH="118" HEIGHT="28" WC="0.90" CONTENT="vigtigaste,"/><SP WIDTH="16" VPOS="1323" HPOS="380"/>
							<String ID="string_433" HPOS="396" VPOS="1323" WIDTH="68" HEIGHT="22" WC="0.92" CONTENT="ehuru"/><SP WIDTH="16" VPOS="1323" HPOS="464"/>
							<String ID="string_434" HPOS="480" VPOS="1324" WIDTH="38" HEIGHT="21" WC="0.96" CONTENT="det"/><SP WIDTH="14" VPOS="1324" HPOS="518"/>
							<String ID="string_435" HPOS="532" VPOS="1325" WIDTH="24" HEIGHT="20" WC="0.96" CONTENT="är"/><SP WIDTH="15" VPOS="1325" HPOS="556"/>
							<String ID="string_436" HPOS="571" VPOS="1323" WIDTH="89" HEIGHT="27" WC="0.95" CONTENT="möjligt,"/><SP WIDTH="16" VPOS="1323" HPOS="660"/>
							<String ID="string_437" HPOS="676" VPOS="1325" WIDTH="33" HEIGHT="20" WC="0.96" CONTENT="att"/><SP WIDTH="12" VPOS="1325" HPOS="709"/>
							<String ID="string_438" HPOS="721" VPOS="1323" WIDTH="36" HEIGHT="26" WC="0.96" CONTENT="jag"/><SP WIDTH="14" VPOS="1323" HPOS="757"/>
							<String ID="string_439" HPOS="771" VPOS="1322" WIDTH="7" HEIGHT="21" WC="0.96" CONTENT="i"/><SP WIDTH="15" VPOS="1322" HPOS="778"/>
							<String ID="string_440" HPOS="793" VPOS="1321" WIDTH="47" HEIGHT="22" WC="0.96" CONTENT="mitt"/><SP WIDTH="15" VPOS="1321" HPOS="840"/>
							<String ID="string_441" HPOS="855" VPOS="1321" WIDTH="67" HEIGHT="22" WC="0.94" CONTENT="första"/>
						</TextLine>
						<TextLine ID="line_42" HPOS="92" VPOS="1349" WIDTH="830" HEIGHT="30">
							<String ID="string_442" HPOS="92" VPOS="1351" WIDTH="136" HEIGHT="27" WC="0.91" CONTENT="andragande"/><SP WIDTH="21" VPOS="1351" HPOS="228"/>
							<String ID="string_443" HPOS="249" VPOS="1351" WIDTH="47" HEIGHT="22" WC="0.96" CONTENT="icke"/><SP WIDTH="22" VPOS="1351" HPOS="296"/>
							<String ID="string_444" HPOS="318" VPOS="1352" WIDTH="24" HEIGHT="21" WC="0.96" CONTENT="så"/><SP WIDTH="21" VPOS="1352" HPOS="342"/>
							<String ID="string_445" HPOS="363" VPOS="1352" WIDTH="75" HEIGHT="27" WC="0.96" CONTENT="skarpt"/><SP WIDTH="23" VPOS="1352" HPOS="438"/>
							<String ID="string_446" HPOS="461" VPOS="1351" WIDTH="90" HEIGHT="23" WC="0.96" CONTENT="betonat"/><SP WIDTH="11" VPOS="1351" HPOS="551"/>
							<String ID="string_447" HPOS="562" VPOS="1353" WIDTH="46" HEIGHT="26" WC="0.96" CONTENT="just"/><SP WIDTH="16" VPOS="1353" HPOS="608"/>
							<String ID="string_448" HPOS="624" VPOS="1352" WIDTH="70" HEIGHT="21" WC="0.96" CONTENT="denna"/><SP WIDTH="13" VPOS="1352" HPOS="694"/>
							<String ID="string_449" HPOS="707" VPOS="1349" WIDTH="154" HEIGHT="24" WC="0.96" CONTENT="intellektuella"/><SP WIDTH="15" VPOS="1349" HPOS="861"/>
							<String ID="string_450" HPOS="876" VPOS="1349" WIDTH="46" HEIGHT="22" WC="0.96" CONTENT="sida"/>
						</TextLine>
						<TextLine ID="line_43" HPOS="92" VPOS="1377" WIDTH="830" HEIGHT="30">
							<String ID="string_451" HPOS="92" VPOS="1379" WIDTH="23" HEIGHT="22" WC="0.96" CONTENT="af"/><SP WIDTH="13" VPOS="1379" HPOS="115"/>
							<String ID="string_452" HPOS="128" VPOS="1380" WIDTH="72" HEIGHT="27" WC="0.96" CONTENT="saken,"/><SP WIDTH="15" VPOS="1380" HPOS="200"/>
							<String ID="string_453" HPOS="215" VPOS="1386" WIDTH="45" HEIGHT="16" WC="0.96" CONTENT="som"/><SP WIDTH="13" VPOS="1386" HPOS="260"/>
							<String ID="string_454" HPOS="273" VPOS="1381" WIDTH="38" HEIGHT="26" WC="0.96" CONTENT="jag"/><SP WIDTH="14" VPOS="1381" HPOS="311"/>
							<String ID="string_455" HPOS="325" VPOS="1380" WIDTH="55" HEIGHT="21" WC="0.93" CONTENT="hade"/><SP WIDTH="15" VPOS="1380" HPOS="380"/>
							<String ID="string_456" HPOS="395" VPOS="1380" WIDTH="70" HEIGHT="22" WC="0.91" CONTENT="bordt."/><SP WIDTH="33" VPOS="1380" HPOS="465"/>
							<String ID="string_457" HPOS="498" VPOS="1381" WIDTH="33" HEIGHT="21" WC="0.93" CONTENT="Då"/><SP WIDTH="16" VPOS="1381" HPOS="531"/>
							<String ID="string_458" HPOS="547" VPOS="1380" WIDTH="71" HEIGHT="22" WC="0.92" CONTENT="dertill"/><SP WIDTH="16" VPOS="1380" HPOS="618"/>
							<String ID="string_459" HPOS="634" VPOS="1381" WIDTH="103" HEIGHT="25" WC="0.96" CONTENT="kommer,"/><SP WIDTH="15" VPOS="1381" HPOS="737"/>
							<String ID="string_460" HPOS="752" VPOS="1382" WIDTH="31" HEIGHT="19" WC="0.96" CONTENT="att"/><SP WIDTH="15" VPOS="1382" HPOS="783"/>
							<String ID="string_461" HPOS="798" VPOS="1385" WIDTH="28" HEIGHT="15" WC="0.96" CONTENT="nu"/><SP WIDTH="14" VPOS="1385" HPOS="826"/>
							<String ID="string_462" HPOS="840" VPOS="1378" WIDTH="8" HEIGHT="21" WC="0.96" CONTENT="i"/><SP WIDTH="14" VPOS="1378" HPOS="848"/>
							<String ID="string_463" HPOS="862" VPOS="1377" WIDTH="60" HEIGHT="28" WC="0.96" CONTENT="fråga"/>
						</TextLine>
						<TextLine ID="line_44" HPOS="92" VPOS="1407" WIDTH="830" HEIGHT="29">
							<String ID="string_464" HPOS="92" VPOS="1409" WIDTH="92" HEIGHT="21" WC="0.96" CONTENT="varande"/><SP WIDTH="23" VPOS="1409" HPOS="184"/>
							<String ID="string_465" HPOS="207" VPOS="1410" WIDTH="34" HEIGHT="20" WC="0.96" CONTENT="ort"/><SP WIDTH="22" VPOS="1410" HPOS="241"/>
							<String ID="string_466" HPOS="263" VPOS="1409" WIDTH="6" HEIGHT="21" WC="0.96" CONTENT="i"/><SP WIDTH="23" VPOS="1409" HPOS="269"/>
							<String ID="string_467" HPOS="292" VPOS="1409" WIDTH="42" HEIGHT="21" WC="0.95" CONTENT="alla"/><SP WIDTH="21" VPOS="1409" HPOS="334"/>
							<String ID="string_468" HPOS="355" VPOS="1408" WIDTH="37" HEIGHT="22" WC="0.95" CONTENT="fall"/><SP WIDTH="22" VPOS="1408" HPOS="392"/>
							<String ID="string_469" HPOS="414" VPOS="1409" WIDTH="56" HEIGHT="21" WC="0.91" CONTENT="visat"/><SP WIDTH="24" VPOS="1409" HPOS="470"/>
							<String ID="string_470" HPOS="494" VPOS="1408" WIDTH="154" HEIGHT="28" WC="0.90" CONTENT="offervillighet,"/><SP WIDTH="16" VPOS="1408" HPOS="648"/>
							<String ID="string_471" HPOS="664" VPOS="1409" WIDTH="74" HEIGHT="27" WC="0.96" CONTENT="tyckes"/><SP WIDTH="14" VPOS="1409" HPOS="738"/>
							<String ID="string_472" HPOS="752" VPOS="1408" WIDTH="49" HEIGHT="27" WC="0.96" CONTENT="mig,"/><SP WIDTH="16" VPOS="1408" HPOS="801"/>
							<String ID="string_473" HPOS="817" VPOS="1409" WIDTH="31" HEIGHT="20" WC="0.96" CONTENT="att"/><SP WIDTH="15" VPOS="1409" HPOS="848"/>
							<String ID="string_474" HPOS="863" VPOS="1407" WIDTH="59" HEIGHT="20" WC="0.96" CONTENT="detta"/>
						</TextLine>
						<TextLine ID="line_45" HPOS="92" VPOS="1434" WIDTH="830" HEIGHT="29">
							<String ID="string_475" HPOS="92" VPOS="1439" WIDTH="116" HEIGHT="24" WC="0.96" CONTENT="yttermera"/><SP WIDTH="22" VPOS="1439" HPOS="208"/>
							<String ID="string_476" HPOS="230" VPOS="1437" WIDTH="66" HEIGHT="22" WC="0.96" CONTENT="borde"/><SP WIDTH="22" VPOS="1437" HPOS="296"/>
							<String ID="string_477" HPOS="318" VPOS="1437" WIDTH="78" HEIGHT="22" WC="0.96" CONTENT="räknas"/><SP WIDTH="23" VPOS="1437" HPOS="396"/>
							<String ID="string_478" HPOS="419" VPOS="1437" WIDTH="125" HEIGHT="22" WC="0.96" CONTENT="densamma"/><SP WIDTH="18" VPOS="1437" HPOS="544"/>
							<String ID="string_479" HPOS="562" VPOS="1437" WIDTH="32" HEIGHT="21" WC="0.96" CONTENT="till"/><SP WIDTH="17" VPOS="1437" HPOS="594"/>
							<String ID="string_480" HPOS="611" VPOS="1437" WIDTH="66" HEIGHT="22" WC="0.96" CONTENT="favör."/><SP WIDTH="31" VPOS="1437" HPOS="677"/>
							<String ID="string_481" HPOS="708" VPOS="1437" WIDTH="31" HEIGHT="21" WC="0.92" CONTENT="Hr"/><SP WIDTH="15" VPOS="1437" HPOS="739"/>
							<String ID="string_482" HPOS="754" VPOS="1434" WIDTH="168" HEIGHT="27" WC="0.90" CONTENT="Standertskjöld"/>
						</TextLine>
						<TextLine ID="line_46" HPOS="93" VPOS="1464" WIDTH="830" HEIGHT="29">
							<String ID="string_483" HPOS="93" VPOS="1467" WIDTH="25" HEIGHT="18" WC="0.96" CONTENT="är"/><SP WIDTH="22" VPOS="1467" HPOS="118"/>
							<String ID="string_484" HPOS="140" VPOS="1465" WIDTH="21" HEIGHT="22" WC="0.96" CONTENT="af"/><SP WIDTH="21" VPOS="1465" HPOS="161"/>
							<String ID="string_485" HPOS="182" VPOS="1472" WIDTH="26" HEIGHT="15" WC="0.96" CONTENT="en"/><SP WIDTH="22" VPOS="1472" HPOS="208"/>
							<String ID="string_486" HPOS="230" VPOS="1467" WIDTH="89" HEIGHT="20" WC="0.95" CONTENT="motsatt"/><SP WIDTH="21" VPOS="1467" HPOS="319"/>
							<String ID="string_487" HPOS="340" VPOS="1465" WIDTH="75" HEIGHT="26" WC="0.94" CONTENT="tanke;"/><SP WIDTH="24" VPOS="1465" HPOS="415"/>
							<String ID="string_488" HPOS="439" VPOS="1465" WIDTH="43" HEIGHT="22" WC="0.96" CONTENT="han"/><SP WIDTH="21" VPOS="1465" HPOS="482"/>
							<String ID="string_489" HPOS="503" VPOS="1465" WIDTH="36" HEIGHT="22" WC="0.96" CONTENT="vill"/><SP WIDTH="15" VPOS="1465" HPOS="539"/>
							<String ID="string_490" HPOS="554" VPOS="1466" WIDTH="24" HEIGHT="21" WC="0.96" CONTENT="så"/><SP WIDTH="16" VPOS="1466" HPOS="578"/>
							<String ID="string_491" HPOS="594" VPOS="1468" WIDTH="32" HEIGHT="19" WC="0.96" CONTENT="att"/><SP WIDTH="15" VPOS="1468" HPOS="626"/>
							<String ID="string_492" HPOS="641" VPOS="1467" WIDTH="51" HEIGHT="26" WC="0.93" CONTENT="säga"/><SP WIDTH="14" VPOS="1467" HPOS="692"/>
							<String ID="string_493" HPOS="706" VPOS="1464" WIDTH="100" HEIGHT="23" WC="0.92" CONTENT="bestraffa"/><SP WIDTH="14" VPOS="1464" HPOS="806"/>
							<String ID="string_494" HPOS="820" VPOS="1464" WIDTH="103" HEIGHT="21" WC="0.91" CONTENT="Joensuu-"/>
						</TextLine>
						<TextLine ID="line_47" HPOS="93" VPOS="1491" WIDTH="830" HEIGHT="30">
							<String ID="string_495" HPOS="93" VPOS="1492" WIDTH="80" HEIGHT="23" WC="0.92" CONTENT="boarne"/><SP WIDTH="22" VPOS="1492" HPOS="173"/>
							<String ID="string_496" HPOS="195" VPOS="1494" WIDTH="33" HEIGHT="21" WC="0.96" CONTENT="för"/><SP WIDTH="22" VPOS="1494" HPOS="228"/>
							<String ID="string_497" HPOS="250" VPOS="1497" WIDTH="32" HEIGHT="18" WC="0.96" CONTENT="att"/><SP WIDTH="23" VPOS="1497" HPOS="282"/>
							<String ID="string_498" HPOS="305" VPOS="1494" WIDTH="25" HEIGHT="21" WC="0.96" CONTENT="de"/><SP WIDTH="22" VPOS="1494" HPOS="330"/>
							<String ID="string_499" HPOS="352" VPOS="1494" WIDTH="45" HEIGHT="21" WC="0.93" CONTENT="visa"/><SP WIDTH="19" VPOS="1494" HPOS="397"/>
							<String ID="string_500" HPOS="416" VPOS="1493" WIDTH="159" HEIGHT="28" WC="0.91" CONTENT="offervillighet;"/><SP WIDTH="16" VPOS="1493" HPOS="575"/>
							<String ID="string_501" HPOS="591" VPOS="1494" WIDTH="43" HEIGHT="21" WC="0.96" CONTENT="han"/><SP WIDTH="16" VPOS="1494" HPOS="634"/>
							<String ID="string_502" HPOS="650" VPOS="1494" WIDTH="79" HEIGHT="27" WC="0.96" CONTENT="tycker,"/><SP WIDTH="15" VPOS="1494" HPOS="729"/>
							<String ID="string_503" HPOS="744" VPOS="1495" WIDTH="32" HEIGHT="20" WC="0.96" CONTENT="att"/><SP WIDTH="15" VPOS="1495" HPOS="776"/>
							<String ID="string_504" HPOS="791" VPOS="1493" WIDTH="26" HEIGHT="21" WC="0.96" CONTENT="då"/><SP WIDTH="15" VPOS="1493" HPOS="817"/>
							<String ID="string_505" HPOS="832" VPOS="1491" WIDTH="26" HEIGHT="22" WC="0.96" CONTENT="de"/><SP WIDTH="15" VPOS="1491" HPOS="858"/>
							<String ID="string_506" HPOS="873" VPOS="1491" WIDTH="50" HEIGHT="27" WC="0.96" CONTENT="vilja"/>
						</TextLine>
						<TextLine ID="line_48" HPOS="93" VPOS="1519" WIDTH="830" HEIGHT="30">
							<String ID="string_507" HPOS="93" VPOS="1521" WIDTH="53" HEIGHT="22" WC="0.96" CONTENT="offra"/><SP WIDTH="16" VPOS="1521" HPOS="146"/>
							<String ID="string_508" HPOS="162" VPOS="1523" WIDTH="70" HEIGHT="26" WC="0.96" CONTENT="något,"/><SP WIDTH="16" VPOS="1523" HPOS="232"/>
							<String ID="string_509" HPOS="248" VPOS="1523" WIDTH="24" HEIGHT="20" WC="0.96" CONTENT="så"/><SP WIDTH="15" VPOS="1523" HPOS="272"/>
							<String ID="string_510" HPOS="287" VPOS="1523" WIDTH="72" HEIGHT="21" WC="0.96" CONTENT="kunna"/><SP WIDTH="15" VPOS="1523" HPOS="359"/>
							<String ID="string_511" HPOS="374" VPOS="1522" WIDTH="26" HEIGHT="22" WC="0.96" CONTENT="de"/><SP WIDTH="15" VPOS="1522" HPOS="400"/>
							<String ID="string_512" HPOS="415" VPOS="1522" WIDTH="49" HEIGHT="22" WC="0.96" CONTENT="med"/><SP WIDTH="16" VPOS="1522" HPOS="464"/>
							<String ID="string_513" HPOS="480" VPOS="1529" WIDTH="38" HEIGHT="16" WC="0.96" CONTENT="ens"/><SP WIDTH="14" VPOS="1529" HPOS="518"/>
							<String ID="string_514" HPOS="532" VPOS="1522" WIDTH="126" HEIGHT="22" WC="0.93" CONTENT="underhålla"/><SP WIDTH="14" VPOS="1522" HPOS="658"/>
							<String ID="string_515" HPOS="672" VPOS="1522" WIDTH="49" HEIGHT="22" WC="0.96" CONTENT="hela"/><SP WIDTH="14" VPOS="1522" HPOS="721"/>
							<String ID="string_516" HPOS="735" VPOS="1521" WIDTH="125" HEIGHT="22" WC="0.96" CONTENT="läroverket."/><SP WIDTH="22" VPOS="1521" HPOS="860"/>
							<String ID="string_517" HPOS="882" VPOS="1519" WIDTH="41" HEIGHT="28" WC="0.96" CONTENT="Jag"/>
						</TextLine>
					</TextBlock>
				</ComposedBlock>
			</PrintSpace>
		</Page>
	</Layout>
</alto>
