1103 1745
245 113 62 26 1,028
514 113 16 19 R.
542 117 16 15 0.
570 113 16 18 A.
598 112 48 20 1885.
669 113 10 18 7
691 113 37 24 Maj.

215 182 47 22 värt
283 181 50 22 land
355 182 39 22 och
415 182 48 27 föga
478 182 142 28 förhoppning
634 183 61 21 torde
710 182 70 22 finnas
794 182 32 21 att
841 180 58 22 detta
914 179 122 28 önsknings-

214 210 43 22 mä]
279 211 126 22 ätminstone
427 211 6 21 i
453 211 41 22 den
508 213 107 20 närmaste
630 211 120 26 framtiden,
766 209 53 23 skall
834 209 71 22 kunna
919 209 115 22 realiseras.

214 239 33 21 Hr
261 245 41 16 von
317 239 82 27 Wright
412 239 38 22 har
464 239 98 22 anmärkt
576 241 34 20 att
620 239 202 22 ekonomiutskottet
832 237 34 22 vid
876 239 82 20 senaste
967 237 69 22 landt-

215 267 41 27 dag
277 273 37 16 var
329 268 92 22 särdeles
435 270 110 25 ogynsamt
560 269 80 21 stämdt
655 270 57 20 emot
727 267 148 27 försäljningen
890 265 22 22 af
924 265 111 28 maltdryc-

213 295 45 22 ker.
287 297 41 27 Jag
345 296 35 22 vill
395 297 54 22 dock
464 297 70 22 erinra
548 303 34 15 om
599 299 32 19 att
646 297 39 21 den
701 297 47 21 näd.
765 301 67 22 prop.,
847 301 45 15 som
907 295 27 21 dä
949 293 85 28 föreläg,

213 324 94 22 innehöll
329 325 114 27 stadgande
465 325 72 22 derom
560 327 32 20 att
614 325 55 22 ifrän
691 327 32 20 ett
741 323 98 29 bryggeri
854 323 67 22 skulle
935 323 21 21 fä
971 322 64 27 säljas

213 353 74 22 endast
309 353 99 28 korgtals,
423 354 48 21 med
490 353 66 22 andra
570 354 40 21 ord
625 354 64 21 minst
703 354 28 21 25
747 352 96 27 buteljer.
873 352 41 21 Det
929 357 36 27 var
980 351 54 22 dock

213 381 202 23 ekonomiutskottet
436 382 34 22 vid
492 384 84 20 senaste
594 382 108 27 landtdag,
719 388 45 15 som
779 381 92 26 föreslog
885 380 88 26 ändring
988 379 46 22 der-

212 410 43 22 hän
277 412 32 20 att
331 411 20 21 öl
367 413 16 19 t.
399 417 18 15 o.
433 417 27 15 m.
476 410 107 27 buteljtals
598 411 69 21 skulle
681 411 22 21 få
717 410 97 26 försäljas
829 409 39 21 och
883 409 58 21 detta
955 403 78 41 förslag

213 441 54 19 vänn
285 439 123 22 ständernas
422 439 158 27 godkännande.
611 439 43 21 Det
668 445 38 15 var
722 438 64 27 enligt
801 437 43 21 min
860 436 132 28 uppfattning
1007 441 26 15 en

212 466 84 28 mycket
317 467 90 28 olycklig
427 467 127 27 förändring,
570 467 90 22 emedan
675 467 37 22 det
726 467 66 22 sedan
808 465 47 22 dess
870 466 27 26 pä
911 465 49 22 flere
976 466 57 19 orter

211 495 40 22 har
273 496 107 21 anmärkts
399 496 38 22 och
452 496 36 22 det
504 496 47 21 med
566 496 53 26 skäl,
635 497 32 20 att
682 496 50 26 ölet,
748 494 122 29 isynnerhet
883 500 45 15 som
944 493 35 22 det
993 493 39 22 hos

213 530 34 15 oss
268 524 89 27 brygges
378 525 80 26 ganska
479 525 75 26 starkt,
576 524 40 22 har
637 524 117 27 begagnats
769 524 70 21 säsom
854 522 105 28 rusdryck.
990 523 42 21 Det

211 552 40 21 har
273 553 17 26 ej
314 552 65 23 heller
401 553 55 22 inom
479 553 204 22 ekonomiutskottet
706 553 34 21 vid
758 553 69 21 denna
842 551 100 28 landtdag
956 551 75 22 varit
1021 547 13 37 i

211 580 92 28 ringaste
325 582 49 21 män
395 581 57 28 fråga
474 588 34 15 om
523 583 32 20 att
569 581 87 22 försöka
670 581 115 22 inskränka
800 580 78 22 bruket
892 580 21 22 af
926 581 21 21 öl
961 582 70 21 såsom

211 609 65 28 dryck
297 609 33 22 till
352 613 48 19 mat.
430 611 105 26 Tvärtom,
559 610 36 22 det
617 616 50 15 vore
690 610 63 27 högst
772 609 92 27 önskligt
878 611 32 20 att
924 616 25 15 en
965 609 66 22 sådan

210 637 135 23 konsumtion
367 639 67 22 skulle
456 639 128 22 allmännare
606 638 89 27 tilltaga,
718 645 48 15 men
789 637 130 28 olyckligtvis
941 638 39 21 har
995 638 36 21 det

209 667 28 26 på
259 666 50 23 flere
331 667 75 22 ställen
428 668 54 21 visat
503 667 31 27 sig
550 669 32 20 att
598 667 20 22 öl
634 667 103 22 användts
753 665 134 23 uteslutande
901 667 69 21 såsom
985 673 45 15 rus-

210 695 71 27 dryck.
310 695 77 22 Derför
408 696 38 22 har
468 696 203 22 ekonomiutskottet
693 695 112 23 inskränkt
827 694 32 27 sig
880 695 31 20 till
930 697 33 19 att
977 695 53 21 före-

209 723 32 22 slå
263 725 32 20 att
317 725 22 20 åt
360 724 211 22 landskommunerna
593 723 55 23 skall
662 724 81 22 lemnas
758 725 48 25 den,
822 723 68 22 såsom
905 723 42 26 mig
962 729 67 21 synes,

209 751 87 22 alldeles
318 753 104 26 naturliga
445 755 69 20 rätten
536 755 32 19 att
591 753 48 27 sjelf
659 753 125 26 bestämma,
808 758 34 15 om
858 752 25 21 de
897 751 49 28 vilja
960 751 69 23 tillåta

209 780 122 27 försäljning
345 781 24 22 af
382 781 20 22 öl
417 782 51 21 eller
482 782 45 21 icke
542 781 58 22 inom
616 781 45 22 sina
677 781 107 22 områden.
811 781 43 21 För
866 781 42 20 min
918 780 33 21 del
962 780 67 22 skulle

206 809 37 26 jag
258 815 50 16 anse
323 809 36 22 det
373 816 50 15 vara
437 811 79 26 ganska
532 810 88 26 oriktigt
635 811 32 20 att
681 809 99 28 fråntaga
795 809 150 21 kommunerna
961 809 68 22 denna

208 839 49 25 rätt,
273 837 84 22 hvarför
369 839 37 27 jag
421 839 105 21 vördsamt
541 838 97 22 anhåller
653 840 32 20 att
700 838 21 22 få
736 838 86 22 förorda
838 837 56 22 bifall
905 837 32 22 till
947 837 82 22 utskot-

207 867 42 20 tets
264 865 84 27 förslag.

277 894 32 21 Hr
323 894 98 28 Boije:
437 896 36 21 Uti
488 896 40 21 den
543 896 67 21 andra
625 895 159 22 reservationen
796 896 60 25 säges
866 896 31 20 att
909 894 40 25 ,,då
959 894 69 27 någon

207 922 97 22 bestämd
327 923 117 23 erfarenhet
462 930 34 16 om
511 924 25 21 de
551 923 105 22 särskilda
671 923 197 27 bestämningarnas
883 922 6 22 i
905 923 68 21 denna
987 922 42 22 för-

207 950 99 28 ordnings
328 951 121 28 lämplighet
471 952 51 22 eller
544 952 137 27 olämplighet
696 952 47 22 icke
758 954 58 20 ännu
830 952 79 21 kunnat
925 951 51 21 eller
991 957 36 16 ens

205 979 110 27 rimligtvis
337 980 74 22 hunnit
433 982 55 20 inom
510 981 41 21 den
572 981 64 21 korta
658 981 37 26 tid,
719 981 123 21 densamma
856 980 53 21 varit
924 979 102 27 gällande,

205 1009 82 25 göras".
318 1008 43 22 För
383 1009 39 21 den
444 1016 45 15 som
510 1009 39 22 bor
571 1010 28 26 på
621 1009 72 22 landet
716 1012 24 19 är
762 1009 37 21 det
821 1008 54 22 dock
896 1008 83 27 mycket
993 1008 34 22 väl

205 1036 80 22 bekant
307 1039 32 19 att
357 1038 44 26 just
422 1038 31 21 uti
472 1038 25 21 de
511 1038 42 26 fall,
569 1038 87 21 hvarom
671 1038 39 22 här
725 1040 24 19 är
764 1037 66 27 fråga,
847 1036 103 22 missbruk
964 1037 63 21 hafva

205 1066 36 24 egt
262 1071 53 20 rum,
338 1066 104 27 nämligen
464 1072 74 21 genom
554 1067 37 21 det
606 1066 26 27 öl,
649 1073 45 15 som
709 1066 47 22 från
772 1065 158 28 bryggeriernas
945 1065 81 27 försälj-

205 1092 136 28 ningsställen
363 1094 40 22 har
423 1095 66 21 blifvit
510 1094 96 22 försåldt.
635 1095 11 21 I
663 1096 77 26 många
754 1095 131 25 kommuner,
901 1094 38 21 der
953 1094 73 27 rättig-

204 1121 64 22 heten
291 1124 32 19 att
344 1122 84 28 försälja
446 1123 20 21 öl
481 1122 67 22 blifvit
562 1124 98 26 beviljad,
676 1124 40 21 har
731 1124 70 21 denna
815 1122 107 27 rättighet,
937 1122 89 22 emedan

205 1150 40 21 den
267 1150 54 22 visat
342 1151 31 27 sig
396 1158 48 15 vara
466 1152 32 21 till
520 1152 67 22 skada
610 1152 39 22 och
673 1151 114 26 missbruk,
803 1150 22 22 af
837 1151 127 21 kommunen
979 1150 46 22 icke

204 1178 72 21 vidare
293 1178 68 22 blifvit
376 1179 95 28 beviljad,
487 1187 47 15 men
550 1180 22 22 af
586 1180 161 28 bryggeriernas
763 1179 208 27 försäljningsställen
986 1179 39 22 har

203 1206 128 22 kommunen
356 1208 45 21 icke
428 1209 79 21 kunnat
528 1208 98 28 fråntaga
649 1209 69 21 denna
740 1208 110 26 rättighet.
886 1207 78 22 Vidare
986 1208 39 21 har

203 1234 125 23 framhållits
350 1238 32 20 att
404 1237 42 21 ölet
468 1237 66 21 skulle
557 1239 76 25 utgöra
655 1244 26 14 en
696 1236 225 26 nödvändighetsvara,
938 1236 39 21 och
992 1237 33 21 så-

203 1270 45 15 som
263 1264 46 21 skäl
325 1264 70 22 derför
409 1265 38 21 har
462 1265 21 22 af
496 1272 26 15 en
536 1266 69 21 talare
620 1265 68 21 blifvit
703 1265 93 26 anfördt,
812 1267 32 19 att
858 1264 66 22 folket
938 1265 27 26 på
978 1266 47 20 sön-

203 1292 68 27 dagen
293 1292 66 22 borde
377 1293 21 22 få
413 1294 71 21 dricka
498 1295 66 26 några
579 1294 92 26 buteljer
686 1294 26 21 öl.
743 1294 44 21 Det
802 1295 24 19 är
841 1292 34 22 väl
889 1292 46 21 icke
950 1293 74 21 endast

203 1326 33 15 om
260 1321 106 26 söndagen
389 1328 44 15 som
456 1322 41 21 ölet
519 1325 24 18 är
558 1329 26 15 en
600 1322 228 27 nödvändighetsvara,
843 1323 51 19 utan
909 1321 66 21 borde
990 1321 34 21 väl

201 1354 51 15 vara
275 1349 35 21 det
331 1349 35 22 vid
380 1350 124 22 måltiderna
518 1351 68 21 under
600 1351 48 21 hela
663 1351 87 21 veckan.
782 1350 42 21 Det
839 1352 24 19 är
878 1349 94 22 deremot
986 1349 38 22 all-

203 1376 57 22 deles
282 1377 77 27 säkert,
379 1379 69 21 såsom
462 1385 79 15 samme
556 1379 68 22 talare
639 1379 61 21 äfven
715 1378 123 26 frambållit,
855 1379 31 20 att
901 1377 42 22 ölet
959 1377 65 22 delvis

200 1405 79 21 brukas
295 1411 34 16 om
343 1407 106 27 söndagen
464 1408 68 21 såsom
548 1409 32 20 ett
595 1407 68 22 medel
679 1409 32 20 att
726 1408 79 21 berusa
819 1407 37 26 sig.
881 1406 62 22 Hvad
958 1406 65 21 sedan

201 1434 72 31 angår,
295 1436 32 19 att
349 1441 48 15 man
421 1435 66 22 skulle
508 1436 73 21 befara
604 1438 32 19 att
657 1435 139 27 lönnkrögeri
818 1435 67 22 skulle
899 1435 77 26 nppstå
991 1434 32 21 till

200 1461 52 26 följd
275 1462 59 22 deraf
355 1465 32 19 att
408 1463 120 28 bryggerier
550 1465 46 21 icke
619 1464 21 21 få
658 1464 86 28 försälja
760 1463 28 27 öl,
804 1464 23 21 så
842 1463 36 22 vill
889 1463 38 27 jag
941 1462 82 28 påpeka

201 1491 31 20 att
256 1490 36 21 det
313 1491 34 22 väl
369 1493 60 20 torde
451 1499 49 15 vara
522 1493 58 22 svårt
602 1492 32 22 för
653 1499 26 16 en
693 1492 144 27 lönnkrögare
852 1493 32 20 att
898 1492 24 21 så
937 1491 86 22 alldeles

201 1517 111 23 obemärkt
333 1521 145 26 transportera
499 1521 49 27 ölet,
572 1521 88 22 emedan
683 1522 36 21 det
733 1520 97 23 förvaras
844 1520 7 21 i
866 1522 58 19 stora
938 1520 83 27 korgar.
