1103 1711
215 122 62 44 1,228
490 133 16 19 8.
519 138 15 14 0.
547 134 16 18 A.
577 132 46 20 1885.
647 133 19 19 18
678 133 35 23 Maj.

255 200 56 22 Frih.
327 207 40 15 von
377 202 79 21 Born:
472 201 75 22 Skulle
556 201 48 22 frih.
616 202 89 22 Palmén
719 201 64 22 hafva
793 202 87 21 stannat
889 202 35 20 vid
935 201 81 22 midten

185 229 24 21 af
221 229 40 21 sitt
283 230 143 27 andragande,
446 230 24 22 så
486 230 70 22 skulle
568 230 38 28 jag
621 230 66 22 hafva
701 231 83 21 kunnat
798 230 125 21 konstatera
937 230 80 27 någon-

185 258 45 27 ting
254 257 24 22 så
299 257 136 28 förvånande,
459 265 46 15 som
527 261 33 19 att
580 259 38 27 jag
640 259 55 21 hade
710 259 56 21 varit
781 258 23 22 af
818 258 77 22 honom
910 258 106 22 förekom-

183 291 57 16 men.
271 286 33 21 Då
323 287 37 26 jag
382 287 40 21 här
444 293 34 15 om
502 288 70 26 dagen
594 293 77 22 genom
686 288 136 26 tidningarne
837 287 42 21 fick
893 287 35 22 del
943 287 23 22 af
979 287 36 21 det

184 314 187 28 monstre-förslag
386 315 6 22 i
408 317 31 20 ett
460 317 66 20 annat
541 315 70 27 stånd,
628 322 45 15 som
689 322 29 15 nu
733 316 24 21 af
769 315 105 22 friherren
888 315 69 22 blifvit
972 322 43 15 om-

184 343 83 25 nämdt,
287 344 93 27 uppstod
395 344 38 21 hos
448 345 43 26 mig
506 344 80 22 tanken
602 346 32 20 att
652 345 116 27 möjligtvis
779 345 7 20 i
796 344 219 22 riddarhusutskottet

184 371 69 22 väcka
275 371 64 28 något
363 372 81 28 förslag
466 373 49 22 med
537 373 115 27 anledning
675 373 67 22 deraf.
773 373 50 21 Men
844 373 25 21 R.
885 372 42 22 U:s
941 373 74 21 betän-

185 399 71 22 kande
279 407 38 14 var
339 401 27 21 då
389 401 65 22 redan
476 402 78 27 tryckt,
570 402 41 21 och
628 402 35 21 vid
679 404 99 19 närmare
793 401 150 27 begrundande
958 401 57 21 från-

185 429 48 26 gick
247 429 38 27 jag
300 429 64 22 också
379 430 43 21 min
437 430 64 22 tanke
516 430 48 22 icke
580 430 72 22 derför
667 432 32 19 att
708 431 37 26 jag
755 430 51 21 fann
817 430 40 21 den
868 429 82 28 oriktig,
962 431 53 20 utan

183 457 90 22 emedan
294 457 37 28 jag
353 458 50 21 fann
422 459 40 21 den
483 459 95 27 förtidig.
608 459 42 27 Jag
672 459 44 21 kan
734 459 133 26 konstatera,
883 460 32 20 att
930 459 8 21 i
955 458 60 27 fråga

185 492 33 15 om
244 486 61 21 detta
330 487 114 22 omordade
467 487 104 22 räntefria
594 487 91 22 statslån
708 488 40 21 och
769 487 26 22 de
815 487 93 22 derefter
922 487 92 27 följande

184 515 211 26 omständigheterna
410 516 47 21 frih.
484 516 100 22 Palméns
600 516 158 27 framställning
781 516 56 21 varit
852 516 6 21 i
880 517 77 20 nästan
972 516 43 21 alla

185 543 90 27 stycken
296 543 70 28 riktig.
396 545 41 26 Jag
460 545 61 26 skall,
545 545 27 26 på
592 545 69 27 grund
677 545 23 21 af
713 545 7 21 i
736 545 62 21 dessa
814 545 66 26 dagar
895 547 63 24 tagen
973 545 42 21 för-

183 572 58 26 nyad
265 572 120 22 kännedom
408 579 34 15 om
457 574 26 20 R.
498 580 19 14 o.
533 574 38 21 A:s
586 574 116 26 protokoll,
720 573 55 21 dock
790 573 26 21 be
832 574 32 20 att
879 572 21 22 få
915 572 99 28 påminna

184 606 35 16 om
242 606 27 15 en
292 600 23 22 af
335 601 77 21 honom
434 602 110 27 uteglömd
567 602 165 27 omständighet.
765 602 71 21 Sedan
858 602 24 21 R.
903 608 20 15 o.
938 602 25 20 A.
980 602 34 20 vid

186 629 115 21 1863—64
323 629 34 22 års
380 630 108 28 landtdag,
513 630 28 28 pä
564 632 43 20 sätt
630 630 107 22 friherren
757 630 86 27 uppgaf,
858 630 55 21 hade
928 630 86 26 afslagit

185 657 37 21 det
237 657 115 22 alternativ
367 658 7 22 i
389 659 38 21 sitt
442 659 25 21 R.
483 659 38 22 U:s
536 659 145 26 betänkande,
697 665 46 15 som
759 658 97 28 äsyftade
872 660 32 20 att
919 658 95 22 beräkna

184 686 53 26 hyra
263 686 34 21 för
321 687 150 22 medständens
493 688 90 26 lokaler,
609 688 40 21 och
672 688 90 21 anslutit
782 688 33 26 sig
830 687 32 21 till
878 688 136 20 alternativet

184 716 33 20 att
239 714 47 22 icke
309 716 50 26 taga
383 722 26 15 en
431 716 66 22 sädan
512 716 60 27 hyra,
588 716 24 22 sä
628 716 70 22 beslöt
713 716 71 22 Adeln
798 716 35 21 vid
849 722 80 16 samma
944 716 69 21 landt-

185 743 41 26 dag
247 744 38 24 att,
302 743 7 20 i
323 744 101 21 händelse
447 745 67 21 under
529 745 42 21 den
586 747 97 19 närmast
698 745 124 26 päföljande
837 744 58 21 tiden
910 745 103 26 styrelsen

185 771 70 22 skulle
271 772 68 21 önska
353 772 68 22 inlösa
435 773 137 22 riddarhuset
587 773 34 22 för
636 773 128 22 ständernas
780 773 95 26 räkning,
891 773 123 21 riddarhus-

185 800 135 21 direktionen
345 800 56 28 finge
421 801 27 27 gå
462 802 8 21 i
485 801 128 28 författning
628 808 35 15 om
678 801 150 22 riddarhusets
842 801 117 26 afstäende,
975 801 39 22 och

185 828 60 21 detta
270 831 45 19 mot
336 831 31 20 ett
389 830 45 27 pris
455 831 151 21 motsvarande
628 831 27 27 ?/;
679 831 24 21 af
716 831 74 21 husets
806 830 207 27 byggnadskostnad,

184 857 67 21 sedan
277 857 36 21 det
336 858 103 22 räntefria
461 858 115 22 statslänet
596 858 94 22 derifrån
712 859 112 26 afdragits,
848 858 81 22 således
950 859 27 26 2/,
992 858 23 21 af

184 885 40 21 den
247 892 90 19 summa,
361 892 44 16 som
428 887 26 26 R.
476 894 20 14 o.
518 888 26 20 A.
560 887 71 21 såsom
647 887 63 21 stånd
726 887 56 21 hade
798 887 23 21 af
834 893 54 21 egna
902 887 69 21 medel
986 886 28 27 på

183 913 64 22 huset
262 914 93 28 nedlagt.
386 915 50 21 Men
451 915 27 22 dä
494 916 125 27 regeringen
640 916 46 21 icke
709 916 65 21 skred
789 916 33 21 till
838 922 26 14 en
879 915 66 22 sädan
959 916 55 20 inlö-

184 948 42 20 sen,
251 944 53 20 utan
334 945 93 20 tvärtom
451 944 129 27 förklarade,
607 946 33 19 att
655 944 76 27 frägan
748 945 75 21 derom
838 944 91 25 komme,
944 944 69 21 säsom

183 970 36 22 det
234 971 67 26 hette,
317 971 33 21 för
365 972 36 21 det
416 973 132 21 närvarande
564 975 33 19 att
612 973 93 25 förfalla,
722 973 23 22 sä
760 973 68 27 ansäg
843 973 31 26 sig
890 972 123 22 riddarhus-

185 999 142 27 direktionen,
350 1000 27 27 pä
400 1003 44 19 sätt
466 1001 40 21 den
529 1002 63 21 äfven
606 1002 33 21 till
654 1002 26 21 R.
696 1008 20 15 o.
732 1002 26 21 A.
775 1002 35 20 vid
827 1001 54 21 1867
897 1001 34 21 ärs
945 1001 69 21 landt-

184 1028 42 26 dag
249 1028 104 26 anmälde,
376 1029 136 28 förpligtigad
528 1032 32 19 att
575 1030 79 27 uthyra
668 1030 119 26 lokalerna,
803 1030 47 21 icke
865 1030 55 21 blott
934 1029 33 22 för
983 1030 30 26 år,

183 1058 52 19 utan
251 1056 69 27 äfven,
337 1057 27 21 dä
379 1057 142 28 fördelaktiga
536 1059 73 21 anbud
624 1059 94 27 gjordes,
733 1059 34 21 för
788 1059 74 26 längre
877 1058 37 26 tid,
930 1064 54 21 resp.
1001 1058 12 21 3

183 1084 40 22 och
247 1085 12 21 5
283 1085 30 21 är.
344 1086 90 27 Följden
455 1087 61 21 deraf
536 1087 51 26 blef,
604 1088 32 20 att
651 1087 35 21 vid
703 1088 55 22 1867
775 1087 35 21 &rs
826 1087 101 26 landtdag
943 1087 25 21 de
983 1086 31 22 lo-

183 1113 67 27 kaler,
275 1120 45 15 som
343 1114 35 22 vid
401 1115 127 27 föregäende
551 1116 104 26 landtdag
676 1116 24 21 af
713 1116 103 26 borgare-
831 1115 40 22 och
885 1114 129 23 bondestän-

184 1141 41 21 den
248 1141 125 28 hbegagnats,
397 1143 87 22 dämera
499 1150 52 15 voro
568 1144 149 27 disponerade,
734 1150 49 15 men
799 1145 33 20 att
847 1143 54 22 dock
917 1144 12 21 9
945 1150 47 15 rum
1007 1143 7 21 i

183 1169 61 22 detta
259 1170 41 21 hus
315 1171 72 22 kunde
403 1172 73 21 ställas
491 1173 33 21 till
540 1173 127 21 ständernas
682 1172 135 28 förfogande.
847 1172 61 21 Huru
923 1172 92 21 sakerna

183 1198 67 21 sedan
272 1199 110 22 utvecklat
397 1200 38 27 sig,
450 1201 102 22 behöfver
564 1201 38 27 jag
617 1201 81 21 kanske
718 1201 48 22 icke
782 1201 103 21 relatera:
901 1201 38 21 allt
955 1201 60 21 detta

183 1226 39 22 har
245 1227 55 21 stätt
321 1228 8 21 i
351 1230 107 20 närmaste
481 1230 154 27 sammanhang
658 1230 49 21 med
728 1230 42 22 den
786 1230 66 21 sedan
867 1229 24 21 är
907 1230 53 21 1867
977 1229 38 22 lef-

182 1255 69 22 vande
274 1255 75 28 frägan
372 1263 34 15 om
429 1259 31 20 ett
482 1258 134 22 ständerhus.
640 1259 41 26 Jag
696 1260 25 19 är
736 1258 89 22 alldeles
841 1257 123 28 öfvertygad
979 1264 35 15 om

183 1286 32 19 att
237 1285 26 20 R.
287 1291 18 15 o.
329 1285 26 21 A.
378 1286 65 21 redan
466 1286 60 28 långt
542 1287 46 21 före
604 1287 66 26 detta,
686 1287 83 22 kanske
785 1287 68 21 redan
870 1286 23 21 är
910 1287 61 25 1867,
987 1285 28 22 dä

183 1312 36 21 det
241 1313 48 21 icke
312 1320 45 15 mer
371 1314 72 22 kunde
461 1315 76 27 inhysa
552 1315 26 21 de
601 1315 68 28 öfriga
685 1315 97 26 stånden,
799 1315 69 22 skulle
883 1315 63 21 hafva
960 1315 55 26 tagit

181 1341 70 21 under
275 1342 98 27 allvarlig
389 1343 134 28 ompröfning
539 1345 32 20 att
586 1343 121 22 äterbetala
724 1344 60 21 detta
799 1343 151 27 märkvärdiga
965 1344 48 20 rän-

181 1369 65 21 tefria
267 1370 44 25 län,
333 1377 49 15 men
403 1371 26 21 R.
452 1378 18 15 o.
494 1373 25 20 A.
541 1373 41 21 har
596 1373 47 21 icke
659 1372 46 21 haft
720 1372 72 28 någon
807 1372 113 26 anledning
936 1371 77 25 dertill,

182 1396 28 22 dä
232 1397 88 22 ståndet
342 1399 106 22 alltsedan
463 1400 24 21 år
504 1401 54 21 1867
581 1401 40 21 har
637 1401 107 26 begagnat
758 1400 76 27 hvarje
849 1400 82 21 tillfälle
946 1401 33 19 att
993 1399 22 21 få

181 1425 57 21 afstå
260 1426 61 21 detta
343 1427 114 22 riddarhus
487 1429 33 20 till
545 1429 128 22 ständernas
697 1435 161 21 gemensamma
882 1428 131 27 förfogande.

181 1453 41 27 Jag
245 1454 41 21 har
309 1455 124 28 visserligen
456 1457 46 21 icke
524 1457 56 22 varit
602 1457 66 22 bland
691 1458 55 26 dem,
770 1463 48 16 som
837 1457 127 26 exempelvis
979 1456 36 21 vid

181 1482 115 31 1877—78
321 1483 36 22 års
379 1484 103 28 landtdag
502 1486 126 21 medverkat
645 1486 32 21 till
693 1487 31 21 ett
740 1486 79 21 sådant
834 1485 116 26 afstående,
966 1491 49 16 men

180 1516 37 21 jag
231 1511 45 22 kan
291 1511 125 23 konstatera
431 1515 33 20 att
479 1514 85 21 ståndet
579 1515 7 20 i
602 1515 42 20 den
659 1517 69 24 vägen
738 1515 63 21 alltid
811 1515 56 20 varit
877 1514 136 27 konsegvent.

181 1539 11 20 I
215 1539 71 22 denna
304 1541 158 28 omständighet
477 1545 82 19 ensamt
575 1543 68 26 ligger
658 1549 26 16 en
699 1543 121 27 förklaring
834 1543 50 22 fullt
900 1542 115 27 tillfyllest-
