1103 1742
375 138 16 18 R.
403 143 16 15 0.
431 138 16 19 4.
460 138 46 20 1905.
529 138 21 19 22
563 137 35 24 Maj.
809 136 61 28 1,393

71 208 36 22 det
130 208 123 21 nuvarande
275 208 136 21 riddarhuset
431 208 87 22 bildade
532 214 27 15 en
575 207 139 22 beståndsdel
729 206 23 22 af
766 208 32 20 ett
812 206 39 21 hus
866 204 34 33 för

70 237 48 27 fyra
134 236 71 22 ständ.
228 236 41 27 Jag
283 236 40 21 har
337 236 64 26 förut,
418 236 26 22 dä
457 237 38 27 jag
510 236 80 22 uttalat
604 236 44 26 mig
662 236 7 21 i
685 236 61 21 detta
760 237 68 23 ämne,
843 235 57 19 varit

70 265 66 21 bland
158 265 55 26 dem,
236 271 45 15 som
303 265 47 21 icke
373 266 116 26 preciserat
506 265 104 26 vilkoren,
626 264 7 22 i
649 264 41 22 den
705 263 144 27 förhoppning
861 262 38 27 jag

71 294 49 26 hyst
142 294 40 20 och
205 296 57 18 ännu
285 293 63 27 hyser
371 296 32 19 att
418 294 74 27 frägan
508 300 42 20 nog
566 294 69 21 skulle
650 293 62 21 äfven
728 292 124 22 derförutan
866 296 33 16 re-

70 322 61 28 glera
145 322 33 27 sig
193 322 28 26 pä
236 324 32 19 ett
283 322 75 21 sädant
373 324 50 24 sätt,
438 329 45 15 som
498 322 34 22 för
547 323 25 21 R.
589 328 19 15 o.
624 322 37 20 A:s
676 322 106 20 intressen
798 320 39 21 och
852 321 47 19 vär-

71 351 73 27 dighet
159 352 24 20 är
199 351 36 21 det
250 351 140 26 lämpligaste,
406 357 48 15 men
468 352 37 26 jag
519 351 40 21 har
574 351 30 21 all
618 350 90 26 aktning
723 350 34 21 för
771 350 62 20 deras
844 348 55 26 äsigt

71 385 46 16 som
132 386 51 14 anse
199 381 32 19 att
245 380 8 20 i
268 379 93 21 beslutet
375 381 33 19 att
422 380 74 21 bifalla
511 380 33 21 till
558 378 150 22 öfverlätelsen
719 378 54 22 böra
782 377 50 27 ingä
842 376 57 22 vissa

70 408 243 26 hufvudbestämningar
335 408 132 22 beträffande
490 408 26 22 de
531 408 77 25 vilkor,
624 407 81 27 hvarpä
721 407 66 27 köpet
801 406 43 21 kan
859 411 39 21 ega

71 443 53 15 rum.
154 437 42 26 Jag
211 438 46 20 tror
270 436 78 27 jemväl
363 439 33 19 att
414 436 248 22 riddarhusdirektionen
677 436 47 21 icke
740 436 42 20 kan
797 434 49 22 med
860 435 38 19 nö-

71 466 35 26 dig
128 465 99 27 giltighet
248 465 63 21 träda
333 465 7 21 i
362 466 195 26 underhandlingar
580 465 40 21 och
642 464 64 22 träffa
727 464 81 26 slutligt
824 462 74 22 aftali

71 494 60 21 det'a
147 496 69 23 ämne,
231 494 72 21 derest
317 494 46 21 icke
379 494 134 22 direktionen
528 494 24 21 af
566 494 32 21 sin
613 493 111 27 principal,
740 493 24 21 R.
782 498 18 15 0.
817 492 31 22 A.,
865 497 34 15 er-

70 522 63 22 hällit
156 523 27 21 de
206 522 107 21 allmänna
327 522 135 22 föreskrifter
477 529 46 15 som
538 523 58 21 bilda
610 522 114 26 latituden,
739 522 58 20 inom
812 520 86 21 hvilken

71 551 76 21 aftalet
169 551 54 21 skall
244 551 75 21 hällas.
349 551 42 21 Det
405 552 67 26 gäller
487 552 7 21 i
510 552 42 20 alla
567 551 38 21 fall
621 550 131 22 afslutandet
767 550 23 21 af
803 551 31 19 ett
848 549 49 26 köp.

70 580 67 21 Detta
159 582 24 19 är
202 586 26 15 en
243 580 46 20 sida
305 580 22 21 af
341 580 65 21 saken
423 592 24 3 —
464 580 32 22 lät
510 586 52 15 vara
577 580 40 20 den
633 579 122 21 sekundära
770 591 27 3 —
812 577 87 22 utanför

71 608 41 22 den
134 608 123 27 visserligen
279 608 103 27 vigtigare
405 609 102 26 politiska
529 609 67 24 sidan,
616 608 107 26 nämligen
738 609 33 19 att
787 607 112 21 tillmötes-

70 636 82 28 gående
167 636 48 22 från
230 637 25 21 R.
273 643 18 15 o.
307 637 26 21 A.
348 636 35 22 mä
398 643 39 21 ega
452 644 54 19 rum,
522 637 28 27 pä
566 637 36 21 det
617 639 33 19 att
665 636 127 22 samverkan
808 634 91 22 emellan

71 665 90 22 ständen
177 666 67 20 mätte
259 666 133 21 underlättas
407 672 77 20 genom
501 668 31 20 ett
542 667 133 26 gemensamt
685 664 163 27 sammanbygdt
858 663 41 21 hus

70 694 35 21 för
120 694 43 21 alla
178 694 48 27 fyra
241 694 95 21 ständen.

139 723 64 21 Hvad
226 723 133 21 vidkommer
381 723 41 21 den
445 730 93 14 summas
561 723 85 27 belopp,
670 729 46 15 som
732 723 23 19 är
771 722 6 21 i
792 721 67 27 fråga,
875 720 24 22 sä

71 753 46 19 tror
131 751 36 27 jag
182 752 46 20 icke
244 751 133 27 svärigheten
392 752 76 21 främst
483 752 54 21 skall
553 752 57 26 ligga
619 751 29 27 pä
658 752 70 20 denna
737 750 77 27 punkt;
826 756 26 14 en
862 749 37 21 nä-

71 781 37 25 got
123 782 70 19 större
209 780 52 21 eller
275 780 82 21 mindre
373 781 140 25 köpesumma
528 780 43 21 kan
584 780 46 22 icke
641 782 54 24 väga
705 779 117 27 synnerligt
832 778 7 21 i
849 777 50 27 väg-

71 808 79 27 skälen,
167 808 24 21 sä
207 811 59 18 snart
281 808 36 22 det
332 809 42 21 kan
389 809 55 21 visas
460 811 33 19 att
508 810 24 20 R.
550 815 18 15 o.
584 809 25 21 A.
625 809 46 21 icke
686 808 36 21 vill
733 810 52 24 göra
798 814 25 14 en
834 807 65 20 vinst-

71 836 53 22 affär
145 837 28 27 pä
189 837 26 21 de
230 837 67 21 andra
313 837 100 21 ständens
430 837 127 25 bekostnad,
574 838 39 20 och
629 838 73 20 derom
718 836 45 25 har,
780 836 69 21 sävidt
862 835 37 27 jag

70 866 40 21 har
125 866 44 27 mig
184 866 86 25 bekant,
286 866 46 21 icke
348 866 70 27 någon
432 866 62 27 fråga
509 866 69 21 blifvit
593 866 69 21 väckt.
693 865 62 22 Hvad
766 864 133 22 vidkommer

70 895 77 20 värdet
162 895 23 21 af
199 895 59 20 detta
273 895 46 21 hus,
335 895 24 21 så
374 895 39 21 har
428 901 56 20 man,
500 902 34 14 om
550 895 67 27 priset
632 895 46 20 icke
693 895 129 20 bestämmes
832 893 67 26 högre

71 925 27 19 än
113 923 42 21 den
171 923 100 21 effektiva
285 923 125 26 kostnaden,
427 924 7 21 i
449 924 75 27 sjelfva
543 924 74 21 verket
633 923 80 21 lemnat
729 929 26 14 en
769 923 42 20 viss
826 921 74 22 rabatt

70 954 23 25 ty
116 952 74 21 husets
213 953 64 20 värde
300 954 23 19 är
345 953 66 26 högre
427 959 29 14 nu
472 952 24 21 år
513 953 61 25 1885,
590 954 27 19 än
634 952 23 21 år
674 951 62 22 1863.
766 951 41 26 Jag
822 951 42 20 kan
880 949 19 27 ej

69 981 70 20 heller
153 980 58 22 finna
226 981 55 20 huru
295 981 48 20 frih.
359 981 87 21 Palmén
462 981 83 21 kunnat
560 981 93 25 förorda,
666 982 33 19 att
710 986 49 15 man
770 979 54 22 skall
834 979 65 21 bland

71 1009 96 21 vilkoren
187 1009 79 21 insätta
281 1009 42 26 det,
339 1011 32 19 att
387 1010 24 20 R.
428 1016 18 15 o.
462 1010 26 21 A.
505 1010 39 21 bör
558 1009 111 28 hyresfritt
684 1009 21 20 få
721 1009 97 26 begagna
833 1008 66 21 erfor-

71 1038 68 26 derlig
161 1037 64 26 lokal,
249 1040 22 24 ty
293 1044 26 15 en
341 1038 98 27 delegare
456 1039 7 20 i
479 1045 27 14 en
520 1038 103 27 fastighet
639 1037 103 22 behöfver
756 1037 47 21 icke
819 1038 31 19 ett
865 1036 33 21 så-

70 1067 52 20 dant
137 1066 76 27 vilkor.
244 1066 39 21 Om
298 1067 64 20 huset
378 1067 63 26 säljes
457 1067 23 21 åt
495 1067 102 21 Finlands
613 1067 93 22 ständer,
724 1065 23 22 sä
762 1067 24 19 är
801 1065 25 22 R.
838 1072 19 14 o.
874 1065 25 21 A.

71 1101 63 20 egare
151 1095 44 21 lika
215 1095 33 20 väl
263 1101 45 15 som
325 1095 25 21 de
366 1095 67 21 andra
448 1095 97 26 stånden,
562 1095 39 22 och
617 1095 95 21 hvarken
728 1095 128 20 bestämmes
872 1093 28 22 då

70 1124 79 26 hyrans
170 1123 77 27 belopp
263 1124 51 21 eller
329 1124 133 27 hyresfrihet.
486 1124 32 21 En
534 1130 71 15 annan
618 1124 53 20 ärad
685 1123 75 26 talare,
776 1123 25 20 hr
820 1123 79 25 Taube,

70 1152 39 21 har
125 1153 80 20 uttalat
221 1152 127 21 tvifvelsmä]
364 1153 91 20 rörande
472 1153 96 21 ständets
584 1153 125 26 kompetens
721 1153 31 20 att
763 1151 55 22 fatta
829 1151 70 21 beslut

69 1181 94 20 rörande
186 1181 70 20 denna
277 1181 245 27 fastighetsförsäljning,
546 1181 28 21 dä
596 1181 77 21 sådant
695 1181 47 20 icke
764 1180 27 27 pä
808 1180 91 21 förhand

70 1209 71 21 blifvit
155 1209 171 27 tillkännagifvet
337 1210 69 21 såsom
415 1216 25 15 en
451 1210 85 27 uppgift
546 1210 34 21 för
590 1210 70 21 denna
669 1209 109 26 landtdag.
802 1209 42 21 För
855 1209 43 20 min

70 1237 34 21 del
115 1239 47 20 tror
175 1238 43 26 jag,
234 1239 33 20 att
282 1238 27 21 dä
324 1239 99 26 gällande
439 1239 24 20 R.
481 1239 24 20 O.
517 1239 7 20 i
535 1239 48 20 dess
594 1239 23 20 41
632 1238 12 27 $
654 1240 105 24 upptager
770 1239 32 20 att
813 1240 15 19 t.
840 1244 19 14 o.
871 1243 27 15 m.

70 1265 23 22 sä
109 1266 121 27 betydande
245 1266 72 27 frägor
333 1273 45 15 som
393 1267 90 27 ändring
499 1267 23 21 af
534 1267 26 21 R.
577 1267 23 21 O.
617 1267 78 24 kunna,
712 1267 72 20 derest
795 1267 25 20 de
831 1266 69 21 under

69 1295 132 26 landtdagen
216 1295 84 26 uppstä,
315 1296 87 26 bringas
417 1296 32 21 till
464 1297 50 25 slut,
530 1297 52 20 utan
598 1297 32 20 att
646 1301 81 15 samma
742 1295 11 26 $
769 1295 87 26 stadgar
868 1295 32 20 att

68 1323 63 27 fräga
152 1324 59 21 förut
233 1324 74 21 derom
329 1324 39 21 bör
391 1331 51 14 vara
461 1325 70 25 väckt,
548 1324 24 21 sä
587 1324 67 21 borde
669 1324 34 20 väl
720 1324 39 20 ock
774 1323 75 27 frägan
865 1329 34 15 om

69 1352 142 27 fastighetens
234 1352 109 21 afstäende
359 1353 72 20 kunna
446 1353 24 20 af
484 1353 86 21 ständet
585 1353 49 20 med
648 1353 64 26 laglig
728 1352 125 27 kompetens
869 1351 30 21 af-

69 1382 64 25 göras
149 1381 23 21 åt
188 1381 40 21 den
243 1387 40 15 ena
299 1381 52 22 eller
366 1381 67 21 andra
448 1381 122 27 riktningen
585 1383 51 19 utan
653 1383 32 19 att
700 1381 69 26 någon
786 1381 70 26 appell
866 1380 33 21 till

68 1409 101 27 samtliga
184 1409 131 22 hufvudmän
331 1409 46 22 äter
393 1415 49 21 eger
458 1417 54 14 rum.

138 1438 43 21 Det
203 1438 68 27 gäller
292 1438 7 21 i
315 1439 69 20 denna
399 1438 67 27 fräga,
482 1438 29 27 pä
526 1439 36 20 det
577 1440 33 19 att
625 1440 31 20 ett
672 1438 24 21 sä
712 1438 102 27 enhälligt
829 1437 71 21 beslut

69 1471 45 16 som
130 1467 84 26 möjligt
229 1466 34 21 mä
278 1466 73 27 fattas,
367 1468 33 19 att
417 1479 24 3 —
457 1467 29 26 gå
501 1467 121 21 hvarandra
637 1467 109 21 tillmötes.
776 1467 42 20 Det
833 1465 67 22 finnes

68 1494 121 21 ledamöter
205 1495 23 21 af
241 1495 92 25 ständet,
349 1495 72 21 hvilka
437 1495 57 22 helst
509 1496 43 20 alla
567 1495 47 22 icke
630 1495 49 21 ville
695 1495 53 27 sälja
763 1495 69 21 huset.
858 1494 42 21 Det

68 1522 67 21 finnes
152 1523 73 25 andra,
243 1530 44 14 som
303 1524 51 26 vilja
368 1523 27 27 gä
411 1524 26 21 de
453 1524 70 27 öfriga
541 1523 92 22 ständen
649 1524 32 21 till
696 1526 69 19 mötes
780 1524 34 21 för
829 1522 70 21 ästad-

68 1551 129 22 kommande
220 1552 23 21 af
264 1554 31 19 ett
316 1554 132 25 gemensamt
471 1553 127 20 ständerhus
614 1559 76 20 genom
705 1552 149 21 riddarhusets
870 1551 30 20 af-
