1100 1742
382 115 16 18 R.
410 119 15 14 0.
439 115 16 17 A.
467 114 47 20 1885.
539 114 10 18 8
562 114 35 23 Maj.
813 113 61 26 1,069

74 185 103 25 normala,
193 184 40 21 och
249 184 74 21 endast
338 184 154 26 undantagsvis
509 190 26 14 en
551 182 66 22 sädan
628 182 104 27 rättighet
742 182 73 21 kunna
825 181 78 21 honom

74 214 8 20 i
104 212 102 22 kontrakt
227 212 113 22 förmenas.
370 212 41 27 Jag
428 212 81 21 förstär
524 212 85 26 mycket
624 211 36 21 väl
675 210 92 28 afsigten
781 210 48 21 med
845 209 59 21 detta

75 242 86 26 förslag.
190 241 43 21 Det
255 240 40 22 har
317 241 44 21 ofta
382 240 138 26 framhällits,
545 242 32 19 att
593 240 36 21 det
645 241 24 19 är
685 240 93 20 landbon
794 238 39 22 och
846 238 58 27 jord-

76 273 101 24 torparen
199 276 46 14 som
267 270 7 20 i
295 269 89 22 främsta
404 271 92 19 rummet
513 269 41 21 öda
570 268 81 27 skogen
666 268 40 21 här
720 268 7 21 i
743 268 72 21 landet
829 272 75 21 genom

76 299 46 21 sina
136 298 112 26 husbehof,
267 298 40 21 och
322 298 60 22 detta
396 298 37 21 vill
447 298 37 26 jag
498 298 47 21 icke
561 298 68 20 heller
648 297 61 21 neka.
739 296 112 22 Utskottet
865 295 40 21 har

76 327 134 27 naturligtvis
231 327 48 21 icke
297 327 62 21 tänkt
375 327 31 26 sig
424 332 26 16 en
466 326 68 22 sädan
550 326 128 25 revolution,
694 331 46 15 som
755 326 32 19 att
801 324 104 22 landboer

77 356 40 21 och
138 358 87 25 torpare
246 355 113 23 framdeles
381 356 46 20 icke
451 356 68 20 skulle
542 354 21 22 fä
582 354 40 22 alis
642 354 98 21 använda
755 354 86 26 skogen,
857 358 48 16 men

76 385 107 21 utskottet
204 384 40 21 har
266 384 61 21 tänkt
350 384 32 26 sig
404 385 32 19 att
459 384 74 21 derom
557 383 103 22 särskildt
681 382 53 22 aftal
754 382 67 21 borde
836 383 69 25 göras.

76 413 43 22 Det
140 420 51 15 vore
214 413 39 21 allt
276 412 51 28 godt
349 412 40 22 och
411 412 40 27 väl,
475 412 46 22 ifall
538 418 50 15 man
603 412 7 21 i
626 411 117 21 allmänhet
759 411 68 21 skulle
842 410 63 20 hafva

77 442 107 27 skriftliga
205 442 103 20 kontrakt
330 441 49 21 med
402 441 43 21 alla
459 441 112 22 landboer.
602 440 29 21 Sä
646 442 25 19 är
687 439 54 22 dock
757 438 148 22 öfverhufvud-

76 472 61 26 taget
158 470 47 22 icke
223 470 105 21 landssed.
359 470 88 21 Bonden
465 470 74 21 älskar
554 470 46 20 icke
617 468 105 27 skriftliga
737 468 109 25 kontrakt,
862 466 43 22 han

78 500 74 20 ställer
174 499 32 26 sig
227 498 68 22 hellre
317 498 68 22 under
408 498 91 27 skyddet
519 498 23 21 af
555 498 72 27 gamla
642 497 201 27 lagbestämningar,
859 502 46 15 som

77 528 65 21 hafva
163 527 47 27 gätt
231 527 47 21 frän
299 527 32 21 far
353 527 34 21 till
410 525 37 23 son
471 526 71 22 säsom
561 529 32 19 ett
608 526 90 27 synbart
710 525 102 27 juridiskt
827 524 38 26 arf,
881 523 24 22 sä

78 558 33 20 att
126 558 57 25 säga.
206 556 49 21 Han
271 558 24 19 är
309 556 47 21 icke
372 556 49 21 med
436 562 35 15 om
486 556 111 25 kontrakt,
613 555 56 21 allra
683 554 65 22 minst
759 554 26 21 de
794 554 110 21 moderna:

78 585 76 27 bjuder
168 591 49 15 man
232 585 78 21 honom
326 586 31 20 ett
372 584 83 26 sädant,
471 584 24 22 sä
511 584 65 22 afslär
591 584 44 21 han
650 583 117 21 förmänen.
791 582 31 22 Ur
837 582 69 21 denna

79 614 106 26 synpunkt
207 613 68 21 finner
294 613 37 27 jag
353 614 37 20 det
413 613 102 21 särskildt
538 619 52 15 vara
609 612 117 26 olämpligt,
745 613 33 20 att
792 611 68 21 införa
875 611 32 20 ett

79 642 96 27 generelt
201 642 123 27 stadgande,
347 648 46 15 som
416 642 77 21 endast
515 648 77 20 genom
615 641 103 21 särskildt
740 640 102 22 kontrakt
863 639 44 21 kan

80 671 83 21 ändras.
185 682 25 4 —
226 671 41 27 Jag
289 671 38 21 ber
349 672 33 20 att
397 670 22 22 få
433 670 96 27 tillägga,
546 672 33 19 att
593 670 110 27 praktiskt
717 670 43 20 kan
775 675 26 15 en
815 667 94 22 ratione]

80 699 205 27 skogshushällning,
308 699 33 21 för
363 699 86 21 hvilken
471 699 109 21 utskottet
594 699 57 21 visat
665 698 96 26 intresse,
778 696 80 28 ganska
872 696 35 20 väl

79 729 74 20 vinnas
167 730 53 19 utan
235 728 90 26 tillhjelp
341 728 23 20 af
378 734 26 15 en
419 727 24 21 sä
459 728 118 20 drakonisk
591 727 142 26 bestämning.
759 726 47 21 Den
821 724 88 26 landbo,

80 763 46 15 som
147 757 46 21 icke
215 757 142 21 underkastar
380 756 32 27 sig
432 756 142 27 jordegarens
597 756 130 26 önskningar
749 755 6 21 i
778 754 97 22 afseende
895 752 12 22 ä

80 785 222 27 skoghushällningen,
328 786 43 20 kan
396 787 115 25 uppsägas.
542 784 66 22 Sitter
631 784 44 21 han
696 784 35 21 vid
753 782 155 26 landboskapet

80 814 29 26 pä
131 814 65 21 basen
211 814 23 21 af
247 816 32 19 ett
293 814 183 21 lifstidskontrakt
492 814 53 21 eller
560 815 31 20 ett
606 813 104 21 kontrakt
725 812 28 27 pä
767 812 57 21 vissa
838 810 30 26 är,
884 810 24 21 sä

80 843 43 21 kan
145 843 42 21 han
207 842 24 28 ju
248 843 7 21 i
270 843 63 27 ingen
347 842 109 26 händelse,
473 842 72 22 säsom
560 842 109 21 utskottet
683 840 110 28 föreslagit
809 840 106 26 stadgan--

81 871 42 26 det,
146 873 76 25 störas,
245 874 23 24 ty
290 872 63 26 lagen
375 871 43 21 kan
440 871 48 22 icke
503 871 22 21 få
543 871 64 22 hafva
622 870 119 22 retroaktiv
756 870 89 25 verkan;
859 873 50 16 men

81 901 62 20 sitter
164 900 43 21 han
229 900 44 26 der,
296 900 70 21 såsom
390 899 66 22 oftast
475 902 25 19 är
515 900 69 26 fallet,
601 900 77 21 endast
693 899 24 22 år
732 899 54 21 efter
801 897 29 26 år,
847 897 23 21 så
885 898 24 19 är

79 929 25 26 ju
124 929 109 26 ingenting
255 929 87 21 enklare
364 929 34 21 för
418 928 137 27 jordegaren,
579 935 35 15 om
636 928 95 21 landbon
748 927 46 22 icke
809 926 36 21 vill
860 925 49 27 lyda

81 957 139 26 föreskrifter,
236 959 28 19 än
279 959 32 19 att
325 959 97 25 uppsäga
437 957 86 21 honom.
550 957 32 21 På
597 957 63 22 dessa
675 957 47 21 skäl
737 956 68 21 skulle
819 955 37 27 jag
871 953 38 22 all-

81 986 77 27 varligt
172 985 81 28 påyrka
268 988 33 19 att
315 987 71 20 denna
400 986 12 27 $
427 985 68 22 måtte
511 992 27 15 ur
552 986 140 27 lagförslaget
707 985 124 21 utelemnas.
859 983 50 20 Men

81 1015 34 20 för
130 1016 32 19 att
177 1015 54 20 dock
246 1014 28 27 på
288 1014 66 27 något
370 1017 43 19 sätt
428 1015 114 26 tillgodose
558 1015 37 21 det
610 1015 57 26 goda
681 1014 65 27 syftet
760 1014 32 20 uti
801 1012 110 27 förslaget,

81 1043 56 22 hade
157 1043 36 27 jag
215 1043 62 21 tänkt
299 1044 43 26 mig
364 1045 33 20 att
419 1043 37 21 det
479 1043 108 21 måhända
608 1043 48 22 icke
678 1049 50 15 vore
748 1049 26 14 ur
788 1043 74 25 vägen,
878 1041 33 20 att

82 1072 67 21 under
171 1078 80 15 samma
273 1072 102 27 paragraf
395 1073 107 26 inrymma
522 1073 31 20 ett
569 1072 126 27 stadgande,
711 1077 45 16 som
771 1070 68 21 skulle
854 1069 59 27 gälla

83 1101 25 20 de
130 1101 46 20 icke
193 1101 106 26 jordbruk
313 1101 93 21 idkande
421 1101 139 26 bebyggarne
575 1100 28 27 på
618 1107 27 15 en
660 1100 107 27 lägenhet,
783 1100 19 20 d.
817 1105 19 14 v.
853 1104 16 15 s.
885 1097 26 21 de

82 1135 17 16 s.
119 1129 20 21 k.
155 1129 212 27 backstugusittarne
386 1129 39 22 och
440 1129 159 27 inhysingarne,
615 1129 80 26 hvilka,
710 1128 29 27 på
753 1129 43 20 sätt
811 1127 44 22 ofta
869 1131 42 22 nog

82 1158 70 21 blifvit
173 1157 129 26 framhållet,
325 1160 38 20 äro
383 1158 204 27 öfverhufvudtaget
602 1164 27 15 en
646 1157 72 22 kräfta
732 1157 33 21 för
777 1155 136 28 jordbruket.

82 1186 44 21 Det
141 1186 68 21 skulle
231 1187 73 20 säkert
319 1193 51 15 vara
385 1187 33 21 till
433 1186 72 27 någon
520 1189 68 24 nytta,
604 1193 35 15 om
654 1193 50 14 man
718 1186 49 21 ville
783 1185 80 26 stadga,
879 1185 34 19 att

83 1215 62 21 dessa
159 1215 47 21 icke
220 1217 52 19 utan
288 1215 102 22 särskildt
404 1215 100 22 tillstånd
519 1215 56 27 finge
590 1215 98 27 begagna
701 1214 138 27 lägenhetens
853 1213 58 26 skog,

84 1243 40 21 och
143 1243 56 21 hvad
222 1244 48 21 dem
292 1244 110 26 beträffar,
425 1243 24 22 så
464 1243 70 22 finnas
549 1244 48 21 icke
612 1245 27 20 de
655 1243 47 22 skäl
714 1243 38 27 jag
767 1248 48 21 nyss
831 1241 81 26 antydt,

84 1272 19 21 d.
126 1278 20 15 v.
169 1278 16 15 s.
208 1279 26 14 en
257 1273 113 26 ovilkorlig
385 1272 250 27 underhållsskyldighet
649 1272 24 21 af
687 1273 40 20 hus
743 1271 40 22 och
797 1269 115 28 hägnader,

84 1307 46 15 som
153 1301 68 21 skulle
243 1301 121 27 naturligen
387 1301 110 26 berättiga
512 1301 48 22 dem
575 1301 33 21 till
623 1301 109 21 anlitande
747 1300 24 21 af
784 1299 85 26 skogen.
887 1309 25 4 —

84 1329 41 27 Jag
147 1329 96 22 anhäller
265 1329 89 27 säledes,
378 1332 34 19 att
434 1330 11 27 $
468 1329 69 22 mätte
557 1330 7 21 i
587 1330 32 21 sin
639 1329 123 22 nuvarande
777 1327 138 26 formulering

84 1357 52 28 utgå
159 1358 40 21 och
221 1360 91 19 ersättas
336 1358 23 21 af
380 1360 32 19 ett
426 1359 121 26 stadgande
563 1359 22 21 af
598 1358 91 27 ungefär
704 1357 93 27 följande
811 1355 103 22 innehäll:

84 1386 87 25 Person,
187 1393 45 14 som
248 1386 13 21 &
276 1393 81 15 annans
373 1387 62 21 mark
451 1387 48 26 bor,
514 1389 54 19 utan
583 1389 33 19 att
631 1387 39 21 der
681 1386 66 21 hafva
757 1385 91 26 verkligt
855 1383 60 28 jord-

84 1415 62 26 bruk,
169 1421 49 15 vare
241 1415 19 27 ej
283 1415 123 27 berättigad
428 1418 33 19 att
477 1417 54 20 utan
543 1416 142 26 jordegarens
700 1414 105 22 särskilda
819 1411 97 23 tillständ

84 1443 88 22 afverka
194 1444 52 27 skog
269 1444 13 21 å
299 1444 134 27 lägenheten.
464 1445 35 20 En
515 1444 124 21 återremiss
655 1443 33 22 för
703 1445 98 19 närmare
816 1441 100 22 formule-

84 1472 47 26 ring
153 1474 25 19 är
199 1472 89 22 alldeles
306 1472 100 27 naturlig,
421 1472 37 27 jag
474 1473 41 21 har
530 1473 77 21 endast
622 1473 58 27 gjort
695 1472 69 22 denna
777 1469 140 27 formulering

84 1500 28 26 pä
126 1499 80 23 försök.
