1100 1742
376 136 16 18 R.
405 140 15 14 0.
433 135 15 19 A.
461 135 46 19 1885.
532 135 17 19 21
563 135 35 23 Maj.
815 136 57 25 1,361

77 203 107 22 huruvida
206 203 46 22 icke
267 204 57 26 högl.
339 204 25 21 R.
381 210 19 15 o.
416 204 26 21 A.
457 204 49 21 ville
522 204 34 21 för
572 204 36 21 det
623 203 45 26 fall,
684 205 32 20 att
731 205 32 20 ett
778 203 128 22 ständerhus

76 232 34 22 för.
133 232 26 21 de
180 232 48 27 fyra
250 232 89 22 stånden
361 232 71 22 kunde
456 232 160 22 åstadkommas
633 238 77 21 genom
725 232 132 27 tillbyggnad
872 232 32 21 till

77 260 145 26 riddarhuset,
244 260 128 28 bemyndiga
390 261 250 21 riddarhusdirektionen
656 262 32 20 att
703 260 50 22 med
768 260 136 22 ständerhus-

78 290 148 26 delegationen
248 289 184 21 öfverenskomma
454 296 34 15 om
511 290 97 21 vilkoren
625 290 34 20 för
675 290 182 21 öfverlemnandet
872 289 33 21 för

78 318 8 22 i
100 318 61 27 fråga
172 319 57 20 satta
244 317 107 29 ändamål
359 318 23 21 af
394 318 144 22 riddarhuset.
563 318 11 21 I
585 318 70 21 denna
665 318 127 27 deputation
802 318 63 21 hafva
874 318 32 20 in-

78 348 62 25 valts,
156 346 38 22 hrr
209 346 112 27 Clouberg,
338 347 84 21 Öhman
437 347 40 21 och
491 347 170 25 undertecknad,
678 346 39 22 och
732 346 88 22 anhälla
832 347 21 21 vi
863 346 42 21 för-

79 376 116 26 bindligast
210 377 32 19 att
255 374 22 22 få
288 375 131 21 öfverlemna
429 376 33 21 till
472 376 27 20 hr
509 376 68 21 baron
588 376 41 20 och
638 375 199 21 landtmarskalken
848 375 59 21 detta

79 404 204 27 protokollsutdrag.
313 404 26 21 Vi
361 404 87 21 anhålla
466 405 116 25 dessutom,
598 406 34 19 att
646 404 179 27 borgareständet
839 403 67 21 måtte

79 433 22 21 fä
115 440 53 14 vara
183 433 114 21 inneslutet
312 433 32 21 uti
358 433 146 26 högvälborne
519 433 27 21 hr
561 433 67 21 baron
644 432 40 22 och
699 432 207 22 landtmarskalkens

80 462 40 21 och
136 462 56 26 högl.
207 462 25 20 R.
248 468 20 14 o.
283 461 36 21 A:s
334 462 86 26 välvilja
436 462 39 21 och
490 462 102 26 vänskap.

150 490 33 22 Hr
198 490 196 21 landtmarskalken
410 490 90 22 tackade
516 490 37 22 det
567 490 109 27 vällofliga
686 490 176 27 borgareständet
872 488 35 22 för

81 519 41 21 den
144 526 29 14 nu
194 518 117 22 framförda
330 519 158 27 inbjudningen,
504 519 88 21 hvilken
606 519 25 21 R.
648 525 19 15 o.
683 519 26 21 A.
724 518 46 22 icke
786 519 67 25 skulle
868 524 39 15 un-

81 548 84 21 derläta
187 549 33 19 att
234 548 7 20 i
256 548 67 20 sinom
338 548 32 20 tid
385 549 51 25 taga
451 548 68 21 under
534 548 89 26 behörig
637 547 136 27 behandling,
788 547 24 21 så
825 545 34 23 att
874 552 33 15 sa-

82 576 41 21 ken
146 578 57 19 ännu
217 576 45 21 före
278 576 140 27 landtdagens
436 576 120 22 afslutande
572 576 71 21 kunde
658 576 66 21 hinna
738 576 65 22 blifva
817 575 89 27 afgjord.

151 604 71 22 Sedan
237 605 152 26 deputationen
404 604 88 28 afträdt,
508 605 110 21 lemnades
634 604 63 22 ordet
712 604 23 22 åt

150 634 26 21 hr
197 634 164 25 Mechelin,
377 640 47 15 som
438 634 95 26 yttrade:
550 634 82 21 Endast
647 633 67 27 nägra
728 633 23 21 fä
766 634 39 20 ord
819 633 38 21 ber
871 632 37 27 jag

81 664 33 19 att
130 664 57 19 ännu
201 662 22 21 få
238 663 57 26 yttra
309 662 8 21 i
331 662 69 22 denna
415 663 45 20 sak.
483 662 59 22 Frih.
557 662 89 22 Palmén
661 662 41 21 har
716 662 34 21 för
765 668 26 15 en
801 662 64 20 stund
876 667 32 15 se-

82 691 41 21 dan
146 691 94 27 behagat
260 690 95 22 förklara
378 691 64 21 bland
466 692 72 25 annat,
554 692 33 20 att
600 691 36 27 jag
652 690 69 22 skulle
737 690 53 22 höra
805 690 32 21 till
852 690 55 25 dem,

82 719 72 21 hvilka
169 726 51 14 anse
236 719 73 27 allting
324 726 52 14 vara
390 720 24 20 sä
429 720 130 26 förträffligt,
576 722 32 19 att
623 720 63 26 ingen
701 719 123 26 förändring
835 718 73 22 behöf-

82 754 43 15 ves.
156 748 40 21 Om
218 754 50 15 man
290 754 65 20 egnar
377 748 75 22 arbete
468 748 23 21 ät
506 748 193 22 ästadkommande
715 748 22 21 af
751 748 102 21 reformer
868 747 40 21 och

82 776 119 28 mängsidig
223 777 120 27 utveckling
365 777 23 21 af
408 776 116 22 bestäende
547 777 155 25 förhällanden,
726 776 23 22 sä
768 776 65 22 borde
849 776 59 21 detta

80 805 48 21 icke
143 806 68 26 precis
226 812 51 14 vara
292 806 118 20 detsamma
425 812 46 14 som
487 807 32 19 att
534 812 51 15 anse
600 806 40 20 allt
650 806 37 20 det
698 805 114 21 bestäende
822 805 33 21 för
865 804 43 21 för-

81 834 96 26 träffligt.
200 834 43 21 För
258 836 31 18 ett
303 835 81 26 vanligt
399 834 105 26 objektivt
519 836 44 20 sätt
579 836 32 19 att
626 834 101 21 betrakta
742 834 72 25 saken,
830 835 24 19 är
865 833 43 21 för-

81 862 110 22 hällandet
204 863 44 26 just
263 863 36 21 det
313 865 109 24 motsatta,
439 864 22 26 ty
476 863 37 22 det
528 865 24 19 är
565 863 45 27 just
626 862 28 23 dä
668 868 50 15 man
733 862 46 22 icke
793 862 67 21 finner
870 862 39 21 all-

81 891 47 26 ting
150 891 71 22 säsom
244 892 31 26 sig
296 891 46 27 bör,
365 898 46 15 som
433 899 50 14 man
501 892 82 21 känner
599 892 32 27 sig
645 891 78 21 manad
738 893 33 19 att
785 891 75 21 arbeta
876 890 33 21 för

81 920 110 21 reformer.
221 920 62 21 Hvad
304 921 173 21 beskaffenheten
500 921 24 20 af
545 921 63 21 dessa
625 921 139 25 vidkommer,
781 920 24 21 sä
821 919 38 21 har
872 919 37 27 jag

80 949 57 20 varit
158 949 8 21 i
188 949 83 21 tillfälle
290 951 32 19 att
336 949 8 21 i
360 949 59 22 afton
435 949 70 21 lemna
520 949 68 27 nägra
602 949 154 27 upplysningar
771 949 81 24 härom,
869 948 39 21 och

81 977 71 21 kunde
167 978 35 20 väl
216 977 63 21 hafva
294 978 46 21 skäl
356 980 32 19 att
403 978 74 21 fordra
492 980 33 19 att
540 978 26 21 de
582 978 68 21 skulle
666 977 69 22 blifvit
755 978 2 21 i
772 977 69 27 nägon
860 976 49 21 män

81 1005 107 22 beaktade
210 1006 34 21 vid
260 1007 25 20 de
304 1007 48 21 med
368 1013 25 14 en
409 1007 42 21 viss
467 1007 121 26 ,ytröttande
604 1006 151 27 enformighet*
771 1005 79 28 afgifna
866 1011 43 15 om-

82 1035 76 20 dömen
173 1041 45 15 som
233 1035 21 20 vi
268 1041 49 21 nyss
331 1035 42 22 fätt
387 1035 61 21 höra.

150 1063 136 22 Beträffande
308 1064 137 27 möjligheten
469 1066 32 19 att
523 1063 28 28 pä
570 1063 162 27 ifrägavarande
747 1063 87 22 omräde
850 1063 59 20 snart

80 1091 110 27 praktiskt
211 1092 130 27 förverkliga
356 1093 45 20 lika
416 1093 128 26 rättigheter
559 1091 34 22 för
608 1093 54 25 dem,
680 1099 45 14 som
740 1092 65 21 hafva
819 1091 89 25 finskan,

81 1126 46 15 som
138 1120 34 21 för
187 1121 54 25 dem,
258 1127 44 15 som
318 1121 64 21 hafva
397 1122 106 21 svenskan
518 1121 33 22 till
566 1121 136 25 modersmål,
718 1121 23 21 sä
752 1121 39 21 bör
802 1121 36 20 det
848 1121 61 26 tagas

82 1149 7 20 i
112 1149 149 26 betraktande,
284 1152 32 19 att
336 1150 47 21 icke
399 1151 39 20 allt
453 1150 43 21 kan
510 1151 64 26 göras
590 1149 28 27 pä
633 1156 26 15 en
674 1149 63 27 gäng.
767 1149 42 21 Det
824 1151 24 18 är
862 1149 48 20 icke

82 1177 74 27 gjordt
171 1178 86 21 dermed
273 1180 32 19 att
320 1179 30 20 tal
366 1178 74 27 hållas,
456 1179 115 26 petitioner
586 1178 82 21 aflätas.
686 1178 39 21 Ett
739 1177 24 22 sä
778 1177 132 22 omfattande

80 1206 208 27 utvecklingsarbete
311 1207 85 21 kräfver
411 1208 32 20 sin
457 1207 39 21 tid.
527 1207 63 21 Hvad
604 1207 41 21 den
661 1207 66 26 högre
742 1206 99 22 tekniska
856 1205 54 22 bild-

80 1235 78 26 ningen
174 1235 72 27 angär,
263 1235 23 22 sä
301 1235 40 22 har
356 1236 36 21 det
407 1236 79 21 hittills
500 1236 48 21 icke
563 1242 37 15 ens
616 1235 56 21 varit
686 1235 83 27 möjligt
785 1237 32 19 att
827 1234 34 21 för
871 1241 38 14 un-

80 1263 122 27 dervisning
221 1264 27 26 pä
264 1265 89 20 svenska
377 1265 88 26 spräket
482 1264 82 22 erhälla
578 1265 8 20 i
602 1265 48 26 eget
665 1264 50 21 land
726 1263 124 26 tillräckligt
861 1263 49 20 med

80 1291 161 27 lärarekrafter,
264 1299 49 14 man
336 1293 40 21 har
398 1293 75 21 behöft
488 1293 68 21 anlita
570 1293 110 21 utlandets
694 1293 71 20 rikare
781 1297 107 16 ressurser
902 1291 8 21 i

81 1320 60 21 detta
163 1321 127 22 hänseende.
321 1321 45 22 Och
388 1321 35 22 för
445 1323 33 20 att
494 1321 149 22 ästadkomma
658 1327 27 15 en
700 1321 85 21 teknisk
800 1321 108 20 litteratur

80 1349 28 26 pä
130 1349 69 21 finska
222 1350 91 26 spräket,
338 1350 94 21 äterstär
454 1352 58 19 ännu
530 1350 114 26 oändligen
659 1350 85 27 mycket
759 1351 33 20 att
807 1351 59 24 göra.
884 1360 24 3 —

80 1377 41 27 Jag
144 1380 46 19 tror
211 1379 33 20 att
266 1380 31 19 ett
320 1379 52 20 visst
386 1379 56 21 mått
465 1379 23 21 af
502 1378 95 22 tålamod
613 1380 24 19 är
652 1378 23 21 af
689 1379 76 25 nöden,
781 1378 41 21 och
834 1377 38 27 jag
887 1378 23 19 är

80 1405 125 28 öfvertygad
220 1413 40 20 om,
277 1409 32 19 att
324 1407 27 21 dä
367 1407 66 21 målet
448 1407 111 22 allaredan
575 1409 24 18 är
614 1407 80 21 fattadt
710 1407 39 21 och
765 1406 92 21 erkändt
871 1405 39 21 och

80 1434 75 21 arbete
176 1435 72 21 derför
263 1435 55 26 sker,
334 1435 23 22 sä
373 1437 25 20 är
413 1436 37 21 det
464 1436 34 21 för
514 1436 66 21 saken
595 1435 47 22 icke
658 1435 102 27 behöfligt
775 1436 40 23 att,
830 1435 33 20 för
878 1435 33 20 att

79 1462 98 27 begagna
192 1469 26 16 en
233 1464 52 21 ärad
300 1465 81 20 talares
396 1464 88 27 uttryck
498 1464 47 21 från
560 1464 8 21 i
584 1463 39 28 går
631 1464 134 27 ,upprepade
775 1462 136 28 pätrycknin-

78 1497 39 20 gar
132 1491 114 28 företagas.

149 1520 57 21 Frih.
230 1520 134 27 Palmén,
387 1521 25 21 E.
437 1521 34 22 G.:
495 1521 77 21 Derest
592 1521 37 26 jag
649 1521 7 21 i
671 1520 49 22 mitt
734 1519 126 28 föregående
876 1525 36 15 an-

79 1546 108 28 dragande
210 1549 77 21 uttalat
309 1549 42 26 mig
374 1550 28 26 pä
425 1551 31 20 ett
478 1549 78 22 sädant
578 1551 50 24 sätt,
644 1551 32 20 att
691 1549 40 21 den
747 1550 85 21 senaste
848 1547 64 22 ärade
