1098 1728
214 115 41 21 942
495 115 15 19 R.
523 119 15 15 6.
552 116 15 18 A.
580 115 46 20 1886,
650 115 10 18 2
674 115 33 24 Maj.

186 177 168 27 lönnkrögarene
376 177 94 23 försvära
493 179 109 27 uppköpet
625 178 22 21 af
661 178 93 21 bränvin.
785 178 43 21 Det
845 180 24 19 är
891 178 120 27 visserligen

186 206 75 27 troligt
288 209 30 18 att
343 207 168 27 lönnkrögarene
538 207 72 22 kunna
632 207 147 22 åstadkomma
803 207 36 21 det
861 207 79 26 kapital
965 214 45 15 som

186 235 100 21 behöfves
308 235 33 21 för
362 238 32 19 att
415 235 56 28 köpa
495 237 26 20 25
545 236 89 25 kannor,
657 242 48 15 men
729 235 36 22 det
787 235 54 22 skall
861 241 50 16 vara
927 237 84 20 svärare

186 265 32 20 att
241 263 116 22 oförmärkt
380 264 39 21 och
442 266 50 20 utan
515 266 33 19 att
570 264 79 27 ädraga
672 264 31 27 sig
717 263 92 28 polisens
825 264 186 27 uppmärksamhet

185 293 147 26 transportera
347 294 31 19 ett
395 293 24 21 sä
434 295 54 19 stort
504 293 84 27 belopp.
618 293 62 21 Hvad
695 293 25 20 hr
735 292 163 27 Pippingskölds
913 293 97 21 anmärk-

186 322 50 25 ning
260 320 99 22 beträffar
381 327 34 15 om
438 321 100 27 heloppet
563 321 23 22 af
610 322 41 21 150
667 322 88 25 kannor,
771 321 6 21 i
793 321 13 21 2
822 327 69 20 mom.,
907 322 23 20 sä
945 323 66 25 ansåg

186 349 106 21 utskottet
307 348 30 27 sig
352 349 45 22 icke
413 349 52 22 böra
480 349 100 22 förändra
596 350 36 21 det
647 350 7 20 i
670 350 47 21 näd.
734 355 59 21 prop.
809 348 119 28 föreslagna
939 349 71 27 belop-

184 379 43 25 pet,
251 377 87 21 emedan
361 378 6 20 i
389 378 72 22 landet
485 379 70 25 nägon
580 378 121 22 erfarenhet
723 378 7 21 i
753 378 60 21 detta
831 378 118 21 hänseende
964 378 45 22 icke

184 405 68 25 fanns,
269 405 38 21 och
322 406 55 21 hvad
393 406 98 27 slutligen
507 406 166 27 anmärkningen
690 408 57 19 emot
762 406 100 27 beloppet
877 406 22 21 af
914 408 8 19 1
940 406 69 21 kanna

184 433 106 26 beträffar,
313 434 38 21 har
363 435 37 26 jag
415 435 108 26 ingenting
541 437 33 19 att
588 435 94 26 tillägga,
698 435 65 21 sedan
779 435 26 20 hr
820 441 40 15 von
875 434 86 22 Alfthan
977 441 32 15 re-

184 462 40 21 dan
247 462 82 21 bemött
352 463 68 22 denna
442 463 144 27 anmärkning.
617 463 41 27 Jag
681 463 37 22 ber
741 465 57 20 ännu
817 463 21 22 fä
853 463 54 21 fästa
922 463 25 21 hr
961 463 48 27 Pip-

183 491 123 26 pingskölds
322 492 187 26 uppmärksamhet
533 492 35 21 vid
590 494 32 19 att
638 493 36 20 det
690 492 72 27 längre
777 491 54 22 fram
846 491 7 22 i
868 491 141 27 författnings-

183 519 108 27 förslaget,
314 520 5 20 i
343 520 12 27 &
373 521 32 25 14,
421 523 25 19 är
460 521 143 27 uttryckligen
618 521 133 21 föreskrifvet
766 522 32 19 att
813 520 88 21 bränvin
916 520 45 21 icke
976 520 32 21 fär

182 548 64 26 säljas
269 547 6 21 i
298 548 81 22 mindre
401 549 46 21 kärl
471 551 26 20 än
520 549 86 26 sädana,
625 555 45 16 som
686 555 82 21 rymma
783 549 36 21 det
834 549 83 21 tillätna
932 549 76 22 minsta

182 576 241 28 försäliningsbeloppet.

251 605 33 21 Hr
307 612 40 15 von
370 606 118 21 Alfthan:
511 606 41 27 Jag
575 607 105 21 erkänner
702 609 32 19 att
753 607 37 26 jag
808 606 46 21 icke
869 605 74 28 riktigt
958 613 50 21 upp-

181 633 65 22 fattat
271 633 35 22 det
321 634 52 21 sista
388 641 61 15 mom.
465 635 31 21 uti
512 635 70 21 denna
597 635 21 27 &,
634 641 48 15 men
695 635 36 27 jag
746 635 88 26 misstog
850 634 41 27 mig
903 635 45 26 just
963 635 45 22 der-

181 662 34 21 för
230 664 33 19 att
275 663 37 26 jag
327 663 47 21 ville
390 663 69 22 erinra
475 663 42 27 mig
532 665 32 20 att
580 665 31 20 ett
626 663 76 22 sädant
717 663 118 27 stadgande
851 669 44 15 som
911 663 39 21 här
965 669 42 16 om-

181 691 103 21 nämndes
299 691 65 25 fanns,
381 691 65 22 ehuru
461 692 27 27 pä
503 694 65 19 annat
583 692 68 21 ställe.
678 692 42 21 Det
734 692 77 21 verkar
827 691 53 21 dock
895 691 61 26 ingen
967 691 41 22 för-

181 718 96 28 ändring.
308 719 61 22 Hvad
392 720 49 27 eljes
463 720 79 28 äsyftas
558 720 48 22 med
622 720 69 22 denna
706 720 11 28 $
733 722 24 20 är
771 720 46 21 icke
833 720 73 26 riktigt
921 720 40 21 lätt
976 722 31 20 att

180 747 74 21 förstå.
285 748 62 21 Först
362 750 61 25 säges
439 749 38 21 här
492 751 32 19 att
539 756 49 14 man
603 749 47 21 icke
664 748 34 22 får
712 749 52 27 sälja
778 755 59 15 mera
847 750 27 20 än
885 748 36 21 det
930 748 77 22 minsta

178 776 87 26 belopp,
283 782 47 15 men
345 777 64 21 sedan
425 779 24 19 är
465 778 35 20 det
515 778 63 26 sagdt
593 780 32 19 att
640 784 49 14 man
704 778 46 21 icke
764 777 33 21 får
812 776 56 28 gifva
883 779 23 19 ut
919 777 87 27 mindre,

180 804 40 22 och
234 805 35 25 jag
285 804 77 22 förstår
376 806 46 21 icke
437 806 55 21 hvad
507 812 46 15 som
568 806 86 27 åsyftas.

249 833 33 21 Hr
298 833 201 27 Pippingsköld:
517 834 41 22 Om
573 835 23 21 så
612 836 24 20 är
651 836 32 20 att
698 834 107 27 verkligen
821 834 42 27 köp
878 833 22 22 af
914 835 10 19 1
936 834 71 22 kanna

177 862 49 20 icke
250 862 42 21 kan
314 862 37 21 ske
373 863 131 21 annorlunda
527 865 27 19 än
572 865 32 19 att
619 864 77 20 måttet
710 862 89 22 bränvin
814 862 7 21 i
836 864 32 20 ett
883 862 54 22 enda
952 862 54 22 käril

181 892 110 25 upptages,
314 890 23 21 så
360 893 24 19 är
403 892 37 26 jag
463 891 122 27 öfvertygad
608 892 73 21 derom
704 894 32 18 att
751 891 150 21 stadsresande
916 891 90 27 allmoge

179 918 41 22 och
243 919 81 21 kanske
346 920 89 26 mången
457 920 7 20 i
483 920 75 21 staden
581 920 82 22 boende
685 926 45 15 som
753 920 36 21 vill
812 920 92 21 undvika
918 920 87 26 salning,

178 947 57 21 inom
260 947 50 21 kort
331 948 54 21 skall
408 948 98 22 förskaffa
528 948 33 27 sig
583 955 16 15 s.
622 949 19 20 k.
662 949 118 25 resvackor,
795 948 8 21 i
818 948 72 21 hvilka
905 948 26 22 de
946 948 59 22 skola

179 975 80 21 bereda
275 976 86 26 lämplig
375 976 55 27 plats
445 976 33 21 för
492 977 37 21 sitt
543 977 130 25 kannsmått,
690 977 37 21 der
737 980 62 18 dessa
809 976 103 22 klenoder
922 977 83 21 komma

178 1006 33 19 att
235 1004 56 21 hvila
315 1005 27 25 på
365 1005 36 21 det
423 1004 53 22 allra
497 1005 137 27 beqvämaste
656 1007 72 25 sättet,
743 1006 47 21 icke
806 1012 58 14 mera
879 1005 7 21 i
901 1005 104 27 köparens

176 1032 124 25 bröstficka,
326 1039 47 15 men
395 1033 7 20 i
424 1034 52 20 hans
498 1034 73 21 vacka.
601 1034 75 21 Denna
698 1034 197 26 stränghetsåtgärd
910 1034 95 21 kommer

177 1060 91 22 sålunda
291 1063 32 19 att
344 1061 56 27 gifva
422 1061 112 27 anledning
557 1062 32 21 till
613 1068 26 16 en
662 1069 26 20 ny
711 1061 97 26 industri,
828 1061 177 22 bränvinsvackor

175 1089 56 21 «eller
253 1089 106 27 portativa
381 1091 46 20 små
451 1090 108 27 kuttingar
582 1091 40 21 och
644 1091 36 21 det
703 1091 40 20 blir
762 1090 48 21 hela
825 1091 88 21 vinsten.
943 1089 62 22 Hvad

177 1117 105 22 förlusten
299 1118 45 25 blir,
361 1118 35 21 det
411 1119 41 20 kan
467 1119 62 26 ingen
545 1119 99 21 beräkna.

249 1146 32 21 Hr
303 1146 120 28 Ramsay:
444 1147 71 26 Enligt
536 1149 3 18 1
559 1154 63 15 mom.
638 1148 7 20 i
662 1149 9 19 1
690 1147 12 28 8
718 1147 115 27 medgifves
848 1149 43 19 rätt
906 1148 23 20 åt
943 1147 62 21 brän-

176 1174 177 27 vinstillverkare,
376 1175 51 21 eller
446 1175 39 22 den
501 1181 44 16 som
562 1175 119 22 destillerar
696 1176 95 25 bränvin,
807 1177 32 20 att
854 1175 52 26 sälja
921 1178 32 19 ett
968 1175 36 21 mi-

178 1203 51 20 nimi
253 1203 76 26 belopp
353 1203 22 21 af
397 1204 26 21 25
439 1204 81 21 kannor
535 1204 89 21 bränvin
639 1205 75 20 renadt
729 1205 27 26 på
771 1206 44 19 sätt
830 1210 45 15 som
891 1204 6 20 i
912 1205 11 25 $
941 1205 25 20 16
981 1205 24 20 är

176 1231 109 26 stadgadt,
310 1237 47 16 men
380 1239 25 14 en
428 1232 165 27 partiförsäljare
616 1239 50 20 eger
688 1233 46 21 icke
756 1233 43 20 lika
815 1234 49 19 rätt.
896 1233 41 21 Det
951 1233 54 20 före-

174 1259 64 22 faller
261 1259 54 22 dock
339 1261 142 26 egendomligt
499 1263 32 18 att
554 1261 26 26 på
596 1262 23 21 så
634 1263 43 20 sätt
693 1260 165 28 partiförsäliare
873 1261 23 21 af
909 1261 35 21 två
959 1261 45 26 slag

176 1287 22 22 få
221 1289 84 26 uppstå.
336 1289 43 21 Det
401 1291 24 19 är
447 1289 50 21 visst
519 1292 48 19 sant
590 1292 32 19 att
637 1290 36 21 det
688 1291 6 20 i
710 1291 13 20 3
739 1291 9 25 $
764 1289 68 22 finnes
847 1289 158 26 bestämningar

175 1323 47 14 som
245 1317 72 21 kunna
339 1317 86 22 inverka
440 1319 27 26 på
483 1317 58 22 detta
555 1317 139 27 förhållande,
710 1325 47 15 men
773 1318 36 21 det
825 1324 61 21 synes
901 1318 42 26 mig
958 1323 46 16 som

174 1351 29 15 en
226 1345 111 26 möjlighet
359 1345 118 22 förefunnes
500 1348 32 19 att
549 1346 251 22 bränvinstillverkarene
817 1346 70 21 blefve
902 1348 31 19 ett
948 1346 55 26 slags

175 1373 207 26 mellanhandlande,
405 1375 28 21 då
455 1375 26 21 de
503 1374 20 21 få
546 1374 85 27 försälja
650 1375 87 21 bränvin
753 1375 32 21 till
801 1377 32 19 ett
848 1374 77 27 belopp
941 1374 22 21 af
975 1374 27 21 25

176 1401 90 21 kannor.
297 1402 43 20 För
363 1402 62 27 öfrigt
446 1402 39 22 ber
504 1402 36 27 jag
556 1405 32 19 att
603 1404 48 20 med
667 1403 98 21 afseende
780 1404 13 20 å
808 1402 105 28 beloppen
928 1402 22 22 af
962 1403 41 20 för-

174 1429 93 27 säljning
282 1429 21 22 få
318 1430 73 22 förena
407 1431 41 27 mig
464 1432 47 20 med
525 1431 26 21 hr
566 1431 159 27 Pippingsköld.

245 1458 34 21 Hr
289 1458 156 28 Schauman,
455 1460 35 21 A.:
501 1460 10 20 I
521 1459 68 22 likhet
600 1460 48 21 med
659 1460 25 21 hr
695 1459 152 28 Pippingsköld
859 1461 24 19 är
891 1460 35 26 jag
937 1459 66 21 öfver-

175 1486 66 27 tygad
261 1492 35 16 om
314 1489 32 19 att
361 1488 127 26 stadgandet
503 1494 34 15 om
554 1489 10 19 1
581 1488 70 22 kanna
666 1490 70 20 såsom
753 1488 108 22 minimum
875 1487 34 21 för
923 1487 80 27 försälj-

176 1514 77 26 ningen
269 1515 23 21 af
306 1515 87 21 bränvin
409 1516 54 22 skall
478 1516 111 22 framkalla
605 1517 104 21 särskilda
723 1516 122 26 industrier,
861 1516 32 21 för
904 1518 32 20 att
946 1516 57 22 finna
