1100 1717
371 103 15 17 R.
399 107 14 14 e.
427 102 15 18 A.
455 102 46 19 1885.
525 102 10 18 2
547 102 35 23 Maj.
820 104 39 20 961

64 171 68 26 punkt
147 170 62 21 faller
224 171 90 26 igenom,
336 171 162 26 bestämningen
513 171 44 21 kan
573 170 142 22 öfverlemnas
730 171 23 21 ät
768 171 69 21 denna
852 172 37 20 mi-

64 198 61 21 litärs
140 198 64 21 befäl.
229 199 41 26 Jag
286 201 23 18 är
325 199 124 26 öfvertygad
465 206 34 14 om
509 200 32 20 att
553 199 26 21 de
589 199 62 21 flesta
662 199 74 21 dervid
746 200 47 19 icke
803 199 85 21 komma

65 228 33 19 att
112 226 71 21 tilläta
198 227 70 26 nägon
283 227 150 26 utskänkning,
449 227 38 21 der
502 227 127 26 kompanier
644 229 38 19 äro
698 227 100 21 samlade.

134 255 32 21 Hr
181 261 40 15 von
236 255 110 26 Wright:
362 255 42 22 Vid
418 255 115 22 utskottets
549 255 158 27 handläggning
722 255 22 21 af
754 255 68 22 denna
832 255 58 26 fräga

65 289 37 15 var
125 283 36 21 det
183 283 41 21 den
246 283 106 22 allmänna
374 283 112 27 meningen
501 285 32 22 att
548 284 129 27 antagandet
693 283 22 22 af
728 285 31 20 ett
774 283 116 27 stadgande

66 311 80 26 sädant,
169 317 46 16 som
238 311 35 22 det
295 312 6 20 i
324 311 143 22 betänkandet
489 312 109 27 ingäende,
614 312 115 27 ingalunda
746 312 68 21 skulle
829 312 61 26 lägga

66 339 75 26 hinder
160 339 7 22 i
181 342 67 24 vägen
263 339 33 22 för
310 339 156 22 befälhafvaren
481 341 35 20 vid
532 340 106 21 militären
653 342 33 19 att
700 341 23 20 ät
737 341 37 20 sitt
789 340 100 26 manskap

66 368 105 21 utskänka
186 368 88 21 bränvin
290 368 36 21 der
342 369 23 21 sä
380 369 112 21 erfordras.
523 369 38 21 Ett
576 369 49 21 stöd
640 368 33 21 för
688 368 128 27 riktigheten
830 367 62 22 häraf

66 396 62 21 torde
150 396 60 22 äfven
232 397 71 21 kunna
326 397 62 21 sökas
406 397 7 21 i
429 397 26 21 27
471 398 13 25 &
499 397 22 21 af
535 397 138 22 förevarande
689 397 140 26 betänkande,
844 402 45 15 som

66 425 86 26 stadgar
168 427 32 19 att
222 425 27 21 då
264 425 68 26 någon
348 425 135 27 godtgörelse
498 425 46 22 icke
560 427 113 25 mottages,
688 427 52 20 utan
755 425 134 22 utskänknin-

66 459 40 20 gen
122 453 49 21 sker
186 459 46 15 som
248 453 126 27 undfägnad,
391 455 24 19 är
431 453 68 22 denna
514 454 89 21 tillåten.

135 481 33 22 Hr
190 481 230 28 Standertskjöld,
444 482 23 21 C.
491 482 34 22 G.:
549 482 40 26 Jag
605 481 68 22 skulle
689 481 26 22 be
730 484 32 19 att
776 482 31 21 uti
823 481 68 22 denna

67 509 13 28 &
102 516 25 15 ur
152 516 62 15 mom.
238 510 12 21 3
273 509 67 22 skulle
363 511 51 26 utgå
437 510 118 27 äfvensom
573 511 12 20 &
598 510 216 27 jernvägsstationer*
830 509 61 22 och
879 505 15 37 i

67 537 71 22 stället
161 537 66 22 första
249 544 62 15 mom.
335 539 123 26 godkännas
481 539 49 21 med
552 539 40 21 den
617 538 132 27 ordalydelse
764 545 45 15 som
825 538 66 21 finnes

67 566 7 21 i
96 566 48 21 nåd.
168 573 59 20 prop.
257 567 34 20 Då
314 567 104 21 utskottet
440 567 39 21 har
501 567 114 21 motiverat
637 567 119 21 införandet
779 567 22 20 af
824 567 67 20 denna

67 593 147 22 bestämmelse
230 595 30 20 uti
276 594 12 29 8
304 595 54 26 med,
374 597 33 19 att
422 595 36 22 det
473 596 54 21 varit
542 596 58 21 svårt
616 597 32 20 att
663 595 112 21 öfvervaka
785 594 107 21 bränvins-

67 623 143 26 utskänkning
232 623 12 21 å
266 623 203 27 jernvägsstationer
491 624 40 21 och
554 624 27 21 då
597 624 36 20 det
648 624 92 26 påståtts
754 625 32 19 att
801 623 27 26 på
842 622 50 21 flere

68 650 75 22 ställen
166 657 26 15 en
215 651 138 27 krogrörelse,
377 658 45 15 som
445 652 46 21 icke
506 652 82 21 kunnat
603 652 159 26 undertryckas,
777 650 114 25 bedrifvits,

68 679 24 21 så
114 680 64 25 vågar
197 679 36 27 jag
255 680 27 26 på
306 680 35 21 det
364 680 144 22 bestämdaste
531 682 121 24 protestera
671 682 44 19 mot
729 679 127 27 riktigheten
872 678 21 21 af

69 706 61 22 dessa
152 708 130 26 påståenden
304 708 39 21 och
358 708 42 22 kan
415 708 46 22 icke
476 715 42 20 nog
533 708 88 22 förvåna
637 708 42 26 mig
694 708 57 21 öfver
766 710 32 19 att
814 707 78 21 utskot-

68 736 38 25 tet,
129 738 51 18 utan
203 736 65 26 några
290 742 45 16 som
351 736 56 22 helst
429 736 65 27 bevis,
517 736 106 28 påbördat
638 735 254 28 jernvägsförvaltningen

69 769 26 15 en
110 764 66 20 sådan
190 764 152 27 försumlighet,
358 771 45 15 som
419 765 40 21 den
476 767 31 19 att
523 765 46 21 icke
584 765 73 21 kunna
672 765 59 20 desto
747 764 69 21 bättre
828 763 64 21 öfver-

69 792 53 21 vaka
138 792 116 26 ordningen
269 793 27 26 på
308 793 237 26 jernvägsstationerna.
570 793 40 26 Jag
626 793 41 21 kan
683 792 95 22 försäkra
793 794 31 19 att
833 792 60 21 dessa

68 820 167 22 restaurationer
261 822 37 20 äro
325 821 157 21 underkastade
509 822 40 20 den
577 821 53 21 allra
653 823 117 24 strängaste
792 819 100 22 kontroll.

70 848 71 21 Skulle
158 849 26 25 på
199 850 69 26 någon
284 849 54 21 enda
352 850 79 21 station
447 850 65 26 något
527 850 77 21 sådant
618 850 63 21 hafva
696 849 139 24 förekommit,
848 853 44 16 som

69 876 105 21 utskottet
196 877 104 26 anmärkt,
322 878 24 20 så
368 878 63 21 beror
453 878 60 21 detta
535 879 56 26 uppå
611 884 25 15 en
652 878 88 26 svaghet
754 877 52 21 eller
820 876 73 22 flathet

70 904 38 22 hos
129 905 213 27 stationsinspektorn
366 908 32 19 att
413 906 18 27 ej
448 906 57 22 hålla
521 906 53 22 efter
589 908 163 19 restauratören.
782 905 42 21 Det
839 904 54 21 hade

69 932 46 22 icke
138 932 83 22 behöfts
240 940 44 15 mer
302 936 26 19 än
344 941 26 14 en
386 934 61 22 enkel
463 935 97 21 anmälan
577 934 73 22 derom
665 935 39 21 hos
720 932 173 28 jernvägsstyrel-

70 966 43 21 sen,
135 961 33 21 för
190 964 33 18 att
239 968 25 15 en
280 962 65 22 sådan
361 963 145 21 försummelse
521 966 76 24 genast
611 962 69 22 skulle
695 962 61 21 hafva
771 961 67 22 blifvit
853 960 41 21 till-

70 989 94 27 börligen
187 990 87 22 beifrad.
304 991 45 21 Här
371 991 39 21 har
432 992 91 26 påståtts
543 993 32 19 att
594 991 96 25 resande,
706 990 32 22 till
752 990 51 26 följd
818 989 22 21 af
854 989 40 21 den

70 1018 142 27 utskänkning
227 1025 45 15 som
288 1019 101 22 existerar
404 1020 27 26 på
446 1020 137 26 stationerna,
599 1019 69 21 skulle
683 1019 7 21 i
705 1018 135 22 öfverlastadt
855 1016 39 22 till-

70 1046 62 21 stånd
154 1046 62 22 hafva
238 1046 80 23 färdats
339 1047 53 21 fram
416 1048 27 25 på
463 1048 122 26 jernvägen.
616 1048 40 25 Jag
674 1048 42 20 kan
731 1047 54 22 dock
800 1046 94 21 försäkra

70 1075 32 20 att
116 1074 8 21 i
139 1074 25 21 de
179 1073 61 23 flesta
254 1075 36 21 fall
306 1076 69 21 denna
390 1075 51 27 fylla
456 1076 55 21 varit
525 1075 34 22 väl
575 1075 118 27 grundlagd
708 1075 63 21 innan
786 1081 62 15 resan
859 1074 36 26 på-

70 1101 85 28 börjats.
186 1103 39 21 Ett
248 1103 51 22 eller
321 1106 65 19 annat
408 1104 109 27 undantag
539 1104 40 21 har
600 1105 83 20 kunnat
697 1103 135 25 förekomma,
848 1108 47 15 men

70 1130 46 21 icke
139 1131 39 21 bör
200 1137 25 15 en
245 1132 57 26 regel
317 1134 62 24 göras
394 1131 33 22 för
441 1135 32 18 ett
488 1132 163 27 undantagsfall.
683 1131 93 28 Afsigten
792 1131 48 21 med
855 1130 40 21 den

70 1158 8 21 i
92 1158 60 27 fråga
166 1160 92 21 varande
274 1160 121 21 restriktiva
409 1161 104 26 åtgärden
529 1163 24 19 är
568 1161 33 21 väl
613 1162 32 20 att
657 1160 130 21 förekomma
797 1159 99 27 superiet,

71 1193 47 15 men
142 1189 31 19 att
196 1189 60 25 påstå
274 1190 33 19 att
319 1189 296 26 jernvägsrestaurationerna
629 1188 63 22 hafva
707 1188 91 27 bidragit
812 1187 32 21 till
859 1186 38 28 fyl-

70 1215 114 27 lerilasten,
208 1216 59 22 detta
289 1223 61 21 synes
373 1217 42 26 mig
438 1217 55 21 dock
508 1223 51 15 vara
574 1218 65 25 något
653 1217 34 21 för
701 1217 74 21 starkt.
805 1216 40 25 Jag
861 1214 36 21 vill

72 1243 106 22 dessutom
201 1244 111 22 framhålla
330 1247 32 19 att
378 1245 35 21 det
428 1245 33 22 för
477 1245 128 27 ordningens
620 1245 186 27 upprätthållande
820 1245 25 20 är
860 1242 37 22 all-

72 1271 56 22 deles
144 1272 130 27 nödvändigt
288 1275 32 19 att
335 1273 144 27 utskänkning
493 1275 13 20 å
522 1274 26 21 de
563 1273 109 26 stationer,
689 1273 36 22 der
736 1271 161 23 restaurations-

70 1299 127 27 rättigheter
212 1301 68 21 blifvit
295 1301 109 27 beviljade,
421 1301 32 22 får
468 1302 44 21 ske.
538 1302 11 21 I
564 1301 75 27 början
655 1301 22 22 af
691 1302 36 21 vår
735 1298 163 30 jernvägstrafik

70 1327 76 23 funnos
168 1329 80 21 sådana
271 1329 76 22 förbud
370 1329 39 22 och
432 1329 27 22 då
482 1331 71 21 visade
576 1331 31 25 sig
631 1332 32 19 att
681 1329 95 26 resande,
791 1334 45 16 som
852 1327 46 21 icke

71 1355 81 22 kunnat
168 1357 20 20 få
204 1357 61 22 dessa
280 1358 176 26 njutningsmedel
472 1359 28 26 på
515 1358 139 27 stationerna,
670 1358 58 21 förde
743 1357 49 22 med
806 1356 32 27 sig
849 1362 15 15 s.
876 1355 21 21 k.

72 1384 160 25 »tasku-matti"
256 1392 25 15 ur
303 1386 84 21 hvilken
411 1386 40 21 den
474 1393 41 15 ena
536 1387 95 20 klunken
647 1386 52 21 efter
715 1387 39 20 den
770 1385 66 22 andra
851 1386 47 24 togs

71 1412 48 31 med
142 1413 40 21 den
198 1413 79 27 påföljd
293 1416 32 19 att
339 1414 64 21 innan
420 1415 39 20 den
476 1415 90 21 resande
581 1415 90 21 kommit
686 1415 52 20 fram
754 1413 31 22 till
801 1413 39 21 den
856 1413 42 20 sta-

70 1441 52 25 tion,
146 1441 30 21 dit
199 1442 41 21 han
263 1442 89 21 ämnade
374 1442 38 26 sig,
435 1442 42 21 han
501 1443 84 27 mycket
604 1442 45 22 ofta
663 1442 127 22 anträffades
805 1441 38 21 full
858 1439 40 22 och

71 1469 67 21 måste
161 1469 103 27 aflägsnas
287 1471 27 26 på
337 1477 25 14 en
385 1470 91 27 tidigare
499 1471 84 21 station.
615 1471 50 21 Men
688 1471 63 21 sedan
774 1476 26 15 en
818 1468 80 22 ordnad

70 1497 144 26 utskänkning
234 1497 68 22 blifvit
317 1498 75 25 införd,
409 1498 39 22 har
464 1499 37 21 det
516 1499 49 21 hört
580 1499 33 21 till
628 1498 182 27 undantagsfallen
826 1499 32 19 att
873 1502 26 15 en
