1100 1742
371 121 14 18 R.
399 126 14 14 0.
427 122 16 17 A.
455 120 47 19 1885.
526 120 18 19 18
557 120 35 23 Maj.
809 120 60 26 1,255

67 191 140 21 medlemmar
230 190 22 21 af
272 190 149 27 lagutskottet,
445 196 44 15 som
512 190 47 21 icke
577 190 84 20 förenat
677 189 32 26 sig
725 195 34 15 om
775 189 59 20 detta
849 194 28 14 nu
892 188 6 20 i

70 220 60 25 fräga
154 219 92 21 varande
268 219 118 25 uttalande,
409 219 64 21 hafva
490 219 47 20 icke
553 220 71 19 ansett
640 218 37 20 det
691 224 52 14 vara
758 217 75 27 nödigt
848 216 51 21 eller

69 254 39 15 ens
131 248 97 26 lämpligt
249 249 33 19 att
304 254 109 14 reservera
436 248 31 26 sig
489 247 33 21 till
539 246 152 26 betänkandet,
708 246 27 20 dä
750 246 60 20 detta
828 246 71 20 betän-

71 276 70 21 kande
164 276 45 20 icke
231 276 118 21 innehäller
372 276 40 21 och
433 276 115 26 lämpligen
563 276 46 20 icke
626 281 37 15 ens
678 275 62 20 torde
756 274 71 21 kunna
842 274 57 21 inne-

71 304 58 21 hälla
150 304 81 27 förslag
252 305 32 21 till
308 304 67 26 nägra
398 304 125 22 uttalanden
543 304 48 21 frän
607 304 126 20 ständernas
749 303 46 21 sida
810 303 39 21 och
864 302 36 21 det

71 334 109 20 dessutom
197 334 47 20 stod
260 333 61 21 dessa
336 333 139 21 medlemmar
489 333 47 21 fritt
552 334 32 19 att
600 332 52 21 hvar
667 332 6 20 i
690 332 37 20 sitt
742 331 62 21 ständ
817 331 83 21 anmäla

72 362 32 21 sin
127 362 122 26 skiljaktiga
271 362 90 26 mening.
392 362 63 20 Hvad
477 361 103 21 beträffar
603 361 41 21 den
663 360 137 26 reservation,
816 366 45 15 som
877 361 23 19 är

71 391 61 21 detta
154 390 134 21 betänkande
312 390 105 26 vidfogad,
441 390 101 21 behöfver
563 390 43 26 jag,
623 389 54 21 efter
693 389 55 21 hvad
763 388 26 21 hr
804 388 97 26 Montgo-

71 425 60 21 mery
154 419 72 21 derom
248 421 74 25 yttrat,
344 419 47 21 icke
409 418 66 27 derpä
493 419 62 26 spilla
570 418 77 26 många
663 418 46 20 ord.
740 418 40 26 Jag
795 418 36 20 vill
846 417 54 21 blott

72 450 78 18 nämna
174 449 31 19 att
223 448 25 20 de
264 448 45 20 skäl
326 450 57 18 emot
399 450 172 18 reservanternes
588 447 61 26 åsigt,
666 452 45 15 som
727 446 23 20 af
764 446 25 20 hr
805 446 96 26 Montgo-

73 483 59 20 mery
154 476 116 25 framhölls,
294 476 39 21 och
357 476 77 26 många
449 476 67 20 andra
532 476 47 20 skäl
595 475 71 21 dertill
679 474 79 28 jemväl
774 475 7 20 i
796 474 104 21 utskottet

72 504 139 27 åberopades,
236 505 38 21 och
290 506 32 20 att
338 505 62 21 dessa
416 505 79 26 äsigter
510 504 71 21 blefvo
597 504 123 26 upprepade
736 503 79 27 gånger
830 503 72 21 veder-

74 534 69 26 lagda,
167 533 23 21 så
205 535 32 19 att
252 540 34 14 om
307 535 162 19 reservanterne
486 533 70 21 såsom
572 533 62 21 äfven
647 532 37 26 jag
700 538 68 20 anser,
785 532 70 26 stödja
871 532 31 20 sin

74 562 132 21 reservation
228 562 26 26 på
278 568 24 15 en
319 562 129 26 fullkomligt
466 562 78 26 oriktig
559 561 138 27 uppfattning
712 560 23 21 af
750 561 152 26 prokuratorns

75 591 132 26 åligganden,
232 591 100 20 särskildt
355 591 48 21 med
427 589 98 23 afseende
550 590 11 21 å
585 590 137 22 berättelsen,
742 590 23 20 så
780 589 38 21 har
835 589 67 21 denna

73 620 47 20 icke
137 620 71 20 berott
224 618 27 27 på
266 620 65 26 något
347 620 134 20 förbiseende
497 619 46 21 från
560 619 62 20 deras
639 618 52 21 sida.

144 648 58 20 Frih.
224 648 250 26 Langenskiöld,
497 647 26 21 G.
547 648 36 20 A.:
607 647 40 26 Jag
672 648 36 20 vill
731 647 75 21 endast
829 646 21 21 få
871 646 31 21 till

74 676 131 26 protokollet
220 676 128 21 antecknadt
364 679 33 19 att
410 676 36 27 jag
462 676 62 21 äfven
539 676 66 21 hörde
621 676 34 20 till
671 676 40 20 den
727 675 23 21 af
763 675 47 21 frih.
827 674 75 22 Wrede

76 705 142 21 omförmälda
232 705 136 21 minoriteten
384 706 6 20 i
405 705 149 27 lagutskottet.

144 734 34 20 Då
200 734 61 26 ingen
285 740 69 14 annan
378 734 23 21 af
414 734 25 21 R.
459 740 18 14 o.
493 734 37 20 A:s
546 733 139 21 medlemmar
700 733 72 21 vidare
789 732 93 22 önskade
896 732 7 21 i

74 762 77 26 frågan
174 763 68 20 uttala
257 763 38 25 sig,
311 762 133 21 förklarades
462 762 149 21 diskussionen
626 761 100 26 afslutad,
742 762 107 20 hvarefter
865 760 39 22 och

76 791 66 21 sedan
165 797 26 15 en
213 791 49 21 kort
284 791 159 27 öfverläggning
467 792 34 25 egt
520 797 46 14 rum
585 790 109 26 angående
711 790 40 21 den
766 790 138 26 proposition,

76 826 46 14 som
144 820 49 20 med
211 820 113 26 anledning
340 820 23 20 af
377 820 25 20 de
418 819 80 27 afgifna
513 820 129 26 yttrandena
658 819 71 21 kunde
744 819 160 26 ifrågakomma,

76 848 107 21 derunder
198 848 25 21 hr
238 848 126 21 Mechelin
380 850 55 18 samt
449 848 62 20 frih:e
527 854 41 14 von
584 848 67 20 Born
667 848 40 20 och
723 848 97 24 Wrede,
832 847 25 20 R.
872 847 32 24 A.,

77 876 97 21 förordat
190 878 32 19 att
238 876 94 21 ständets
348 877 71 20 beslut
434 877 35 20 vid
485 877 69 20 denna
565 876 75 21 liksom
652 876 35 20 vid
698 875 127 27 föregäende
836 875 69 20 landt-

76 905 42 26 dag
133 906 7 20 i
156 911 81 15 samma
252 905 60 26 fräga
328 905 69 21 skulle
413 905 65 20 blifva
494 911 25 14 en
535 905 118 26 förklaring
669 906 32 19 att
715 904 139 21 förevarande
869 903 36 21 be-

77 934 108 21 tänkande
207 934 46 21 icke
275 933 124 22 föranledde
422 934 34 20 till
479 933 65 26 något
562 933 71 20 beslut
648 933 49 21 från
712 933 125 21 ständernas
853 932 51 25 sida,

77 962 25 21 R.
119 969 19 14 0.
154 963 32 25 A.,
202 962 27 27 på
244 962 25 21 hr
285 962 209 21 landtmarskalkens
505 961 164 27 framställning,
680 962 70 20 beslöt
761 964 31 18 att
803 961 103 26 prokura-

78 992 60 19 torns
160 991 148 26 ifrågakomma
330 991 116 21 berättelse
471 991 39 20 och
529 990 116 21 utskottets
662 990 98 21 deröfver
776 990 79 27 afgifna
870 989 36 21 be-

78 1019 107 21 tänkande
201 1020 45 21 icke
263 1019 68 21 skulle
348 1020 33 20 till
396 1019 71 26 någon
483 1019 76 26 åtgärd
574 1019 117 21 föranleda.

147 1135 32 20 Hr
202 1135 197 21 landtmarskaiken
422 1134 135 27 uppmanade
580 1133 53 21 härä
656 1133 25 21 R.
705 1140 19 14 o.
748 1134 24 20 A.
788 1135 32 19 att
836 1132 71 21 skrida

77 1163 34 20 till
134 1163 34 20 val
191 1163 22 21 af
236 1165 24 19 11
277 1163 119 21 ledamöter
412 1163 40 21 och
467 1164 14 19 4
496 1163 138 26 suppleanter
648 1163 7 20 i
671 1162 26 21 de
713 1162 117 21 förstärkta
845 1162 63 20 stats-

78 1191 117 23 utskotten,
218 1191 34 22 för
272 1192 119 27 beviljande
409 1191 23 21 af
445 1192 74 26 anslag
534 1191 33 21 för
582 1191 133 26 uppförande
731 1191 23 20 af
766 1192 32 19 ett
814 1189 94 22 ständer-

79 1220 40 21 hus
136 1220 39 21 och
191 1221 32 20 till
238 1220 158 21 folkskolornas
411 1221 7 20 i
433 1220 74 21 landet
522 1219 119 22 underhäll.

148 1248 42 21 Vid
213 1249 119 21 verkstäldt
355 1249 34 20 val
411 1249 24 20 af
456 1249 119 20 ledamöter
597 1248 40 21 och
659 1247 137 27 suppleanter
818 1247 7 20 i
846 1246 63 21 först-

80 1277 77 20 nämda
184 1277 117 21 förstärkta
328 1277 84 21 utskott
435 1277 87 26 utsägos
545 1277 33 20 till
600 1277 129 20 ledamöter:
752 1275 48 22 frih.
824 1275 33 20 de
882 1274 28 21 la

80 1305 164 26 Chapelle,
261 1306 37 21 hrr
313 1306 196 25 Ehrnrooth,
525 1305 69 25 G.R.,
611 1305 194 26 Lagerborg,
822 1303 88 21 Stan-

79 1334 196 27 dertskjöld,
299 1334 23 21 C.
347 1334 32 24 G.,
403 1334 61 21 frihe
481 1334 120 25 Wrede,
617 1334 25 20 R.
659 1334 32 25 A.,
708 1333 40 21 och
763 1333 23 21 af
800 1331 110 22 Schul-

78 1363 66 24 tön,
159 1362 29 21 M.
199 1363 38 26 W.,
249 1363 37 20 hr
302 1363 196 26 Stjernvall,
514 1361 153 26 Aminoff,
684 1368 41 15 von
740 1361 169 26 Knorring,

78 1391 26 20 A.
120 1391 30 26 L,
168 1391 217 26 Segersträile,
402 1391 21 21 S.
439 1391 40 21 och
495 1397 41 15 von
550 1390 183 26 Frenckell,

148 1421 55 19 samt
226 1420 32 21 till
281 1420 137 26 suppleanter
440 1419 49 22 frih,
512 1419 252 26 Langenskiöld,
784 1417 25 22 G.
826 1417 32 26 A,
874 1417 36 20 hir

79 1447 195 28 Furuhjelm,
291 1449 51 25 Elis,
359 1449 129 26 Ramsay
505 1448 38 21 och
559 1447 49 21 frih.
627 1445 284 28 Standertskjöld-

78 1475 213 22 Nordenstam.

148 1505 60 20 Härä
230 1505 128 21 förrättades
381 1505 35 20 val
439 1505 23 20 af
483 1505 119 21 ledamöter
625 1504 40 21 och
688 1504 136 27 suppleanter
845 1503 5 20 i
868 1501 43 22 för-

78 1532 84 21 stärkta
185 1534 162 20 statsutskottet
370 1533 35 21 för
428 1533 119 26 beviljande
563 1533 22 21 af
599 1533 106 20 särskilda
721 1532 73 26 anslag
808 1531 34 21 för
856 1530 55 21 folk-
