1100 1742
360 129 16 18 R.
388 134 16 14 0.
416 129 16 19 A.
446 128 47 20 1886.
517 130 17 18 21
548 129 34 23 Maj.
796 131 60 27 1,365

58 199 68 22 önska
148 197 106 22 förvärfva
268 198 31 26 sig
313 198 86 21 teknisk
415 197 102 28 bildning,
534 198 40 22 och
589 200 52 20 utan
656 198 72 22 tvifvel
743 198 68 22 skulle
826 199 60 21 dessa

58 227 65 22 blifva
144 226 57 26 fere,
225 232 34 16 om
282 226 27 22 de
331 227 34 21 vid
388 226 160 27 polyteknikum
570 226 71 22 kunde
660 227 21 21 få
696 228 148 26 undervisning
858 228 28 26 på

57 256 40 22 sitt
118 255 134 21 modersmål.
283 255 68 21 Dessa
367 255 83 22 18—20
466 256 34 26 ?/,,
516 255 72 21 hvilka
602 256 47 20 från
664 255 69 22 finska
748 256 72 22 skolor
834 256 52 22 söka

58 285 34 27 sig
106 284 90 25 inträde,
212 286 37 19 äro
264 283 86 27 sådana,
366 290 45 15 som
428 283 107 27 praktiskt
550 284 71 21 känna
638 284 36 22 det
689 284 90 22 svenska
794 285 90 26 språket.

128 312 51 21 Med
193 311 110 27 förvåning
317 312 40 22 har
364 312 37 27 jag
412 312 49 22 hört
472 319 26 15 en
508 312 53 22 ärad
572 312 91 22 medlem
674 312 23 22 af
705 313 91 26 ståndet,
808 313 25 21 hr
843 313 43 21 Me-

58 341 77 25 chelin,
158 340 114 22 instämma
294 340 6 22 i
323 341 61 21 deras
399 340 115 28 yrkanden,
531 340 71 22 hvilka
618 341 39 21 här
672 341 57 21 velat
744 341 93 22 förkasta
852 348 35 20 pe-

59 369 182 27 titionsförslaget.
270 369 33 21 De
325 369 46 21 skäl
393 369 27 21 hr
441 370 105 21 Mechelin
566 369 70 22 anfört
651 372 58 19 emot
724 370 128 26 antagandet
866 369 22 22 af

58 398 68 22 första
140 398 107 21 klämmen
262 398 7 21 i
283 397 145 23 betänkandet
442 398 68 22 finner
522 398 37 27 jag
574 398 123 27 visserligen
712 404 51 16 vara
777 398 110 22 beaktans-

60 427 72 26 värda,
148 432 48 16 men
211 426 55 22 hvad
281 426 101 22 beträffar
397 426 67 22 andra
478 426 107 22 klämmen
601 427 74 27 tycker
687 427 37 27 jag
734 427 43 21 han
787 427 45 21 icke
842 429 45 19 mot

60 456 41 21 den
117 455 70 21 anfört
202 456 65 25 något
281 454 120 22 bevisande.
431 455 47 21 Den
495 456 191 26 omständigheten,
703 457 32 19 att
751 456 36 21 det
801 458 23 19 är
833 456 54 21 före-

59 484 76 26 slaget,
158 485 32 20 att
211 483 112 22 framdeles
346 484 76 21 endast
444 484 123 27 fullständig
584 484 114 26 lycei-kurs
714 484 54 21 skall
783 484 104 26 berättiga

60 512 33 22 till
114 512 84 22 inträde
213 512 7 20 i
242 512 165 27 polyteknikum,
423 518 61 22 synes
500 512 43 27 mig
557 512 47 22 icke
620 519 50 15 vara
686 512 122 28 tillräckligt
823 513 65 21 motiv

60 540 34 22 för
116 541 66 27 afslag
205 540 22 22 af
247 540 122 27 petitionen.
399 541 51 21 Dels
472 543 36 19 vet
530 547 48 15 man
601 541 47 21 icke
670 543 40 19 när
729 542 68 20 denna
810 541 77 22 reform

61 570 96 21 kommer
179 569 32 21 till
234 569 68 26 stånd,
325 569 40 21 och
388 570 45 21 dels
452 570 42 21 blir
509 570 37 21 det
560 570 6 20 i
582 570 42 21 alla
639 569 37 22 fall
692 576 26 15 en
734 570 106 26 orättvisa,
856 572 32 19 att

60 598 78 27 elever,
153 598 83 21 hvilkas
251 598 127 22 modersmål
393 600 25 19 är
432 598 89 26 finskan,
537 598 64 22 likväl
616 598 60 22 skola
692 598 82 27 tvingas
789 601 32 19 att
835 601 53 19 mot-

61 628 50 26 taga
132 626 151 27 undervisning
305 627 27 26 på
354 627 90 21 svenska
466 627 93 27 språket.
597 626 104 28 Slutligen
724 627 41 21 kan
785 627 36 27 jag
842 627 46 21 icke

61 655 112 21 underlåta
188 657 33 19 att
236 655 108 27 anmärka,
360 657 32 19 att
407 656 27 21 då
449 655 26 21 hr
490 655 105 22 Mechelin
610 658 68 24 säger,
694 658 33 18 att
741 655 148 27 undervisning

61 684 35 21 vid
111 683 160 27 polyteknikum
286 683 43 21 tills
344 684 72 21 vidare
431 684 47 21 icke
493 684 62 21 torde
570 684 72 21 kunna
657 684 108 21 meddelas
780 685 27 26 på
815 683 73 26 finska,

61 712 65 22 innan
150 712 59 22 detta
232 712 63 27 språk
317 712 75 21 vunnit
407 714 69 20 större
491 712 125 27 utbildning,
632 712 60 22 detta
707 712 46 22 skäl
767 713 47 21 icke
828 718 60 22 synes

62 741 43 27 mig
127 740 99 22 hållbart.
256 740 42 21 Det
312 740 67 22 borde
394 741 46 21 icke
456 748 52 14 vara
523 741 96 27 omöjligt
634 743 32 19 att
682 741 34 21 vid
731 741 158 27 polyteknikum

62 769 98 27 bibringa
182 768 149 28 undervisning
346 770 27 26 på
397 769 69 22 finska
481 770 93 27 språket,
590 770 28 20 då
633 770 77 21 sådant
724 770 55 21 läter
793 770 31 26 sig
838 772 52 24 göra

62 798 36 21 vid
119 798 153 21 universitetet.
302 798 33 21 Då
357 798 154 27 föreläsningar
533 798 35 21 vid
590 798 147 22 universitetet
760 798 7 21 i
789 798 26 22 de
836 800 54 20 mest

62 826 112 22 abstrakta
197 828 76 19 ämnen
294 826 72 22 hållits
386 827 39 21 och
440 827 69 21 hållas
524 827 27 27 på
566 826 69 22 finska
649 827 94 26 språket,
759 828 23 20 så
797 829 44 19 tror
853 827 37 26 jag

63 855 47 21 icke
132 854 136 22 läroämnena
290 854 34 22 vid
347 855 161 28 polyteknikum
527 862 51 14 vara
593 856 87 25 sådana,
696 857 32 19 att
743 855 147 27 undervisning

64 883 6 22 i
86 884 48 21 dem
150 883 46 22 icke
211 883 68 22 skulle
293 883 73 22 kunna
381 884 107 21 meddelas
504 885 28 26 på
547 883 74 22 finska.

132 912 57 21 Frih.
213 911 23 22 af
256 911 162 28 Schultén,
442 913 28 21 M.
493 913 43 21 W.:
559 913 41 26 Jag
615 912 107 27 nödgades
737 912 78 27 begära
830 912 60 21 ordet

64 941 76 22 endast
162 940 32 22 för
216 942 32 19 att
264 941 133 21 tillbakavisa
412 941 26 21 hr
451 941 65 22 Reins
530 941 107 28 yttrande,
653 943 33 19 att
700 947 26 16 en
742 941 104 27 synnerlig
861 941 30 21 in-

63 969 133 28 konseqvens
211 969 60 26 gifvit
285 969 32 27 sig
331 969 32 22 till
378 969 71 22 känna
464 970 40 21 hos
519 976 25 15 en
561 970 33 21 del
610 970 22 21 af
646 970 54 26 dem,
716 970 71 21 hvilka
802 969 89 27 afstyrkt

64 998 70 21 denna
156 997 100 28 petitions
278 998 125 26 antagande,
427 1005 26 15 en
475 999 155 26 inkonseqvens
654 998 133 26 derutinnan,
810 1000 31 20 att
856 998 35 21 de-

64 1033 81 15 samma
160 1033 28 14 nu
204 1026 48 26 vilja
267 1028 101 20 motsätta
382 1027 32 27 sig
430 1027 40 21 den
485 1027 156 21 finskatalande
656 1026 159 28 befolkningens
830 1026 61 22 sträf-

64 1055 83 22 vanden
162 1056 33 20 att
209 1056 50 25 taga
274 1055 34 21 del
323 1055 23 21 af
359 1055 41 22 den
414 1055 59 22 reala
488 1055 128 27 bildningen,
632 1055 76 22 medan
722 1056 27 21 de
759 1055 55 22 förut
824 1054 67 23 skulle

65 1083 104 27 anmärkt,
192 1085 33 20 att
246 1083 44 26 just
309 1089 82 16 samma
405 1083 123 28 befolkning
543 1084 46 21 icke
604 1083 55 22 visat
673 1084 90 21 intresse
777 1084 32 21 för
824 1084 68 21 denna

65 1112 101 27 bildning.
196 1111 41 28 Jag
252 1111 37 22 ber
304 1111 21 22 få
340 1114 109 23 annotera,
466 1115 32 19 att
513 1115 77 19 tvänne
603 1112 68 21 finska
681 1112 115 27 reallyceer
806 1118 86 15 numera

66 1143 37 19 äro
126 1140 155 27 organiserade,
305 1140 39 22 och
364 1141 62 21 deras
440 1141 118 26 inrättning
572 1141 49 21 med
636 1141 48 27 nöje
699 1141 40 21 här
757 1147 45 15 som
817 1147 75 15 annor-

65 1169 71 22 städes
152 1169 114 27 upptagits.
295 1169 40 27 Jag
351 1169 39 21 ber
405 1169 72 22 vidare
492 1169 22 22 få
528 1172 84 23 nämna,
628 1171 33 19 att
676 1169 66 26 enligt
752 1169 55 22 hvad
817 1169 7 21 i
834 1169 58 22 afton

65 1197 40 22 har
120 1197 101 27 upplysts,
238 1197 38 22 och
293 1197 65 27 enligt
373 1198 55 21 hvad
443 1198 62 21 äfven
520 1198 90 26 tidigare
625 1198 55 21 varit
695 1198 85 25 bekant,
795 1197 98 22 industri-

66 1226 72 21 skolor
153 1225 61 22 skola
229 1225 95 27 inrättas,
341 1226 45 21 dels
402 1227 47 20 med
464 1226 72 27 finskt,
553 1226 44 21 dels
612 1227 49 20 med
672 1226 164 26 svenskt-finskt,
848 1226 44 21 dels

66 1254 49 22 med
130 1254 86 21 svenskt
231 1254 231 27 undervisningsspråk.
488 1255 41 26 Jag
544 1254 38 22 ber
597 1257 33 19 att
639 1255 124 27 ytterligare
773 1255 21 21 få
804 1254 88 27 påpeka,

66 1285 33 20 att
113 1283 33 20 för
156 1282 159 27 polyteknikum
327 1289 25 15 en
364 1283 168 26 reorganisation
544 1285 24 20 är
578 1283 79 27 afsedd,
670 1283 135 27 hvarigenom
815 1283 78 20 hädan-

66 1311 54 22 efter
140 1311 108 22 bristande
270 1311 162 27 språkkunskap
453 1311 48 22 icke
523 1311 55 22 skall
592 1311 62 27 lägga
669 1311 76 22 hinder
759 1311 7 22 i
781 1313 65 25 vägen
861 1310 33 21 för

66 1341 33 20 att
118 1339 66 22 förstå
199 1339 98 27 föredrag
311 1341 27 25 på
354 1340 56 21 båda
424 1340 99 27 språken.
554 1340 48 21 Alla
618 1340 61 21 dessa
692 1340 105 27 åtgärder,
813 1339 81 22 hvilkas

66 1368 128 27 vidtagande
214 1368 37 27 jag
272 1368 49 21 med
336 1368 197 22 tillfredsställande
547 1369 137 21 konstaterar
698 1369 61 20 torde
775 1368 33 22 väl
823 1368 71 21 bevisa

66 1396 40 22 allt
128 1398 65 19 annat
216 1398 27 19 än
258 1398 31 19 ett
304 1397 60 26 ringa
378 1397 90 21 intresse
484 1397 33 21 för
532 1397 40 21 den
588 1397 68 21 finska
671 1396 159 27 befolkningens
846 1396 48 21 vak-

67 1425 70 21 nande
151 1425 43 26 håg
208 1425 33 21 för
256 1425 40 21 den
311 1425 61 22 reala
386 1425 129 27 bildningen.
542 1425 62 22 Hvad
619 1431 29 15 nu
663 1425 48 21 åter
725 1425 100 22 beträffar
836 1425 58 21 detta

67 1453 186 27 petitionsförslag,
276 1455 24 20 så
323 1456 24 19 är
370 1454 48 21 dess
432 1454 52 21 sista
500 1453 64 26 kläm,
580 1460 35 15 om
631 1454 41 21 den
688 1453 55 22 afser
758 1460 26 15 en
799 1453 96 27 parallel-

66 1481 113 26 afdelning,
196 1481 65 27 enligt
276 1481 55 22 hvad
344 1482 38 27 jag
396 1481 46 22 haft
457 1484 53 19 äran
524 1482 73 27 påvisa
612 1481 115 28 oantaglig,
739 1483 27 26 på
777 1482 40 21 den
826 1481 69 27 grund

67 1511 33 20 att
121 1509 160 28 polyteknikum
303 1510 90 21 sålunda
415 1510 73 21 leddes
511 1511 22 20 in
556 1511 28 26 på
606 1517 26 14 en
654 1510 56 21 bana
728 1517 46 14 som
788 1510 59 21 förde
862 1509 33 21 till

66 1537 111 28 tudelning
200 1537 22 22 af
236 1539 39 21 den
297 1538 67 27 högre
387 1538 111 27 praktiska
516 1538 177 27 fackbildningen,
710 1545 26 15 en
751 1538 82 27 reform,
849 1544 46 15 som
