1100 1739
367 124 17 19 R.
396 129 14 14 0.
423 124 16 19 A.
452 124 45 19 1885.
521 124 21 19 23
555 124 34 24 Maj.
807 125 60 26 1,417

71 192 130 22 afskedsord.
227 193 42 21 Det
285 199 36 15 var
335 193 48 21 med
398 193 74 21 känsla
487 193 23 22 af
523 193 85 27 allmän,
624 193 76 22 odelad
711 192 184 22 tillfredsställelse

71 220 100 22 Finlands
193 221 25 22 R.
242 228 18 14 o.
284 221 25 21 A.
326 224 94 25 emottog
435 222 170 22 underrättelsen
621 228 33 15 om
671 224 31 19 att
717 222 26 21 hr
759 221 66 22 baron
841 221 54 21 hade

71 251 94 20 utnämts
173 249 32 22 till
220 250 166 22 landtmarskalk
402 250 60 22 äfven
477 250 33 22 för
525 251 69 21 denna
609 250 107 27 landtdag.
747 250 49 21 Man
813 256 36 15 var
864 252 31 19 sä-

71 278 39 22 ker
132 279 33 26 pä,
188 280 32 20 att
234 278 186 27 förhandlingarne
435 279 68 22 skulle
518 279 59 22 ledas
593 279 49 22 med
657 279 65 22 redan
738 278 56 22 känd
810 278 39 22 och
865 285 31 15 er-

71 307 57 21 känd
149 307 134 27 skicklighet;
307 314 48 14 man
378 308 108 27 hoppades
509 308 60 22 äfven
593 310 32 19 att
647 308 40 21 den
706 308 65 26 Jugna
786 307 110 27 värdighet

72 335 40 22 och
128 336 40 21 den
183 336 56 26 goda
253 337 44 26 ton,
312 342 76 21 genom
403 336 72 22 hvilka
490 336 25 22 hr
529 336 67 22 baron
612 336 106 22 tillvunnit
732 336 32 26 sig
779 336 52 21 allas
842 336 54 26 hjer-

71 366 36 20 tan
123 364 34 22 vid
173 364 38 22 sist
225 364 99 22 förflutna
339 365 150 27 ständermöte,
505 365 68 22 skulle
588 365 61 22 äfven
664 365 66 21 under
746 364 67 22 denna
828 364 68 22 landt-

72 393 41 27 dag
135 393 66 27 pryda
223 392 205 23 landtmarskalkens
453 400 82 21 person.
570 394 74 22 Denna
666 393 101 27 landtdag
790 393 47 21 med
859 393 38 21 sitt

70 421 48 22 frän
133 422 57 26 gväll
205 421 32 22 till
253 428 87 21 morgon
355 422 114 27 räckande,
484 424 28 26 pä
527 422 30 22 tal
572 423 24 21 sä
611 422 53 26 rika,
680 423 26 27 pä
721 421 90 22 resultat
823 422 24 21 sä
858 421 39 22 fat-

71 450 44 28 tiga
137 450 85 28 plenum
245 451 116 27 plenorum,
377 451 39 22 och
432 452 49 21 med
495 452 46 21 sina
556 451 60 27 längt
630 451 22 21 in
667 452 27 26 pä
709 452 74 20 natten
798 450 99 22 fortsatta

71 479 113 26 sessioner;
208 479 68 22 denna
297 479 108 28 landtdag,
427 480 106 22 derunder
555 482 32 20 ett
608 480 52 22 visst
683 479 55 28 parti
761 479 56 21 inom
837 479 60 21 detta

71 508 63 22 stånd
144 507 107 23 blottstält
269 508 24 22 R.
305 515 17 15 o.
339 509 25 21 A.
380 508 32 22 för
427 509 38 21 allt
481 511 64 20 annat
561 511 26 19 än
602 508 133 22 smickrande
750 508 146 21 bedömanden

71 536 57 22 inom
150 537 268 27 ständsrepresentationen
442 537 39 22 och
504 537 46 22 frän
566 543 97 22 pressens
678 537 52 26 sida,
746 536 69 22 denna
828 536 69 22 landt-

72 566 41 26 dag
131 565 39 22 har
184 565 55 22 varit
253 565 33 22 för
300 566 26 21 hr
340 566 67 22 baron
422 566 55 22 bäde
492 568 99 20 tröttsam
607 566 39 21 och
662 565 22 23 af
697 566 40 21 den
753 564 144 22 beskaffenhet

71 596 33 20 att
126 594 25 21 hr
172 594 67 22 baron
262 594 44 22 helt
327 594 52 22 visst
401 595 49 21 med
465 594 74 22 känsla
553 594 22 22 af
588 594 84 22 lättnad
687 594 80 22 lemnar
782 593 115 22 landtmar-

71 622 154 23 skalksstafven
235 622 53 22 ifrän
299 623 40 27 sig;
355 630 48 15 men
418 624 13 21 &
446 624 67 21 andra
528 623 61 22 sidan
603 623 40 21 har
657 622 69 22 denna
740 622 101 26 landtdag
855 621 42 22 för-

71 653 84 25 unnats,
177 653 33 20 att
231 658 74 21 genom
329 652 180 27 partilidelsernas
527 652 129 27 bränningar
670 651 46 22 föra
731 651 33 22 till
779 657 26 15 en
819 650 78 28 lycklig

71 680 84 28 lösning
169 681 77 27 mänga
260 680 77 28 frägor,
352 681 28 27 pä
395 680 73 22 hvilka
482 680 127 28 föregäende
623 680 159 22 ständermöten
792 678 105 28 förgäfves

71 708 67 23 slösat
159 708 38 22 sitt
216 709 83 26 arbete;
315 709 39 22 och
371 709 58 22 detta
443 710 95 27 äterigen
553 709 42 22 kan
611 709 46 21 icke
673 710 64 20 annat
752 710 27 20 än
794 709 13 21 &
821 708 26 21 hr
861 707 36 22 ba-

71 744 51 15 rons
143 738 47 21 sida
209 737 110 23 framkalla
333 738 88 22 känslor
435 738 23 22 af
472 738 50 28 djup
537 737 189 23 tillfredsställelse.
757 737 33 21 Då
805 736 35 22 det
855 736 42 22 till-

71 766 97 23 kommer
183 766 43 28 mig
240 767 35 21 vid
290 767 68 22 denna
373 767 108 28 landtdag,
497 767 89 22 likasom
601 767 36 22 vid
652 767 26 21 de
693 767 56 21 bäda
764 765 132 28 föregäende,

72 796 32 21 att
125 795 8 21 i
155 795 105 28 egenskap
282 795 23 22 af
325 796 24 21 R.
374 802 18 15 o.
416 795 37 23 A:s
473 796 132 22 närvarande
619 795 88 22 främste
721 795 94 22 ledamot
829 793 68 22 uttala

72 823 32 22 till
120 823 25 22 hr
159 824 68 22 baron
242 825 36 21 det
292 824 52 22 sista
359 825 68 26 ordet,
442 825 25 21 sä
481 827 46 19 tror
539 825 37 26 jag
591 825 43 26 mig
648 824 46 21 icke
708 824 72 21 kunna
795 825 51 25 göra
861 822 36 22 det

72 852 77 28 bättre,
172 855 26 20 än
221 859 76 21 genom
319 855 32 20 ett
373 853 100 28 hjertligt,
496 855 31 20 ett
549 853 110 26 hederligt,
678 852 65 22 finskt
757 852 49 21 tack
821 851 32 21 för
868 851 28 21 all

72 881 69 22 möda.
171 881 165 22 Ständsbröder!
367 882 38 21 Ett
426 882 103 27 ljudeligt,
552 881 109 27 trefaldigt
676 881 53 22 lefve
743 880 33 22 för
790 881 37 21 vär
842 879 54 27 ädle,

72 909 46 22 icke
140 910 55 22 blott
217 910 22 22 af
252 911 25 21 R.
293 917 18 15 o.
328 911 32 26 A.,
376 912 50 20 utan
441 910 62 23 äfven
518 910 22 22 af
553 910 121 27 ständerna,
687 910 29 27 ja,
732 909 21 22 af
767 909 48 22 hela
829 907 69 23 finska

73 937 66 23 folket
158 940 23 21 sä
197 939 51 27 högt
263 939 110 28 uppburne
388 939 40 22 och
443 940 24 21 sä
481 939 95 27 frejdade
591 938 173 22 landtmarskalk.

140 967 73 22 Under
235 967 86 28 ljudliga
343 967 92 28 lefverop
453 968 142 27 beledsagade
609 967 24 22 R.
651 973 18 16 o.
686 967 24 21 A.
726 967 52 22 härä
792 966 48 21 frih.
856 971 41 16 von

72 995 58 22 Troil
152 996 32 21 till
206 997 65 21 nedre
289 996 122 28 vestibylen,
427 996 106 22 hvarefter
548 997 23 21 R.
588 1003 18 15 o.
623 996 37 21 A:s
675 995 135 22 medlemmar
825 994 72 22 ätskil-

73 1025 37 21 des
125 1025 28 21 kl.
169 1025 12 22 3
197 1032 17 15 e.
231 1031 26 16 m.

693 1063 22 18 In
728 1063 67 18 fidem:

644 1093 23 21 J.
685 1093 23 21 F.
726 1091 101 28 Aminoff.
