1103 1745
232 125 62 26 1,254
506 127 16 18 R.
535 132 15 13 o.
563 127 16 18 A.
592 127 46 19 1885.
662 127 18 19 18
693 128 35 23 Maj.

201 193 105 27 påstådda
329 195 169 28 kränkningarna
520 197 22 20 af
562 196 68 23 finska
645 197 98 27 språkets
759 200 48 19 rätt,
824 198 23 20 så
863 197 38 20 har
913 197 37 27 jag
965 196 65 22 redan

202 221 74 22 derom
299 223 76 22 uttalat
391 224 47 27 mig.
469 225 103 27 Slutligen
588 225 118 22 innehåller
722 226 40 21 den
778 225 65 27 fjerde
860 225 169 26 anmärkningen,

201 252 33 30 att
257 251 140 26 prokuratorn
416 253 46 21 icke
479 253 37 22 har
532 254 109 27 redogjort
656 254 32 21 för
703 255 46 20 sina
765 254 129 27 åtgöranden
911 254 5 20 i
933 254 96 21 afseende

200 279 15 20 å
230 280 109 21 inseendet
355 281 56 21 öfver
426 282 116 21 ärendenas
558 282 105 27 lagenliga
679 283 128 26 behandling
824 283 33 20 vid
871 283 49 25 kejs.
932 285 98 18 senatens

202 306 67 27 begge
289 308 155 27 departements
461 311 95 21 enskilda
572 311 40 21 och
627 311 106 22 allmänna
749 311 178 21 sammanträden.
957 311 71 21 Berät-

201 335 68 34 telsen
294 337 98 32 omfattar
414 339 45 20 icke
475 342 86 18 senaten
578 340 133 21 annorlunda
727 343 25 18 än
769 341 69 20 såsom
855 346 25 15 en
896 339 133 27 redogörelse

201 363 33 22 för
257 364 164 33 lagskipningen,
446 369 22 25 ty
484 367 54 22 både
554 368 40 21 den
610 368 118 21 statistiska
744 368 60 21 d:len
821 368 38 21 och
876 368 24 21 de
917 368 113 21 bedöman-

200 392 42 21 den
265 399 7 14 i
291 393 96 23 afseende
403 397 12 20 &
431 395 165 28 lagskipningen,
613 403 44 15 som
673 397 49 27 ingå
738 397 6 20 i
760 397 133 24 berättelsen,
910 397 42 20 afse
968 395 61 22 äfven

200 420 78 27 högsta
301 422 122 22 domstolen.
455 424 41 21 Det
518 427 24 18 är
564 425 166 26 uppenbarligen
754 428 169 18 reservanternes
939 424 89 26 mening,

199 451 43 30 att
257 449 26 32 de
299 451 83 26 möjliga
397 452 122 27 erinringar,
536 459 46 15 som
598 453 142 27 prokuratorn
757 454 27 26 på
799 453 67 26 grund
883 453 21 20 af
918 453 28 27 $$
961 453 14 20 4
990 452 39 21 och

202 478 12 20 7
236 484 7 14 i
263 479 152 22 instruktionen
433 487 48 20 eger
496 483 32 19 att
543 481 31 21 till
590 484 98 19 senatens
704 481 106 27 protokoll
828 481 51 22 eller
894 481 37 21 hos
947 481 26 21 H.
991 481 38 21 M:t

201 506 91 22 anmäla,
308 507 5 20 i
329 507 100 23 händelse
444 509 56 21 inom
516 512 87 19 senaten
620 511 65 26 något
700 510 133 21 förbiseende
848 509 21 22 af
883 509 34 27 lag
932 513 35 23 egt
983 516 45 14 rum

199 534 40 21 här
263 535 62 32 bordt
340 537 54 26 ingå,
411 544 46 15 men
478 539 34 20 det
530 539 41 20 kan
587 539 46 21 icke
649 539 85 21 komma
749 539 6 20 i
771 539 65 26 fråga,
853 541 30 18 att
899 538 78 21 sådana
993 545 35 14 an-

200 563 137 28 märkningar
360 566 21 21 af
400 567 140 26 prokuratorn
556 567 106 22 meddelas
678 568 121 21 ständerna.
831 567 30 21 De
877 567 84 20 tillhöra
977 567 50 26 kejs.

201 594 98 19 senatens
312 595 114 30 protokoll,
443 595 38 21 och
497 596 114 21 ständerna
626 596 71 21 kunna
713 595 21 22 få
750 595 118 22 kännedom
885 602 34 14 om
935 595 46 21 dem
993 601 36 15 en-

199 620 50 21 dast
273 621 119 27 derigenom
416 626 31 18 att
470 624 60 21 dessa
550 624 106 27 protokoll
672 625 114 26 utbegäras
802 625 26 26 på
844 626 41 19 sätt
905 624 3 20 i
924 624 15 20 L.
964 623 23 22 O.
1005 626 24 19 är

198 649 83 26 antydt.
311 650 33 21 En
367 652 133 26 redogörelse
522 653 22 20 af
558 653 40 21 den
615 653 145 21 beskaffenhet
777 653 38 20 och
832 659 33 14 om
882 653 25 20 de
922 653 105 25 åtgärder,

200 682 45 16 som
262 682 158 19 reservanterne
438 681 84 27 antyda,
538 681 42 21 kan
595 681 46 22 icke
657 682 85 21 komma
757 681 6 21 i
779 681 65 26 fråga,
862 681 37 20 och
915 680 114 21 innefattar

197 706 178 28 anmärkningens
399 709 157 22 framställande
579 709 55 22 blott
656 713 31 18 ett
710 713 115 23 yttermera
849 709 56 21 bevis
921 710 25 25 på
963 715 66 15 reser-

199 737 112 20 vanternes
328 737 97 26 antingen
442 738 70 27 dåliga
527 738 49 27 vilja
592 738 50 21 eller
658 739 70 26 dåliga
743 738 93 27 förmåga
854 741 30 17 att
900 737 44 21 läsa
959 737 67 27 lagen.

269 763 57 22 Frih
350 765 119 27 Wrede,
493 767 24 20 R.
534 767 35 20 A.:
586 767 48 21 Med
650 768 115 25 anledning
780 767 23 20 af
816 767 36 20 det
868 767 97 26 yttrande
981 773 46 14 som

198 797 50 20 nyss
265 793 67 26 afgafs
347 793 23 21 af
384 795 40 20 den
440 795 53 26 höge
509 795 139 26 embetsman,
664 796 64 21 hvars
742 796 116 21 berätteise
869 795 32 20 till
912 795 115 20 ständerna

199 821 64 25 utgör
286 821 89 22 föremål
390 823 33 21 för
441 824 59 21 detta
517 824 141 25 'betänkande,
675 831 63 14 anser
752 825 36 26 jag
804 824 42 26 mig
863 823 51 21 böra
930 823 95 27 upplysa,

198 849 32 20 att
255 849 40 21 den
319 851 144 27 anmärkning,
487 859 45 14 som
555 852 143 22 förekommer
721 853 26 26 på
764 853 67 20 andra
847 852 60 20 sidan
923 851 22 21 af
960 853 67 25 lagut-

199 876 93 32 skottets
314 878 138 23 förevarande
475 880 135 22 betänkande
628 882 79 25 derom,
724 883 32 19 att
773 881 35 21 det
824 880 54 21 hade
894 880 54 21 varit
965 880 62 21 önsk-

198 904 39 27 ligt
261 908 32 19 att
315 907 128 22 berättelsen
463 909 53 21 hade
535 909 111 22 innehållit
662 910 109 26 uppgifter
786 916 34 14 om
837 909 54 20 huru
907 908 120 22 författnin-

196 939 70 20 garna
288 936 90 21 rörande
401 937 67 21 finska
491 938 87 26 språket
600 938 69 21 blifvit
693 938 119 24 efterlefda,
836 937 45 21 icke
905 937 122 21 tillkommit

197 968 78 20 genom
297 966 32 19 ett
351 965 102 27 enhälligt
476 966 68 21 beslut
567 967 6 20 i
592 967 112 26 utskottet,
720 969 54 19 utan
790 966 110 21 omfattats
916 966 22 20 af
952 966 75 20 endast

198 996 33 26 en
245 991 34 21 del
297 993 237 28 utskottsmedlemmar,
551 995 110 21 hvaremot
677 1002 26 14 en
719 996 109 20 minoritet
844 995 6 20 i
866 994 111 25 utskottet,
994 994 33 21 till

197 1018 87 32 hvilken
299 1021 62 21 äfven
373 1022 38 27 jag
426 1023 72 26 hörde,
513 1024 67 26 ansåg
595 1026 32 19 att
643 1026 30 19 ett
689 1024 77 21 sådant
783 1023 109 21 uttalande
903 1022 46 21 icke
961 1023 65 21 borde

197 1048 50 34 ingå
263 1049 7 20 i
286 1049 149 23 betänkandet.
464 1052 74 21 Denna
554 1052 55 27 åsigt
626 1052 74 22 stödde
717 1052 118 22 utskottets
851 1052 114 24 minoritet,
982 1052 45 20 dels

196 1082 28 26 på
240 1077 27 21 de
283 1077 46 22 skäl
349 1085 45 16 som
410 1083 65 18 redan
490 1081 23 21 af
526 1081 151 26 prokuratorn,
694 1082 25 20 hr
736 1081 153 25 Montgomery,
906 1080 68 20 blifvit
990 1086 37 14 an-

196 1104 70 28 förda,
287 1106 44 22 dels
347 1108 61 21 äfven
423 1109 72 26 derpå,
511 1111 32 19 att
559 1110 131 21 berättelsen
705 1110 8 20 i
728 1109 75 27 sjelfva
819 1108 74 21 verket
908 1108 119 21 innehåller

197 1134 31 20 ett
251 1135 118 26 uttalande,
388 1137 80 21 hvilket
489 1138 77 21 hänför
588 1138 32 27 sig
635 1138 33 21 till
684 1138 25 21 de
725 1138 7 21 i
749 1138 83 20 landets
849 1137 106 26 tidningar
970 1136 56 22 före-

196 1160 129 34 kommande
347 1164 134 28 klagomälen
503 1167 91 21 rörande
618 1167 166 21 öfverträdelser
800 1165 22 21 af
836 1166 7 20 i
858 1165 59 27 fråga
932 1165 94 21 varande

195 1189 160 30 författningar.
386 1194 74 21 Denna
482 1195 109 21 minoritet
614 1196 6 20 i
643 1195 107 21 utskottet
774 1194 66 26 ansåg
860 1194 33 20 för
909 1193 62 27 öfrigt
987 1195 38 22 att,

196 1224 35 16 om
248 1220 91 22 berörda
357 1221 151 29 författningar
522 1224 55 20 hade
593 1224 64 21 bordt
672 1224 66 21 blifva
753 1222 91 22 föremål
855 1222 32 21 för
897 1228 27 15 en
935 1222 92 21 särskild

195 1248 136 27 redogörelse
347 1250 7 20 i
365 1250 135 28 berättelsen,
517 1252 69 22 denna
601 1252 136 27 redogörelse
754 1252 28 20 då
798 1251 62 21 bordt
878 1250 36 22 ske
930 1250 54 22 ifrån
1001 1257 25 15 en

194 1282 61 15 mera
278 1278 131 22 omfattande
433 1280 106 26 synpunkt
562 1283 27 19 än
612 1281 47 23 den,
683 1287 45 15 som
750 1280 142 27 lagutskottet
907 1279 39 21 här
961 1279 66 21 fram-

195 1304 70 25 hållit,
288 1306 89 22 sålunda
399 1309 104 26 nämligen
526 1311 33 19 att
581 1309 39 21 den
644 1309 69 21 skulle
735 1308 106 21 innefatta
864 1308 45 20 icke
929 1307 56 21 blott
1001 1313 26 15 en

195 1333 128 28 upplysning
345 1341 41 20 om,
410 1336 54 21 huru
487 1337 66 21 dessa
570 1337 153 26 författningar
746 1337 70 20 blifvit
840 1335 117 26 efterlefda,
973 1337 53 19 utan

195 1361 63 22 äfven
285 1369 25 14 en
335 1364 135 27 redogörelse
495 1365 34 21 för
556 1366 62 21 deras
642 1366 128 25 verkningar
794 1363 146 26 öfverhufvud,
967 1363 59 22 såväl

192 1390 51 31 med
267 1391 98 22 afseende
388 1393 13 21 &
423 1393 161 28 lagskipningen
606 1401 46 14 som
675 1394 201 26 expeditionssättet
891 1399 28 14 m.
935 1399 27 14 m.
993 1392 33 21 Dä

193 1417 67 32 likväl
284 1419 40 22 den
346 1421 130 28 författning,
502 1429 44 14 som
569 1423 152 21 företrädesvis
741 1423 97 20 kommer
854 1421 7 21 i
877 1420 148 26 betraktande,

187 1452 41 21 Jag
251 1453 75 16 menar
348 1450 106 27 nämligen
476 1451 151 27 förordningen
649 1451 23 21 af
689 1451 41 21 den
746 1451 28 20 29
789 1449 119 22 December
925 1449 60 25 1883,
1003 1449 23 21 sä

193 1478 48 19 sent
265 1477 113 22 utkommit
401 1481 32 18 att
456 1479 40 21 den
519 1480 75 21 endast
617 1481 32 20 ett
668 1479 25 21 är
708 1479 56 21 varit
780 1479 6 20 i
803 1477 162 27 verkställighet
980 1477 45 22 före

192 1503 143 28 landtdagens
357 1506 82 27 början,
463 1507 35 27 läg
520 1508 66 27 enligt
607 1507 39 22 vär
668 1508 54 27 äsigt
742 1508 48 21 häri
807 1509 31 19 ett
854 1506 109 27 fullgiltigt
979 1506 46 21 skäl

192 1534 32 19 att
243 1533 48 22 icke
306 1534 6 21 i
327 1534 140 23 förevarande
484 1537 114 20 berättelse
613 1537 72 26 intaga
701 1543 27 14 en
744 1535 59 27 dylik
820 1534 142 27 redogörelse.
993 1535 31 21 De
