1103 1742
368 120 15 18 R.
397 125 14 14 0.
425 120 16 20 A,
452 120 46 19 1885.
523 119 18 19 12
554 119 34 23 Maj.
805 120 61 26 1,129

63 190 123 26 privilegier
201 189 7 21 i
223 191 74 25 vägen,
313 190 40 20 och
368 189 63 21 dessa
445 189 99 27 hoppade
560 195 50 15 man
626 188 60 21 öfver
701 195 77 21 genom
793 190 32 20 att
840 188 55 22 före-

63 218 40 26 slå,
127 219 32 19 att
175 218 212 27 skjutsningstungan
401 218 69 21 skulle
486 217 66 22 blifva
568 224 26 14 en
610 217 124 21 kommunal
750 217 143 21 skattebörda.

65 247 67 21 Detta
147 248 24 19 är
186 253 26 14 en
227 246 78 26 metod,
322 252 44 16 som
380 246 37 27 jag
431 246 47 26 icke
494 246 37 21 vill
546 252 52 15 vara
613 246 49 21 med
677 252 41 20 om,
734 246 41 21 och
790 246 60 22 detta
860 246 35 21 vill

65 277 37 25 jag
117 275 127 21 åtminstone
259 274 64 22 hafva
338 275 176 21 reservationsvis
528 274 102 22 uttaladt.

136 304 33 21 Hr
191 303 144 21 Mechelin:
359 304 47 20 Den
428 303 23 21 af
471 303 49 21 frih.
544 310 42 14 von
608 303 59 21 Born
683 305 71 19 senast
769 303 126 22 framhällna

69 332 134 27 synpunkten
218 332 78 21 saknar
311 332 115 27 ingalunda
440 332 38 21 sitt
493 332 157 26 berättigande,
666 332 40 21 och
720 338 50 15 vore
786 332 36 22 det
836 332 60 22 verk-

67 360 57 28 ligen
139 361 60 27 fråga
215 366 34 16 om
264 362 32 20 att
311 361 64 21 ställa
390 361 25 21 de
431 360 180 27 privilegierade
603 356 12 36 i
627 366 27 16 en
668 366 71 15 annan
755 361 99 26 ställning
869 362 27 19 än

69 389 138 27 lagförslaget
229 391 64 25 öppet
316 389 63 26 afser,
402 389 23 21 sä
450 389 72 21 kunde
537 390 45 26 vigt
597 389 74 21 dervid
687 389 73 21 fästas.
790 389 50 21 Man
855 389 42 21 kan

68 418 47 22 icke
138 418 72 26 undgå
231 420 32 18 att
286 418 35 20 vid
343 418 149 26 utvecklingen
514 418 23 21 af
558 418 38 21 vär
611 417 134 27 lagstiftning
760 418 99 21 stundom
874 417 23 21 sä

68 447 87 26 förfara,
178 448 33 19 att
229 446 112 22 resultatet
364 446 23 22 af
407 446 107 22 reformen
536 446 78 22 verkar
637 446 28 27 pä
680 446 219 27 ständerprivilegier-

69 482 39 14 nas
137 474 100 22 innehåll.
273 475 42 21 Det
339 475 67 27 gäller
430 475 34 21 för
489 475 135 27 lagstiftaren
650 477 32 19 att
705 475 74 21 dervid
802 475 97 27 iakttaga

69 504 69 21 sådan
160 504 53 26 takt,
236 505 33 19 att
287 504 46 21 icke
349 504 109 26 verkligen
474 506 31 19 ett
520 504 78 26 illojalt
613 503 171 27 tillvägagäende
798 504 35 21 mä
848 504 51 21 falla

71 532 78 22 honom
172 532 32 21 till
226 532 49 21 last.
305 532 10 21 I
337 533 60 21 detta
419 532 39 22 fall
477 535 47 19 tror
536 533 38 27 jag
589 534 33 19 att
637 538 77 22 genom
729 538 59 21 prop.
805 533 94 21 hvarken

71 561 104 27 afsigtligt
193 561 52 21 eller
259 561 122 27 oafsigtligt,
397 568 26 14 en
439 561 67 21 sädan
522 561 113 27 rubbning,
652 562 31 20 ett
699 561 76 21 sädant
789 562 88 26 ingrepp
891 562 8 20 i

71 590 149 26 privilegierna
243 590 68 20 skulle
332 590 93 26 inträffa,
448 592 34 19 att
504 596 50 15 man
572 590 74 21 derför
661 590 69 20 skulle
745 590 46 21 haft
806 590 46 21 skäl
868 591 31 19 att

72 618 55 21 afstä
149 618 47 21 från
219 624 26 15 en
267 618 85 26 reform,
376 625 45 15 som
444 618 40 21 har
506 618 24 22 sä
545 618 78 27 många
639 618 189 27 behjertansvärda
842 618 57 22 sidor

74 646 33 22 för
122 646 37 27 sig,
175 652 48 16 men
239 653 45 15 som
300 647 105 27 svärligen
419 647 43 21 kan
478 648 58 20 lösas
551 648 49 20 med
615 647 82 21 mindre
713 646 124 28 förändring
851 647 7 21 i
872 653 28 15 nu

73 675 115 21 bestäende
211 674 148 22 förhällanden
381 678 27 19 än
423 682 61 20 prop.
500 676 97 21 föreslär.
628 676 32 20 De
684 676 65 21 ärade
764 676 136 21 medlemmar

74 704 23 20 af
111 703 90 26 ståndet,
217 710 46 15 som
278 704 88 21 anslutit
381 705 32 26 sig
425 704 33 21 till
474 704 26 21 hr
515 711 41 15 von
570 705 109 25 Ovantens
690 705 137 24 reservation,
838 704 62 22 torde

72 732 47 21 icke
134 732 57 27 gjort
207 732 56 21 klart
278 732 33 22 för
326 734 37 26 sig,
379 733 106 21 huruvida
500 733 41 21 den
557 733 62 27 afgift
635 733 31 21 till
683 733 101 21 nämdens
802 733 97 27 aflöning,

76 767 45 15 som
137 761 64 27 enligt
217 761 61 21 deras
293 761 81 27 förslag
390 762 85 21 komme
491 764 33 18 att
539 762 58 26 utgä,
609 762 109 26 verkligen
729 768 49 14 vore
790 762 35 21 det
835 762 66 26 lämp-

74 789 43 27 liga
133 790 39 20 och
187 790 106 26 adegvata
307 790 84 27 belopp.
408 796 45 16 som
469 791 92 21 nämden
577 790 27 27 pä
620 790 26 21 de
663 790 58 21 olika
736 792 85 20 orterna
835 790 66 21 borde

75 818 89 21 erhälla.
195 818 41 21 Det
259 820 23 19 är
301 818 66 22 kändt
385 820 32 20 att
432 819 34 21 för
481 819 135 21 närvarande
632 819 102 21 nämdens
750 819 91 27 aflöning
855 819 46 21 icke

75 846 28 27 pä
125 847 42 20 alla
190 849 58 18 orter
270 847 63 27 utgär
355 848 54 20 efter
428 848 43 20 lika
486 848 94 26 grunder
596 848 52 21 eller
663 848 44 20 lika
722 847 132 21 förhällande
870 847 32 21 till

77 875 197 27 tingsgästningens
293 876 68 20 totala
379 875 83 28 belopp.
494 876 9 21 I
518 877 57 20 vissa
591 876 61 21 delar
667 876 24 21 af
704 876 72 21 landet
791 876 39 21 har
844 877 59 20 näm-

75 903 42 21 den
132 904 7 20 i
155 903 73 27 sjelfva
250 904 73 21 verket
338 904 41 21 fätt
394 905 98 26 uppbära
507 904 28 27 1/,
551 905 23 20 af
588 905 41 20 den
645 905 151 20 häradsrätten
811 904 92 21 tillkom-

75 931 77 22 mande
175 932 188 27 tingsgästningen,
385 933 7 21 i
409 933 68 21 andra
493 933 60 22 delar
568 933 107 27 betydligt
689 933 88 21 mindre.
806 933 41 21 Till
862 933 42 21 alla

77 960 62 21 dessa
160 960 148 22 förhållanden
331 964 36 19 äro
391 962 156 21 kommunerna
568 962 8 21 i
598 962 85 21 tillfälle
704 964 32 19 att
751 965 51 23 taga
816 961 87 28 hänsyn,

76 988 29 22 dä
127 989 26 21 de
176 989 65 27 enligt
263 990 41 21 den
326 997 41 20 nya
389 991 61 26 lagen
474 991 69 21 skulle
566 991 74 20 skrida
662 991 32 20 till
709 991 160 20 bestämmande
884 990 23 21 af

77 1017 179 22 nämdemännens
266 1019 43 20 lön.
329 1019 107 21 Särskildt
450 1019 106 27 förtjenar
571 1021 95 24 nämnas,
683 1021 32 19 att
731 1019 40 21 den
786 1019 34 21 del
830 1019 23 21 af
860 1019 44 20 lan-

78 1046 41 25 det,
143 1046 38 21 der
203 1047 117 21 nämderna
342 1048 128 27 allmännast
492 1048 43 21 fått
552 1048 99 26 uppbära
667 1048 27 27 1/;
709 1048 23 21 af
745 1047 160 22 häradsrättens

78 1075 155 27 tingsgästning
255 1076 105 27 nemligen
383 1077 147 25 Österbotten,
553 1076 69 21 tillika
645 1078 24 19 är
692 1077 41 21 den
750 1077 102 25 landsdel,
868 1077 37 20 der

79 1103 149 27 privilegierad
241 1104 49 27 jord
305 1105 7 20 i
327 1105 78 21 minsta
420 1105 89 27 möjliga
523 1105 79 27 mängd
620 1105 149 21 förekommer.

147 1160 62 21 Efter
223 1161 36 21 det
275 1161 148 22 diskussionen
438 1162 91 21 härmed
544 1161 118 22 förklarats
677 1162 101 27 afslutad,
793 1162 113 27 uppstälde

79 1188 25 21 hr
119 1189 196 22 landtmarskalken
331 1197 26 14 en
373 1190 23 21 så
411 1191 93 27 lydande
521 1191 288 27 omröstningsproposition:

147 1217 54 26 Den,
224 1224 45 15 som
291 1219 124 26 godkänner
439 1221 8 19 1
474 1219 12 28 &
510 1219 66 27 enligt
590 1219 118 22 utskottets
724 1219 134 22 betänkande
873 1221 35 20 rö-

79 1247 45 20 star
132 1245 34 27 ja;

147 1275 74 20 vinner
242 1275 41 27 nej,
306 1277 88 26 antages
417 1276 34 27 $:n
468 1277 66 26 enligt
549 1276 26 21 hr
591 1283 41 14 von
648 1277 108 25 Ovantens
771 1277 136 21 reservation.

148 1303 31 21 Pä
189 1303 100 22 anhällan
300 1305 133 21 verkstäldes
443 1305 105 27 votering,
562 1305 86 21 hvilken
659 1305 63 22 utföll
732 1305 48 22 med
790 1305 27 21 37
831 1305 23 27 ja
868 1305 41 21 och

81 1331 25 20 17
129 1331 41 27 nej,
193 1331 33 22 till
248 1332 52 27 följd
323 1333 76 21 hvaraf
411 1334 26 21 R.
453 1339 20 16 o.
490 1334 25 21 A.
532 1333 83 22 således
630 1334 96 27 godkänt
741 1334 11 27 8
769 1335 9 20 1
796 1333 65 28 enligt
876 1335 33 20 ut-

80 1359 91 22 skottets
187 1360 142 22 betänkande.

148 1388 57 21 Utan
227 1390 71 26 yppad
321 1389 246 28 meningsskiljaktighet
582 1391 123 26 godkändes
721 1391 24 27 $$
761 1391 77 25 2—11,
854 1392 56 20 samt

79 1415 102 28 förslaget
197 1417 33 22 till
245 1417 126 28 förordning
385 1418 112 27 angäende
513 1419 151 26 häradsnämd,
679 1419 108 22 äfvensom
799 1419 112 22 resolutio-

79 1450 41 15 nen
135 1445 28 26 pä
179 1445 39 22 sid.
235 1447 33 20 13.

822 1574 22 17 72
