1095 1739
349 102 16 18 R.
377 106 15 14 0.
404 102 16 18 A.
433 102 45 19 1885.
501 102 11 18 2
524 101 36 24 Maj.
794 101 41 22 933

52 171 52 26 sälja
118 170 94 27 bränvin,
227 171 24 20 sä
265 170 42 22 kan
321 177 26 16 en
358 170 65 21 sädan
433 170 115 27 inrättning
559 170 55 22 dock
624 169 68 28 aldrig
701 170 66 23 verka
777 170 87 27 höjande

51 199 31 22 uti
97 199 40 21 den
151 199 64 25 trakt,
231 198 36 21 der
282 199 39 22 den
335 198 73 27 finnes,
424 199 38 21 och
478 199 35 21 vill
528 205 26 15 en
569 199 101 21 kommun
685 205 26 16 en
721 200 56 27 gäng
785 199 80 28 skydda

51 227 32 28 sig
105 227 32 22 för
158 226 157 27 befintligheten
336 227 23 22 af
378 228 31 20 ett
431 227 98 22 bränneri
550 227 59 22 inom
624 227 46 21 dess
685 227 142 27 landamären,
842 228 23 21 sä

52 257 35 21 mä
101 256 40 21 den
156 255 34 22 väl
203 255 63 22 hafva
279 255 100 28 rättighet
394 255 75 22 dertill.
491 256 44 21 Det
549 257 24 20 är
588 257 32 20 ett
633 255 102 27 gammalt
745 251 120 42 pästäende,

52 290 46 16 som
119 284 39 22 har
178 286 77 26 yttrats
276 283 21 22 af
317 290 26 15 en
364 289 69 16 annan
448 284 51 22 ärad
514 284 73 26 talare,
604 286 31 19 att
649 283 157 29 lagstiftningen
820 284 46 22 icke

53 315 24 20 är
91 314 56 20 rätta
160 312 68 23 forum
243 313 32 21 för
293 312 197 28 nykterhetssakens
505 312 148 27 befrämjande.
683 312 41 27 Jag
738 313 65 28 vågar
816 313 50 22 hän-

53 341 45 22 visa
112 341 32 21 till
158 341 54 22 hvad
224 341 37 28 jag
275 341 81 26 nämde,
371 342 39 20 när
424 341 40 21 den
479 341 89 27 petition
583 340 143 23 behandlades
740 341 58 22 inom
808 341 59 22 detta

53 369 56 27 högl.
132 370 68 26 stånd,
222 369 84 23 hvilken
324 369 37 27 jag
378 369 129 26 inlemnade;
521 369 37 27 jag
572 369 50 22 sade
637 369 34 26 dä,
687 371 32 20 att
734 369 36 22 det
783 369 46 22 icke
843 371 24 20 är

54 400 81 20 ensamt
149 399 27 27 pä
190 397 178 28 lagstiftningsväg
382 402 45 17 som
442 398 206 27 nykterhetsvännen
662 403 35 16 ser
710 397 46 22 sina
770 397 98 28 förhopp-

53 426 75 27 ningar
148 426 158 27 förverkligade,
321 433 47 15 men
382 425 56 23 hvad
452 426 41 22 han
509 426 78 22 önskar
601 425 40 22 och
655 425 65 28 begär
735 428 29 25 är,
780 427 32 21 att
825 426 42 27 lag-

54 455 121 27 stiftningen
197 455 34 21 mä
252 455 27 26 gä
300 455 56 22 hand
376 455 8 21 i
402 455 57 22 hand
473 455 48 22 med
536 454 259 28 nykterhetssträfvandet.
825 454 43 22 Der

55 483 41 22 den
118 489 39 16 ena
178 483 84 22 arbetar
284 485 43 20 mot
348 483 41 22 den
409 483 72 26 andra,
504 484 45 21 stär
571 483 40 22 den
634 489 40 15 ena
691 483 39 22 och
748 483 41 22 den
803 482 66 23 andra

55 512 96 21 maktlös.
181 511 61 22 Hvad
264 511 66 22 finska
350 511 67 22 folket
438 511 65 28 begär
525 514 24 19 är
568 512 46 21 icke
629 511 121 28 någonting,
765 518 45 16 som
824 511 45 22 står

55 540 58 21 öfver
129 540 39 21 den
182 539 93 23 rådande
290 540 219 27 nykterhetsrörelsen,
525 542 52 20 utan
592 541 71 26 något,
676 546 45 15 som
731 540 55 22 blott
795 539 74 22 räcker

56 569 40 21 den
111 566 89 28 handen,
215 568 39 22 och
270 575 25 15 en
309 569 100 27 hjelpsam
424 569 73 22 sådan.

125 597 31 21 Hr
170 597 236 27 Pippingsköld:
422 597 74 22 Ehuru
511 597 36 22 det
561 603 51 16 vore
626 598 28 26 på
669 597 58 21 tiden
741 599 33 20 att
784 597 40 21 den
834 595 36 22 all-

56 627 77 20 männa
155 625 143 22 diskussionen
320 625 67 22 skulle
408 625 93 28 afslutas,
525 627 23 20 så
570 626 35 21 vill
620 626 37 26 jag
673 625 54 22 dock
741 627 82 23 nämna,
839 626 31 19 att

56 653 56 22 hvad
135 653 39 22 den
189 654 83 27 mycket
287 654 112 22 omordade
413 654 80 27 majsen
507 654 101 22 beträffar
620 655 37 26 jag
672 660 65 21 gerna
751 653 119 28 medgifver,

57 683 33 21 att
111 682 26 22 de
158 682 81 22 införda
256 682 153 27 qvantiteterna
424 685 36 20 äro
475 683 49 22 vida
539 685 68 20 större
622 685 26 19 än
661 682 37 27 jag
713 681 95 23 förestält
822 681 48 27 mig,

58 716 48 16 men
128 711 43 21 deri
193 710 66 27 ligger
280 711 46 22 icke
347 712 69 26 någon
438 711 81 28 olycka,
535 713 98 24 tvärtom,
649 712 88 21 råvaran
752 710 39 22 bör
806 709 65 25 alltid,

58 739 69 22 såvidt
139 739 36 27 jag
189 739 83 26 förstår,
288 739 84 22 alldeles
387 740 45 21 icke
447 739 116 27 beskattas,
579 739 51 22 eller
645 739 127 22 åtminstone
786 739 24 21 så
825 738 47 22 litet

59 773 45 16 som
120 767 85 27 möjligt.
230 767 28 22 Så
273 767 38 22 har
325 775 47 14 man
387 768 63 22 fattat
464 768 66 22 saken
544 768 8 21 i
567 768 92 27 Sverige,
670 767 39 22 och
720 767 40 22 den
770 766 103 27 tillfälliga

59 795 64 27 skatt,
145 802 45 15 som
212 798 24 19 är
253 796 76 27 pålagd
344 797 58 26 majs,
418 799 24 19 är
457 797 38 21 der
509 797 85 21 relativt
609 796 112 27 obetydlig.
751 796 62 21 Hvad
827 796 47 21 åter

59 823 130 22 vidkommer
203 824 40 22 den
258 827 82 20 senaste
354 825 63 22 ärade
431 825 93 22 talarens
539 825 140 26 anmärkning
688 826 45 20 mot
741 823 133 22 bränneriers

59 852 131 27 anläggande
211 853 27 27 på
259 853 78 26 landet,
360 854 47 21 med
428 853 38 22 full
485 855 44 20 rätt
543 853 32 22 för
590 853 127 22 kommunen
732 854 32 20 att
778 851 96 28 förbjuda

59 881 72 27 hvarje
149 881 121 27 försäljning
287 881 22 22 af
322 882 39 21 den
376 882 144 27 producerade
534 882 120 27 produkten
669 881 57 22 inom
740 881 133 25 kommunen,

59 909 25 22 så
105 909 102 22 vidhåller
221 909 36 28 jag
271 910 127 22 fortfarande
413 911 43 21 min
471 911 55 27 åsigt
541 911 79 21 derom.
650 910 41 27 Jag
705 909 41 22 kan
760 909 46 22 icke
821 908 54 22 före-

60 937 63 22 ställa
144 937 48 27 mig,
215 940 31 19 att
268 938 167 28 bränvinsångan
456 939 47 22 från
521 939 122 22 bränneriet
661 938 52 22 eller
727 937 148 26 destillerings-

60 966 73 21 verket
155 966 53 21 skall
230 967 71 21 kunna
321 967 76 22 berusa
418 967 140 22 kommunens
572 967 133 26 innevånare,
721 966 39 21 och
775 967 24 20 är
814 965 60 22 deras

60 994 113 22 moraliska
188 995 55 21 kraft
257 996 23 21 så
295 995 64 28 ringa,
374 997 24 20 så
412 996 76 21 verkar
502 996 54 22 intet
571 997 64 20 annat
648 995 69 22 medel
727 997 26 19 än
763 995 36 21 det
808 993 67 22 totala

59 1022 105 27 förbudet,
180 1023 39 22 och
233 1023 62 22 äfven
309 1024 35 21 det
358 1024 68 22 skulle
439 1024 48 21 icke
501 1023 77 28 hjelpa.

129 1051 31 22 Hr
175 1051 119 28 Antell,
313 1053 35 21 K.:
364 1053 41 27 Jag
418 1052 101 23 behöfver
533 1053 48 22 icke
595 1051 111 23 framhålla
721 1053 31 20 att
767 1051 59 22 äfven
839 1050 37 27 jag

60 1081 69 20 varmt
151 1079 62 29 hyser
233 1081 41 21 den
296 1081 86 27 önskan,
404 1082 32 20 att
457 1080 228 28 nykterhetsrörelsens
700 1079 95 22 syftemål
809 1079 67 21 måtte

60 1107 118 28 befrämjas.
207 1108 41 28 Jag
268 1108 39 22 har
328 1110 48 22 med
396 1110 90 22 intresse
507 1110 64 22 åhört
588 1110 26 21 de
631 1110 119 26 yttranden,
767 1108 64 22 delvis
846 1106 29 23 af-

60 1136 57 27 gifna
139 1137 48 21 med
209 1139 70 20 värme
301 1137 38 22 och
361 1138 163 27 sakkännedom,
547 1144 46 16 som
614 1138 40 22 här
673 1137 8 21 i
699 1136 58 22 afton
771 1136 105 22 förefallit.

60 1164 41 28 Jag
115 1164 40 22 har
168 1165 33 21 för
214 1166 43 21 min
271 1166 95 22 enskilda
380 1166 34 22 del
427 1166 77 27 begärt
518 1166 62 22 ordet
595 1166 74 22 endast
683 1165 33 22 för
725 1166 32 21 att
766 1165 111 22 instämma

61 1193 8 21 i
91 1194 26 20 de
138 1193 84 27 åsigter,
244 1193 71 23 hvilka
336 1195 26 21 hr
382 1201 41 16 von
439 1194 87 23 Alfthan
543 1194 92 28 nyktert,
650 1194 49 22 med
713 1194 163 26 sakkännedom,

60 1220 122 28 insigtsfullt
196 1222 39 22 och
249 1223 28 27 på
292 1224 31 20 ett
337 1223 129 28 upplysande
480 1225 45 20 sätt
538 1223 121 22 framhållit.
689 1222 133 22 Beträffande
837 1222 40 21 den

61 1250 142 27 föreliggande
224 1250 73 28 frågan
318 1252 36 21 vill
370 1252 36 27 jag
421 1251 71 23 derför
507 1252 75 22 endast
596 1254 84 24 nämna,
695 1252 32 21 att
739 1250 36 28 jag
790 1252 24 20 är
828 1256 50 16 ense

61 1278 49 22 med
132 1279 113 22 utskottets
267 1279 132 23 betänkande
414 1280 110 27 angående
538 1280 136 28 lagförslaget
688 1286 35 15 om
737 1279 94 22 vilkoren
845 1278 33 22 för

61 1306 135 28 tillverkning
217 1308 23 21 af
258 1308 96 27 bränvin,
375 1309 94 21 deremot
491 1308 70 22 finner
573 1309 36 27 jag
624 1308 41 22 den
679 1308 48 22 nåd.
742 1314 58 21 prop.
815 1306 63 22 hafva

61 1337 56 21 stort
131 1335 106 23 företräde
251 1336 130 22 beträffande
395 1336 136 29 lagförslaget
541 1343 35 16 om
585 1336 123 28 försäljning
718 1336 39 22 och
767 1335 111 22 utminute-

61 1363 48 28 ring
130 1364 22 21 af
172 1364 94 27 bränvin,
288 1365 39 22 och
346 1365 37 27 jag
404 1365 38 22 ber
464 1367 39 25 att,
523 1366 8 21 i
545 1365 68 22 likhet
626 1363 50 23 med
690 1365 26 21 hr
730 1370 41 16 von
785 1362 93 27 Alfthan,

62 1391 61 23 äfven
144 1392 21 22 få
182 1391 91 29 förorda,
288 1395 33 20 att
334 1394 114 22 ständerna
462 1394 68 22 måtte
544 1394 69 22 uttala
627 1395 32 20 ett
674 1391 155 28 önskningsmål
843 1396 35 16 om

62 1420 93 28 stegring
170 1420 22 22 af
204 1421 66 22 tullen
284 1422 28 26 på
326 1422 58 27 majs.

130 1449 33 22 Då
181 1450 62 27 ingen
257 1449 24 22 af
292 1450 25 22 R.
332 1456 19 16 o.
367 1450 36 23 A:s
418 1450 138 22 medlemmar
570 1450 72 22 vidare
656 1449 93 28 begärde
764 1448 60 23 ordet
838 1447 41 24 för-

61 1477 98 23 klarades
182 1478 40 22 den
243 1478 105 22 allmänna
370 1478 146 23 diskussionen
538 1478 97 27 afslutad,
659 1478 106 22 hvarefter
779 1476 23 27 R.
818 1482 18 16 o.
852 1475 25 23 A.

62 1506 106 28 öfvergick
189 1507 32 21 till
243 1507 232 28 specialgranskningen
498 1508 23 22 af
536 1507 142 28 lagförslaget,
694 1505 73 23 dervid
780 1504 99 28 förslaget
