1100 1720
360 116 16 18 R.
389 121 15 13 o.
417 116 15 18 A.
445 116 47 18 1885.
515 116 9 18 7
538 116 35 23 Maj.
791 116 60 25 1,013

55 184 83 22 trakter
152 184 145 22 åstadkomma
312 184 201 28 kommunalskogar
527 184 69 22 under
610 184 123 27 forstnärlig
747 183 133 27 behandling.

57 213 39 27 Jag
111 212 39 22 ber
164 212 21 22 få
199 213 80 27 päyrka
293 213 121 21 återremiss
430 213 6 21 i
453 213 36 21 det
504 213 54 27 syfte
574 212 47 22 frih.
638 212 78 22 Wrede
732 212 113 28 föreslagit.

126 241 58 21 Frih.
207 241 103 27 Wrede,
332 242 24 20 R.
376 242 36 21 A.:
428 242 41 26 Jag
484 244 24 19 är
524 241 33 21 till
572 248 26 14 en
614 241 34 21 del
664 240 143 23 förekommen
823 240 21 22 af
857 240 25 21 hr

59 269 77 22 Antell.
167 269 10 21 I
200 272 89 19 motsats
307 270 32 21 till
354 270 47 21 frih.
417 270 61 26 Boije
492 272 47 19 tror
551 270 37 26 jag
602 269 47 22 icke
665 271 33 19 att
713 270 36 21 det
763 270 41 21 kan
819 268 63 22 blifva

59 298 81 27 möjligt
162 298 34 21 för
216 298 24 21 R.
265 305 18 15 o.
305 300 24 20 A.
344 300 33 20 att
392 299 26 26 på
433 299 68 25 grund
517 298 23 22 af
552 298 45 27 lag-
613 298 40 21 och
670 298 212 22 ekonomiutskottets

59 326 33 21 till
114 327 160 21 statsutskottet
291 326 76 22 aflåtna
382 327 40 21 och
438 327 6 21 i
460 327 172 21 statsutskottets
647 326 135 22 betänkande
797 327 85 25 intagna

59 355 109 22 skrifvelse
190 355 52 22 fatta
265 355 68 21 beslut
355 356 7 20 i
382 356 68 21 denna
470 356 33 21 del
519 355 23 21 af
554 355 84 27 frågan,
654 356 23 26 ty
693 355 68 21 denna
777 354 106 22 skrifvelse

61 383 22 21 af
96 383 42 28 lag-
153 384 40 22 och
208 384 203 21 ekonomiutskottet
426 384 117 21 innehåller
558 384 47 21 icke
615 384 67 26 något
691 383 107 21 bestämdt
808 383 76 21 formu-

58 411 70 22 leradt
149 412 79 27 förslag
250 412 32 21 till
306 412 83 27 frågans
411 412 90 27 lösning,
524 415 52 18 utan
599 412 76 21 endast
694 413 31 20 ett
739 412 110 21 uttalande
864 410 21 22 af

60 440 54 22 vissa
130 441 106 21 allmänna
250 441 136 26 synpunkter,
402 447 45 15 som
464 441 65 26 enligt
544 441 116 21 utskottets
671 440 55 27 åsigt
737 440 71 21 dervid
819 439 65 21 borde

59 470 61 26 tagas
142 469 7 21 i
172 469 125 21 beaktande.
328 469 58 22 Skall
408 469 82 22 således
507 470 69 21 denna
592 469 65 26 enligt
672 468 43 21 min
731 469 64 21 tanke
809 469 76 26 ytterst

61 497 78 28 vigtiga
165 497 59 27 fråga
246 504 35 15 om
302 497 211 28 kommunalskogars
536 497 122 22 inrättande
682 497 46 21 icke
749 496 90 27 förfalla,
862 497 23 20 så

62 527 66 20 måste
151 526 137 26 ovilkorligen
311 533 25 13 en
355 526 121 21 återremiss
492 527 38 21 ske
545 526 32 21 till
594 525 165 26 statsutskottet,
775 528 22 24 ty
812 525 26 21 då
853 526 32 20 tre

60 554 64 21 stånd
140 553 62 22 hafva
216 554 99 26 beslutat,
331 556 31 19 att
377 555 162 21 statsutskottet
553 554 7 21 i
574 554 52 22 sista
637 554 57 21 hand
704 554 54 21 skall
768 554 118 26 handlägga

62 582 74 27 frågan
159 582 7 21 i
189 583 68 21 denna
280 583 39 25 del,
335 583 41 21 kan
392 589 24 15 en
433 584 121 20 återremiss
570 582 67 27 enligt
652 582 44 22 min
711 583 62 20 tanke
788 582 46 21 icke
849 582 37 20 ske

61 610 33 21 till
114 610 44 27 lag-
173 611 39 21 och
227 611 208 22 ekonomiutskottet.
466 612 40 26 Jag
522 612 44 26 ber,
584 611 26 21 då
624 611 36 27 jag
676 617 28 15 nu
719 610 38 22 har
773 610 66 26 ordet,
856 612 31 19 att

62 639 7 21 i
93 639 112 27 anledning
227 639 22 22 af
261 640 27 21 hr
301 640 179 26 Yrjö-Koskinens
495 640 99 28 yttrande
609 639 21 22 få
646 642 83 22 nämna,
745 641 32 19 att
789 639 38 27 jag
842 638 44 22 icke

63 667 39 22 har
123 668 32 21 till
177 668 100 27 beloppet
299 669 102 26 uppgifvit
424 669 40 21 den
485 669 55 21 vinst
555 670 69 20 staten
641 668 69 21 skulle
725 667 61 22 hafva
801 667 87 21 skördat

62 696 28 26 på
106 696 183 22 transaktionerne
304 697 47 21 med
367 697 209 27 donationsegarene.
602 697 42 26 Jag
659 696 39 21 har
712 696 45 21 icke
772 696 66 21 heller
853 696 35 26 på-

61 725 61 26 stått,
146 727 38 25 att,
209 725 40 21 den
264 726 61 26 vinst,
340 732 45 14 som
400 725 143 27 förekommit,
559 725 69 23 skulle
643 724 63 22 hafva
720 724 54 22 varit
789 726 100 20 orättmä-

63 753 37 27 tig.
130 753 40 27 Jag
192 753 97 23 betviflar
311 754 120 26 ingalunda,
455 756 33 19 att
510 754 103 27 styrelsen
634 754 40 20 har
689 753 81 21 förfarit
784 753 48 21 fullt
847 752 42 27 lag-

63 782 66 26 enligt
151 782 40 21 och
212 783 126 26 rättmätigt.
367 782 41 27 Jag
431 783 40 21 har
495 784 75 20 endast
592 782 124 26 framhållit,
739 783 32 19 att
788 782 6 20 i
810 781 79 21 sådana

63 810 157 22 transaktioner
242 817 45 15 som
311 812 66 24 dessa,
402 812 27 20 då
452 812 37 20 det
511 811 66 27 gäller
600 813 32 19 att
651 810 104 27 godtgöra
769 810 119 24 orättvisor,

65 839 69 26 någon
156 839 57 21 vinst
228 839 46 22 icke
290 839 39 22 alls
344 840 39 20 bör
398 840 87 27 åsyftas,
501 840 40 21 och
557 841 32 20 att
603 841 15 19 t.
636 846 18 15 o.
671 846 27 14 m.
715 845 34 15 om
764 839 70 26 någon
848 837 41 21 för-

64 866 42 21 lust
128 867 69 21 skulle
220 869 77 25 uppstå
318 867 32 22 för
365 868 135 27 statsverket,
518 868 58 21 detta
591 867 47 22 icke
653 867 67 22 borde
735 869 76 24 utgöra
826 867 64 26 något

63 895 75 22 hinder
153 895 32 22 för
200 896 165 21 transaktionen.

134 924 32 21 Hr
181 924 149 26 Molander,
346 925 37 22 H.:
399 925 41 26 Jag
455 925 43 26 vill,
516 925 26 21 då
558 925 36 21 det
603 925 69 21 under
683 923 143 22 diskussionen
838 923 53 21 varit

64 952 60 27 fråga
138 959 34 14 om
188 953 119 21 inrättande
323 953 22 21 af
358 953 208 27 kommunalskogar,
581 953 83 21 hvilkas
680 955 60 25 nytta
753 952 36 27 jag
803 952 47 21 icke
864 952 27 26 på

66 981 68 26 något
152 982 43 20 sätt
209 981 153 27 underkänner,
378 982 170 27 upplysningsvis
564 981 104 26 meddela,
685 983 31 20 att
732 981 25 21 de
773 980 119 22 donations-

66 1009 58 26 gods,
149 1009 37 21 der
205 1009 157 28 hufvudsakligt
376 1010 83 21 tillfälle
475 1011 69 20 skulle
559 1010 68 21 finnas
644 1012 32 19 att
690 1009 58 21 bilda
762 1008 130 22 kommunal-

66 1037 84 27 skogar,
172 1037 69 22 blifvit
260 1038 6 21 i
281 1038 60 22 flesta
356 1038 36 22 fall
407 1038 78 22 inlösta
501 1039 49 21 med
565 1038 143 22 statsfondens
724 1038 67 21 medel
807 1037 39 21 och
862 1038 32 20 att

66 1066 14 20 å
95 1066 61 21 dessa
172 1066 164 27 donationsgods
351 1067 148 27 kronoparker
513 1067 73 21 kunna
600 1066 104 28 utbrytas.
726 1066 79 22 Genom
816 1066 76 20 krono-

67 1094 87 26 parkers
171 1095 39 21 och
223 1094 104 28 hoflägers
338 1096 128 27 utbrytande
476 1096 43 21 kan
529 1102 49 15 mar
589 1095 83 21 minska
682 1095 211 27 inlösningssumman

67 1122 33 21 för
114 1123 110 22 bönderna
239 1124 72 20 hvilka
325 1124 46 22 icke
386 1124 68 21 skulle
470 1124 74 21 mäkta
560 1124 86 26 erlägga
661 1124 121 20 densamma
797 1123 33 21 för
844 1122 49 26 god-

67 1157 37 15 sen
127 1152 6 20 i
157 1152 61 21 deras
240 1152 77 21 helhet.
348 1153 28 21 Så
394 1154 24 20 är
433 1152 61 22 fallet
509 1152 49 22 med
574 1152 192 26 donationsgodsen
781 1152 31 20 uti
827 1150 67 28 Pyhä-

65 1179 61 27 järvi,
150 1180 121 27 Walkjärvi,
295 1181 103 21 Kivinebb
422 1181 40 21 och
485 1181 70 21 Ilmes.
586 1181 68 21 Dessa
676 1180 52 27 gods
744 1180 61 22 hafva
819 1179 74 26 blifvit,

68 1208 122 26 isynnerhet
205 1209 25 21 de
245 1210 33 20 tre
293 1209 72 26 första,
380 1210 88 26 inköpta
484 1210 33 20 för
533 1210 83 27 mycket
632 1209 52 27 högt
699 1209 49 27 pris,
760 1209 88 21 emedan
859 1208 35 21 det

66 1235 28 22 dä
117 1236 62 26 gälde
202 1239 32 19 att
255 1238 71 21 kunna
348 1238 67 21 inlösa
438 1240 54 19 nära
514 1244 42 20 nog
578 1238 49 21 hela
645 1238 90 21 socknar
750 1238 27 26 pä
793 1244 24 14 en
834 1237 60 26 gäng.

67 1264 112 22 Bönderne
201 1266 67 21 skulle
290 1266 7 20 i
319 1266 63 27 ingen
404 1266 103 22 händelse
530 1266 88 22 förmått
634 1266 86 26 erlägga
735 1266 35 21 det
784 1265 50 27 pris,
850 1270 44 16 som

67 1291 111 24 fordrades
193 1293 32 22 för
243 1294 86 27 godsen,
349 1294 80 21 hvilket
445 1295 44 26 pris
504 1295 104 27 styrelsen
625 1295 61 25 dock,
702 1293 33 22 för
750 1296 31 19 att
796 1292 99 22 befordra

67 1320 196 29 iplösningsverket,
287 1323 64 26 ansåg
375 1323 31 26 sig
428 1323 54 21 böra
505 1323 71 22 betala
600 1323 39 21 och
662 1322 74 27 päföra
758 1321 137 22 statsfonden.

68 1349 40 22 Om
132 1357 28 14 nu
182 1350 198 27 kommunalskogar
402 1351 92 22 inrättas
517 1352 28 26 pä
561 1351 61 22 dessa
638 1351 59 26 gods,
714 1351 23 21 sä
752 1351 88 26 uppstär
856 1349 40 20 den

68 1377 79 28 frågan,
163 1379 62 21 hvem
240 1385 45 16 som
301 1379 54 22 skall
370 1379 86 27 erlägga
472 1380 42 21 den
530 1379 35 22 del
580 1379 22 22 af
615 1380 67 26 priset
698 1385 46 16 som
758 1379 39 21 bör
811 1377 85 27 påföras

68 1406 27 21 de
116 1407 106 21 blifvande
244 1408 237 27 kommunalskogarna.
513 1408 41 27 Jag
577 1410 47 19 tror
646 1410 33 19 att
703 1408 36 21 det
761 1407 83 21 komme
864 1407 32 19 att

69 1434 64 22 blifva
156 1435 84 27 mycket
262 1437 61 27 svärt
334 1436 32 21 för
383 1437 225 21 donationsbönderna
623 1438 33 19 att
672 1436 84 27 erlägga
771 1441 26 16 en
811 1433 86 28 prisför-

68 1462 86 28 höjning
169 1464 33 20 för
216 1464 157 27 lägenheterna,
388 1465 45 21 ifall
449 1471 50 15 man
515 1465 69 21 skulle
599 1465 89 27 utbryta
704 1467 58 18 stora
775 1462 122 27 skogskom-

69 1491 71 26 plexer
155 1492 33 20 till
204 1492 206 28 kommunalskogar.
436 1493 41 26 Jag
494 1493 39 21 har
548 1493 57 21 velat
618 1493 55 21 fästa
684 1490 214 29 uppmärksamheten

68 1519 35 21 vid
126 1520 68 21 denna
218 1521 162 27 omständighet,
403 1521 32 21 för
458 1523 34 19 att
508 1522 32 20 för
556 1522 40 20 den
612 1521 101 21 händelse
729 1520 86 22 ärendet
830 1518 68 22 skulle
