1100 1745
243 110 63 45 1,000
519 125 44 20 R..0.
575 125 17 19 Å.
605 125 46 25 1885.
675 126 10 19 7
698 126 35 23 Maj.

211 191 140 29 Gripenberg,
365 193 32 26 L.,
412 195 67 20 utsett
493 193 26 22 hr
534 200 41 16 von
590 194 149 22 Haartman
777 197 55 20 samt
847 194 31 22 till
893 194 118 22 ledamöter
1032 194 8 21 i

208 220 223 29 justeringsutskottet
446 222 37 22 hrr
497 222 180 27 Stjernvall
692 223 40 22 och
748 223 53 22 Rein
836 223 39 22 och
886 223 32 21 till
929 223 111 28 supplean-

212 251 34 20 ter
269 249 7 22 i
298 251 139 21 nästnämnda
460 251 82 22 utskott
564 251 39 22 hrr
640 251 257 28 Standertskjöld,
913 251 23 22 C.
953 251 31 27 G.,
1000 251 40 22 och

212 283 42 16 von
269 278 166 23 Rehausen.

282 363 118 28 Föredrogs
422 371 26 15 en
470 364 54 23 ifrån
539 365 221 22 riddarhusutskottet
774 366 105 27 ingången
894 365 109 22 skrifvelse
1018 365 22 22 af

210 391 95 28 följande
320 392 86 28 lydelse:

281 421 37 21 Uti
333 428 26 14 en
374 421 32 21 till
420 422 23 21 R.
460 421 25 22 U.
501 422 91 27 ingifven
607 422 64 22 skrift
680 423 40 21 har
731 423 88 21 enkefru
830 423 117 21 Constance
958 422 22 22 af
988 423 52 21 For-

209 448 71 27 selles,
301 449 67 27 jemte
383 450 102 22 förmälan
500 453 31 19 att
547 450 98 28 samtlige
661 450 65 28 öfrige
742 451 168 27 fordringsegare
926 450 29 22 uti
971 450 33 22 fru
1019 450 23 22 af

211 477 112 23 Forselles'
347 478 39 22 och
400 478 79 23 hennes
495 478 75 22 aflidne
586 486 56 19 man,
659 479 236 27 vicehäradshöfdingen
911 480 93 21 Lennart
1018 479 23 21 af

211 506 113 22 Forselles'
339 506 33 22 till
387 507 92 22 konkurs
498 508 103 27 upplåtna
619 508 28 22 bo
664 508 87 28 beviljat
766 509 69 21 henne
851 508 78 22 ackord
944 511 44 19 mot
1004 508 35 21 det

210 536 35 20 att
268 534 42 22 bon
332 535 33 21 till
387 542 25 15 en
434 536 52 22 hvar
501 536 22 22 af
537 536 54 26 dem,
607 536 84 22 utöfver
706 537 56 21 hvad
777 536 135 22 härförinnan
928 536 45 22 från
988 536 51 22 kon-

211 563 80 22 kursen
317 564 83 26 utfallit,
427 565 71 21 erlade
522 566 8 20 1
555 568 90 24 procent
667 565 22 22 af
709 565 158 27 fordringarnes
893 565 146 27 ursprungliga

211 591 86 29 belopp,
321 593 92 27 anhällit,
437 596 32 19 att
489 594 78 26 jemväl
582 594 25 21 R.
623 594 26 22 U.
666 595 27 26 på
708 594 112 22 enahanda
835 594 68 21 vilkor
918 595 66 21 måtte
998 594 42 21 för-

209 620 64 22 klara
287 621 68 23 henne
371 622 26 21 fri
411 622 46 22 från
472 622 37 22 allt
525 622 71 22 vidare
612 622 50 22 kraf
675 622 33 22 för
723 623 41 21 den
779 629 88 19 summa,
878 622 161 28 ursprungligen

209 651 49 20 stor
280 650 42 22 800
344 650 66 27 mark,
432 651 33 21 för
487 650 84 22 hvilken
593 651 44 22 hon
657 652 27 26 på
699 652 69 26 grund
783 651 23 21 af
819 651 80 27 borgen
913 651 33 22 för
961 653 30 20 ett
1007 651 32 21 till

211 684 89 16 numera
315 678 75 22 aflidne
404 679 191 27 senatskanslisten
607 680 50 22 Carl
673 680 23 21 af
709 680 106 22 Forselles
832 682 44 19 mot
888 679 120 23 skuldsedel
1018 679 23 22 af

210 706 43 22 den
276 708 27 21 23
326 707 58 22 Mars
407 708 53 22 1875
481 708 88 27 utgifvet
583 707 36 23 lån
635 709 13 21 å
663 708 94 22 nämnda
772 708 77 28 belopp
864 708 86 22 häftade
964 708 33 22 till
1013 708 26 22 de

209 735 70 22 under
293 736 25 22 R.
333 736 38 22 D:s
386 736 125 28 förvaltning
525 736 70 22 stälda
610 737 80 22 kassor.

280 764 11 22 I
312 764 113 28 anledning
441 765 61 22 häraf
516 764 32 22 får
562 765 113 22 Utskottet
690 768 52 19 äran
758 765 79 26 anföra,
854 768 31 19 att
901 766 64 21 sedan
980 765 59 22 såväl

209 792 136 28 låntagarens
367 794 186 21 senatskanslisten
577 794 22 22 af
620 794 112 22 Forselles”
755 801 46 15 som
820 794 171 25 löftesmännens,
1010 794 29 21 öf-

209 821 189 28 verstelöjtnanten
419 822 98 22 Theodor
539 822 22 22 af
583 822 112 22 Forselles"
718 823 40 21 och
777 823 120 21 sökandens
913 822 43 22 bon
971 822 67 22 blifvit

208 849 34 22 till
265 850 94 22 konkurs
382 850 103 27 afträdda,
507 850 162 27 ifrågavarande
687 851 34 22 lån
739 851 68 22 blifvit
821 851 8 21 i
845 852 60 21 dessa
920 851 118 21 konkurser

209 877 107 23 bevakadt
338 881 56 19 samt
415 881 32 19 att
466 879 90 22 derifrån
571 880 8 21 i
595 879 124 22 dividender
734 879 79 22 influtit
827 879 154 27 sammanlagdt
997 879 40 22 125

208 906 62 21 mark
293 907 27 21 90
342 907 70 28 penni,
433 907 83 22 hvadan
531 908 137 22 återstående
683 908 103 27 beloppet
801 910 63 25 utgör
879 909 41 20 674
936 907 60 22 mark
1012 909 26 20 10

206 935 73 26 penni,
295 937 59 20 utom
369 936 154 27 uppdebiterad
537 938 63 20 ränta
617 937 26 21 19
658 937 61 21 mark
736 938 27 21 70
778 937 69 27 penni.

278 964 33 21 Då
326 964 63 27 ingen
404 965 108 26 möjlighet
527 971 61 21 synes
604 965 114 22 förefinnas
734 967 33 20 att
781 965 72 22 kunna
863 964 90 22 indrifva
962 964 76 27 ifråga-

207 991 81 22 komna
310 992 86 22 fordran
418 993 51 22 eller
490 999 37 16 ens
550 994 71 27 någon
643 994 61 27 ringa
719 994 34 21 del
769 994 66 26 deraf,
851 999 62 16 anser
927 993 111 22 Utskottet

207 1020 38 21 det
268 1027 28 14 nu
317 1021 102 27 erbjudna
434 1022 101 21 ackordet
549 1022 54 21 böra
618 1024 94 25 antagas.
745 1023 51 21 Som
812 1023 36 21 det
864 1021 123 27 emellertid,
1003 1028 35 15 en-

205 1047 42 28 ligt
269 1049 121 22 Utskottets
408 1050 70 27 tanke,
496 1050 46 22 icke
557 1051 94 27 framgår
666 1050 23 22 af
703 1051 41 21 den
759 1050 34 22 för
807 1051 24 21 R.
847 1051 42 21 D:n
905 1050 41 22 den
961 1051 12 20 5
988 1049 50 22 Juni

208 1077 57 22 1872
287 1077 112 23 faststälda
421 1079 133 27 instruktion,
577 1079 105 22 huruvida
696 1080 43 22 D:n
754 1085 51 16 vore
820 1079 121 27 berättigad
957 1080 31 20 att
1003 1078 36 22 be-

206 1105 51 28 vilja
280 1106 50 22 slikt
351 1107 85 27 ackord,
453 1108 40 21 och
507 1108 68 22 sädan
589 1108 103 27 rättighet
707 1108 57 28 förty
779 1108 47 22 icke
839 1108 68 22 heller
921 1107 117 22 tillkomme

205 1132 28 23 R.
255 1134 34 28 U.,
312 1135 32 22 får
365 1135 110 23 Utskottet
495 1136 108 22 vördsamt
626 1136 33 22 till
681 1137 26 21 R.
730 1136 41 23 och
793 1137 38 21 A:s
854 1138 48 26 eget
924 1136 114 27 afgörande

205 1162 132 24 öOfverlemna
353 1164 58 22 detta
425 1164 78 22 ärende
517 1167 55 19 samt
587 1165 70 22 tillika
671 1165 87 22 förorda
771 1164 59 22 bifall
841 1165 32 21 till
884 1164 152 28 ansökningen;

205 1191 43 22 och
274 1192 62 22 torde
361 1192 63 27 lånet,
453 1193 70 22 derest
548 1194 25 20 R.
598 1200 19 15 o.
641 1194 25 22 A.
691 1194 69 22 finner
783 1194 52 26 godt
857 1193 34 22 till
915 1193 122 22 densamma

205 1218 82 28 bifalla,
310 1220 54 22 efter
380 1222 35 21 det
429 1222 101 22 ackordet
545 1221 113 28 fullgjorts,
674 1222 21 22 få
709 1223 7 21 i
732 1222 174 28 räkenskaperna
921 1221 115 23 afskrifvas.

204 1248 143 28 Helsingfors,
362 1250 13 21 å
390 1250 147 26 Riddarhuset,
553 1251 42 21 den
610 1252 13 20 5
639 1251 42 27 Maj
699 1252 63 21 1885.

427 1296 31 21 På
472 1296 238 22 Riddarhusutskottets
726 1299 89 24 vägnar:

517 1335 49 24 Hans
583 1336 68 23 Gustaf
665 1336 57 28 Boije.

780 1370 23 22 J.
819 1371 26 21 F.
862 1370 104 27 Aminoff.

275 1420 75 22 Denna
365 1420 152 28 framställning
532 1421 46 22 blef
592 1421 23 22 af
627 1421 26 22 R.
669 1428 19 15 o.
704 1422 26 21 A.
747 1421 94 22 bifallen.

275 1505 71 22 Sedan
368 1505 39 22 hos
428 1506 26 22 hr
475 1507 196 22 landtmarskalken
694 1506 99 27 anmälts,
817 1508 32 20 att
867 1513 26 15 en
908 1506 93 22 ledamot
1016 1507 22 22 af

202 1531 60 29 Kejs.
286 1533 47 23 Sen,
358 1540 38 15 var
417 1535 7 21 i
445 1535 119 28 antågande
583 1537 56 20 samt
656 1537 27 20 hr
697 1535 198 22 landtmarskalken
909 1537 67 20 utsett
991 1535 45 28 fyra
