1103 1748
162 830 7 10 .

213 126 61 26 1,188
484 125 16 19 R.
512 130 15 14 0.
540 124 16 20 J.
569 124 47 20 1885.
640 124 20 20 18
671 124 35 24 Maj.

184 194 207 22 knektekontrakten
406 194 47 21 med
469 194 115 25 5,160,000
599 194 112 25 tunnland,
731 192 112 23 oafrösade
855 191 159 27 impediments-

183 223 87 22 marker
284 223 8 21 i
307 223 65 21 Wasa
386 223 35 20 län
436 223 48 21 med
501 223 92 25 100,000
608 222 111 26 tunnland,
737 223 55 20 samt
807 221 58 24 kärr,
880 226 82 15 mossar
972 219 41 22 och

183 252 162 27 impedimenter
366 251 7 21 i
396 251 67 27 öfriga
486 251 60 21 delar
569 251 23 21 af
612 251 73 22 landet
707 251 49 21 med
771 249 115 26 8,000,000
900 249 112 20 tunnland.

184 280 33 21 Då
240 281 62 20 dessa
324 280 90 24 marker,
437 286 45 15 som
505 280 143 21 tillsammans
663 282 78 24 utgöra
756 278 130 26 20,300,000
901 277 110 24 tunnland,

184 309 107 26 afräknas,
306 308 82 27 uppgär
403 309 40 21 den
459 308 135 22 äterstäende
610 309 85 20 timmer
710 307 163 28 producerande
887 308 60 19 torra
957 311 57 15 mar-

184 337 41 22 ken
247 338 33 21 till
302 337 112 26 9,500,000
436 337 111 22 tunnland:
578 337 50 22 Men
651 337 23 21 af
695 337 70 21 denna
787 335 59 21 areal
869 337 24 18 är
908 335 41 20 den
964 334 49 21 vida

184 368 81 25 vägnar
288 368 79 19 största
382 366 60 21 delen
457 366 90 27 belägen
562 366 58 21 inom
636 365 120 28 Uleåborgs
771 365 37 20 län
823 363 40 22 och
879 363 75 22 endast
970 369 43 14 om-

185 395 61 26 kring
270 395 111 26 1,500,000
403 395 104 21 tunnland
529 395 58 20 inom
611 395 26 20 de
661 394 69 27 öfriga
752 394 64 21 länen
835 393 24 20 af
871 392 79 21 landet.
980 390 34 21 Dä

185 423 211 27 forstförvaltningen
411 423 68 22 skulle
494 423 116 25 anordnas,
626 430 51 15 voro
693 423 162 25 statsskogarne
871 420 60 27 längs
947 421 66 20 öster-

185 452 111 21 bottniska
317 452 122 21 kustlandet
461 452 45 21 helt
526 452 40 21 och
584 452 68 21 hållet
667 451 147 22 devasterade.
845 450 11 21 I
872 449 68 26 öfriga
954 448 64 21 delar

185 481 24 21 af
229 481 79 25 landet,
331 483 58 19 utom
410 481 7 20 i
432 480 120 27 Uleåborgs
567 481 36 20 län
619 481 40 21 och
675 487 26 15 en
717 481 35 20 del
767 479 24 21 af
804 478 85 27 Kuopio
904 478 42 25 län,
962 483 55 15 voro

185 510 174 26 kronoskogarne
382 515 75 21 genom
479 509 95 22 fareldar
597 509 40 22 och
653 509 143 26 äverkningar
811 508 7 20 i
834 513 45 15 stor
894 506 61 21 skala
969 511 50 16 mer

186 538 51 21 eller
259 538 83 21 mindre
363 538 114 21 förstörda.
508 538 75 21 Säsom
607 539 32 20 ett
661 538 59 22 bevis
743 537 28 27 pä
789 537 42 20 den
847 536 60 26 ringa
921 535 94 20 inkomst

186 573 50 15 man
258 567 35 21 vid
315 567 221 27 forstförvaltningens
551 567 124 21 inrättande
689 565 112 28 hoppades
816 565 73 20 kunna
903 563 47 22 från
966 563 52 21 sko--

186 602 67 21 garna
276 595 87 26 erhålla,
387 595 34 22 mä
443 597 94 24 nämnas,
561 597 33 20 att
616 596 7 20 i
640 596 55 21 1859
711 595 35 21 års
761 593 129 27 kungörelse
906 591 110 28 angående

187 625 171 26 organisationen
381 624 22 21 af
423 625 164 25 forstväsendet,
609 624 144 27 uttryckligen
771 621 143 25 föreskrifves,
934 622 33 19 att
982 621 34 20 ut-

186 653 93 26 gifterna
297 653 34 21 för
346 653 219 27 skogsförvaltningen
580 653 70 21 skulle
665 652 71 22 såvidt
751 651 84 27 möjligt
850 649 104 22 bestridas
967 649 48 20 med

186 681 120 22 inkomsten
322 681 47 22 från
385 682 110 27 skogarne.
522 681 82 22 Sådant
619 681 40 22 har
674 681 63 21 äfven
752 681 85 21 kunnat
851 679 37 21 ske
900 678 39 21 och
950 677 65 26 något

187 710 119 21 öfverskott
328 710 81 21 kunnat
429 710 139 22 öfverlemnas
588 711 33 20 till
641 710 141 21 statsverkets
799 707 131 28 disposition,
947 706 68 21 ehuru

186 739 64 21 bland
261 738 116 27 utgifterna
386 739 67 22 finnas
464 739 80 22 sådana
554 741 75 25 poster
639 745 46 15 som
695 741 16 19 t.
723 745 31 15 ex.
766 736 140 27 bebyggande
915 735 39 21 och
962 740 53 21 upp-

187 767 72 28 odling
274 767 24 22 af
318 768 12 21 6
349 768 187 21 forstmästarebos
547 768 63 26 ällen,
626 768 79 21 mellan
721 768 13 21 6
750 766 41 22 och
807 766 42 21 700
865 763 154 28 skogvaktare-

187 796 41 25 bol,
250 796 122 22 inrättande
394 797 23 21 af
429 798 65 26 vägar
509 797 91 21 emellan
615 797 142 26 skogstorpen
774 794 41 22 och
830 792 187 23 forstmästarebo-

187 825 91 21 ställena
300 827 55 19 samt
377 825 92 28 dyrbara
490 825 156 27 flötningleder.
677 825 125 27 Tillgången
825 822 28 27 på
872 821 70 27 gröfre
958 820 62 21 virke

187 853 7 21 i
215 853 174 28 kronoskogarne
411 856 24 20 är
456 855 7 21 i
478 854 118 22 allmänhet
618 853 128 28 begränsad.
778 852 62 21 Inom
878 851 26 20 Åbo
928 850 36 21 län
979 849 42 20 har

187 882 124 22 densamma
329 883 135 27 uppskattats
479 884 32 20 till
526 883 99 27 omkring
640 883 43 21 200
698 882 13 22 å
726 880 94 27 300,000
835 881 108 23 stammar,
960 878 58 21 inom

187 910 131 22 Tavastehus
340 912 34 20 län
397 912 32 21 till
450 912 90 26 180,000
555 912 40 20 och
611 912 7 20 i
634 912 101 26 Wiborgs
749 911 37 20 län
802 909 33 21 till
851 908 97 25 800,000.
978 907 39 21 Att

187 939 70 21 denna
279 940 153 27 uppskattning
454 947 86 15 snarare
563 942 25 19 är
610 940 43 26 hög
671 942 28 19 än
714 939 41 27 låg,
773 937 72 22 dertill
859 937 35 21 vill
908 936 37 27 jag
960 936 57 20 sluta

187 968 24 21 af
230 970 34 19 att
286 969 35 21 vid
343 969 40 21 den
406 970 96 26 taxering
522 969 23 21 af
560 969 113 27 skogarna,
689 974 46 16 som
751 968 36 21 för
801 965 134 22 närvarande
950 963 68 28 pågår

187 997 7 20 i
209 997 26 21 de
251 997 130 27 nordligaste
398 998 86 21 delarna
498 998 24 21 af
534 998 80 26 landet,
631 1004 49 14 man
695 996 82 26 erfarit,
794 997 33 19 att
843 994 40 21 den
893 992 127 22 förmodade

188 1026 59 20 stora
262 1026 117 27 tillgången
393 1026 28 27 på
435 1026 59 22 virke
509 1028 24 19 är
548 1026 155 22 öfverskattad.
728 1024 64 22 Hvad
808 1022 102 22 särskildt
923 1022 95 21 kronans

189 1054 177 28 skogstillgångar
388 1055 57 21 inom
467 1056 65 20 Wasa
555 1055 36 21 län
614 1054 110 26 beträffar,
747 1056 26 18 är
795 1052 124 21 densamma
936 1051 7 20 i
959 1052 58 19 östra

189 1082 61 22 delen
272 1083 24 21 af
316 1083 58 21 länet
395 1084 66 26 något
483 1085 68 20 större
574 1083 41 21 och
638 1083 107 21 beräknas
768 1080 73 28 uppgå
856 1080 33 22 till
904 1078 117 27 2,000,000-

188 1113 110 25 stammar,
322 1112 65 21 sedan
403 1112 47 22 från
466 1112 61 22 dessa
542 1112 86 21 trakter
642 1112 35 21 för
691 1111 71 27 någon
778 1110 33 21 tid
826 1109 65 21 sedan
905 1108 113 30 föryttrats

188 1139 23 22 åt
232 1140 85 22 enskild
339 1146 77 21 person
432 1141 90 26 300,000
538 1142 110 20 stammar.
678 1140 101 21 Derefter
794 1138 41 22 har
850 1143 70 15 annan
936 1135 84 27 försälj-

187 1168 51 27 ning
260 1168 24 22 af
303 1169 59 21 virke
377 1169 47 21 från
440 1170 62 21 dessa
516 1169 80 27 skogar
611 1169 19 27 ej
646 1170 36 26 egt
697 1175 54 19 rum,
768 1169 29 19 än
812 1166 73 26 sådan,
902 1171 44 15 som
963 1164 56 20 varit

187 1197 113 22 föranledd
322 1197 23 21 af
365 1198 124 27 afverkning
510 1198 24 21 af
554 1198 82 21 sådana
651 1199 55 25 ytor,
723 1198 39 20 der
778 1196 82 26 skogen
875 1195 81 21 ansetts
971 1192 49 32 icke

188 1226 72 21 kunna
276 1226 85 27 qvarstå
377 1226 23 22 af
412 1226 47 22 fara
473 1226 33 22 för
520 1227 49 21 dess
584 1226 136 27 försämring.
746 1225 11 22 I
773 1224 118 22 allmänhet
906 1222 64 21 hafva
984 1221 35 21 vid

187 1255 214 22 virkesauktionerna
422 1255 26 22 de
464 1255 104 27 erbjudna
583 1255 78 26 prisen,
678 1254 27 22 då
721 1255 26 21 de
763 1254 57 21 varit
837 1252 79 22 sådana
932 1253 32 19 att
978 1250 42 21 vir-

187 1283 37 22 ket
246 1283 85 22 komme
353 1285 33 20 att
407 1285 49 20 med
478 1283 69 22 fördel
562 1284 34 21 för
611 1284 84 21 kronan
709 1282 110 27 försäljas,
836 1281 68 21 blifvit
920 1281 99 24 antagna.

187 1312 106 27 Vanligen
314 1312 65 22 hafva
401 1313 43 21 alla
457 1312 127 27 köpeanbud
600 1312 7 21 i
623 1312 92 27 Kuopio,
731 1311 68 22 Wasa
815 1310 40 21 och
870 1309 26 21 de
911 1308 64 21 södra
989 1307 31 20 lä-

187 1347 42 15 nen
251 1341 107 27 godkänts
381 1341 40 22 och
444 1341 40 21 allt
505 1341 37 22 det
563 1341 34 21 till
619 1340 127 27 försäljning
762 1339 70 22 under
848 1338 46 21 året
909 1335 113 23 bestämda

187 1369 72 21 virket
280 1370 83 21 kunnat
381 1370 109 27 föryttras.
519 1369 104 22 Deremot
637 1369 40 21 har
691 1369 8 21 i
714 1368 123 26 Uleåborgs
853 1367 35 20 län
904 1365 76 22 endast
994 1369 26 26 en

189 1397 33 22 del
245 1398 24 21 af
289 1398 37 21 det
345 1399 105 26 utbjudna
465 1398 69 21 virket
548 1397 96 26 försälts,
660 1397 45 22 dels
720 1398 8 21 i
743 1395 109 23 anseende
867 1395 33 21 till
914 1393 50 27 läga
978 1398 44 21 pri-

188 1432 40 20 ser,
244 1427 47 20 dels
306 1426 24 21 af
342 1427 55 21 brist
411 1427 28 26 pä
453 1427 86 26 köpare.
565 1426 77 27 Nägon
656 1426 79 21 förlust
749 1426 43 21 har
802 1425 84 21 kronan
895 1423 126 26 härigenom

188 1455 19 26 ej
229 1455 144 26 tillskyndats,
397 1455 88 22 emedan
508 1455 67 27 priset
590 1455 13 22 &
618 1455 130 27 sägtimmer,
766 1459 47 16 som
829 1452 68 21 under
912 1451 27 21 de
953 1450 70 21 första

187 1483 86 21 tiderna
295 1483 24 22 af
331 1483 221 28 forstförvaltningens
567 1483 138 22 verksamhet
719 1481 104 28 utgjorde
839 1480 51 27 11/2
905 1479 13 22 &
933 1480 13 21 3
958 1478 63 28 penni

187 1517 39 21 per
245 1511 106 26 kubikfot,
367 1519 89 15 numera
470 1513 7 21 i
493 1512 119 27 Uleåborgs
628 1512 36 21 län
679 1512 94 27 uppgått
789 1509 57 22 ända
861 1509 33 22 till
910 1509 26 20 13
951 1507 70 28 penni.

187 1540 41 27 Jag
244 1546 64 16 anser
324 1540 83 23 säledes
421 1542 33 21 att
468 1541 219 27 forstförvaltningen,
704 1540 28 22 dä
747 1540 44 21 den
806 1539 59 21 velat
879 1537 91 27 bespara
986 1536 38 21 det
