1103 1739
359 121 15 18 R.
387 125 14 14 0.
415 121 15 18 A.
442 120 46 19 1885.
513 119 10 19 9
536 119 35 23 Maj.
789 121 59 26 1,035

58 197 34 16 om
115 190 54 21 hvad
188 196 48 15 man
254 190 116 27 egentligen
386 196 72 15 menar
473 190 48 21 med
536 190 129 26 kronopark.
696 190 33 21 Dä
744 190 80 21 säledes
840 189 40 21 den

59 219 114 26 definition,
196 225 45 14 som
263 218 65 21 finnes
350 219 6 20 i
380 219 52 21 1851
456 219 35 21 års
513 218 100 27 skogslag
628 218 46 21 icke
689 221 80 19 ansetts
784 218 97 21 tillfreds-

59 247 110 26 ställande,
192 247 38 21 har
252 247 110 26 utskottet,
385 247 5 20 i
406 247 142 22 betraktande
563 247 23 21 af
597 247 78 26 jemväl
692 247 126 26 ofvansagda
833 247 48 26 slut,

60 276 114 27 föreslagit,
197 277 31 20 att
250 275 133 22 definitionen
406 275 68 22 skulle
491 276 8 21 i
517 275 126 27 skogslagen
659 275 54 27 ingå.
731 288 25 3 —
773 276 47 21 Kan
835 281 48 15 man

61 305 45 21 visa
128 307 31 18 att
181 303 133 22 definitionen
332 306 24 19 är
370 304 83 26 oriktig,
471 304 26 21 dä
512 304 39 21 bör
565 303 135 27 naturligtvis
715 304 64 21 saken
794 305 7 20 i
817 305 67 21 denna

63 333 34 22 del
118 333 165 22 äterremitteras
305 332 31 21 till
358 333 113 25 utskottet;
495 333 88 21 hvarom
606 333 26 26 ej,
656 333 34 20 mä
712 332 134 23 definitionen
864 332 21 21 fä

63 361 127 22 oförändrad
205 362 32 21 stä
252 367 57 20 gvar.

132 390 32 22 Hr
179 390 219 27 Montgomery:
414 390 40 26 Jag
469 392 24 19 är
509 396 49 15 ense
574 389 49 22 med
637 389 47 22 frih.
695 396 41 15 von
747 390 57 21 Born
815 390 71 21 derom

65 421 32 20 att
119 425 49 16 man
189 419 31 21 uti
238 425 25 14 en
278 418 34 27 lag
327 418 45 27 bör,
388 420 23 19 sä
426 419 44 20 vidt
485 418 88 27 möjligt,
590 418 94 21 undvika
700 418 137 27 definitioner,
853 424 34 15 om

65 447 72 22 hvilka
159 447 36 22 det
215 447 69 21 säsom
306 447 79 22 bekant
407 447 66 26 gäller
495 449 32 19 att
543 447 25 21 de
583 449 38 19 äro
637 446 81 27 farliga.
748 447 42 22 Det
804 449 24 19 är
842 446 47 21 icke

66 476 156 27 lagstiftningen
244 482 45 15 som
310 475 40 22 bör
370 478 52 24 göra
443 475 139 27 definitioner,
599 477 52 19 utan
668 475 58 22 detta
741 477 24 20 är
782 475 107 22 vetenska-

67 511 52 21 pens
141 504 86 27 uppgift.
257 504 74 21 Likväl
352 504 42 21 kan
413 504 37 27 jag
472 505 47 20 icke
539 504 55 21 neka
609 506 32 19 att
655 504 35 27 jag
705 503 69 22 funnit
790 503 100 28 ifrägava-

67 533 67 21 rande
156 532 106 22 definition
281 533 6 20 i
302 533 114 21 utskottets
431 532 134 22 betänkande
581 532 133 28 synnerligen
730 533 66 26 vigtig
811 533 39 21 och
865 532 26 27 pä

70 562 26 21 de
118 561 47 21 skäl
187 567 45 15 som
254 561 25 21 hr
301 561 93 22 Aminoff
414 567 48 21 nyss
478 561 70 22 anfört
563 567 51 15 vore
629 561 51 26 böjd
694 561 33 21 för
742 563 32 19 att
789 562 38 20 här
842 562 51 25 göra

70 590 113 26 undantag.
213 590 42 21 Det
276 589 39 22 har
334 590 104 27 nemligen
453 590 75 21 hittills
543 590 55 21 varit
613 590 59 21 svärt
688 591 31 20 att
734 590 96 27 uppfatta
845 588 48 22 skil-

71 619 68 20 naden
155 618 87 21 emellan
257 618 121 27 kronopark
394 618 37 21 och
448 618 55 27 öfrig
517 618 125 27 skogsmark
659 624 45 15 som
719 618 72 21 tillhör
806 618 87 25 kronan,

72 647 94 25 emedan,
189 648 69 20 säsom
280 647 22 21 af
317 647 39 21 den
372 649 83 19 senaste
472 647 64 22 ärade
551 647 84 21 talaren
651 647 107 26 nämndes,
776 647 119 26 begreppen

72 675 63 21 hafva
156 675 66 21 blifvit
245 675 92 27 antydda
353 675 7 21 i
375 675 177 27 författningarna
566 675 7 21 i
589 676 81 21 sådana
684 675 152 26 sammanhang
851 680 45 15 som

73 705 52 25 göra
139 705 32 20 att
191 705 26 20 än
232 710 32 20 en,
280 707 26 18 än
322 710 25 15 en
362 710 68 15 annan
446 704 133 21 bemärkelse
595 704 61 21 deraf
668 704 86 21 komme
768 706 32 19 att
816 703 81 26 dragas.

73 732 62 21 Dock
156 732 39 21 har
216 732 59 22 äfven
298 732 103 21 härintills
424 732 42 21 min
489 733 146 26 föreställning
658 732 54 21 varit
734 734 32 19 att
788 738 47 15 man
850 731 48 21 med

75 761 122 26 kronopark
219 761 38 21 bör
279 761 71 26 förstä,
372 763 60 19 utom
454 763 33 19 att
503 761 39 21 den
558 764 24 18 är
597 761 73 26 afröst,
687 763 31 19 att
734 761 40 21 den
788 763 24 18 är
827 759 72 22 afsedd

77 789 32 21 för
123 789 123 26 skogsbruk.
271 790 40 26 Jag
325 789 67 22 skulle
408 789 82 22 säledes
505 789 33 22 för
553 790 43 21 min
613 790 34 21 del
662 789 105 28 tillstyrka
782 791 32 20 att
830 787 70 22 defini-

77 817 72 22 tionen
164 817 55 27 finge
234 819 90 26 gvarstä.

147 846 32 21 Hr
194 847 176 25 Schauman,
385 847 24 20 B.
426 846 31 27 O.,
474 847 145 21 understödde
635 846 151 21 betänkandet.

149 875 49 21 Som
220 875 46 21 frih.
283 881 40 15 von
340 875 68 22 Borns
424 875 78 27 förslag
517 875 46 21 icke
579 875 74 21 vunnit
670 875 121 24 understöd,
807 873 43 22 blef
863 874 11 25 $
889 873 13 21 2

80 903 99 26 godkänd
194 903 64 27 enligt
272 904 116 21 utskottets
403 903 85 27 förslag,

149 931 56 22 Utan
220 932 138 27 anmärkning
372 933 124 26 godkändes
511 933 26 26 $&
553 933 77 20 3—12.

148 961 10 20 I
173 961 104 21 anseende
292 960 32 21 till
340 961 34 21 det
388 963 52 19 nära
455 961 104 21 samband
574 961 60 21 hvari
650 962 11 25 $
674 961 26 20 13
711 960 47 21 stod
769 959 32 22 till
815 959 25 22 de
850 958 57 22 båda

83 987 92 28 följande
196 989 149 27 paragraferna
362 990 65 26 ansäg
442 989 25 21 hr
483 989 198 22 landtmarskalken
696 989 120 26 lämpligast
831 990 31 19 att
878 987 29 21 di-

84 1017 86 22 skutera
186 1018 32 26 13,
235 1019 26 20 14
276 1017 40 22 och
332 1020 25 17 15
372 1018 25 27 $$
413 1018 7 20 i
436 1020 30 19 ett
482 1018 159 26 sammanhang.

151 1046 56 21 Frih.
223 1052 40 15 von
278 1046 58 21 Born
373 1047 84 26 yttrade
472 1047 62 21 härä:
546 1047 11 20 I
572 1047 26 21 de
613 1053 29 15 nu
657 1045 142 28 föreliggande
811 1050 98 22 paragra-

85 1073 59 23 ferna
158 1075 66 21 finnes
240 1075 36 21 det
290 1074 45 28 fyra
350 1075 56 21 olika
420 1074 86 28 förslag,
523 1075 19 21 d.
559 1081 18 15 v.
593 1081 16 15 s.
627 1075 40 21 den
682 1075 48 20 nåd.
746 1080 67 21 prop.,
828 1073 82 21 utskot-

85 1104 42 20 tets
149 1103 139 27 betänkande,
312 1110 26 14 en
356 1103 131 21 reservation
503 1103 22 21 af
538 1103 47 21 frih.
600 1103 85 26 Wrede,
702 1102 24 22 O.
743 1102 25 22 A.
784 1102 39 22 och
839 1108 25 14 en
879 1106 32 15 re-

87 1132 105 21 servation
208 1132 21 21 af
242 1131 36 21 hrr
293 1131 105 22 Fabritius
414 1132 38 21 och
469 1132 128 21 Nummelin.
623 1132 34 21 Dä
670 1132 36 26 jag
722 1133 56 19 emot
794 1129 119 22 hvarandra

87 1162 64 25 väger
173 1160 147 27 förtjensterna
337 1160 8 21 i
363 1160 61 22 dessa
440 1160 58 22 olika
512 1160 85 27 förslag,
613 1161 24 21 sä
653 1166 62 21 synes
731 1160 35 20 det
781 1159 42 27 mig
838 1159 75 20 nästan

88 1194 46 16 som
157 1195 34 15 om
214 1189 35 21 det
270 1191 71 19 senast
363 1189 97 26 nämnda,
485 1189 20 21 d.
522 1196 17 14 v.
556 1195 16 15 s.
588 1188 158 22 reservationen
762 1194 33 15 n:o
811 1189 20 25 2,
847 1185 67 23 skulle

88 1216 63 22 hafva
167 1217 112 22 företräde.
309 1217 40 27 Jag
364 1218 103 21 erkänner
483 1218 58 26 visst,
558 1219 33 19 att
606 1218 37 21 det
658 1216 100 22 särskildt
772 1216 7 21 i
794 1216 47 20 frih.
857 1214 58 22 Wre-

90 1245 37 21 des
149 1246 129 22 reservation
299 1245 67 22 finnes
387 1246 90 27 pointer,
497 1252 45 15 som
558 1248 37 19 äro
610 1246 82 27 ganska
707 1244 154 28 förtjenstfulla,
877 1242 39 21 och

89 1273 40 22 har
148 1275 37 27 jag
207 1276 31 20 ett
259 1274 111 27 ögonblick
392 1275 52 21 känt
467 1274 44 27 mig
526 1274 80 22 frestad
622 1276 32 20 att
671 1273 124 22 kombinera
808 1272 53 21 hans
876 1270 41 21 för-

91 1303 46 27 slag
151 1304 48 21 med
214 1303 156 21 reservationen
386 1309 34 15 n:o
436 1304 18 19 2.
479 1303 51 21 Men
546 1303 89 21 emedan
651 1303 36 21 det
702 1302 60 21 torde
778 1307 50 15 vara
843 1298 75 32 oprak-

91 1332 53 21 tiskt
165 1334 32 19 att
219 1338 28 14 nu
264 1338 58 14 mera
337 1332 51 21 söka
403 1332 149 20 åstadkomma
567 1334 32 18 ett
613 1331 65 21 femte
694 1330 84 26 förslag,
794 1330 24 21 sä
832 1328 38 22 ber
883 1333 36 21 jag

93 1362 32 19 att
139 1360 45 22 helt
199 1360 70 22 enkelt
284 1360 82 21 ansluta
377 1360 42 26 mig
434 1360 31 20 till
482 1360 37 20 hrr
534 1360 89 21 Fabritii
639 1360 40 21 och
694 1358 131 22 Nummelins
835 1356 84 25 förslag.

93 1389 40 27 Jag
155 1389 36 21 vill
213 1388 100 22 särskildt
333 1388 99 27 påminna
449 1394 36 15 om
504 1388 36 21 det
555 1389 65 21 redan
637 1388 22 21 af
673 1388 47 20 dem
736 1386 93 28 antydda
843 1384 78 22 förhäl-

93 1417 79 27 landet,
195 1419 32 20 att
242 1417 36 21 det
292 1423 60 21 synes
368 1423 51 15 vara
433 1416 46 22 skäl
496 1418 39 25 att,
551 1417 28 21 dä
594 1423 49 15 man
659 1416 43 21 slär
716 1416 22 20 in
753 1416 27 26 pä
796 1420 25 16 en
836 1420 26 20 ny
867 1412 56 33 lag-

94 1446 95 27 stiftning
208 1446 27 27 pä
252 1446 59 20 detta
327 1445 92 26 omräde,
435 1445 46 21 icke
497 1445 40 21 allt
551 1445 32 21 för
599 1444 84 28 mycket
698 1444 153 26 reglementera
866 1447 8 15 i
889 1440 34 21 de-

95 1475 44 27 talj,
162 1476 51 20 utan
231 1473 85 22 afvakta
333 1473 170 22 förhällandenas
521 1473 126 27 utveckling.
678 1472 40 27 Jag
734 1472 104 21 erkänner
852 1475 71 26 gerna,

97 1505 32 19 att
151 1503 36 21 det
209 1502 60 22 torde
292 1502 64 21 blifva
377 1502 59 21 svårt
453 1508 42 20 nog
510 1501 33 21 för
559 1502 119 21 domstolen
694 1503 32 19 att
742 1500 73 27 pröfva
830 1498 39 22 och
884 1497 42 32 till-

96 1532 71 26 lämpa
190 1532 25 21 de
228 1530 151 28 jemförelsevis
394 1536 53 20 vaga
463 1530 41 21 och
523 1530 121 21 bestämda
659 1529 111 27 uttrycken
786 1528 6 21 i
807 1529 72 19 texten
894 1525 32 21 till
