1095 1742
372 130 16 20 R.
400 134 15 15 0.
428 130 16 18 A.
456 130 46 19 1886.
527 130 22 19 22
561 130 35 23 Maj.
809 131 60 26 1,385

71 198 47 22 tala
141 204 34 15 om
194 198 59 21 detta
269 198 40 26 lån,
326 198 72 22 derest
412 198 57 22 inom
484 199 26 21 R.
526 205 19 15 o.
561 198 25 22 A.
602 198 61 22 alltid
679 204 82 16 samma
776 199 55 27 höga
845 204 53 21 upp-

72 226 94 27 fattning
188 227 57 27 gjort
267 226 31 27 sig
320 226 98 27 gällande
436 233 34 15 om
487 228 48 20 dess
551 227 100 27 ställning
665 229 110 25 gentemot
790 228 26 20 de
831 227 67 21 andra

74 255 90 22 ständen
188 262 45 14 som
253 255 40 21 den
309 262 25 14 en
349 255 53 27 högt
417 256 66 20 aktad
496 256 92 21 medlem
603 256 22 21 af
639 256 61 21 detta
715 256 63 21 ständ
793 256 34 20 vid
843 256 54 20 1882

73 284 36 22 ärs
133 284 101 26 landtdag
256 284 96 21 uttalade
368 284 48 21 med
432 284 72 23 orden,
521 286 32 20 att
569 290 34 16 om
618 284 33 21 till
666 284 64 22 huset
744 284 33 22 för
791 284 107 21 medstän-

72 313 43 21 den
138 312 67 21 skulle
229 312 99 21 behöfvas
351 313 113 25 2,400,000
487 313 36 21 mk
547 313 62 27 (eller
623 313 36 21 det
675 313 80 21 dubbla
771 314 55 20 emot
842 312 56 21 hvad

73 341 30 21 dä
126 347 37 15 var
184 341 60 26 fråga
267 347 47 19 om),
338 341 68 21 skulle
429 341 37 21 det
484 341 56 22 ändå
554 342 47 21 icke
616 342 72 26 lämpa
703 342 32 26 sig
749 342 33 21 för
797 342 24 20 R.
838 347 18 15 o.
872 341 26 21 A.

74 371 33 20 att
123 369 72 21 dervid
211 372 52 24 göra
278 369 69 27 nägon
362 370 92 26 erinran,
470 370 90 21 emedan
575 370 85 22 ständet
676 370 49 27 sjelf
738 370 86 27 ätnjutit
835 371 63 19 stats-

74 398 118 22 understöd
214 398 34 21 för
270 398 37 21 sitt
330 398 47 22 hus.
406 398 42 27 Jag
469 399 37 21 vill
529 400 57 26 säga,
607 401 32 19 att
654 405 35 15 om
704 400 32 20 ett
751 399 24 21 sä
789 398 109 26 ridderligt

73 427 111 21 tänkesätt
207 426 60 22 alltid
297 426 56 27 gjort
375 427 33 27 sig
422 427 105 27 gällande,
543 427 68 21 skulle
627 428 53 20 talet
695 434 34 14 om
746 428 36 20 det
796 426 102 22 räntefria

75 456 59 21 länet
156 456 91 26 troligen
269 455 41 21 fätt
325 455 77 27 sjunka
415 456 8 20 i
438 456 79 22 Lethes
531 456 50 26 flod,
597 456 39 21 och
651 456 36 21 det
702 456 55 21 hade
772 456 80 21 kunnat
868 455 31 21 öf-

74 484 120 22 verlemnas
209 484 23 20 ät
247 484 24 21 R.
288 490 18 14 o.
322 484 24 21 A.
363 486 33 19 att
411 484 49 27 sjelf
473 485 53 21 efter
541 484 151 28 godtfinnande
708 485 124 24 bestämma,
842 484 56 21 hvad

74 512 78 22 härvid
168 514 49 20 stod
233 514 32 20 att
279 514 59 25 göra.
368 512 48 22 Men
432 513 40 21 den
487 513 122 27 liberalitet,
625 519 45 15 som
687 513 26 21 de
729 514 66 20 andra
809 512 90 22 ständen

75 542 55 21 efter
145 542 55 20 hvad
213 542 36 26 jag
264 541 68 21 funnit
347 541 55 21 visat
416 542 25 20 R.
456 548 19 15 o.
491 542 32 26 A.,
539 542 40 21 har
593 548 29 14 nu
638 542 69 20 blifvit
722 542 118 26 gengäldad
850 541 49 21 med

74 572 35 19 att
131 576 48 15 man
202 570 56 21 inom
281 570 60 21 detta
362 570 63 21 ständ
448 571 81 26 ganska
544 577 56 20 noga
614 570 113 27 nagelfarit
742 570 48 22 med
806 570 93 26 anslags-

76 605 97 15 summan
196 599 40 21 och
257 598 75 21 främst
355 598 113 27 bekymrat
489 599 32 27 sig
545 599 58 21 öfver
622 599 101 21 Finlands
738 599 118 27 fattigdom,
872 598 27 21 dä

75 627 38 21 det
135 628 53 26 gällt
203 630 32 18 att
251 627 147 21 åstadkomma
411 628 31 20 ett
457 628 40 20 hus
511 628 35 20 för
561 628 25 21 de
603 628 67 20 andra
685 628 96 21 stånden.
810 627 41 21 Vid
867 628 32 20 ett

76 656 77 21 sädant
175 656 132 21 förhällande
330 662 62 20 synes
414 656 37 21 det
472 656 108 27 verkligen
599 663 52 14 vara
666 662 26 16 en
707 656 92 27 naturlig
813 656 87 26 förplig-

75 684 55 22 telse
153 687 32 18 att
206 685 25 21 R.
255 690 19 15 o,
297 684 24 21 A.
345 684 22 21 af
383 690 52 21 egen
452 684 51 22 drift
518 685 40 21 bör
573 684 120 22 äterbetala
709 685 59 21 detta
783 684 34 22 län
832 690 45 15 som
893 684 7 20 i

76 715 67 19 annat
158 713 37 21 fall
210 719 65 21 gerna
291 712 53 22 hade
360 713 82 21 kunnat
457 713 82 21 lemnas
554 714 87 20 derhän.
672 714 49 20 Men
736 715 39 19 när
790 714 59 20 detta
864 712 35 22 län

77 741 138 27 äterbetalas,
234 741 23 21 sä
272 742 39 20 har
326 742 36 20 det
378 742 98 26 ätnjutits
493 742 128 21 ätminstone
637 742 67 21 under
720 743 31 20 ett
767 744 59 24 gvart
842 741 58 21 sekel

76 770 116 26 räntefritt,
216 770 39 21 och
275 776 34 14 om
324 770 20 21 vi
359 770 67 21 räkna
442 770 75 21 endast
532 770 55 22 efter
603 772 13 19 4
630 771 28 26 %/,
674 772 68 24 ränta,
758 770 80 21 hvilket
853 770 46 21 icke

76 800 25 19 är
116 798 52 27 högt
184 798 98 26 räknadt,
299 798 39 21 har
353 799 59 21 detta
427 798 37 22 län
478 799 145 25 fördubblats;
639 800 25 20 R.
681 806 19 14 o.
717 800 25 20 A.
758 799 38 21 har
811 798 89 22 sälunda

75 827 125 27 ytterligare
215 827 41 21 fätt
271 833 26 15 en
313 834 37 14 ren
366 827 68 21 skänk
449 828 48 20 fullt
511 828 151 21 motsvarande
673 827 70 21 länets
753 827 147 27 ursprungliga

76 855 167 28 kapitalbelopp.
273 856 65 21 Detta
361 858 24 18 är
407 862 29 14 nu
458 856 41 21 den
522 856 67 21 andra
611 855 82 28 gäfvan,
717 856 39 21 och
778 857 19 20 vi
815 856 85 20 komma

79 884 83 22 säledes
184 885 32 21 till
233 885 91 25 350,000
339 885 36 21 mk
391 884 54 22 efter
460 885 70 27 lägsta
545 885 118 27 beräkning
679 891 46 15 som
740 885 99 21 nationen
855 884 45 21 fak-

76 913 55 21 tiskt
146 913 67 21 betalt
229 913 33 24 för
277 913 200 22 ästadkommandet
493 914 22 21 af
529 914 60 21 detta
604 914 119 21 riddarhus.

145 942 49 21 Men
216 942 21 20 vi
259 941 61 21 hafva
344 944 56 19 ännu
417 948 27 15 en
466 943 68 26 tredje
555 942 156 27 omständighet
726 944 32 19 att
773 941 79 27 märka,
868 942 33 20 att

77 970 61 21 detta
157 971 39 20 hus
218 971 82 20 kunnat
322 970 46 21 fritt
384 971 124 26 disponeras
524 971 39 21 och
578 971 102 21 förvaltas
696 971 22 21 af
731 971 25 20 R.
772 977 19 14 o.
806 971 24 20 A.
861 969 40 22 Om

76 1005 50 15 man
146 999 54 20 hade
216 999 52 21 stätt
288 999 27 26 pä
337 999 41 21 den
394 999 131 27 ständpunkt
540 1006 45 15 som
600 1000 25 21 R.
641 1005 18 15 o.
676 1000 37 20 A:s
728 999 172 21 förtroendemän

77 1027 40 21 och
140 1027 85 21 ständet
248 1027 56 26 sjelft
326 1027 60 27 intog
408 1027 35 21 vid
466 1028 36 21 det
517 1028 185 21 konstitutionella
717 1028 69 21 lifvets
802 1027 99 26 äterupp-

76 1055 112 22 vaknande
211 1056 6 20 i
240 1055 47 22 värt
309 1056 56 26 land,
389 1056 69 21 skulle
480 1057 37 21 det
534 1057 181 26 fortsättningsvis
731 1055 84 28 gvarstä
831 1055 70 22 säsom

77 1091 26 14 en
118 1084 34 21 för
167 1084 85 21 ständet
269 1085 94 26 naturlig
378 1085 121 26 skyldighet
513 1087 33 19 att
561 1087 52 19 utan
628 1085 91 21 särskild
735 1085 117 26 ersättning
867 1085 35 20 be-

76 1113 54 21 reda
153 1119 47 15 rum
222 1113 33 21 för
278 1113 25 20 de
320 1113 67 21 andra
405 1113 91 22 ständen
510 1114 36 21 vid
561 1114 136 26 landtdagen.
727 1113 40 27 Jag
782 1113 39 21 har
836 1113 66 21 redan

76 1141 36 22 vid
135 1143 31 20 ett
187 1141 127 27 föregäende
334 1142 84 21 tillfälle
441 1144 79 22 nämnt,
544 1143 32 20 att
601 1143 65 20 sedan
682 1142 24 21 är
722 1143 54 20 1867
792 1144 30 19 ett
837 1143 65 19 annat

77 1169 173 28 äskädningssätt
268 1170 54 26 gjort
346 1170 31 27 sig
392 1170 99 27 gällande
507 1171 40 21 och
562 1171 59 21 detta
636 1171 39 21 har
690 1171 69 21 direkt
774 1171 106 26 inbringat
896 1170 7 21 i

76 1198 61 27 hyra,
156 1199 37 26 jag
212 1199 42 21 kan
268 1199 46 21 icke
330 1200 52 25 säga
398 1199 172 27 hyressummans
585 1199 84 27 belopp,
685 1205 48 15 men
747 1199 35 26 jag
797 1202 46 18 tror
858 1205 44 15 om-

77 1227 63 26 kring
156 1227 77 26 17,000
248 1227 41 21 mk.
319 1227 50 21 Men
384 1227 41 21 den
439 1228 108 21 indirekta
561 1228 83 21 vinsten
660 1228 23 21 af
696 1228 59 21 detta
769 1227 133 21 förhällande

77 1257 25 19 är
123 1256 84 26 mycket
230 1257 75 25 större,
330 1257 22 25 ty
374 1256 64 27 ingen
460 1257 155 26 vinstgifvande
635 1256 128 27 förvaltning
779 1256 53 21 hade
848 1256 55 21 varit

76 1283 99 26 tänkbar,
192 1284 71 21 derest
281 1284 250 23 riddarhusdirektionen
547 1285 94 26 ständigt
655 1285 55 20 varit
725 1285 81 26 skyldig
821 1286 32 19 att
868 1284 36 21 vid

76 1312 151 27 upphyrandet
251 1313 106 26 uppställa
376 1313 71 21 såsom
462 1313 77 26 vilkor,
554 1315 33 19 att
602 1313 111 28 hyresgäst
728 1313 34 21 vid
777 1313 126 21 inträffande

76 1341 110 26 landtdag,
216 1353 22 3 —
263 1341 83 21 säledes
364 1341 62 22 hvart
442 1342 43 21 5:te
501 1342 52 21 eller
568 1342 55 27 3:dje
639 1341 24 22 är
679 1342 51 21 eller
746 1342 74 25 oftare,
836 1343 22 24 ty
873 1341 30 21 äf-

77 1375 40 15 ven
141 1375 25 15 en
189 1370 78 21 urtima
289 1370 101 27 landtdag
412 1372 25 19 är
458 1370 24 27 ju
502 1377 26 14 en
543 1371 117 26 möjlighet,
676 1383 28 2 —
719 1371 52 26 egde
787 1370 116 26 bortfilytta.

77 1397 258 22 Riddarhusdirektionen
351 1399 69 20 skulle
436 1399 53 25 icke,
506 1401 61 24 säger
580 1399 42 26 jag,
638 1399 72 21 derest
720 1399 46 20 icke
777 1399 47 20 hela
835 1399 69 20 denna

76 1425 132 28 förpligtelse
231 1427 90 20 lemnats
341 1427 88 26 derhän,
453 1427 63 21 hafva
531 1428 82 20 kunnat
634 1427 92 21 förvalta
749 1427 61 21 huset
826 1427 30 24 sä,
872 1428 32 19 att

77 1453 187 28 hyresintraderna
286 1455 28 27 pä
336 1456 53 20 sista
404 1455 60 21 tiden
482 1456 82 21 kunnat
579 1457 77 25 utgöra
673 1456 131 25 12—14,000
819 1455 37 21 mk
872 1455 32 20 är-

76 1481 63 28 ligen.
170 1485 40 24 Jag
229 1485 45 19 tror
293 1484 42 25 mig
350 1484 46 21 icke
413 1484 131 21 ofverskatta
559 1485 41 20 den
615 1484 84 21 direkta
714 1484 55 21 vinst
784 1490 45 15 som
844 1484 24 20 R.
886 1489 18 15 o.

77 1510 26 21 A.
127 1511 121 27 derigenom
270 1511 46 22 haft
339 1512 86 21 utöfver
448 1513 25 20 de
496 1513 136 20 förutnämda
655 1512 141 23 förmånerna,
821 1519 34 14 om
868 1511 37 27 jag

76 1538 110 22 beräknar
208 1540 40 21 den
272 1541 31 20 till
319 1541 78 25 50,000
413 1541 42 26 mk,
479 1553 29 2 —
524 1541 38 26 jag
580 1542 60 25 tager
656 1541 60 21 äfven
731 1541 39 20 här
785 1541 35 20 det
836 1541 69 25 lägsta

812 1579 23 17 88
