1103 1745
225 106 63 26 1,056
502 110 16 18 R.
531 115 15 14 0.
559 111 16 18 A.
584 111 50 31 1885.
659 111 9 19 8
682 111 34 24 Maj.

197 174 24 22 så
236 175 77 28 många
328 177 206 28 detaljföreskrifter,
558 181 28 21 då
602 181 38 28 jag
656 181 81 22 åhörde
752 182 27 21 hr
794 182 103 21 Aminoffs
912 178 115 36 vidlyftiga.

197 203 124 33 utläggning
336 212 34 16 om
385 207 42 21 alla
441 208 26 21 de
483 209 136 27 möjligheter
634 210 33 21 till
682 210 115 26 missbruk,
821 217 45 15 som
881 211 71 21 kunde
967 211 57 22 före-

196 232 63 27 ligga,
282 240 50 15 vare
348 235 31 27 sig
394 238 32 19 att
441 237 116 27 olämpliga
574 239 104 26 trädslag,
698 239 82 22 sådana
796 238 70 23 såsom
881 246 38 21 asp
935 240 51 21 eller
1001 241 22 21 al

196 261 108 27 begagnas
326 263 33 21 till
381 264 88 27 fröträd,
493 266 52 21 eller
566 267 112 22 fröträden
700 268 57 21 inom
776 268 50 21 kort
846 268 108 27 afhuggas,
971 269 56 22 eller

197 289 115 33 olämpliga
325 291 83 24 fröträd
431 294 133 27 gvarlemnas
581 301 19 16 o.
616 302 16 15 s.
649 302 18 15 v.
698 297 49 21 Alla
763 297 63 21 dessa
840 297 134 27 möjligheter
989 298 34 21 till

196 319 114 27 missbruk,
334 327 44 16 som
398 322 25 27 ju
445 323 112 28 onekligen
577 324 77 21 kunna
670 325 100 25 existera,
790 325 66 21 blifva
871 325 23 22 sä
908 326 53 27 godt
976 333 49 15 som:

196 349 122 25 utmanade,
341 356 34 15 om
397 350 134 28 lagstiftaren
553 353 63 27 ingår
631 353 7 21 i
654 353 24 22 sä
699 354 87 27 mycket
801 354 95 27 detaljer,
912 361 45 15 som
973 354 47 22 frih.

195 376 79 21 Wrede
297 377 39 22 har
358 379 62 27 gjort.
449 380 42 22 Det
511 387 62 21 synes
591 382 44 27 mig
649 382 7 21 i
672 382 77 22 sädant
770 383 99 21 afseende
885 389 44 15 som
945 389 34 15 om
994 390 30 15 em

195 405 132 23 allmännare
348 407 138 29 formulering
507 416 52 15 vore
581 411 51 20 vida
654 411 72 21 bättre
748 411 28 27 pä
797 411 31 21 sin
844 412 62 26 plats,
936 412 11 20 I
961 412 65 21 detta

195 432 99 23 afseende
310 434 40 22 har
364 442 49 15 man
427 437 130 28 fullkomligt
571 439 50 20 med
637 441 58 20 orätt
709 439 108 22 förebrätt
832 439 41 22 den
883 439 138 26 reservation,

195 467 46 17 som
256 462 70 23 blifvit
340 463 92 28 afgifven
447 465 23 22 af
482 466 38 21 hrr
534 467 110 22 Fabritius
660 467 40 22 och
710 467 130 27 Nummelin,
856 470 32 19 att
898 469 126 21 densamma.

195 491 46 21 icke
257 491 68 22 skulle
339 494 52 25 göra
402 494 124 22 distinktion
541 496 91 21 emellan
643 496 87 22 absolut
740 497 128 26 skogsmark
878 497 39 21 och
929 497 95 27 odlings--

195 519 39 21 bar
256 519 132 28 skogsmark.
417 523 10 21 I
449 523 75 27 sjelfva
539 525 75 21 verket
629 525 102 22 framstår
746 526 71 21 denna
833 525 124 22 distinktion
972 525 49 22 full-

195 548 90 27 komligt
302 549 48 22 klar
368 550 34 22 för
422 552 84 26 enhvar,
530 559 45 15 som
591 553 37 22 vill
643 554 46 21 läsa
704 554 41 21 den
762 554 119 26 redaktion,
905 561 45 15 som
965 554 12 28 8
993 555 29 21 14

194 577 7 20 i
216 583 60 21 prop.
293 578 68 22 skulle
376 580 81 22 erhålla
472 581 65 27 enligt
553 583 77 21 nämde
646 582 86 22 herrars
747 583 88 27 förslag.
860 583 33 21 Då
908 583 36 22 det
959 583 65 22 heter

195 607 32 20 att
250 606 125 27 skogsmark
398 609 20 27 ej
440 610 35 20 må
498 610 125 28 ödeläggas,
647 611 39 22 och
702 611 124 22 sedermera
841 611 70 22 såsom
926 618 26 15 en
967 612 57 21 kon-

194 634 86 22 klusion
302 636 62 22 deraf
383 639 66 26 säges,
472 640 33 20 att
519 639 84 22 fröträd
619 640 55 21 böra
689 640 143 27 qvarlemnas,
856 640 68 21 såvidt
939 641 35 21 det
989 641 32 21 af-

193 663 93 22 verkade
308 665 98 22 området
425 667 18 27 ej
459 667 79 22 brukas
553 668 34 21 till
603 669 108 26 trädgård,
735 669 59 26 åker,
811 671 47 25 äng,
875 669 51 21 eller
941 671 79 19 använ-

195 692 37 21 des
255 693 33 21 till
310 693 163 28 byggnadstomt
496 697 51 21 eller
569 699 67 19 annat
658 697 68 28 dylikt
748 697 106 26 ändamål,
877 697 24 22 så
915 698 67 27 ligger
994 698 26 27 ju

193 721 72 22 häruti
287 722 129 29 fullkomligt
430 725 57 22 klart
509 726 41 21 den
572 726 87 26 tanken,
683 728 33 19 att
737 726 48 21 ifall
800 727 88 20 marken
905 727 74 21 endast
994 729 25 18 är

193 749 74 28 tjenlig
282 751 32 21 till
330 751 123 28 skogsbörd,
473 753 23 22 så
511 754 54 21 böra
580 755 61 21 alltid
657 755 82 21 fröträd
756 755 141 27 qvarlemnas.
927 755 39 21 Om
982 755 37 22 det

192 778 46 22 åter
262 781 24 20 är
300 780 60 27 fråga
376 787 33 16 om
425 784 30 19 ett
470 783 173 28 odlingsföretag,
668 783 22 22 så
706 785 24 20 är
745 784 49 21 icke
808 783 70 28 någon
893 783 66 22 sådan
975 790 46 15 om-

193 813 49 21 sorg
256 814 35 16 om
306 809 119 23 fröträdens
441 811 163 26 qvarlemnande
619 812 24 21 af
657 813 76 20 nöden.
764 813 50 20 Just
830 813 40 20 den
885 813 136 26 distinktion,

193 842 45 15 som
253 837 123 28 visserligen
390 845 59 16 mera
464 841 76 26 utsagd
555 841 68 21 finnes
639 841 7 21 i
661 841 48 21 frih.
725 841 92 21 Wredes
828 841 136 24 reservation,
979 841 40 27 lig-

191 871 38 20 ger
252 866 66 21 också
339 867 39 21 här
397 869 98 26 temligen
511 869 72 27 tydlig.
614 870 44 20 För
674 869 63 27 öfrigt
752 870 40 20 ber
805 870 37 26 jag
858 872 31 18 att
904 869 21 22 få
940 870 78 25 erinra,

191 893 86 22 utöfver
291 894 55 22 hvad
361 896 127 27 föregående
503 898 67 20 talare
585 898 64 26 gjort,
670 900 33 20 att
718 904 35 16 om
769 904 50 15 man
836 898 23 21 så
873 898 84 27 mycket
971 898 50 21 häl-

191 922 31 21 ler
245 922 28 27 på
291 923 62 21 faran
368 927 32 19 att
414 925 56 27 gifva
485 926 66 27 några
566 926 142 26 föreskrifter,
732 927 86 21 hvilkas
834 927 76 21 strikta
925 926 94 22 efterlef-

190 952 69 20 vande
282 952 36 21 det
339 952 46 22 icke
405 956 24 19 är
450 955 82 27 möjligt
554 955 33 21 för
603 956 191 26 ordningsmakten
810 958 32 18 att
858 956 118 26 öfvervaka,
993 955 24 22 så

191 979 43 21 kan
256 987 50 15 man
328 983 53 25 göra
402 982 129 28 fullkomligt
546 990 83 15 samma
645 984 85 22 erinran
745 987 47 19 mot
808 984 80 27 otaliga
903 984 91 26 punkter
1009 984 8 21 i

192 1009 56 21 1734
270 1009 35 21 års
327 1010 41 27 lag.
398 1011 42 21 För
462 1014 32 19 att
516 1015 51 24 taga
589 1013 37 21 det
649 1015 108 19 närmaste
778 1013 115 27 exemplet:
917 1012 27 22 då
959 1013 58 21 det
1004 1005 16 39 i

190 1038 79 21 nämda
288 1038 35 27 lag
342 1041 68 25 säges,
432 1042 33 20 att
479 1041 32 21 till
527 1042 110 20 vedbrand
653 1042 53 20 böra
720 1043 63 26 tagas
799 1042 7 20 i
821 1041 89 22 främsta
925 1043 93 20 rummet

190 1066 122 27 vindfällen,
335 1069 60 20 torra
416 1070 55 25 träd,
494 1070 81 26 gvistar
597 1070 40 21 och
660 1070 91 22 stubbar
774 1077 27 14 m.
822 1076 27 15 m.
869 1070 24 21 sä
912 1070 39 21 har
969 1070 48 21 häri

190 1094 46 22 icke
259 1095 58 27 legat
332 1096 65 28 något
412 1098 58 25 ondt,
493 1098 30 21 lät
539 1098 65 22 också
619 1106 57 18 vara,
700 1101 32 19 att
748 1099 38 21 det
802 1099 46 21 icke
863 1099 55 21 varit
933 1098 84 27 möjligt

189 1122 35 22 för
239 1123 138 23 länsmännen
394 1126 38 21 och
447 1127 66 21 andra
530 1128 129 26 ordningens
674 1129 176 25 representanter
860 1129 32 19 att
901 1126 118 22 öfvervaka.

189 1153 33 19 att
245 1152 24 21 sä
290 1153 109 28 verkligen
416 1154 39 22 har
471 1155 62 22 skett.
564 1156 41 27 Jag
620 1156 68 21 finner
703 1157 41 21 den
760 1156 25 21 af
799 1156 37 20 hrr
852 1156 107 21 Fabritius
976 1156 41 21 och

189 1180 123 22 Nummelin
326 1182 80 26 afgifna
421 1184 158 21 reservationen
594 1191 76 21 genom
679 1185 32 21 sin
721 1185 127 27 principiela
859 1185 39 21 och
908 1184 108 22 allmänna

189 1208 139 29 formulering
343 1210 63 27 hafya
422 1214 30 20 ett
467 1215 54 19 stort
535 1213 110 21 företräde
661 1213 61 21 äfven
738 1214 79 24 deruti,
834 1215 32 19 att
881 1213 135 27 obestridligt

188 1238 112 27 möjlighet
321 1239 119 28 förefinnes,
463 1243 38 24 att,
524 1241 28 27 pä
575 1242 36 21 det
631 1244 43 19 sätt
689 1248 45 15 som
752 1242 67 26 enligt
835 1242 181 27 sakförständiges

188 1266 56 27 äsigt
259 1268 7 20 i
281 1267 74 28 hvarje
377 1270 100 20 särskildt
491 1270 38 21 fall
545 1272 25 19 är
585 1271 115 26 tjenligast,
724 1270 104 22 befordra
844 1270 129 26 äterväxten,
992 1272 23 25 ty

187 1295 63 21 dessa
273 1296 198 28 detaljföreskrifter
493 1305 34 15 om
550 1300 82 20 antalet
647 1299 83 21 fröträd
746 1299 30 26 pä
791 1299 110 26 tunnland,
924 1299 92 20 normal-

187 1324 103 21 medeltal
312 1332 27 15 m.
358 1333 28 14 m.
406 1332 62 21 synas
491 1327 88 26 specielt
593 1328 8 20 i
616 1327 48 22 vårt
685 1328 51 21 land
760 1334 54 14 vara
836 1327 49 27 föga
908 1327 106 26 lämpliga.

187 1352 41 27 Jag
244 1353 102 22 behöfver
360 1355 34 20 väl
409 1355 46 21 icke
470 1356 71 21 erinra
556 1362 41 20 om,
613 1358 34 19 att
660 1357 26 20 de
701 1357 56 20 allra
773 1355 63 22 flesta
851 1355 142 28 skogsskiften
1007 1356 8 21 i

186 1380 49 21 vårt
250 1381 50 22 land
311 1383 7 20 i
328 1383 52 26 följd
396 1383 22 22 af
432 1384 129 21 storskiftets
575 1385 147 21 beskaffenhet
733 1387 39 18 äro
784 1384 70 27 långa,
870 1385 68 20 smala
947 1387 67 24 tegar,

187 1415 46 16 som
256 1410 70 27 någon
341 1411 56 28 gång
411 1413 71 20 kunna
497 1413 65 21 hafva
577 1414 56 21 ända
648 1413 33 21 till
696 1420 26 15 en
738 1413 51 21 mils
804 1413 64 26 längd
884 1413 39 21 och
940 1413 75 21 endast

187 1440 31 19 ett
240 1439 94 27 tjugutal
356 1441 71 21 alnars
449 1441 72 22 bredd.
551 1442 10 21 I
581 1442 27 21 de
624 1442 60 21 flesta
699 1442 38 21 fall
754 1441 76 22 ställer
846 1442 31 26 sig
891 1441 125 27 visserligen

187 1467 64 21 dessa
274 1467 136 29 skogstegars
433 1472 32 19 art
487 1471 47 20 icke
553 1470 24 21 så
593 1473 111 24 ogynsamt
719 1471 36 20 för
771 1470 101 21 rationelt
888 1470 128 27 skogsbruk,

186 1501 49 15 men
250 1496 7 21 i
274 1497 42 21 alla
339 1497 112 22 händelser
470 1501 23 18 är
509 1499 40 21 den
566 1499 147 26 långsträckta
728 1499 85 21 formen
830 1499 39 20 den
885 1499 130 26 sedvanliga.

185 1523 127 27 Isynnerhet
327 1527 49 20 med
391 1526 98 23 afseende
505 1527 12 22 å
533 1528 60 21 detta
608 1528 95 21 erkända
718 1527 176 22 sakförhållande
905 1533 62 20 synes
978 1527 36 22 det
