1100 1734
370 105 16 19 R.
398 110 15 14 0.
426 106 15 18 A.
454 105 46 19 1886.
524 105 10 19 9
547 104 35 24 Maj.
801 104 63 25 1,063

65 182 71 14 annan
158 177 27 19 än
208 176 32 20 att
259 176 26 20 de
300 175 54 21 buro
373 176 74 21 vatten
465 174 59 22 säväl
538 174 34 22 för
588 174 229 26 skogshushällningen
832 173 7 21 i
854 172 39 21 all-

66 204 86 21 mänhet
166 204 8 21 i
189 204 73 20 landet
277 210 45 15 som
339 204 65 22 ocksä
418 204 34 21 för
467 204 27 21 de
510 203 95 21 enskilde
621 202 40 22 och
677 202 33 22 för
726 203 26 21 de
764 202 60 21 fleste
835 200 57 22 med-

66 232 60 22 förde
150 232 62 22 deras
234 232 138 22 ekonomiska
395 233 54 21 ruin.
479 232 43 21 Det
539 238 39 14 var
598 231 40 21 ock
654 231 82 27 ganska
751 230 143 27 egendomligt

66 263 33 19 att
114 261 54 21 höra
183 261 58 21 säväl
256 260 27 21 hr
298 261 95 21 Aminoff
406 267 46 15 som
467 261 27 21 hr
503 260 160 22 Nordenskiöld
674 259 103 25 förklara,
787 261 33 19 att
830 259 63 26 ingen

67 290 117 26 skogsbrist
200 289 93 22 förefans
308 290 6 20 i
329 290 75 21 landet
419 290 39 21 och
474 291 34 20 att
523 289 71 21 derför
609 288 72 27 någon
696 294 61 21 prop.
767 288 46 21 icke
824 287 68 22 skulle

66 318 64 22 hafva
152 318 56 22 varit
227 318 98 27 behöflig.
355 318 43 22 Det
418 320 24 19 är
457 318 63 26 ingen
536 317 120 27 skogsbrist
671 317 39 21 nu!
733 316 32 22 De
781 316 111 26 komiteer,

67 347 71 21 hvilka
153 348 109 21 nedsattes
278 346 50 22 ären
345 347 54 21 1873
415 347 40 21 och
471 347 33 26 76,
524 346 26 22 de
566 346 66 21 funno
648 346 65 20 likväl
729 346 33 20 att
775 345 119 27 skogsbrist

68 376 52 27 egde
134 383 54 19 rum,
205 375 69 22 säsom
290 382 75 20 prop:n
380 375 68 27 gifver
462 376 36 20 vid
513 375 91 25 handen,
621 380 49 16 men
685 380 35 20 nu,
737 374 90 21 emedan
842 374 52 20 kon-

65 405 143 26 junkturerna
223 406 36 19 äro
276 404 71 26 däliga
362 404 40 22 och
417 404 41 22 den
474 405 59 20 stora
548 403 217 26 stockafverkningen
778 402 114 26 afstannat,

68 433 66 22 finnes
156 433 47 21 icke
225 438 59 15 mera
299 432 70 27 någon
388 433 114 26 anledning
518 433 32 20 att
565 431 77 22 befara
658 431 125 26 skogsbrist.
812 431 42 20 Det
869 432 25 19 är

68 462 54 21 dock
141 462 46 21 icke
208 461 36 21 det
263 462 140 24 närvarande,
426 461 89 21 hvarom
530 467 29 14 nu
574 461 78 21 främst
667 462 22 19 är
706 459 66 27 fräga.
803 459 39 21 Om
858 459 37 20 det

68 497 29 15 nu
112 491 65 20 redan
192 495 51 16 vore
259 489 125 27 skogsbrist,
400 490 56 21 hvad
472 489 68 22 skuile
556 490 37 21 det
608 489 28 21 dä
652 488 66 21 blifva
733 488 23 21 af
769 488 51 21 vära
831 488 63 21 efter-

69 519 141 21 kommande?
234 518 42 21 Det
291 520 24 19 är
330 518 83 22 säledes
427 519 47 20 icke
490 518 68 26 värdt,
576 517 27 22 dä
618 524 50 15 man
684 517 71 21 stiftar
769 523 27 15 en
811 517 35 26 lag
860 515 35 22 för

69 547 126 22 kommande
214 547 61 25 tider,
299 548 31 20 att
346 547 62 21 stöda
424 547 31 26 sig
470 547 28 26 pä
514 553 26 15 en
555 546 68 22 sädan
638 546 76 27 grund.
745 546 62 21 Hvad
822 546 73 25 skogs-

69 576 84 21 brister
173 575 108 26 beträffar,
305 575 39 22 har
357 575 37 28 jag
410 576 70 21 blifvit
495 575 28 27 pä
538 577 32 20 ett
585 575 96 22 särdeles
697 573 197 23 tillfredsställande

70 607 43 19 sätt
127 605 145 20 förekommen
289 604 22 21 af
323 605 26 20 hr
365 605 112 21 Mechelin.

138 633 58 21 Frih.
212 633 100 26 Wrede,
329 633 24 21 R.
370 633 33 21 A.:
418 633 43 21 Det
475 633 120 26 grundliga,
612 631 103 27 utförliga
730 632 40 21 och
786 631 27 27 pä
828 630 68 22 detal-

68 662 33 27 jer
115 662 47 21 rika
176 661 142 27 andragande,
338 661 102 22 hvarmed
456 661 26 21 hr
496 661 96 22 Aminoff
605 661 108 21 försvarat
728 661 116 20 utskottets
860 659 36 21 be-

70 690 114 25 tänkande,
207 691 39 20 ber
266 690 38 27 jag
319 692 33 19 att
367 690 22 21 fä
404 690 76 21 endast
496 690 32 21 till
544 692 32 19 ett
590 696 40 21 par
646 689 93 27 punkter
755 691 93 25 upptaga
863 688 33 21 till

71 719 134 21 bemötande.
230 719 33 20 Hr
278 719 95 21 Aminoff
387 721 72 24 syntes
474 719 58 20 finna
547 719 37 20 det
599 718 95 21 särdeles
711 718 76 25 odiöst,
803 719 33 20 att
846 723 50 15 man

70 754 35 19 nu,
121 748 34 21 vid
172 747 110 22 stiftandet
297 747 22 21 af
333 754 26 14 en
374 748 36 27 lag
425 747 109 27 angäende
550 747 97 21 skötseln
662 746 22 21 af
698 747 83 20 landets
792 746 55 21 bäde
858 745 39 21 all-

71 778 77 19 männa
164 776 39 21 och
218 776 83 26 privata
316 776 84 27 skogar,
416 776 69 21 skulle
500 775 134 22 beträffande
651 775 25 21 de
693 775 116 21 sistnämda
817 773 80 22 föreslå

70 805 184 26 inskränkningar,
277 805 73 20 hvilka
372 805 62 26 ginge
456 805 74 26 längre
550 806 27 19 än
592 805 57 20 hvad
664 804 160 27 lagstiftningen
839 803 58 21 förut

71 833 39 21 har
124 833 109 27 medgifvit
249 833 39 21 och
305 833 89 22 sälunda
410 833 65 27 enligt
490 833 94 21 talarens
600 833 66 21 tanke
681 833 99 26 utgjorde
795 838 26 15 en
836 831 61 21 reak-

71 862 45 21 tion
131 863 5 20 i
154 862 36 21 det
205 861 122 23 sträfvande
343 862 33 21 till
390 862 66 21 frihet
471 862 7 21 i
494 861 92 22 industri
602 861 39 22 och
657 861 81 27 näring,
758 867 45 15 som
818 861 80 21 känne-

71 891 87 21 tecknar
182 891 40 21 den
244 897 65 20 nyare
332 891 64 21 tiden.
427 891 43 21 För
493 891 44 21 min
558 890 34 22 del
607 890 41 22 har
660 890 38 27 jag
713 890 40 20 alls
767 890 46 21 icke
828 889 70 21 funnit

71 920 42 26 mig
129 919 23 21 sä
168 920 123 26 obehagligt
306 920 78 20 berörd
400 920 23 20 af
436 920 63 20 dessa
514 919 123 27 föreslagna
652 918 185 27 inskränkningar.
856 918 42 26 Jag

71 948 67 21 mäste
154 954 29 14 nu
198 948 54 21 först
268 950 57 19 emot
341 948 60 21 detta
416 947 117 27 pästäende
544 950 78 19 nämna
633 949 39 24 att,
684 947 131 21 beträffande
824 946 74 26 skogs-

71 976 169 27 hushällningen,
264 977 40 21 den
327 977 109 21 allmänna
458 977 122 26 riktningen
594 977 8 20 i
617 976 165 27 lagstiftningen,
799 982 33 14 om
848 981 50 15 man

71 1011 34 15 ser
121 1005 65 21 saken
201 1005 7 21 i
224 1007 54 19 stort
293 1006 52 20 eller
359 1006 69 20 under
442 1005 75 27 längre
527 1005 125 27 tidrymder,
668 1004 115 27 ingalunda
792 1004 40 20 har
842 1003 56 22 varit

72 1040 25 15 en
120 1034 93 26 riktning
238 1034 48 21 frän
309 1036 69 19 större
400 1034 181 26 inskränkningar
603 1034 34 20 till
660 1035 68 19 större
750 1033 71 25 frihet,
844 1034 53 19 utan

71 1064 99 19 tvärtom.
201 1062 10 20 1
226 1062 71 22 äldsta
311 1062 63 26 tider,
398 1062 27 22 dä
440 1062 54 27 skog
508 1062 48 22 fans
570 1062 48 22 icke
633 1062 57 21 blott
705 1061 125 27 tillräckligt
844 1063 53 19 utan

71 1091 7 20 i
94 1090 108 27 öfverflöd,
225 1091 54 21 hade
301 1091 81 21 enhvar
404 1091 104 27 rättighet
530 1092 34 20 att
584 1091 108 21 handtera
714 1090 41 22 den
777 1090 55 21 huru
854 1089 43 21 han

71 1120 55 20 ville.
156 1120 28 20 Ju
206 1126 45 15 mer
274 1120 100 26 odlingen
395 1120 39 26 gär
448 1120 81 21 framät
544 1120 40 21 och
600 1119 181 27 skogstillgängen
795 1118 101 25 minskas,

73 1148 59 22 desto
156 1150 69 19 större
241 1148 179 27 inskränkningar
436 1148 42 22 blir
494 1148 36 22 det
545 1148 132 26 nödvändigt
692 1150 32 19 att
739 1150 52 24 göra
806 1148 7 20 i
828 1147 70 21 denna

72 1176 186 28 dispositionsrätt,
274 1179 23 25 ty
313 1177 61 21 detta
389 1177 39 21 har
442 1177 99 21 inträffat
555 1178 8 20 i
578 1177 68 21 andra
661 1176 75 22 länder
751 1176 40 22 och
801 1176 96 21 kommer

71 1207 33 19 att
119 1205 37 21 ske
171 1205 61 21 äfven
247 1206 45 25 här,
316 1212 34 15 om
365 1206 47 21 icke
432 1212 30 14 nu
478 1205 24 22 sä
516 1206 8 20 i
540 1211 25 15 en
580 1205 94 26 framtid,
698 1204 28 22 dä
741 1205 36 21 det
791 1204 107 22 mähända

72 1236 24 18 är
110 1234 33 20 för
158 1236 47 19 sent
220 1234 70 22 säsom
305 1234 8 20 i
329 1234 92 27 Sverige.
444 1234 81 22 Vidare
540 1234 49 21 ville
598 1234 37 26 jag
651 1235 45 19 mot
712 1234 40 20 den
768 1233 64 21 ärade
843 1232 55 21 tala-

71 1268 38 16 ren
125 1262 102 22 anmärka
242 1264 32 20 att
289 1263 177 21 beskaffenheten
482 1263 23 21 af
518 1263 26 21 de
559 1262 187 26 inskränkningar,
762 1262 87 21 hvarom
858 1261 40 20 här

72 1293 24 18 är
110 1290 67 27 fräga,
193 1292 39 20 alls
247 1291 47 21 icke
310 1293 25 18 är
350 1291 74 26 sädan,
440 1293 34 19 att
489 1292 26 20 de
530 1291 104 21 innebure
645 1290 67 27 nägra
722 1290 77 27 farliga
808 1290 90 26 ingrepp

71 1319 7 20 i
94 1319 40 21 den
150 1319 105 22 enskildes
270 1319 72 22 frihet.
364 1319 44 22 Det
422 1321 24 20 är
460 1319 24 27 ju
498 1319 48 22 icke
560 1319 62 27 fråga
637 1325 35 15 om
687 1320 33 20 att
734 1318 100 27 förbjuda
845 1317 53 21 eller

72 1347 132 22 tillförbinda
219 1348 142 27 skogsegaren
378 1350 32 19 att
425 1348 29 26 pä
468 1348 55 21 visst
538 1349 44 20 sätt
596 1347 145 27 tillgodogöra
756 1347 31 27 sig
803 1345 95 28 produk-

71 1377 62 20 terna
147 1376 56 21 ifrån
219 1377 86 26 skogen.
337 1377 43 20 Det
396 1376 44 21 står
455 1376 81 22 honom
550 1376 48 21 fritt
613 1377 33 20 att
661 1376 142 27 tillgodogöra
818 1375 32 27 sig
866 1375 33 20 sin

72 1404 52 27 skog
139 1405 7 20 i
162 1405 55 21 huru
240 1407 45 19 stor
303 1405 150 26 utsträekning
468 1411 47 15 som
530 1405 63 26 helst,
616 1405 43 21 fast
670 1405 50 20 hela
734 1405 80 26 skogen
828 1403 29 27 pä
872 1409 27 15 en

71 1432 61 28 gäng,
156 1433 40 22 och
219 1433 98 21 använda
336 1433 41 21 den
392 1433 28 26 pä
435 1433 83 22 hvilket
533 1435 44 20 sätt
591 1433 45 21 han
651 1439 62 15 anser
728 1433 170 26 fördelaktigast.

70 1461 44 22 Det
136 1462 55 21 enda
214 1462 106 26 afseende,
336 1462 7 21 i
358 1462 83 21 hvilket
463 1468 50 15 man
536 1462 39 21 vill
590 1464 53 25 göra
659 1467 25 16 en
700 1461 158 26 inskränkning,
874 1461 26 19 är

71 1489 132 22 beträffande
226 1490 131 26 äterväxten,
381 1490 108 27 nämligen
507 1492 33 19 att
555 1491 41 20 den
611 1489 96 22 enskilde
722 1490 35 21 vid
772 1489 127 27 tillgodogö-

70 1518 76 21 randet
162 1519 23 20 af
199 1519 45 20 sina
260 1519 184 26 skogsprodukter
460 1518 68 22 mätte
544 1519 81 20 förfara
641 1518 96 27 sälunda,
753 1520 32 19 att
800 1524 27 15 en
842 1517 57 21 äter-
