1100 1742
396 128 15 19 R.
424 133 15 14 0.
453 128 15 19 A.
481 128 47 20 1885.
552 128 17 18 21
583 128 36 23 Maj.
829 128 62 26 1,359

92 197 42 21 Om
156 197 26 21 de
205 196 47 22 icke
273 197 50 27 vilja
346 197 70 21 vända
433 198 33 26 sig
480 198 33 20 till
528 197 129 25 realskolan,
673 196 87 22 hvarför
775 197 60 21 skola
850 196 26 21 de
892 196 27 21 då

93 232 59 16 mera
166 226 70 20 vända
251 226 31 26 sig
297 226 32 20 till
345 226 26 21 de
386 226 100 21 tekniska
500 226 108 22 skolorna.
631 226 58 26 Vilja
704 226 27 20 de
746 225 63 22 hafva
819 224 99 27 bildning,

92 254 26 22 så
132 254 62 21 skola
208 254 26 21 de
250 254 70 21 såsom
336 254 62 27 sagdt
413 254 67 22 blifva
494 256 91 25 prester,
602 254 40 21 och
653 260 34 16 om
698 254 26 21 de
735 254 47 21 icke
792 254 50 26 vilja
851 253 69 21 vända

92 283 34 27 sig
140 282 33 22 till
196 283 153 25 realskolorna,
364 283 88 21 hvarför
467 283 61 21 skola
543 282 28 22 då
586 283 82 21 sådana
682 283 98 21 inrättas.
810 282 32 21 De
856 281 63 27 prak-

92 312 58 20 tiska
165 311 97 21 banorna
275 312 8 20 i
298 311 48 22 vårt
361 312 51 20 land
426 313 38 19 äro
480 312 24 21 så
518 312 114 25 inrättade,
650 313 32 19 att
697 318 34 14 om
747 318 49 14 man
811 311 45 21 icke
866 310 52 21 kän-

93 346 39 15 ner
148 340 26 20 de
189 340 67 26 begge
272 339 64 27 språk
351 340 7 20 i
373 340 48 21 vårt
435 340 51 21 land
501 340 57 21 talas
573 340 24 21 så
612 340 97 22 kommer
719 346 49 15 man
778 339 62 27 ingen
849 339 69 25 hvart;

93 368 40 22 och
155 368 27 22 då
205 368 36 21 det
255 368 46 22 icke
317 370 24 20 är
356 368 62 27 fråga
432 375 35 15 om
482 368 187 22 småbarnsskolor
688 368 52 22 eller
755 367 163 23 elementarsko-

93 398 39 24 lor,
149 397 31 21 dit
203 397 98 21 eleverna
322 398 88 20 komma
432 398 70 21 direkt
524 398 56 20 ifrän
603 397 196 25 föräldrahemmet,
815 398 51 20 utan
886 397 32 20 att

93 426 65 21 hafva
179 426 47 20 haft
247 426 83 21 tillfälle
354 427 32 20 att
401 426 95 21 inhemta
511 426 99 26 kunskap
625 426 7 21 i
648 426 37 21 det
700 426 68 20 andra
783 425 92 27 språket,
891 424 27 22 då

92 454 38 22 det
152 454 47 22 icke
222 456 24 19 är
267 454 60 27 fråga
346 460 34 16 om
396 454 63 22 dessa
474 455 60 25 barn,
550 454 24 22 så
590 455 42 21 kan
649 455 35 21 det
699 460 52 15 vara
766 454 98 26 temligen
879 453 39 21 lik-

91 483 78 27 giltigt,
193 482 27 27 på
242 483 79 21 hvilket
344 483 65 27 språk
427 483 26 21 de
469 483 95 22 inhemta
579 484 33 20 sin
627 483 102 26 bildning.
760 483 31 21 De
806 481 67 23 förstå
887 482 31 21 lä-

92 518 63 14 rarne
170 512 7 20 i
193 512 43 20 alla
250 511 43 26 fall,
310 513 23 25 ty
348 512 7 20 i
370 512 60 20 såväl
445 512 99 21 tekniska
560 512 119 21 realskolor
694 518 45 14 som
754 510 163 22 industriskolor

92 542 26 19 är
133 540 37 21 det
185 540 175 27 hufvudsakligen
375 540 127 22 matematik
517 541 40 21 och
573 540 285 27 åskådningsundervisning,
872 545 45 15 som

93 569 55 21 skall
164 569 76 27 bringa
255 569 99 21 eleverna
369 569 85 26 framåt,
472 570 39 20 och
530 570 62 20 dessa
608 571 78 19 tvänne
701 568 215 26 framställningssätt,

92 598 21 20 d.
129 604 19 14 v.
165 604 16 15 s.
198 598 36 20 det
248 598 48 21 med
312 598 70 21 siffror
398 598 39 21 och
453 598 36 21 det
504 598 49 21 med
569 598 76 26 bilder,
661 597 93 22 behöfva
768 597 46 21 icke
829 596 88 27 mycken

92 626 124 26 förklaring,
232 626 95 21 hvarken
342 626 28 27 på
385 626 37 22 det
437 633 41 15 ena
493 627 53 21 eller
561 627 67 21 andra
644 626 93 27 språket.

162 655 32 21 Hr
216 655 136 27 Ramsay:
375 655 51 21 Man
448 655 39 21 har
509 655 40 21 här
570 654 108 22 förebrått
700 655 49 26 mig,
765 656 32 20 att
808 654 37 28 jag
860 654 57 21 stödt

91 684 45 20 min
158 684 131 20 reservation
304 683 186 27 hufvudsakligast
504 684 29 27 på
548 684 118 21 anförande
682 684 23 20 af
718 683 75 21 siffror.
823 683 41 26 Jag
878 682 39 21 har

92 714 43 19 sett
150 712 43 26 mig
208 712 109 21 nödsakad
333 712 72 21 dertill
420 712 28 27 på
464 712 41 22 den
519 712 75 27 grund,
611 714 33 20 att
655 712 118 21 utskottets
783 711 134 22 betänkande

91 740 49 21 icke
164 741 40 21 alls
227 741 54 26 tagit
303 740 81 22 sådana
399 741 8 21 i
422 741 128 25 beaktande,
565 743 53 19 utan
632 741 90 21 fastmer
737 740 45 22 helt
797 740 39 22 och
851 740 67 20 hållet

92 769 100 21 förbisett
207 769 54 26 dem,
276 768 65 28 något
357 776 46 14 som
416 770 37 26 jag
468 770 62 21 äfven
545 770 7 20 i
568 770 159 21 reservationen
741 769 76 25 anfört,
828 768 90 22 oaktadt

92 798 63 20 dessa
177 798 71 20 siffror
269 798 7 20 i
297 797 99 22 officiella
411 798 155 22 meddelanden
580 798 90 21 kommit
686 798 107 21 utskottet
807 796 110 22 tillhanda.

92 826 113 21 Utskottet
219 826 40 21 har
272 826 44 27 just
330 826 70 22 funnit
416 828 31 20 ett
463 827 148 22 hufvudmotiv
626 826 34 22 för
676 827 32 21 sin
724 826 100 21 slutkläm
840 826 30 20 uti
885 826 33 20 ut-

92 854 91 27 trycket,
206 856 32 20 att
260 855 158 27 ,naturligtvis*
436 856 54 20 hvar
505 856 40 21 och
560 862 27 15 en
602 855 156 21 finskatalande
774 856 24 20 är
812 854 106 21 utesluten

91 883 46 21 från
162 883 166 27 polyteknikum.
360 884 49 21 Med
433 885 70 21 siffror
518 885 40 21 har
570 885 39 26 jag
624 885 57 20 velat
696 884 45 21 visa
757 883 35 22 det
807 883 111 21 ohållbara

91 912 8 21 i
114 912 61 21 detta
192 912 121 27 pästäende.
337 913 43 20 Det
399 913 39 21 har
453 913 99 21 invändts
567 914 23 21 af
604 913 25 21 hr
644 913 141 26 Godenhjelm
800 912 39 21 och
854 911 64 22 ocksä

92 940 24 21 af
129 941 75 26 andra,
220 944 32 18 att
267 941 60 21 dessa
345 942 25 20 18
386 941 28 27 /,
429 942 53 21 eller
497 943 27 20 20
540 942 28 27 9/,
583 942 23 21 af
614 941 157 22 finskatalande
782 941 74 24 elever,
867 940 52 21 eller

91 969 81 22 kanske
195 972 15 19 t.
234 976 18 15 o.
274 976 27 15 m.
325 971 57 20 ännu
404 977 66 19 mera,
487 977 51 15 vore
554 971 86 25 sådana,
658 976 46 15 som
718 970 49 21 med
782 969 89 21 svenska
886 968 33 21 till

90 998 130 21 modersmål
235 999 80 20 besöka
329 998 69 22 finska
414 999 80 22 skolor.
524 999 61 22 Efter
600 999 56 21 hvad
671 999 35 26 jag
721 998 42 22 fått
777 998 43 27 mig
833 997 85 22 medde-

91 1026 46 21 ladt
160 1027 22 20 af
196 1027 110 21 direktorn
321 1027 34 21 för
370 1028 170 27 polyteknikum,
556 1028 42 21 kan
611 1028 38 27 jag
664 1028 58 21 sluta
737 1027 42 26 mig
793 1027 32 21 till
840 1027 32 20 att
888 1027 30 20 ett

90 1055 78 21 sädant
190 1055 139 22 förmodande
353 1056 46 21 icke
422 1057 69 21 häller
512 1057 78 21 sträck.
621 1057 101 20 Tvärtom
738 1057 86 25 utgöres
839 1056 80 20 största

92 1083 62 22 delen
164 1084 23 21 af
198 1084 59 21 detta
270 1085 57 20 antal
335 1085 24 21 af
363 1085 113 27 ynglingar
484 1091 46 16 som
538 1085 65 21 hafva
611 1085 82 21 finskan
702 1085 33 20 till
744 1083 126 22 modersmål
879 1083 38 21 och

90 1118 46 15 som
148 1114 14 19 t.
179 1119 18 15 o.
213 1119 28 15 m.
251 1113 54 22 efter
313 1119 26 15 en
347 1113 48 27 fyra
406 1114 53 21 eller
469 1114 90 27 femårig
570 1114 66 21 kurs
625 1108 10 38 i
646 1113 109 22 institutet
764 1113 46 20 icke
821 1112 97 26 tillegnat

91 1141 33 26 sig
139 1141 90 22 svenska
244 1142 60 21 desto
319 1148 66 19 mera,
402 1144 27 20 än
444 1145 34 19 att
492 1143 26 21 de
534 1145 57 18 ännu
606 1143 92 20 samtala
712 1141 49 22 med
771 1141 109 22 direktorn
890 1139 27 27 pä

90 1169 70 21 finska
175 1170 93 26 språket.
297 1171 11 20 I
322 1170 139 27 förbigående
477 1171 36 21 vill
526 1171 38 27 jag
578 1173 84 24 nämna,
679 1172 33 19 att
725 1171 36 26 jag
777 1170 7 21 i
799 1170 41 26 dag
852 1170 66 26 ytter-

90 1198 67 27 ligare
179 1199 104 21 inhemtat
305 1199 153 27 upplysningar
477 1200 91 21 rörande
584 1200 62 21 dessa
660 1199 154 25 förhällanden,
830 1197 40 22 och
884 1198 33 19 att

90 1227 37 20 det
141 1227 118 22 meddelats
274 1228 49 27 mig,
339 1228 37 21 det
392 1228 76 21 hittills
478 1229 49 26 inga
538 1229 70 20 elever
619 1227 69 22 blifvit
699 1227 91 27 vägrade
798 1226 83 21 inträde
889 1225 27 27 pä

88 1255 71 26 grund
175 1255 23 21 af
212 1257 28 20 24
255 1256 11 27 8
280 1257 7 20 i
302 1257 148 26 stadgandena
470 1263 34 15 om
519 1257 199 26 inträdesförhöret,
735 1256 84 21 hvilken
834 1255 82 21 utskot-

90 1285 43 19 tets
150 1284 134 22 betänkande
299 1285 65 21 bland
376 1286 46 21 sina
432 1286 67 21 motiv
510 1286 76 25 anfört,
598 1285 107 27 nämligen
715 1287 33 19 att
759 1284 84 21 svenskt
854 1282 61 21 skrif-

89 1312 50 27 prof
152 1313 55 20 skall
223 1313 99 27 atläggas.
337 1325 29 4 —
381 1314 59 21 Frih.
458 1315 87 20 Palmén
562 1314 39 21 har
616 1313 78 26 anfört,
710 1315 34 19 att
757 1313 36 27 jag
808 1313 6 20 i
829 1312 44 21 min
883 1317 33 15 re-

90 1341 108 21 servation
213 1341 49 22 hela
277 1343 59 20 tiden
351 1343 57 20 talar
423 1349 34 15 om
474 1349 26 15 en
515 1342 199 27 parallelafdelning
729 1342 40 21 och
779 1340 137 29 polemiserar

89 1369 29 26 pä
140 1369 24 21 sä
186 1372 44 19 sätt
244 1372 44 20 mot
303 1371 72 26 nägot,
392 1377 46 16 som
454 1372 108 21 utskottet
577 1371 69 26 aldrig
661 1371 104 21 förordat.
794 1369 121 22 Utskottets

88 1397 112 27 pluralitet
219 1399 40 21 har
273 1399 111 27 föreslagit
399 1402 32 19 att
446 1400 26 21 de
488 1400 156 21 finskatalande
660 1399 99 22 eleverna
773 1399 8 20 i
795 1396 121 29 ,jembredd

88 1427 49 20 med
153 1427 25 20 de
194 1427 177 22 svenskatalande
386 1428 68 21 mätte
470 1428 22 21 fä
507 1429 31 20 sin
554 1428 121 26 utbildning
690 1428 7 21 i
712 1427 160 28 polyteknikum
887 1425 28 26 pä

88 1457 49 24 eget
156 1455 81 26 spräk*,
257 1456 39 21 och
312 1457 61 20 detta
388 1457 122 26 ,jemsides*
526 1457 67 21 mäste
608 1456 117 27 uppfattas,
741 1455 68 22 sävidt
821 1455 37 27 jag
873 1454 42 21 kan

87 1489 24 15 se
134 1483 73 26 saken,
230 1484 69 21 såsom
321 1485 134 21 inrättandet
478 1485 24 22 af
523 1492 26 15 en
564 1485 205 26 parallelafdelning,
786 1484 39 21 och
840 1483 23 21 af
876 1481 40 22 allt

87 1511 57 22 hvad
159 1511 39 22 här
213 1513 7 20 i
235 1513 40 26 dag
291 1513 82 21 anförts
388 1514 42 21 kan
445 1514 37 26 jag
496 1514 47 21 icke
559 1513 68 22 heller
642 1513 63 26 finna,
722 1514 56 21 huru
787 1519 48 15 man
846 1511 68 22 skulle

86 1540 82 26 inrätta
191 1541 178 27 undervisningen
392 1542 6 20 i
422 1542 169 27 polyteknikum,
614 1542 34 22 för
670 1544 33 19 att
718 1542 27 21 de
760 1540 154 23 finskatalande
