<?xml version="1.0" encoding="UTF-8"?>
<alto xmlns="http://www.loc.gov/standards/alto/ns-v3#" xmlns:xlink="http://www.w3.org/1999/xlink" xmlns:xsi="http://www.w3.org/2001/XMLSchema-instance" xsi:schemaLocation="http://www.loc.gov/standards/alto/ns-v3# http://www.loc.gov/alto/v3/alto-3-0.xsd">
	<Description>
		<MeasurementUnit>pixel</MeasurementUnit>
		<sourceImageInformation>
			<fileName>/tmp/tess_cms_z4e0_input.PNG</fileName>
		</sourceImageInformation>
		<OCRProcessing ID="OCR_0">
			<ocrProcessingStep>
				<processingSoftware>
					<softwareName>tesseract 5.3.4</softwareName>
				</processingSoftware>
			</ocrProcessingStep>
		</OCRProcessing>
	</Description>
	<Layout>
		<Page WIDTH="1103" HEIGHT="1748" PHYSICAL_IMG_NR="0" ID="page_0">
			<PrintSpace HPOS="0" VPOS="0" WIDTH="1103" HEIGHT="1748">
				<ComposedBlock ID="cblock_0" HPOS="221" VPOS="144" WIDTH="495" HEIGHT="27">
					<TextBlock ID="block_0" HPOS="221" VPOS="144" WIDTH="495" HEIGHT="27">
						<TextLine ID="line_0" HPOS="221" VPOS="144" WIDTH="495" HEIGHT="27">
							<String ID="string_0" HPOS="221" VPOS="145" WIDTH="63" HEIGHT="26" WC="0.90" CONTENT="1,142"/><SP WIDTH="210" VPOS="145" HPOS="284"/>
							<String ID="string_1" HPOS="494" VPOS="144" WIDTH="15" HEIGHT="20" WC="0.92" CONTENT="R."/><SP WIDTH="13" VPOS="144" HPOS="509"/>
							<String ID="string_2" HPOS="522" VPOS="150" WIDTH="15" HEIGHT="14" WC="0.79" CONTENT="0."/><SP WIDTH="13" VPOS="150" HPOS="537"/>
							<String ID="string_3" HPOS="550" VPOS="145" WIDTH="16" HEIGHT="19" WC="0.88" CONTENT="A."/><SP WIDTH="12" VPOS="145" HPOS="566"/>
							<String ID="string_4" HPOS="578" VPOS="145" WIDTH="48" HEIGHT="19" WC="0.90" CONTENT="1885."/><SP WIDTH="24" VPOS="145" HPOS="626"/>
							<String ID="string_5" HPOS="650" VPOS="145" WIDTH="18" HEIGHT="19" WC="0.93" CONTENT="12"/><SP WIDTH="13" VPOS="145" HPOS="668"/>
							<String ID="string_6" HPOS="681" VPOS="145" WIDTH="35" HEIGHT="23" WC="0.90" CONTENT="Maj."/>
						</TextLine>
					</TextBlock>
				</ComposedBlock>
				<ComposedBlock ID="cblock_1" HPOS="191" VPOS="213" WIDTH="834" HEIGHT="137">
					<TextBlock ID="block_1" HPOS="192" VPOS="213" WIDTH="833" HEIGHT="56">
						<TextLine ID="line_1" HPOS="261" VPOS="213" WIDTH="764" HEIGHT="28">
							<String ID="string_7" HPOS="261" VPOS="213" WIDTH="32" HEIGHT="22" WC="0.96" CONTENT="Hr"/><SP WIDTH="22" VPOS="213" HPOS="293"/>
							<String ID="string_8" HPOS="315" VPOS="214" WIDTH="117" HEIGHT="27" WC="0.93" CONTENT="Antell,"/><SP WIDTH="22" VPOS="214" HPOS="432"/>
							<String ID="string_9" HPOS="454" VPOS="215" WIDTH="35" HEIGHT="21" WC="0.91" CONTENT="A.:"/><SP WIDTH="24" VPOS="215" HPOS="489"/>
							<String ID="string_10" HPOS="513" VPOS="214" WIDTH="72" HEIGHT="22" WC="0.96" CONTENT="anhöll"/><SP WIDTH="23" VPOS="214" HPOS="585"/>
							<String ID="string_11" HPOS="608" VPOS="217" WIDTH="34" HEIGHT="19" WC="0.96" CONTENT="att"/><SP WIDTH="19" VPOS="217" HPOS="642"/>
							<String ID="string_12" HPOS="661" VPOS="214" WIDTH="21" HEIGHT="22" WC="0.96" CONTENT="få"/><SP WIDTH="18" VPOS="214" HPOS="682"/>
							<String ID="string_13" HPOS="700" VPOS="215" WIDTH="33" HEIGHT="21" WC="0.96" CONTENT="till"/><SP WIDTH="16" VPOS="215" HPOS="733"/>
							<String ID="string_14" HPOS="749" VPOS="213" WIDTH="130" HEIGHT="28" WC="0.93" CONTENT="protokollet"/><SP WIDTH="15" VPOS="213" HPOS="879"/>
							<String ID="string_15" HPOS="894" VPOS="214" WIDTH="131" HEIGHT="22" WC="0.90" CONTENT="antecknadt"/>
						</TextLine>
						<TextLine ID="line_2" HPOS="192" VPOS="242" WIDTH="667" HEIGHT="27">
							<String ID="string_16" HPOS="192" VPOS="244" WIDTH="33" HEIGHT="19" WC="0.96" CONTENT="att"/><SP WIDTH="14" VPOS="244" HPOS="225"/>
							<String ID="string_17" HPOS="239" VPOS="242" WIDTH="43" HEIGHT="21" WC="0.96" CONTENT="han"/><SP WIDTH="15" VPOS="242" HPOS="282"/>
							<String ID="string_18" HPOS="297" VPOS="242" WIDTH="46" HEIGHT="22" WC="0.96" CONTENT="icke"/><SP WIDTH="16" VPOS="242" HPOS="343"/>
							<String ID="string_19" HPOS="359" VPOS="243" WIDTH="91" HEIGHT="26" WC="0.96" CONTENT="bidragit"/><SP WIDTH="14" VPOS="243" HPOS="450"/>
							<String ID="string_20" HPOS="464" VPOS="243" WIDTH="33" HEIGHT="21" WC="0.93" CONTENT="till"/><SP WIDTH="14" VPOS="243" HPOS="497"/>
							<String ID="string_21" HPOS="511" VPOS="243" WIDTH="25" HEIGHT="21" WC="0.90" CONTENT="R."/><SP WIDTH="17" VPOS="243" HPOS="536"/>
							<String ID="string_22" HPOS="553" VPOS="250" WIDTH="19" HEIGHT="15" WC="0.91" CONTENT="o."/><SP WIDTH="16" VPOS="250" HPOS="572"/>
							<String ID="string_23" HPOS="588" VPOS="243" WIDTH="39" HEIGHT="22" WC="0.95" CONTENT="A:s"/><SP WIDTH="14" VPOS="243" HPOS="627"/>
							<String ID="string_24" HPOS="641" VPOS="249" WIDTH="29" HEIGHT="16" WC="0.96" CONTENT="nu"/><SP WIDTH="16" VPOS="249" HPOS="670"/>
							<String ID="string_25" HPOS="686" VPOS="243" WIDTH="81" HEIGHT="22" WC="0.96" CONTENT="fattade"/><SP WIDTH="16" VPOS="243" HPOS="767"/>
							<String ID="string_26" HPOS="783" VPOS="243" WIDTH="76" HEIGHT="21" WC="0.96" CONTENT="beslut."/>
						</TextLine>
					</TextBlock>
					<TextBlock ID="block_2" HPOS="261" VPOS="271" WIDTH="522" HEIGHT="27">
						<TextLine ID="line_3" HPOS="261" VPOS="271" WIDTH="522" HEIGHT="27">
							<String ID="string_27" HPOS="261" VPOS="271" WIDTH="32" HEIGHT="21" WC="0.96" CONTENT="Hr"/><SP WIDTH="15" VPOS="271" HPOS="293"/>
							<String ID="string_28" HPOS="308" VPOS="271" WIDTH="81" HEIGHT="22" WC="0.93" CONTENT="Taube"/><SP WIDTH="36" VPOS="271" HPOS="389"/>
							<String ID="string_29" HPOS="425" VPOS="272" WIDTH="135" HEIGHT="21" WC="0.96" CONTENT="reserverade"/><SP WIDTH="16" VPOS="272" HPOS="560"/>
							<String ID="string_30" HPOS="576" VPOS="273" WIDTH="32" HEIGHT="25" WC="0.96" CONTENT="sig"/><SP WIDTH="17" VPOS="273" HPOS="608"/>
							<String ID="string_31" HPOS="625" VPOS="275" WIDTH="45" HEIGHT="18" WC="0.97" CONTENT="mot"/><SP WIDTH="15" VPOS="275" HPOS="670"/>
							<String ID="string_32" HPOS="685" VPOS="271" WIDTH="98" HEIGHT="22" WC="0.96" CONTENT="beslutet."/>
						</TextLine>
					</TextBlock>
					<TextBlock ID="block_3" HPOS="191" VPOS="299" WIDTH="831" HEIGHT="51">
						<TextLine ID="line_4" HPOS="261" VPOS="299" WIDTH="761" HEIGHT="28">
							<String ID="string_33" HPOS="261" VPOS="299" WIDTH="32" HEIGHT="21" WC="0.96" CONTENT="Hr"/><SP WIDTH="24" VPOS="299" HPOS="293"/>
							<String ID="string_34" HPOS="317" VPOS="299" WIDTH="177" HEIGHT="28" WC="0.93" CONTENT="Schauman,"/><SP WIDTH="24" VPOS="299" HPOS="494"/>
							<String ID="string_35" HPOS="518" VPOS="300" WIDTH="24" HEIGHT="21" WC="0.92" CONTENT="B."/><SP WIDTH="25" VPOS="300" HPOS="542"/>
							<String ID="string_36" HPOS="567" VPOS="300" WIDTH="33" HEIGHT="27" WC="0.92" CONTENT="O.,"/><SP WIDTH="23" VPOS="300" HPOS="600"/>
							<String ID="string_37" HPOS="623" VPOS="300" WIDTH="99" HEIGHT="22" WC="0.96" CONTENT="anmälde"/><SP WIDTH="18" VPOS="300" HPOS="722"/>
							<String ID="string_38" HPOS="740" VPOS="303" WIDTH="32" HEIGHT="19" WC="0.96" CONTENT="att"/><SP WIDTH="18" VPOS="303" HPOS="772"/>
							<String ID="string_39" HPOS="790" VPOS="300" WIDTH="42" HEIGHT="21" WC="0.96" CONTENT="han"/><SP WIDTH="15" VPOS="300" HPOS="832"/>
							<String ID="string_40" HPOS="847" VPOS="299" WIDTH="46" HEIGHT="22" WC="0.96" CONTENT="icke"/><SP WIDTH="16" VPOS="299" HPOS="893"/>
							<String ID="string_41" HPOS="909" VPOS="299" WIDTH="91" HEIGHT="27" WC="0.96" CONTENT="bidragit"/><SP WIDTH="14" VPOS="299" HPOS="1000"/>
							<String ID="string_42" HPOS="1014" VPOS="299" WIDTH="8" HEIGHT="22" WC="0.96" CONTENT="i"/>
						</TextLine>
						<TextLine ID="line_5" HPOS="191" VPOS="327" WIDTH="204" HEIGHT="23">
							<String ID="string_43" HPOS="191" VPOS="327" WIDTH="25" HEIGHT="22" WC="0.96" CONTENT="R."/><SP WIDTH="17" VPOS="327" HPOS="216"/>
							<String ID="string_44" HPOS="233" VPOS="334" WIDTH="18" HEIGHT="15" WC="0.93" CONTENT="o."/><SP WIDTH="17" VPOS="334" HPOS="251"/>
							<String ID="string_45" HPOS="268" VPOS="328" WIDTH="37" HEIGHT="21" WC="0.96" CONTENT="A:s"/><SP WIDTH="15" VPOS="328" HPOS="305"/>
							<String ID="string_46" HPOS="320" VPOS="328" WIDTH="75" HEIGHT="22" WC="0.96" CONTENT="beslut."/>
						</TextLine>
					</TextBlock>
				</ComposedBlock>
				<ComposedBlock ID="cblock_2" HPOS="186" VPOS="381" WIDTH="837" HEIGHT="1201">
					<TextBlock ID="block_4" HPOS="191" VPOS="381" WIDTH="832" HEIGHT="88">
						<TextLine ID="line_6" HPOS="261" VPOS="381" WIDTH="762" HEIGHT="41">
							<String ID="string_47" HPOS="261" VPOS="385" WIDTH="11" HEIGHT="21" WC="0.96" CONTENT="I"/><SP WIDTH="15" VPOS="385" HPOS="272"/>
							<String ID="string_48" HPOS="287" VPOS="384" WIDTH="112" HEIGHT="28" WC="0.96" CONTENT="anledning"/><SP WIDTH="14" VPOS="384" HPOS="399"/>
							<String ID="string_49" HPOS="413" VPOS="385" WIDTH="22" HEIGHT="22" WC="0.97" CONTENT="af"/><SP WIDTH="13" VPOS="385" HPOS="435"/>
							<String ID="string_50" HPOS="448" VPOS="381" WIDTH="214" HEIGHT="41" WC="0.74" CONTENT="petitionsförslagen"/><SP WIDTH="9" VPOS="381" HPOS="662"/>
							<String ID="string_51" HPOS="671" VPOS="385" WIDTH="51" HEIGHT="22" WC="0.87" CONTENT="n:ris"/><SP WIDTH="15" VPOS="385" HPOS="722"/>
							<String ID="string_52" HPOS="737" VPOS="387" WIDTH="14" HEIGHT="20" WC="0.96" CONTENT="4"/><SP WIDTH="15" VPOS="387" HPOS="751"/>
							<String ID="string_53" HPOS="766" VPOS="385" WIDTH="40" HEIGHT="22" WC="0.96" CONTENT="och"/><SP WIDTH="16" VPOS="385" HPOS="806"/>
							<String ID="string_54" HPOS="822" VPOS="386" WIDTH="12" HEIGHT="21" WC="0.96" CONTENT="5"/><SP WIDTH="17" VPOS="386" HPOS="834"/>
							<String ID="string_55" HPOS="851" VPOS="391" WIDTH="33" HEIGHT="15" WC="0.96" CONTENT="om"/><SP WIDTH="15" VPOS="391" HPOS="884"/>
							<String ID="string_56" HPOS="899" VPOS="385" WIDTH="124" HEIGHT="26" WC="0.96" CONTENT="utvidgning"/>
						</TextLine>
						<TextLine ID="line_7" HPOS="191" VPOS="412" WIDTH="832" HEIGHT="51">
							<String ID="string_57" HPOS="191" VPOS="413" WIDTH="24" HEIGHT="22" WC="0.95" CONTENT="af"/><SP WIDTH="20" VPOS="413" HPOS="215"/>
							<String ID="string_58" HPOS="235" VPOS="412" WIDTH="153" HEIGHT="29" WC="0.96" CONTENT="finskspråkiga"/><SP WIDTH="21" VPOS="412" HPOS="388"/>
							<String ID="string_59" HPOS="409" VPOS="413" WIDTH="124" HEIGHT="50" WC="0.50" CONTENT="fyrklassiga"/><SP WIDTH="21" VPOS="413" HPOS="533"/>
							<String ID="string_60" HPOS="554" VPOS="414" WIDTH="83" HEIGHT="27" WC="0.96" CONTENT="lyceum"/><SP WIDTH="19" VPOS="414" HPOS="637"/>
							<String ID="string_61" HPOS="656" VPOS="414" WIDTH="7" HEIGHT="21" WC="0.96" CONTENT="i"/><SP WIDTH="15" VPOS="414" HPOS="663"/>
							<String ID="string_62" HPOS="678" VPOS="414" WIDTH="133" HEIGHT="27" WC="0.96" CONTENT="Björneborg"/><SP WIDTH="17" VPOS="414" HPOS="811"/>
							<String ID="string_63" HPOS="828" VPOS="413" WIDTH="32" HEIGHT="22" WC="0.96" CONTENT="till"/><SP WIDTH="16" VPOS="413" HPOS="860"/>
							<String ID="string_64" HPOS="876" VPOS="415" WIDTH="30" HEIGHT="20" WC="0.93" CONTENT="ett"/><SP WIDTH="15" VPOS="415" HPOS="906"/>
							<String ID="string_65" HPOS="921" VPOS="413" WIDTH="102" HEIGHT="22" WC="0.91" CONTENT="åttaklas-"/>
						</TextLine>
						<TextLine ID="line_8" HPOS="191" VPOS="441" WIDTH="231" HEIGHT="28">
							<String ID="string_66" HPOS="191" VPOS="441" WIDTH="42" HEIGHT="28" WC="0.93" CONTENT="sigt"/><SP WIDTH="14" VPOS="441" HPOS="233"/>
							<String ID="string_67" HPOS="247" VPOS="441" WIDTH="88" HEIGHT="28" WC="0.95" CONTENT="lyceum,"/><SP WIDTH="17" VPOS="441" HPOS="335"/>
							<String ID="string_68" HPOS="352" VPOS="442" WIDTH="70" HEIGHT="21" WC="0.96" CONTENT="anhöll"/>
						</TextLine>
					</TextBlock>
					<TextBlock ID="block_5" HPOS="192" VPOS="469" WIDTH="830" HEIGHT="58">
						<TextLine ID="line_9" HPOS="260" VPOS="469" WIDTH="762" HEIGHT="28">
							<String ID="string_69" HPOS="260" VPOS="469" WIDTH="49" HEIGHT="22" WC="0.94" CONTENT="frih."/><SP WIDTH="16" VPOS="469" HPOS="309"/>
							<String ID="string_70" HPOS="325" VPOS="470" WIDTH="21" HEIGHT="21" WC="0.93" CONTENT="af"/><SP WIDTH="14" VPOS="470" HPOS="346"/>
							<String ID="string_71" HPOS="360" VPOS="471" WIDTH="133" HEIGHT="26" WC="0.91" CONTENT="Schultén,"/><SP WIDTH="16" VPOS="471" HPOS="493"/>
							<String ID="string_72" HPOS="509" VPOS="471" WIDTH="28" HEIGHT="21" WC="0.93" CONTENT="M."/><SP WIDTH="17" VPOS="471" HPOS="537"/>
							<String ID="string_73" HPOS="554" VPOS="471" WIDTH="43" HEIGHT="26" WC="0.92" CONTENT="W.,"/><SP WIDTH="17" VPOS="471" HPOS="597"/>
							<String ID="string_74" HPOS="614" VPOS="473" WIDTH="33" HEIGHT="20" WC="0.96" CONTENT="att"/><SP WIDTH="14" VPOS="473" HPOS="647"/>
							<String ID="string_75" HPOS="661" VPOS="471" WIDTH="61" HEIGHT="22" WC="0.96" CONTENT="äfven"/><SP WIDTH="16" VPOS="471" HPOS="722"/>
							<String ID="string_76" HPOS="738" VPOS="472" WIDTH="6" HEIGHT="21" WC="0.96" CONTENT="i"/><SP WIDTH="17" VPOS="472" HPOS="744"/>
							<String ID="string_77" HPOS="761" VPOS="471" WIDTH="98" HEIGHT="22" WC="0.93" CONTENT="afseende"/><SP WIDTH="15" VPOS="471" HPOS="859"/>
							<String ID="string_78" HPOS="874" VPOS="471" WIDTH="13" HEIGHT="21" WC="0.91" CONTENT="&amp;"/><SP WIDTH="12" VPOS="471" HPOS="887"/>
							<String ID="string_79" HPOS="899" VPOS="471" WIDTH="60" HEIGHT="21" WC="0.93" CONTENT="dessa"/><SP WIDTH="10" VPOS="471" HPOS="959"/>
							<String ID="string_80" HPOS="969" VPOS="470" WIDTH="53" HEIGHT="27" WC="0.93" CONTENT="peti-"/>
						</TextLine>
						<TextLine ID="line_10" HPOS="192" VPOS="498" WIDTH="737" HEIGHT="29">
							<String ID="string_81" HPOS="192" VPOS="499" WIDTH="69" HEIGHT="21" WC="0.96" CONTENT="tioner"/><SP WIDTH="15" VPOS="499" HPOS="261"/>
							<String ID="string_82" HPOS="276" VPOS="498" WIDTH="21" HEIGHT="22" WC="0.96" CONTENT="få"/><SP WIDTH="14" VPOS="498" HPOS="297"/>
							<String ID="string_83" HPOS="311" VPOS="499" WIDTH="93" HEIGHT="27" WC="0.96" CONTENT="åberopa"/><SP WIDTH="15" VPOS="499" HPOS="404"/>
							<String ID="string_84" HPOS="419" VPOS="500" WIDTH="35" HEIGHT="21" WC="0.96" CONTENT="det"/><SP WIDTH="15" VPOS="500" HPOS="454"/>
							<String ID="string_85" HPOS="469" VPOS="499" WIDTH="7" HEIGHT="22" WC="0.96" CONTENT="i"/><SP WIDTH="16" VPOS="499" HPOS="476"/>
							<String ID="string_86" HPOS="492" VPOS="499" WIDTH="51" HEIGHT="22" WC="0.94" CONTENT="hans"/><SP WIDTH="15" VPOS="499" HPOS="543"/>
							<String ID="string_87" HPOS="558" VPOS="500" WIDTH="132" HEIGHT="21" WC="0.96" CONTENT="reservation"/><SP WIDTH="15" VPOS="500" HPOS="690"/>
							<String ID="string_88" HPOS="705" VPOS="499" WIDTH="103" HEIGHT="28" WC="0.96" CONTENT="ingående"/><SP WIDTH="16" VPOS="499" HPOS="808"/>
							<String ID="string_89" HPOS="824" VPOS="499" WIDTH="105" HEIGHT="27" WC="0.96" CONTENT="förslaget."/>
						</TextLine>
					</TextBlock>
					<TextBlock ID="block_6" HPOS="191" VPOS="527" WIDTH="830" HEIGHT="56">
						<TextLine ID="line_11" HPOS="261" VPOS="527" WIDTH="760" HEIGHT="28">
							<String ID="string_90" HPOS="261" VPOS="527" WIDTH="32" HEIGHT="22" WC="0.93" CONTENT="Hr"/><SP WIDTH="20" VPOS="527" HPOS="293"/>
							<String ID="string_91" HPOS="313" VPOS="527" WIDTH="177" HEIGHT="28" WC="0.92" CONTENT="Godenhjelm,"/><SP WIDTH="15" VPOS="527" HPOS="490"/>
							<String ID="string_92" HPOS="505" VPOS="528" WIDTH="114" HEIGHT="22" WC="0.96" CONTENT="förordade"/><SP WIDTH="15" VPOS="528" HPOS="619"/>
							<String ID="string_93" HPOS="634" VPOS="529" WIDTH="7" HEIGHT="20" WC="0.96" CONTENT="i"/><SP WIDTH="16" VPOS="529" HPOS="641"/>
							<String ID="string_94" HPOS="657" VPOS="531" WIDTH="89" HEIGHT="19" WC="0.96" CONTENT="motsats"/><SP WIDTH="16" VPOS="531" HPOS="746"/>
							<String ID="string_95" HPOS="762" VPOS="528" WIDTH="72" HEIGHT="21" WC="0.96" CONTENT="härtill"/><SP WIDTH="16" VPOS="528" HPOS="834"/>
							<String ID="string_96" HPOS="850" VPOS="528" WIDTH="115" HEIGHT="21" WC="0.91" CONTENT="utskottets"/><SP WIDTH="15" VPOS="528" HPOS="965"/>
							<String ID="string_97" HPOS="980" VPOS="528" WIDTH="41" HEIGHT="21" WC="0.91" CONTENT="för-"/>
						</TextLine>
						<TextLine ID="line_12" HPOS="191" VPOS="555" WIDTH="708" HEIGHT="28">
							<String ID="string_98" HPOS="191" VPOS="555" WIDTH="46" HEIGHT="28" WC="0.96" CONTENT="slag"/><SP WIDTH="14" VPOS="555" HPOS="237"/>
							<String ID="string_99" HPOS="251" VPOS="557" WIDTH="28" HEIGHT="26" WC="0.96" CONTENT="på"/><SP WIDTH="16" VPOS="557" HPOS="279"/>
							<String ID="string_100" HPOS="295" VPOS="556" WIDTH="26" HEIGHT="21" WC="0.96" CONTENT="de"/><SP WIDTH="15" VPOS="556" HPOS="321"/>
							<String ID="string_101" HPOS="336" VPOS="557" WIDTH="91" HEIGHT="26" WC="0.96" CONTENT="grunder"/><SP WIDTH="14" VPOS="557" HPOS="427"/>
							<String ID="string_102" HPOS="441" VPOS="563" WIDTH="46" HEIGHT="15" WC="0.96" CONTENT="som"/><SP WIDTH="15" VPOS="563" HPOS="487"/>
							<String ID="string_103" HPOS="502" VPOS="557" WIDTH="6" HEIGHT="20" WC="0.95" CONTENT="i"/><SP WIDTH="16" VPOS="557" HPOS="508"/>
							<String ID="string_104" HPOS="524" VPOS="557" WIDTH="145" HEIGHT="21" WC="0.95" CONTENT="betänkandet"/><SP WIDTH="16" VPOS="557" HPOS="669"/>
							<String ID="string_105" HPOS="685" VPOS="557" WIDTH="68" HEIGHT="21" WC="0.90" CONTENT="blifvit"/><SP WIDTH="15" VPOS="557" HPOS="753"/>
							<String ID="string_106" HPOS="768" VPOS="556" WIDTH="131" HEIGHT="22" WC="0.90" CONTENT="framhållna."/>
						</TextLine>
					</TextBlock>
					<TextBlock ID="block_7" HPOS="191" VPOS="584" WIDTH="832" HEIGHT="143">
						<TextLine ID="line_13" HPOS="261" VPOS="584" WIDTH="761" HEIGHT="29">
							<String ID="string_107" HPOS="261" VPOS="584" WIDTH="33" HEIGHT="21" WC="0.96" CONTENT="Hr"/><SP WIDTH="14" VPOS="584" HPOS="294"/>
							<String ID="string_108" HPOS="308" VPOS="585" WIDTH="118" HEIGHT="28" WC="0.96" CONTENT="Ramsay:"/><SP WIDTH="17" VPOS="585" HPOS="426"/>
							<String ID="string_109" HPOS="443" VPOS="585" WIDTH="33" HEIGHT="22" WC="0.96" CONTENT="Då"/><SP WIDTH="12" VPOS="585" HPOS="476"/>
							<String ID="string_110" HPOS="488" VPOS="585" WIDTH="37" HEIGHT="27" WC="0.96" CONTENT="jag"/><SP WIDTH="15" VPOS="585" HPOS="525"/>
							<String ID="string_111" HPOS="540" VPOS="592" WIDTH="49" HEIGHT="20" WC="0.96" CONTENT="nyss"/><SP WIDTH="16" VPOS="592" HPOS="589"/>
							<String ID="string_112" HPOS="605" VPOS="585" WIDTH="55" HEIGHT="22" WC="0.96" CONTENT="hade"/><SP WIDTH="16" VPOS="585" HPOS="660"/>
							<String ID="string_113" HPOS="676" VPOS="586" WIDTH="68" HEIGHT="26" WC="0.96" CONTENT="ordet,"/><SP WIDTH="15" VPOS="586" HPOS="744"/>
							<String ID="string_114" HPOS="759" VPOS="585" WIDTH="99" HEIGHT="22" WC="0.95" CONTENT="framhöll"/><SP WIDTH="8" VPOS="585" HPOS="858"/>
							<String ID="string_115" HPOS="866" VPOS="585" WIDTH="37" HEIGHT="27" WC="0.96" CONTENT="jag"/><SP WIDTH="10" VPOS="585" HPOS="903"/>
							<String ID="string_116" HPOS="913" VPOS="585" WIDTH="25" HEIGHT="21" WC="0.96" CONTENT="de"/><SP WIDTH="11" VPOS="585" HPOS="938"/>
							<String ID="string_117" HPOS="949" VPOS="585" WIDTH="73" HEIGHT="24" WC="0.96" CONTENT="motiv,"/>
						</TextLine>
						<TextLine ID="line_14" HPOS="191" VPOS="613" WIDTH="831" HEIGHT="28">
							<String ID="string_118" HPOS="191" VPOS="619" WIDTH="47" HEIGHT="15" WC="0.96" CONTENT="som"/><SP WIDTH="23" VPOS="619" HPOS="238"/>
							<String ID="string_119" HPOS="261" VPOS="613" WIDTH="55" HEIGHT="21" WC="0.96" CONTENT="varit"/><SP WIDTH="18" VPOS="613" HPOS="316"/>
							<String ID="string_120" HPOS="334" VPOS="613" WIDTH="89" HEIGHT="22" WC="0.96" CONTENT="ledande"/><SP WIDTH="16" VPOS="613" HPOS="423"/>
							<String ID="string_121" HPOS="439" VPOS="614" WIDTH="31" HEIGHT="21" WC="0.93" CONTENT="för"/><SP WIDTH="15" VPOS="614" HPOS="470"/>
							<String ID="string_122" HPOS="485" VPOS="614" WIDTH="136" HEIGHT="27" WC="0.90" CONTENT="pluraliteten"/><SP WIDTH="16" VPOS="614" HPOS="621"/>
							<String ID="string_123" HPOS="637" VPOS="615" WIDTH="57" HEIGHT="21" WC="0.95" CONTENT="inom"/><SP WIDTH="16" VPOS="615" HPOS="694"/>
							<String ID="string_124" HPOS="710" VPOS="615" WIDTH="113" HEIGHT="25" WC="0.95" CONTENT="utskottet,"/><SP WIDTH="15" VPOS="615" HPOS="823"/>
							<String ID="string_125" HPOS="838" VPOS="614" WIDTH="127" HEIGHT="21" WC="0.96" CONTENT="åtminstone"/><SP WIDTH="16" VPOS="614" HPOS="965"/>
							<String ID="string_126" HPOS="981" VPOS="613" WIDTH="41" HEIGHT="22" WC="0.96" CONTENT="den"/>
						</TextLine>
						<TextLine ID="line_15" HPOS="192" VPOS="641" WIDTH="830" HEIGHT="28">
							<String ID="string_127" HPOS="192" VPOS="641" WIDTH="79" HEIGHT="22" WC="0.92" CONTENT="delvisa"/><SP WIDTH="23" VPOS="641" HPOS="271"/>
							<String ID="string_128" HPOS="294" VPOS="641" WIDTH="140" HEIGHT="28" WC="0.91" CONTENT="pluraliteten,"/><SP WIDTH="22" VPOS="641" HPOS="434"/>
							<String ID="string_129" HPOS="456" VPOS="642" WIDTH="39" HEIGHT="22" WC="0.96" CONTENT="och"/><SP WIDTH="20" VPOS="642" HPOS="495"/>
							<String ID="string_130" HPOS="515" VPOS="643" WIDTH="37" HEIGHT="26" WC="0.96" CONTENT="jag"/><SP WIDTH="18" VPOS="643" HPOS="552"/>
							<String ID="string_131" HPOS="570" VPOS="643" WIDTH="78" HEIGHT="21" WC="0.96" CONTENT="nämde"/><SP WIDTH="23" VPOS="643" HPOS="648"/>
							<String ID="string_132" HPOS="671" VPOS="643" WIDTH="65" HEIGHT="22" WC="0.96" CONTENT="redan"/><SP WIDTH="24" VPOS="643" HPOS="736"/>
							<String ID="string_133" HPOS="760" VPOS="643" WIDTH="28" HEIGHT="21" WC="0.92" CONTENT="då"/><SP WIDTH="14" VPOS="643" HPOS="788"/>
							<String ID="string_134" HPOS="802" VPOS="642" WIDTH="171" HEIGHT="22" WC="0.91" CONTENT="reservationsvis"/><SP WIDTH="16" VPOS="642" HPOS="973"/>
							<String ID="string_135" HPOS="989" VPOS="644" WIDTH="33" HEIGHT="19" WC="0.96" CONTENT="att"/>
						</TextLine>
						<TextLine ID="line_16" HPOS="192" VPOS="670" WIDTH="831" HEIGHT="28">
							<String ID="string_136" HPOS="192" VPOS="670" WIDTH="27" HEIGHT="21" WC="0.96" CONTENT="då"/><SP WIDTH="15" VPOS="670" HPOS="219"/>
							<String ID="string_137" HPOS="234" VPOS="673" WIDTH="48" HEIGHT="18" WC="0.96" CONTENT="rent"/><SP WIDTH="14" VPOS="673" HPOS="282"/>
							<String ID="string_138" HPOS="296" VPOS="670" WIDTH="71" HEIGHT="21" WC="0.96" CONTENT="lokala"/><SP WIDTH="15" VPOS="670" HPOS="367"/>
							<String ID="string_139" HPOS="382" VPOS="671" WIDTH="101" HEIGHT="21" WC="0.93" CONTENT="intressen"/><SP WIDTH="16" VPOS="671" HPOS="483"/>
							<String ID="string_140" HPOS="499" VPOS="671" WIDTH="61" HEIGHT="22" WC="0.89" CONTENT="skola"/><SP WIDTH="15" VPOS="671" HPOS="560"/>
							<String ID="string_141" HPOS="575" VPOS="671" WIDTH="165" HEIGHT="22" WC="0.96" CONTENT="tillfredsställas"/><SP WIDTH="16" VPOS="671" HPOS="740"/>
							<String ID="string_142" HPOS="756" VPOS="677" WIDTH="76" HEIGHT="21" WC="0.96" CONTENT="genom"/><SP WIDTH="16" VPOS="677" HPOS="832"/>
							<String ID="string_143" HPOS="848" VPOS="671" WIDTH="79" HEIGHT="26" WC="0.96" CONTENT="skolor,"/><SP WIDTH="16" VPOS="671" HPOS="927"/>
							<String ID="string_144" HPOS="943" VPOS="671" WIDTH="24" HEIGHT="21" WC="0.96" CONTENT="sä"/><SP WIDTH="16" VPOS="671" HPOS="967"/>
							<String ID="string_145" HPOS="983" VPOS="670" WIDTH="40" HEIGHT="22" WC="0.96" CONTENT="bör"/>
						</TextLine>
						<TextLine ID="line_17" HPOS="191" VPOS="699" WIDTH="828" HEIGHT="28">
							<String ID="string_146" HPOS="191" VPOS="699" WIDTH="129" HEIGHT="21" WC="0.96" CONTENT="kommunen"/><SP WIDTH="22" VPOS="699" HPOS="320"/>
							<String ID="string_147" HPOS="342" VPOS="699" WIDTH="52" HEIGHT="22" WC="0.96" CONTENT="söka"/><SP WIDTH="23" VPOS="699" HPOS="394"/>
							<String ID="string_148" HPOS="417" VPOS="699" WIDTH="30" HEIGHT="22" WC="0.96" CONTENT="slå"/><SP WIDTH="20" VPOS="699" HPOS="447"/>
							<String ID="string_149" HPOS="467" VPOS="700" WIDTH="31" HEIGHT="27" WC="0.96" CONTENT="sig"/><SP WIDTH="14" VPOS="700" HPOS="498"/>
							<String ID="string_150" HPOS="512" VPOS="702" WIDTH="30" HEIGHT="24" WC="0.96" CONTENT="ut,"/><SP WIDTH="16" VPOS="702" HPOS="542"/>
							<String ID="string_151" HPOS="558" VPOS="703" WIDTH="52" HEIGHT="18" WC="0.96" CONTENT="utan"/><SP WIDTH="17" VPOS="703" HPOS="610"/>
							<String ID="string_152" HPOS="627" VPOS="702" WIDTH="32" HEIGHT="19" WC="0.96" CONTENT="att"/><SP WIDTH="14" VPOS="702" HPOS="659"/>
							<String ID="string_153" HPOS="673" VPOS="703" WIDTH="71" HEIGHT="19" WC="0.96" CONTENT="staten"/><SP WIDTH="16" VPOS="703" HPOS="744"/>
							<String ID="string_154" HPOS="760" VPOS="699" WIDTH="131" HEIGHT="22" WC="0.93" CONTENT="medverkar."/><SP WIDTH="16" VPOS="699" HPOS="891"/>
							<String ID="string_155" HPOS="907" VPOS="711" WIDTH="28" HEIGHT="4" WC="0.92" CONTENT="—"/><SP WIDTH="15" VPOS="711" HPOS="935"/>
							<String ID="string_156" HPOS="950" VPOS="711" WIDTH="29" HEIGHT="3" WC="0.92" CONTENT="—"/><SP WIDTH="16" VPOS="711" HPOS="979"/>
							<String ID="string_157" HPOS="995" VPOS="711" WIDTH="24" HEIGHT="4" WC="0.89" CONTENT="—"/>
						</TextLine>
					</TextBlock>
					<TextBlock ID="block_8" HPOS="190" VPOS="740" WIDTH="832" HEIGHT="158">
						<TextLine ID="line_18" HPOS="261" VPOS="740" WIDTH="761" HEIGHT="44">
							<String ID="string_158" HPOS="261" VPOS="756" WIDTH="46" HEIGHT="21" WC="0.96" CONTENT="Här"/><SP WIDTH="15" VPOS="756" HPOS="307"/>
							<String ID="string_159" HPOS="322" VPOS="740" WIDTH="75" HEIGHT="37" WC="0.32" CONTENT="afbröt"/><SP WIDTH="12" VPOS="740" HPOS="397"/>
							<String ID="string_160" HPOS="409" VPOS="756" WIDTH="26" HEIGHT="22" WC="0.93" CONTENT="hr"/><SP WIDTH="14" VPOS="756" HPOS="435"/>
							<String ID="string_161" HPOS="449" VPOS="757" WIDTH="195" HEIGHT="22" WC="0.91" CONTENT="landtmarskalken"/><SP WIDTH="16" VPOS="757" HPOS="644"/>
							<String ID="string_162" HPOS="660" VPOS="757" WIDTH="88" HEIGHT="27" WC="0.96" CONTENT="talaren,"/><SP WIDTH="12" VPOS="757" HPOS="748"/>
							<String ID="string_163" HPOS="760" VPOS="757" WIDTH="50" HEIGHT="22" WC="0.92" CONTENT="med"/><SP WIDTH="10" VPOS="757" HPOS="810"/>
							<String ID="string_164" HPOS="820" VPOS="756" WIDTH="202" HEIGHT="27" WC="0.91" CONTENT="tillkännagifvande"/>
						</TextLine>
						<TextLine ID="line_19" HPOS="191" VPOS="785" WIDTH="829" HEIGHT="26">
							<String ID="string_165" HPOS="191" VPOS="786" WIDTH="32" HEIGHT="19" WC="0.96" CONTENT="att"/><SP WIDTH="23" VPOS="786" HPOS="223"/>
							<String ID="string_166" HPOS="246" VPOS="791" WIDTH="25" HEIGHT="14" WC="0.93" CONTENT="en"/><SP WIDTH="24" VPOS="791" HPOS="271"/>
							<String ID="string_167" HPOS="295" VPOS="785" WIDTH="124" HEIGHT="26" WC="0.92" CONTENT="deputation"/><SP WIDTH="21" VPOS="785" HPOS="419"/>
							<String ID="string_168" HPOS="440" VPOS="785" WIDTH="53" HEIGHT="22" WC="0.96" CONTENT="ifrån"/><SP WIDTH="23" VPOS="785" HPOS="493"/>
							<String ID="string_169" HPOS="516" VPOS="785" WIDTH="158" HEIGHT="22" WC="0.96" CONTENT="bondeståndet"/><SP WIDTH="21" VPOS="785" HPOS="674"/>
							<String ID="string_170" HPOS="695" VPOS="786" WIDTH="93" HEIGHT="21" WC="0.95" CONTENT="anmälts"/><SP WIDTH="15" VPOS="786" HPOS="788"/>
							<String ID="string_171" HPOS="803" VPOS="791" WIDTH="51" HEIGHT="16" WC="0.96" CONTENT="vara"/><SP WIDTH="14" VPOS="791" HPOS="854"/>
							<String ID="string_172" HPOS="868" VPOS="785" WIDTH="7" HEIGHT="21" WC="0.96" CONTENT="i"/><SP WIDTH="16" VPOS="785" HPOS="875"/>
							<String ID="string_173" HPOS="891" VPOS="785" WIDTH="129" HEIGHT="26" WC="0.96" CONTENT="antågande;"/>
						</TextLine>
						<TextLine ID="line_20" HPOS="191" VPOS="813" WIDTH="830" HEIGHT="28">
							<String ID="string_174" HPOS="191" VPOS="813" WIDTH="66" HEIGHT="21" WC="0.92" CONTENT="hvarå"/><SP WIDTH="16" VPOS="813" HPOS="257"/>
							<String ID="string_175" HPOS="273" VPOS="813" WIDTH="38" HEIGHT="22" WC="0.96" CONTENT="och"/><SP WIDTH="16" VPOS="813" HPOS="311"/>
							<String ID="string_176" HPOS="327" VPOS="813" WIDTH="64" HEIGHT="22" WC="0.96" CONTENT="sedan"/><SP WIDTH="16" VPOS="813" HPOS="391"/>
							<String ID="string_177" HPOS="407" VPOS="814" WIDTH="25" HEIGHT="21" WC="0.93" CONTENT="hr"/><SP WIDTH="14" VPOS="814" HPOS="432"/>
							<String ID="string_178" HPOS="446" VPOS="813" WIDTH="196" HEIGHT="22" WC="0.90" CONTENT="landtmarskalken"/><SP WIDTH="12" VPOS="813" HPOS="642"/>
							<String ID="string_179" HPOS="654" VPOS="815" WIDTH="115" HEIGHT="26" WC="0.96" CONTENT="uppdragit"/><SP WIDTH="10" VPOS="815" HPOS="769"/>
							<String ID="string_180" HPOS="779" VPOS="815" WIDTH="23" HEIGHT="20" WC="0.97" CONTENT="åt"/><SP WIDTH="10" VPOS="815" HPOS="802"/>
							<String ID="string_181" HPOS="812" VPOS="815" WIDTH="66" HEIGHT="25" WC="0.96" CONTENT="några"/><SP WIDTH="9" VPOS="815" HPOS="878"/>
							<String ID="string_182" HPOS="887" VPOS="813" WIDTH="22" HEIGHT="22" WC="0.93" CONTENT="af"/><SP WIDTH="8" VPOS="813" HPOS="909"/>
							<String ID="string_183" HPOS="917" VPOS="814" WIDTH="25" HEIGHT="21" WC="0.91" CONTENT="R."/><SP WIDTH="12" VPOS="814" HPOS="942"/>
							<String ID="string_184" HPOS="954" VPOS="820" WIDTH="18" HEIGHT="14" WC="0.92" CONTENT="o."/><SP WIDTH="12" VPOS="820" HPOS="972"/>
							<String ID="string_185" HPOS="984" VPOS="814" WIDTH="37" HEIGHT="21" WC="0.95" CONTENT="A:s"/>
						</TextLine>
						<TextLine ID="line_21" HPOS="191" VPOS="841" WIDTH="831" HEIGHT="28">
							<String ID="string_186" HPOS="191" VPOS="841" WIDTH="137" HEIGHT="22" WC="0.96" CONTENT="medlemmar"/><SP WIDTH="15" VPOS="841" HPOS="328"/>
							<String ID="string_187" HPOS="343" VPOS="844" WIDTH="32" HEIGHT="19" WC="0.93" CONTENT="att"/><SP WIDTH="15" VPOS="844" HPOS="375"/>
							<String ID="string_188" HPOS="390" VPOS="844" WIDTH="106" HEIGHT="25" WC="0.92" CONTENT="emottaga"/><SP WIDTH="15" VPOS="844" HPOS="496"/>
							<String ID="string_189" HPOS="511" VPOS="843" WIDTH="159" HEIGHT="26" WC="0.91" CONTENT="deputationen,"/><SP WIDTH="17" VPOS="843" HPOS="670"/>
							<String ID="string_190" HPOS="687" VPOS="843" WIDTH="124" HEIGHT="22" WC="0.96" CONTENT="densamma"/><SP WIDTH="15" VPOS="843" HPOS="811"/>
							<String ID="string_191" HPOS="826" VPOS="842" WIDTH="120" HEIGHT="22" WC="0.96" CONTENT="företrädde"/><SP WIDTH="8" VPOS="842" HPOS="946"/>
							<String ID="string_192" HPOS="954" VPOS="842" WIDTH="68" HEIGHT="21" WC="0.96" CONTENT="under"/>
						</TextLine>
						<TextLine ID="line_22" HPOS="190" VPOS="870" WIDTH="657" HEIGHT="28">
							<String ID="string_193" HPOS="190" VPOS="870" WIDTH="117" HEIGHT="22" WC="0.96" CONTENT="anförande"/><SP WIDTH="15" VPOS="870" HPOS="307"/>
							<String ID="string_194" HPOS="322" VPOS="870" WIDTH="23" HEIGHT="22" WC="0.96" CONTENT="af"/><SP WIDTH="12" VPOS="870" HPOS="345"/>
							<String ID="string_195" HPOS="357" VPOS="871" WIDTH="183" HEIGHT="22" WC="0.96" CONTENT="kommunalrådet"/><SP WIDTH="16" VPOS="871" HPOS="540"/>
							<String ID="string_196" HPOS="556" VPOS="871" WIDTH="122" HEIGHT="27" WC="0.94" CONTENT="Avellan,"/><SP WIDTH="16" VPOS="871" HPOS="678"/>
							<String ID="string_197" HPOS="694" VPOS="878" WIDTH="45" HEIGHT="15" WC="0.93" CONTENT="som"/><SP WIDTH="16" VPOS="878" HPOS="739"/>
							<String ID="string_198" HPOS="755" VPOS="871" WIDTH="92" HEIGHT="27" WC="0.90" CONTENT="androg:"/>
						</TextLine>
					</TextBlock>
					<TextBlock ID="block_9" HPOS="186" VPOS="898" WIDTH="835" HEIGHT="684">
						<TextLine ID="line_23" HPOS="260" VPOS="898" WIDTH="760" HEIGHT="28">
							<String ID="string_199" HPOS="260" VPOS="898" WIDTH="149" HEIGHT="28" WC="0.91" CONTENT="Högvälborne"/><SP WIDTH="22" VPOS="898" HPOS="409"/>
							<String ID="string_200" HPOS="431" VPOS="900" WIDTH="48" HEIGHT="21" WC="0.96" CONTENT="herr"/><SP WIDTH="22" VPOS="900" HPOS="479"/>
							<String ID="string_201" HPOS="501" VPOS="900" WIDTH="66" HEIGHT="21" WC="0.96" CONTENT="baron"/><SP WIDTH="24" VPOS="900" HPOS="567"/>
							<String ID="string_202" HPOS="591" VPOS="900" WIDTH="40" HEIGHT="22" WC="0.93" CONTENT="och"/><SP WIDTH="23" VPOS="900" HPOS="631"/>
							<String ID="string_203" HPOS="654" VPOS="900" WIDTH="177" HEIGHT="23" WC="0.92" CONTENT="landtmarskalk,"/><SP WIDTH="16" VPOS="900" HPOS="831"/>
							<String ID="string_204" HPOS="847" VPOS="900" WIDTH="54" HEIGHT="26" WC="0.85" CONTENT="högl."/><SP WIDTH="16" VPOS="900" HPOS="901"/>
							<String ID="string_205" HPOS="917" VPOS="900" WIDTH="24" HEIGHT="20" WC="0.97" CONTENT="R."/><SP WIDTH="18" VPOS="900" HPOS="941"/>
							<String ID="string_206" HPOS="959" VPOS="906" WIDTH="18" HEIGHT="14" WC="0.95" CONTENT="o."/><SP WIDTH="17" VPOS="906" HPOS="977"/>
							<String ID="string_207" HPOS="994" VPOS="900" WIDTH="26" HEIGHT="20" WC="0.96" CONTENT="A."/>
						</TextLine>
						<TextLine ID="line_24" HPOS="189" VPOS="927" WIDTH="832" HEIGHT="29">
							<String ID="string_208" HPOS="189" VPOS="927" WIDTH="71" HEIGHT="22" WC="0.92" CONTENT="Jemte"/><SP WIDTH="22" VPOS="927" HPOS="260"/>
							<String ID="string_209" HPOS="282" VPOS="927" WIDTH="141" HEIGHT="23" WC="0.96" CONTENT="framförande"/><SP WIDTH="23" VPOS="927" HPOS="423"/>
							<String ID="string_210" HPOS="446" VPOS="928" WIDTH="22" HEIGHT="21" WC="0.96" CONTENT="af"/><SP WIDTH="12" VPOS="928" HPOS="468"/>
							<String ID="string_211" HPOS="480" VPOS="935" WIDTH="25" HEIGHT="15" WC="0.93" CONTENT="en"/><SP WIDTH="16" VPOS="935" HPOS="505"/>
							<String ID="string_212" HPOS="521" VPOS="929" WIDTH="99" HEIGHT="21" WC="0.90" CONTENT="vördsam"/><SP WIDTH="16" VPOS="929" HPOS="620"/>
							<String ID="string_213" HPOS="636" VPOS="929" WIDTH="39" HEIGHT="21" WC="0.96" CONTENT="och"/><SP WIDTH="17" VPOS="929" HPOS="675"/>
							<String ID="string_214" HPOS="692" VPOS="929" WIDTH="70" HEIGHT="27" WC="0.93" CONTENT="vänlig"/><SP WIDTH="16" VPOS="929" HPOS="762"/>
							<String ID="string_215" HPOS="778" VPOS="928" WIDTH="96" HEIGHT="27" WC="0.91" CONTENT="helsning"/><SP WIDTH="14" VPOS="928" HPOS="874"/>
							<String ID="string_216" HPOS="888" VPOS="928" WIDTH="39" HEIGHT="21" WC="0.93" CONTENT="har"/><SP WIDTH="15" VPOS="928" HPOS="927"/>
							<String ID="string_217" HPOS="942" VPOS="928" WIDTH="79" HEIGHT="22" WC="0.92" CONTENT="bonde-"/>
						</TextLine>
						<TextLine ID="line_25" HPOS="189" VPOS="956" WIDTH="832" HEIGHT="28">
							<String ID="string_218" HPOS="189" VPOS="956" WIDTH="86" HEIGHT="21" WC="0.94" CONTENT="ståndet"/><SP WIDTH="23" VPOS="956" HPOS="275"/>
							<String ID="string_219" HPOS="298" VPOS="956" WIDTH="75" HEIGHT="22" WC="0.96" CONTENT="önskat"/><SP WIDTH="22" VPOS="956" HPOS="373"/>
							<String ID="string_220" HPOS="395" VPOS="957" WIDTH="30" HEIGHT="21" WC="0.96" CONTENT="uti"/><SP WIDTH="23" VPOS="957" HPOS="425"/>
							<String ID="string_221" HPOS="448" VPOS="963" WIDTH="26" HEIGHT="15" WC="0.96" CONTENT="en"/><SP WIDTH="22" VPOS="963" HPOS="474"/>
							<String ID="string_222" HPOS="496" VPOS="957" WIDTH="92" HEIGHT="21" WC="0.93" CONTENT="särdeles"/><SP WIDTH="21" VPOS="957" HPOS="588"/>
							<String ID="string_223" HPOS="609" VPOS="958" WIDTH="65" HEIGHT="26" WC="0.92" CONTENT="vigtig"/><SP WIDTH="16" VPOS="958" HPOS="674"/>
							<String ID="string_224" HPOS="690" VPOS="957" WIDTH="155" HEIGHT="27" WC="0.95" CONTENT="angelägenhet"/><SP WIDTH="14" VPOS="957" HPOS="845"/>
							<String ID="string_225" HPOS="859" VPOS="956" WIDTH="68" HEIGHT="22" WC="0.96" CONTENT="vända"/><SP WIDTH="15" VPOS="956" HPOS="927"/>
							<String ID="string_226" HPOS="942" VPOS="956" WIDTH="31" HEIGHT="27" WC="0.96" CONTENT="sig"/><SP WIDTH="15" VPOS="956" HPOS="973"/>
							<String ID="string_227" HPOS="988" VPOS="956" WIDTH="33" HEIGHT="22" WC="0.96" CONTENT="till"/>
						</TextLine>
						<TextLine ID="line_26" HPOS="189" VPOS="984" WIDTH="832" HEIGHT="26">
							<String ID="string_228" HPOS="189" VPOS="984" WIDTH="57" HEIGHT="26" WC="0.87" CONTENT="högl."/><SP WIDTH="16" VPOS="984" HPOS="246"/>
							<String ID="string_229" HPOS="262" VPOS="984" WIDTH="24" HEIGHT="22" WC="0.89" CONTENT="R."/><SP WIDTH="17" VPOS="984" HPOS="286"/>
							<String ID="string_230" HPOS="303" VPOS="991" WIDTH="19" HEIGHT="15" WC="0.91" CONTENT="o."/><SP WIDTH="17" VPOS="991" HPOS="322"/>
							<String ID="string_231" HPOS="339" VPOS="986" WIDTH="25" HEIGHT="20" WC="0.91" CONTENT="A."/><SP WIDTH="29" VPOS="986" HPOS="364"/>
							<String ID="string_232" HPOS="393" VPOS="985" WIDTH="45" HEIGHT="21" WC="0.95" CONTENT="Allt"/><SP WIDTH="14" VPOS="985" HPOS="438"/>
							<String ID="string_233" HPOS="452" VPOS="986" WIDTH="63" HEIGHT="20" WC="0.96" CONTENT="sedan"/><SP WIDTH="16" VPOS="986" HPOS="515"/>
							<String ID="string_234" HPOS="531" VPOS="986" WIDTH="47" HEIGHT="21" WC="0.96" CONTENT="vårt"/><SP WIDTH="15" VPOS="986" HPOS="578"/>
							<String ID="string_235" HPOS="593" VPOS="986" WIDTH="186" HEIGHT="21" WC="0.96" CONTENT="konstitutionella"/><SP WIDTH="21" VPOS="986" HPOS="779"/>
							<String ID="string_236" HPOS="800" VPOS="985" WIDTH="113" HEIGHT="21" WC="0.96" CONTENT="statsskick"/><SP WIDTH="16" VPOS="985" HPOS="913"/>
							<String ID="string_237" HPOS="929" VPOS="984" WIDTH="32" HEIGHT="22" WC="0.96" CONTENT="för"/><SP WIDTH="15" VPOS="984" HPOS="961"/>
							<String ID="string_238" HPOS="976" VPOS="991" WIDTH="45" HEIGHT="15" WC="0.96" CONTENT="mer"/>
						</TextLine>
						<TextLine ID="line_27" HPOS="188" VPOS="1013" WIDTH="833" HEIGHT="28">
							<String ID="string_239" HPOS="188" VPOS="1014" WIDTH="28" HEIGHT="20" WC="0.96" CONTENT="än"/><SP WIDTH="17" VPOS="1014" HPOS="216"/>
							<String ID="string_240" HPOS="233" VPOS="1014" WIDTH="26" HEIGHT="20" WC="0.96" CONTENT="20"/><SP WIDTH="15" VPOS="1014" HPOS="259"/>
							<String ID="string_241" HPOS="274" VPOS="1014" WIDTH="25" HEIGHT="20" WC="0.96" CONTENT="år"/><SP WIDTH="15" VPOS="1014" HPOS="299"/>
							<String ID="string_242" HPOS="314" VPOS="1014" WIDTH="64" HEIGHT="20" WC="0.91" CONTENT="sedan"/><SP WIDTH="15" VPOS="1014" HPOS="378"/>
							<String ID="string_243" HPOS="393" VPOS="1014" WIDTH="183" HEIGHT="26" WC="0.91" CONTENT="återupplifvades,"/><SP WIDTH="17" VPOS="1014" HPOS="576"/>
							<String ID="string_244" HPOS="593" VPOS="1014" WIDTH="40" HEIGHT="22" WC="0.96" CONTENT="har"/><SP WIDTH="14" VPOS="1014" HPOS="633"/>
							<String ID="string_245" HPOS="647" VPOS="1014" WIDTH="73" HEIGHT="27" WC="0.96" CONTENT="frågan"/><SP WIDTH="17" VPOS="1014" HPOS="720"/>
							<String ID="string_246" HPOS="737" VPOS="1020" WIDTH="35" HEIGHT="16" WC="0.96" CONTENT="om"/><SP WIDTH="17" VPOS="1020" HPOS="772"/>
							<String ID="string_247" HPOS="789" VPOS="1016" WIDTH="30" HEIGHT="19" WC="0.93" CONTENT="ett"/><SP WIDTH="15" VPOS="1016" HPOS="819"/>
							<String ID="string_248" HPOS="834" VPOS="1013" WIDTH="133" HEIGHT="27" WC="0.92" CONTENT="ständerhus,"/><SP WIDTH="17" VPOS="1013" HPOS="967"/>
							<String ID="string_249" HPOS="984" VPOS="1014" WIDTH="37" HEIGHT="21" WC="0.96" CONTENT="der"/>
						</TextLine>
						<TextLine ID="line_28" HPOS="189" VPOS="1041" WIDTH="830" HEIGHT="28">
							<String ID="string_250" HPOS="189" VPOS="1041" WIDTH="27" HEIGHT="21" WC="0.96" CONTENT="de"/><SP WIDTH="23" VPOS="1041" HPOS="216"/>
							<String ID="string_251" HPOS="239" VPOS="1041" WIDTH="76" HEIGHT="21" WC="0.96" CONTENT="ofrälse"/><SP WIDTH="23" VPOS="1041" HPOS="315"/>
							<String ID="string_252" HPOS="338" VPOS="1042" WIDTH="88" HEIGHT="21" WC="0.96" CONTENT="stånden"/><SP WIDTH="18" VPOS="1042" HPOS="426"/>
							<String ID="string_253" HPOS="444" VPOS="1042" WIDTH="70" HEIGHT="22" WC="0.96" CONTENT="kunde"/><SP WIDTH="15" VPOS="1042" HPOS="514"/>
							<String ID="string_254" HPOS="529" VPOS="1042" WIDTH="56" HEIGHT="22" WC="0.96" CONTENT="hålla"/><SP WIDTH="16" VPOS="1042" HPOS="585"/>
							<String ID="string_255" HPOS="601" VPOS="1043" WIDTH="46" HEIGHT="21" WC="0.96" CONTENT="sina"/><SP WIDTH="15" VPOS="1043" HPOS="647"/>
							<String ID="string_256" HPOS="662" VPOS="1042" WIDTH="180" HEIGHT="26" WC="0.95" CONTENT="sammanträden,"/><SP WIDTH="16" VPOS="1042" HPOS="842"/>
							<String ID="string_257" HPOS="858" VPOS="1042" WIDTH="54" HEIGHT="21" WC="0.96" CONTENT="varit"/><SP WIDTH="15" VPOS="1042" HPOS="912"/>
							<String ID="string_258" HPOS="927" VPOS="1042" WIDTH="27" HEIGHT="26" WC="0.93" CONTENT="på"/><SP WIDTH="16" VPOS="1042" HPOS="954"/>
							<String ID="string_259" HPOS="970" VPOS="1042" WIDTH="49" HEIGHT="27" WC="0.92" CONTENT="dag-"/>
						</TextLine>
						<TextLine ID="line_29" HPOS="189" VPOS="1070" WIDTH="832" HEIGHT="27">
							<String ID="string_260" HPOS="189" VPOS="1070" WIDTH="118" HEIGHT="26" WC="0.96" CONTENT="ordningen"/><SP WIDTH="15" VPOS="1070" HPOS="307"/>
							<String ID="string_261" HPOS="322" VPOS="1070" WIDTH="39" HEIGHT="21" WC="0.96" CONTENT="och"/><SP WIDTH="14" VPOS="1070" HPOS="361"/>
							<String ID="string_262" HPOS="375" VPOS="1070" WIDTH="23" HEIGHT="27" WC="0.96" CONTENT="ju"/><SP WIDTH="15" VPOS="1070" HPOS="398"/>
							<String ID="string_263" HPOS="413" VPOS="1071" WIDTH="71" HEIGHT="26" WC="0.96" CONTENT="längre"/><SP WIDTH="16" VPOS="1071" HPOS="484"/>
							<String ID="string_264" HPOS="500" VPOS="1072" WIDTH="47" HEIGHT="20" WC="0.96" CONTENT="dess"/><SP WIDTH="15" VPOS="1072" HPOS="547"/>
							<String ID="string_265" HPOS="562" VPOS="1078" WIDTH="60" HEIGHT="15" WC="0.96" CONTENT="mera"/><SP WIDTH="15" VPOS="1078" HPOS="622"/>
							<String ID="string_266" HPOS="637" VPOS="1071" WIDTH="39" HEIGHT="21" WC="0.93" CONTENT="har"/><SP WIDTH="17" VPOS="1071" HPOS="676"/>
							<String ID="string_267" HPOS="693" VPOS="1071" WIDTH="99" HEIGHT="21" WC="0.92" CONTENT="behofvet"/><SP WIDTH="15" VPOS="1071" HPOS="792"/>
							<String ID="string_268" HPOS="807" VPOS="1070" WIDTH="21" HEIGHT="22" WC="0.95" CONTENT="af"/><SP WIDTH="10" VPOS="1070" HPOS="828"/>
							<String ID="string_269" HPOS="838" VPOS="1073" WIDTH="31" HEIGHT="19" WC="0.95" CONTENT="ett"/><SP WIDTH="10" VPOS="1073" HPOS="869"/>
							<String ID="string_270" HPOS="879" VPOS="1070" WIDTH="76" HEIGHT="22" WC="0.96" CONTENT="sådant"/><SP WIDTH="10" VPOS="1070" HPOS="955"/>
							<String ID="string_271" HPOS="965" VPOS="1070" WIDTH="56" HEIGHT="27" WC="0.96" CONTENT="gjort"/>
						</TextLine>
						<TextLine ID="line_30" HPOS="189" VPOS="1098" WIDTH="832" HEIGHT="26">
							<String ID="string_272" HPOS="189" VPOS="1098" WIDTH="32" HEIGHT="26" WC="0.96" CONTENT="sig"/><SP WIDTH="22" VPOS="1098" HPOS="221"/>
							<String ID="string_273" HPOS="243" VPOS="1098" WIDTH="104" HEIGHT="26" WC="0.95" CONTENT="gällande."/><SP WIDTH="30" VPOS="1098" HPOS="347"/>
							<String ID="string_274" HPOS="377" VPOS="1099" WIDTH="49" HEIGHT="21" WC="0.96" CONTENT="Men"/><SP WIDTH="22" VPOS="1099" HPOS="426"/>
							<String ID="string_275" HPOS="448" VPOS="1099" WIDTH="7" HEIGHT="21" WC="0.96" CONTENT="i"/><SP WIDTH="22" VPOS="1099" HPOS="455"/>
							<String ID="string_276" HPOS="477" VPOS="1106" WIDTH="79" HEIGHT="15" WC="0.96" CONTENT="samma"/><SP WIDTH="20" VPOS="1106" HPOS="556"/>
							<String ID="string_277" HPOS="576" VPOS="1100" WIDTH="49" HEIGHT="21" WC="0.95" CONTENT="mån"/><SP WIDTH="16" VPOS="1100" HPOS="625"/>
							<String ID="string_278" HPOS="641" VPOS="1106" WIDTH="45" HEIGHT="15" WC="0.93" CONTENT="som"/><SP WIDTH="16" VPOS="1106" HPOS="686"/>
							<String ID="string_279" HPOS="702" VPOS="1099" WIDTH="102" HEIGHT="22" WC="0.92" CONTENT="behofvet"/><SP WIDTH="15" VPOS="1099" HPOS="804"/>
							<String ID="string_280" HPOS="819" VPOS="1099" WIDTH="22" HEIGHT="21" WC="0.96" CONTENT="af"/><SP WIDTH="13" VPOS="1099" HPOS="841"/>
							<String ID="string_281" HPOS="854" VPOS="1101" WIDTH="33" HEIGHT="19" WC="0.96" CONTENT="att"/><SP WIDTH="16" VPOS="1101" HPOS="887"/>
							<String ID="string_282" HPOS="903" VPOS="1099" WIDTH="26" HEIGHT="21" WC="0.95" CONTENT="de"/><SP WIDTH="15" VPOS="1099" HPOS="929"/>
							<String ID="string_283" HPOS="944" VPOS="1098" WIDTH="77" HEIGHT="22" WC="0.96" CONTENT="ofrälse"/>
						</TextLine>
						<TextLine ID="line_31" HPOS="188" VPOS="1126" WIDTH="833" HEIGHT="28">
							<String ID="string_284" HPOS="188" VPOS="1126" WIDTH="91" HEIGHT="22" WC="0.96" CONTENT="stånden"/><SP WIDTH="16" VPOS="1126" HPOS="279"/>
							<String ID="string_285" HPOS="295" VPOS="1126" WIDTH="67" HEIGHT="22" WC="0.96" CONTENT="skulle"/><SP WIDTH="15" VPOS="1126" HPOS="362"/>
							<String ID="string_286" HPOS="377" VPOS="1127" WIDTH="20" HEIGHT="21" WC="0.96" CONTENT="få"/><SP WIDTH="16" VPOS="1127" HPOS="397"/>
							<String ID="string_287" HPOS="413" VPOS="1128" WIDTH="35" HEIGHT="21" WC="0.96" CONTENT="tak"/><SP WIDTH="20" VPOS="1128" HPOS="448"/>
							<String ID="string_288" HPOS="468" VPOS="1128" WIDTH="57" HEIGHT="21" WC="0.96" CONTENT="öfver"/><SP WIDTH="15" VPOS="1128" HPOS="525"/>
							<String ID="string_289" HPOS="540" VPOS="1128" WIDTH="103" HEIGHT="22" WC="0.95" CONTENT="hufvudet"/><SP WIDTH="15" VPOS="1128" HPOS="643"/>
							<String ID="string_290" HPOS="658" VPOS="1128" WIDTH="68" HEIGHT="21" WC="0.95" CONTENT="blifvit"/><SP WIDTH="15" VPOS="1128" HPOS="726"/>
							<String ID="string_291" HPOS="741" VPOS="1128" WIDTH="39" HEIGHT="22" WC="0.96" CONTENT="allt"/><SP WIDTH="15" VPOS="1128" HPOS="780"/>
							<String ID="string_292" HPOS="795" VPOS="1134" WIDTH="59" HEIGHT="15" WC="0.93" CONTENT="mera"/><SP WIDTH="14" VPOS="1134" HPOS="854"/>
							<String ID="string_293" HPOS="868" VPOS="1127" WIDTH="97" HEIGHT="27" WC="0.91" CONTENT="känbart,"/><SP WIDTH="17" VPOS="1127" HPOS="965"/>
							<String ID="string_294" HPOS="982" VPOS="1127" WIDTH="39" HEIGHT="21" WC="0.96" CONTENT="har"/>
						</TextLine>
						<TextLine ID="line_32" HPOS="188" VPOS="1154" WIDTH="833" HEIGHT="29">
							<String ID="string_295" HPOS="188" VPOS="1154" WIDTH="111" HEIGHT="28" WC="0.96" CONTENT="lösningen"/><SP WIDTH="16" VPOS="1154" HPOS="299"/>
							<String ID="string_296" HPOS="315" VPOS="1155" WIDTH="22" HEIGHT="22" WC="0.96" CONTENT="af"/><SP WIDTH="15" VPOS="1155" HPOS="337"/>
							<String ID="string_297" HPOS="352" VPOS="1156" WIDTH="67" HEIGHT="22" WC="0.96" CONTENT="denna"/><SP WIDTH="15" VPOS="1156" HPOS="419"/>
							<String ID="string_298" HPOS="434" VPOS="1156" WIDTH="59" HEIGHT="27" WC="0.96" CONTENT="fråga"/><SP WIDTH="15" VPOS="1156" HPOS="493"/>
							<String ID="string_299" HPOS="508" VPOS="1156" WIDTH="37" HEIGHT="22" WC="0.96" CONTENT="allt"/><SP WIDTH="15" VPOS="1156" HPOS="545"/>
							<String ID="string_300" HPOS="560" VPOS="1163" WIDTH="60" HEIGHT="15" WC="0.96" CONTENT="mera"/><SP WIDTH="15" VPOS="1163" HPOS="620"/>
							<String ID="string_301" HPOS="635" VPOS="1158" WIDTH="24" HEIGHT="20" WC="0.96" CONTENT="så"/><SP WIDTH="15" VPOS="1158" HPOS="659"/>
							<String ID="string_302" HPOS="674" VPOS="1159" WIDTH="32" HEIGHT="19" WC="0.96" CONTENT="att"/><SP WIDTH="15" VPOS="1159" HPOS="706"/>
							<String ID="string_303" HPOS="721" VPOS="1159" WIDTH="52" HEIGHT="24" WC="0.93" CONTENT="säga"/><SP WIDTH="16" VPOS="1159" HPOS="773"/>
							<String ID="string_304" HPOS="789" VPOS="1156" WIDTH="58" HEIGHT="21" WC="0.92" CONTENT="trädt"/><SP WIDTH="11" VPOS="1156" HPOS="847"/>
							<String ID="string_305" HPOS="858" VPOS="1156" WIDTH="93" HEIGHT="21" WC="0.94" CONTENT="tillbaka."/><SP WIDTH="28" VPOS="1156" HPOS="951"/>
							<String ID="string_306" HPOS="979" VPOS="1155" WIDTH="42" HEIGHT="22" WC="0.95" CONTENT="Vid"/>
						</TextLine>
						<TextLine ID="line_33" HPOS="187" VPOS="1183" WIDTH="834" HEIGHT="29">
							<String ID="string_307" HPOS="187" VPOS="1183" WIDTH="76" HEIGHT="27" WC="0.96" CONTENT="början"/><SP WIDTH="24" VPOS="1183" HPOS="263"/>
							<String ID="string_308" HPOS="287" VPOS="1183" WIDTH="22" HEIGHT="22" WC="0.96" CONTENT="af"/><SP WIDTH="21" VPOS="1183" HPOS="309"/>
							<String ID="string_309" HPOS="330" VPOS="1184" WIDTH="68" HEIGHT="21" WC="0.93" CONTENT="denna"/><SP WIDTH="18" VPOS="1184" HPOS="398"/>
							<String ID="string_310" HPOS="416" VPOS="1184" WIDTH="100" HEIGHT="28" WC="0.91" CONTENT="landtdag"/><SP WIDTH="19" VPOS="1184" HPOS="516"/>
							<String ID="string_311" HPOS="535" VPOS="1185" WIDTH="61" HEIGHT="27" WC="0.96" CONTENT="hyste"/><SP WIDTH="20" VPOS="1185" HPOS="596"/>
							<String ID="string_312" HPOS="616" VPOS="1192" WIDTH="49" HEIGHT="15" WC="0.96" CONTENT="man"/><SP WIDTH="19" VPOS="1192" HPOS="665"/>
							<String ID="string_313" HPOS="684" VPOS="1186" WIDTH="41" HEIGHT="20" WC="0.96" CONTENT="den"/><SP WIDTH="19" VPOS="1186" HPOS="725"/>
							<String ID="string_314" HPOS="744" VPOS="1185" WIDTH="56" HEIGHT="21" WC="0.93" CONTENT="fasta"/><SP WIDTH="20" VPOS="1185" HPOS="800"/>
							<String ID="string_315" HPOS="820" VPOS="1184" WIDTH="107" HEIGHT="27" WC="0.88" CONTENT="tillförsigt"/><SP WIDTH="15" VPOS="1184" HPOS="927"/>
							<String ID="string_316" HPOS="942" VPOS="1186" WIDTH="32" HEIGHT="19" WC="0.93" CONTENT="att"/><SP WIDTH="15" VPOS="1186" HPOS="974"/>
							<String ID="string_317" HPOS="989" VPOS="1185" WIDTH="32" HEIGHT="21" WC="0.93" CONTENT="åt-"/>
						</TextLine>
						<TextLine ID="line_34" HPOS="188" VPOS="1212" WIDTH="832" HEIGHT="28">
							<String ID="string_318" HPOS="188" VPOS="1212" WIDTH="106" HEIGHT="21" WC="0.91" CONTENT="minstone"/><SP WIDTH="22" VPOS="1212" HPOS="294"/>
							<String ID="string_319" HPOS="316" VPOS="1218" WIDTH="28" HEIGHT="15" WC="0.95" CONTENT="nu"/><SP WIDTH="23" VPOS="1218" HPOS="344"/>
							<String ID="string_320" HPOS="367" VPOS="1212" WIDTH="72" HEIGHT="28" WC="0.96" CONTENT="frågan"/><SP WIDTH="23" VPOS="1212" HPOS="439"/>
							<String ID="string_321" HPOS="462" VPOS="1214" WIDTH="90" HEIGHT="21" WC="0.96" CONTENT="omsider"/><SP WIDTH="15" VPOS="1214" HPOS="552"/>
							<String ID="string_322" HPOS="567" VPOS="1214" WIDTH="68" HEIGHT="21" WC="0.96" CONTENT="skulle"/><SP WIDTH="16" VPOS="1214" HPOS="635"/>
							<String ID="string_323" HPOS="651" VPOS="1214" WIDTH="72" HEIGHT="21" WC="0.93" CONTENT="kunna"/><SP WIDTH="15" VPOS="1214" HPOS="723"/>
							<String ID="string_324" HPOS="738" VPOS="1213" WIDTH="87" HEIGHT="26" WC="0.92" CONTENT="bringas"/><SP WIDTH="16" VPOS="1213" HPOS="825"/>
							<String ID="string_325" HPOS="841" VPOS="1212" WIDTH="31" HEIGHT="22" WC="0.95" CONTENT="till"/><SP WIDTH="16" VPOS="1212" HPOS="872"/>
							<String ID="string_326" HPOS="888" VPOS="1215" WIDTH="31" HEIGHT="19" WC="0.96" CONTENT="ett"/><SP WIDTH="14" VPOS="1215" HPOS="919"/>
							<String ID="string_327" HPOS="933" VPOS="1212" WIDTH="87" HEIGHT="28" WC="0.96" CONTENT="lyckligt"/>
						</TextLine>
						<TextLine ID="line_35" HPOS="187" VPOS="1240" WIDTH="833" HEIGHT="29">
							<String ID="string_328" HPOS="187" VPOS="1240" WIDTH="49" HEIGHT="21" WC="0.95" CONTENT="slut."/><SP WIDTH="32" VPOS="1240" HPOS="236"/>
							<String ID="string_329" HPOS="268" VPOS="1241" WIDTH="125" HEIGHT="22" WC="0.95" CONTENT="Emellertid"/><SP WIDTH="22" VPOS="1241" HPOS="393"/>
							<String ID="string_330" HPOS="415" VPOS="1242" WIDTH="38" HEIGHT="21" WC="0.95" CONTENT="har"/><SP WIDTH="23" VPOS="1242" HPOS="453"/>
							<String ID="string_331" HPOS="476" VPOS="1243" WIDTH="34" HEIGHT="20" WC="0.96" CONTENT="det"/><SP WIDTH="23" VPOS="1243" HPOS="510"/>
							<String ID="string_332" HPOS="533" VPOS="1243" WIDTH="55" HEIGHT="20" WC="0.96" CONTENT="visat"/><SP WIDTH="22" VPOS="1243" HPOS="588"/>
							<String ID="string_333" HPOS="610" VPOS="1243" WIDTH="32" HEIGHT="26" WC="0.96" CONTENT="sig"/><SP WIDTH="22" VPOS="1243" HPOS="642"/>
							<String ID="string_334" HPOS="664" VPOS="1245" WIDTH="32" HEIGHT="18" WC="0.96" CONTENT="att"/><SP WIDTH="23" VPOS="1245" HPOS="696"/>
							<String ID="string_335" HPOS="719" VPOS="1242" WIDTH="161" HEIGHT="27" WC="0.96" CONTENT="svårigheterna"/><SP WIDTH="15" VPOS="1242" HPOS="880"/>
							<String ID="string_336" HPOS="895" VPOS="1241" WIDTH="38" HEIGHT="22" WC="0.93" CONTENT="allt"/><SP WIDTH="15" VPOS="1241" HPOS="933"/>
							<String ID="string_337" HPOS="948" VPOS="1242" WIDTH="72" HEIGHT="21" WC="0.92" CONTENT="fortfa-"/>
						</TextLine>
						<TextLine ID="line_36" HPOS="187" VPOS="1269" WIDTH="834" HEIGHT="28">
							<String ID="string_338" HPOS="187" VPOS="1269" WIDTH="66" HEIGHT="22" WC="0.95" CONTENT="rande"/><SP WIDTH="16" VPOS="1269" HPOS="253"/>
							<String ID="string_339" HPOS="269" VPOS="1272" WIDTH="37" HEIGHT="19" WC="0.96" CONTENT="äro"/><SP WIDTH="16" VPOS="1272" HPOS="306"/>
							<String ID="string_340" HPOS="322" VPOS="1272" WIDTH="76" HEIGHT="19" WC="0.93" CONTENT="nästan"/><SP WIDTH="16" VPOS="1272" HPOS="398"/>
							<String ID="string_341" HPOS="414" VPOS="1271" WIDTH="193" HEIGHT="26" WC="0.88" CONTENT="oöfvervinnerliga."/><SP WIDTH="28" VPOS="1271" HPOS="607"/>
							<String ID="string_342" HPOS="635" VPOS="1271" WIDTH="163" HEIGHT="21" WC="0.92" CONTENT="Bondeståndet"/><SP WIDTH="15" VPOS="1271" HPOS="798"/>
							<String ID="string_343" HPOS="813" VPOS="1270" WIDTH="39" HEIGHT="21" WC="0.96" CONTENT="har"/><SP WIDTH="15" VPOS="1270" HPOS="852"/>
							<String ID="string_344" HPOS="867" VPOS="1270" WIDTH="64" HEIGHT="21" WC="0.95" CONTENT="likväl"/><SP WIDTH="16" VPOS="1270" HPOS="931"/>
							<String ID="string_345" HPOS="947" VPOS="1270" WIDTH="74" HEIGHT="21" WC="0.87" CONTENT="ännu"/><SP WIDTH="-13" VPOS="1270" HPOS="1021"/>
							<String ID="string_346" HPOS="1008" VPOS="1265" WIDTH="17" HEIGHT="37" WC="0.87" CONTENT="i"/>
						</TextLine>
						<TextLine ID="line_37" HPOS="187" VPOS="1297" WIDTH="833" HEIGHT="28">
							<String ID="string_347" HPOS="187" VPOS="1297" WIDTH="140" HEIGHT="28" WC="0.91" CONTENT="landtdagens"/><SP WIDTH="16" VPOS="1297" HPOS="327"/>
							<String ID="string_348" HPOS="343" VPOS="1299" WIDTH="52" HEIGHT="21" WC="0.96" CONTENT="sista"/><SP WIDTH="14" VPOS="1299" HPOS="395"/>
							<String ID="string_349" HPOS="409" VPOS="1299" WIDTH="72" HEIGHT="21" WC="0.96" CONTENT="timme"/><SP WIDTH="16" VPOS="1299" HPOS="481"/>
							<String ID="string_350" HPOS="497" VPOS="1299" WIDTH="45" HEIGHT="22" WC="0.96" CONTENT="icke"/><SP WIDTH="16" VPOS="1299" HPOS="542"/>
							<String ID="string_351" HPOS="558" VPOS="1299" WIDTH="83" HEIGHT="22" WC="0.93" CONTENT="kunnat"/><SP WIDTH="15" VPOS="1299" HPOS="641"/>
							<String ID="string_352" HPOS="656" VPOS="1299" WIDTH="54" HEIGHT="22" WC="0.91" CONTENT="afstå"/><SP WIDTH="15" VPOS="1299" HPOS="710"/>
							<String ID="string_353" HPOS="725" VPOS="1299" WIDTH="47" HEIGHT="22" WC="0.96" CONTENT="från"/><SP WIDTH="18" VPOS="1299" HPOS="772"/>
							<String ID="string_354" HPOS="790" VPOS="1299" WIDTH="40" HEIGHT="21" WC="0.96" CONTENT="den"/><SP WIDTH="16" VPOS="1299" HPOS="830"/>
							<String ID="string_355" HPOS="846" VPOS="1299" WIDTH="63" HEIGHT="21" WC="0.96" CONTENT="tanke"/><SP WIDTH="16" VPOS="1299" HPOS="909"/>
							<String ID="string_356" HPOS="925" VPOS="1298" WIDTH="39" HEIGHT="21" WC="0.93" CONTENT="och"/><SP WIDTH="15" VPOS="1298" HPOS="964"/>
							<String ID="string_357" HPOS="979" VPOS="1298" WIDTH="41" HEIGHT="21" WC="0.93" CONTENT="för-"/>
						</TextLine>
						<TextLine ID="line_38" HPOS="187" VPOS="1325" WIDTH="833" HEIGHT="33">
							<String ID="string_358" HPOS="187" VPOS="1325" WIDTH="109" HEIGHT="33" WC="0.96" CONTENT="hoppning"/><SP WIDTH="23" VPOS="1325" HPOS="296"/>
							<String ID="string_359" HPOS="319" VPOS="1329" WIDTH="31" HEIGHT="19" WC="0.96" CONTENT="att"/><SP WIDTH="23" VPOS="1329" HPOS="350"/>
							<String ID="string_360" HPOS="373" VPOS="1327" WIDTH="111" HEIGHT="27" WC="0.96" CONTENT="möjligtvis"/><SP WIDTH="23" VPOS="1327" HPOS="484"/>
							<String ID="string_361" HPOS="507" VPOS="1334" WIDTH="25" HEIGHT="15" WC="0.96" CONTENT="en"/><SP WIDTH="23" VPOS="1334" HPOS="532"/>
							<String ID="string_362" HPOS="555" VPOS="1328" WIDTH="84" HEIGHT="26" WC="0.95" CONTENT="lösning"/><SP WIDTH="21" VPOS="1328" HPOS="639"/>
							<String ID="string_363" HPOS="660" VPOS="1327" WIDTH="22" HEIGHT="22" WC="0.96" CONTENT="af"/><SP WIDTH="14" VPOS="1327" HPOS="682"/>
							<String ID="string_364" HPOS="696" VPOS="1328" WIDTH="70" HEIGHT="21" WC="0.92" CONTENT="denna"/><SP WIDTH="15" VPOS="1328" HPOS="766"/>
							<String ID="string_365" HPOS="781" VPOS="1327" WIDTH="80" HEIGHT="27" WC="0.91" CONTENT="vigtiga"/><SP WIDTH="15" VPOS="1327" HPOS="861"/>
							<String ID="string_366" HPOS="876" VPOS="1327" WIDTH="59" HEIGHT="26" WC="0.96" CONTENT="fråga"/><SP WIDTH="14" VPOS="1327" HPOS="935"/>
							<String ID="string_367" HPOS="949" VPOS="1327" WIDTH="71" HEIGHT="21" WC="0.96" CONTENT="kunde"/>
						</TextLine>
						<TextLine ID="line_39" HPOS="187" VPOS="1355" WIDTH="832" HEIGHT="28">
							<String ID="string_368" HPOS="187" VPOS="1354" WIDTH="80" HEIGHT="24" WC="0.95" CONTENT="vinnas,"/><SP WIDTH="27" VPOS="1354" HPOS="267"/>
							<String ID="string_369" HPOS="294" VPOS="1362" WIDTH="77" HEIGHT="19" WC="0.94" CONTENT="genom"/><SP WIDTH="26" VPOS="1362" HPOS="371"/>
							<String ID="string_370" HPOS="397" VPOS="1359" WIDTH="30" HEIGHT="18" WC="0.94" CONTENT="ett"/><SP WIDTH="27" VPOS="1359" HPOS="427"/>
							<String ID="string_371" HPOS="454" VPOS="1357" WIDTH="120" HEIGHT="26" WC="0.95" CONTENT="ömsesidigt"/><SP WIDTH="27" VPOS="1357" HPOS="574"/>
							<String ID="string_372" HPOS="601" VPOS="1356" WIDTH="186" HEIGHT="26" WC="0.96" CONTENT="tillmötesgående"/><SP WIDTH="23" VPOS="1356" HPOS="787"/>
							<String ID="string_373" HPOS="810" VPOS="1355" WIDTH="90" HEIGHT="22" WC="0.96" CONTENT="stånden"/><SP WIDTH="23" VPOS="1355" HPOS="900"/>
							<String ID="string_374" HPOS="923" VPOS="1355" WIDTH="96" HEIGHT="21" WC="0.94" CONTENT="emellan."/>
						</TextLine>
						<TextLine ID="line_40" HPOS="187" VPOS="1382" WIDTH="834" HEIGHT="29">
							<String ID="string_375" HPOS="187" VPOS="1382" WIDTH="33" HEIGHT="21" WC="0.96" CONTENT="Då"/><SP WIDTH="19" VPOS="1382" HPOS="220"/>
							<String ID="string_376" HPOS="239" VPOS="1383" WIDTH="156" HEIGHT="22" WC="0.96" CONTENT="bondeståndet"/><SP WIDTH="14" VPOS="1383" HPOS="395"/>
							<String ID="string_377" HPOS="409" VPOS="1384" WIDTH="7" HEIGHT="21" WC="0.96" CONTENT="i"/><SP WIDTH="17" VPOS="1384" HPOS="416"/>
							<String ID="string_378" HPOS="433" VPOS="1385" WIDTH="39" HEIGHT="26" WC="0.96" CONTENT="dag"/><SP WIDTH="15" VPOS="1385" HPOS="472"/>
							<String ID="string_379" HPOS="487" VPOS="1373" WIDTH="132" HEIGHT="33" WC="0.91" CONTENT="behandlade"/><SP WIDTH="16" VPOS="1373" HPOS="619"/>
							<String ID="string_380" HPOS="635" VPOS="1373" WIDTH="173" HEIGHT="33" WC="0.91" CONTENT="statsutskottets"/><SP WIDTH="15" VPOS="1373" HPOS="808"/>
							<String ID="string_381" HPOS="823" VPOS="1384" WIDTH="134" HEIGHT="21" WC="0.95" CONTENT="betänkande"/><SP WIDTH="16" VPOS="1384" HPOS="957"/>
							<String ID="string_382" HPOS="973" VPOS="1383" WIDTH="48" HEIGHT="22" WC="0.96" CONTENT="med"/>
						</TextLine>
						<TextLine ID="line_41" HPOS="187" VPOS="1411" WIDTH="834" HEIGHT="29">
							<String ID="string_383" HPOS="187" VPOS="1411" WIDTH="114" HEIGHT="28" WC="0.96" CONTENT="anledning"/><SP WIDTH="23" VPOS="1411" HPOS="301"/>
							<String ID="string_384" HPOS="324" VPOS="1412" WIDTH="22" HEIGHT="21" WC="0.92" CONTENT="af"/><SP WIDTH="21" VPOS="1412" HPOS="346"/>
							<String ID="string_385" HPOS="367" VPOS="1413" WIDTH="285" HEIGHT="27" WC="0.91" CONTENT="ständerhusdelegationens"/><SP WIDTH="19" VPOS="1413" HPOS="652"/>
							<String ID="string_386" HPOS="671" VPOS="1413" WIDTH="123" HEIGHT="26" WC="0.96" CONTENT="berättelse,"/><SP WIDTH="17" VPOS="1413" HPOS="794"/>
							<String ID="string_387" HPOS="811" VPOS="1413" WIDTH="39" HEIGHT="21" WC="0.96" CONTENT="har"/><SP WIDTH="15" VPOS="1413" HPOS="850"/>
							<String ID="string_388" HPOS="865" VPOS="1412" WIDTH="156" HEIGHT="21" WC="0.96" CONTENT="bondeståndet"/>
						</TextLine>
						<TextLine ID="line_42" HPOS="187" VPOS="1440" WIDTH="832" HEIGHT="29">
							<String ID="string_389" HPOS="187" VPOS="1442" WIDTH="54" HEIGHT="18" WC="0.95" CONTENT="trott"/><SP WIDTH="22" VPOS="1442" HPOS="241"/>
							<String ID="string_390" HPOS="263" VPOS="1443" WIDTH="33" HEIGHT="18" WC="0.96" CONTENT="att"/><SP WIDTH="19" VPOS="1443" HPOS="296"/>
							<String ID="string_391" HPOS="315" VPOS="1441" WIDTH="35" HEIGHT="20" WC="0.96" CONTENT="det"/><SP WIDTH="15" VPOS="1441" HPOS="350"/>
							<String ID="string_392" HPOS="365" VPOS="1440" WIDTH="78" HEIGHT="27" WC="0.95" CONTENT="förslag"/><SP WIDTH="15" VPOS="1440" HPOS="443"/>
							<String ID="string_393" HPOS="458" VPOS="1441" WIDTH="31" HEIGHT="21" WC="0.93" CONTENT="till"/><SP WIDTH="16" VPOS="1441" HPOS="489"/>
							<String ID="string_394" HPOS="505" VPOS="1441" WIDTH="209" HEIGHT="28" WC="0.87" CONTENT="sammanjemkning,"/><SP WIDTH="17" VPOS="1441" HPOS="714"/>
							<String ID="string_395" HPOS="731" VPOS="1448" WIDTH="47" HEIGHT="15" WC="0.96" CONTENT="som"/><SP WIDTH="16" VPOS="1448" HPOS="778"/>
							<String ID="string_396" HPOS="794" VPOS="1441" WIDTH="160" HEIGHT="22" WC="0.93" CONTENT="statsutskottet"/><SP WIDTH="15" VPOS="1441" HPOS="954"/>
							<String ID="string_397" HPOS="969" VPOS="1447" WIDTH="50" HEIGHT="20" WC="0.90" CONTENT="upp-"/>
						</TextLine>
						<TextLine ID="line_43" HPOS="186" VPOS="1457" WIDTH="834" HEIGHT="39">
							<String ID="string_398" HPOS="186" VPOS="1467" WIDTH="62" HEIGHT="27" WC="0.96" CONTENT="gjort,"/><SP WIDTH="17" VPOS="1467" HPOS="248"/>
							<String ID="string_399" HPOS="265" VPOS="1469" WIDTH="68" HEIGHT="21" WC="0.96" CONTENT="skulle"/><SP WIDTH="16" VPOS="1469" HPOS="333"/>
							<String ID="string_400" HPOS="349" VPOS="1469" WIDTH="70" HEIGHT="22" WC="0.95" CONTENT="kunna"/><SP WIDTH="11" VPOS="1469" HPOS="419"/>
							<String ID="string_401" HPOS="430" VPOS="1457" WIDTH="61" HEIGHT="34" WC="0.90" CONTENT="bilda"/><SP WIDTH="15" VPOS="1457" HPOS="491"/>
							<String ID="string_402" HPOS="506" VPOS="1476" WIDTH="25" HEIGHT="15" WC="0.96" CONTENT="en"/><SP WIDTH="16" VPOS="1476" HPOS="531"/>
							<String ID="string_403" HPOS="547" VPOS="1470" WIDTH="38" HEIGHT="21" WC="0.95" CONTENT="bas"/><SP WIDTH="15" VPOS="1470" HPOS="585"/>
							<String ID="string_404" HPOS="600" VPOS="1470" WIDTH="33" HEIGHT="21" WC="0.96" CONTENT="för"/><SP WIDTH="12" VPOS="1470" HPOS="633"/>
							<String ID="string_405" HPOS="645" VPOS="1473" WIDTH="31" HEIGHT="18" WC="0.93" CONTENT="ett"/><SP WIDTH="10" VPOS="1473" HPOS="676"/>
							<String ID="string_406" HPOS="686" VPOS="1469" WIDTH="157" HEIGHT="27" WC="0.92" CONTENT="samstämmigt"/><SP WIDTH="11" VPOS="1469" HPOS="843"/>
							<String ID="string_407" HPOS="854" VPOS="1469" WIDTH="85" HEIGHT="21" WC="0.95" CONTENT="beslut"/><SP WIDTH="-2" VPOS="1469" HPOS="939"/>
							<String ID="string_408" HPOS="937" VPOS="1465" WIDTH="12" HEIGHT="35" WC="0.96" CONTENT="i"/><SP WIDTH="3" VPOS="1465" HPOS="949"/>
							<String ID="string_409" HPOS="952" VPOS="1469" WIDTH="68" HEIGHT="21" WC="0.96" CONTENT="denna"/>
						</TextLine>
						<TextLine ID="line_44" HPOS="186" VPOS="1496" WIDTH="835" HEIGHT="28">
							<String ID="string_410" HPOS="186" VPOS="1496" WIDTH="65" HEIGHT="27" WC="0.82" CONTENT="fråga."/><SP WIDTH="32" VPOS="1496" HPOS="251"/>
							<String ID="string_411" HPOS="283" VPOS="1497" WIDTH="160" HEIGHT="22" WC="0.89" CONTENT="Bondeständet"/><SP WIDTH="15" VPOS="1497" HPOS="443"/>
							<String ID="string_412" HPOS="458" VPOS="1498" WIDTH="38" HEIGHT="21" WC="0.96" CONTENT="har"/><SP WIDTH="16" VPOS="1498" HPOS="496"/>
							<String ID="string_413" HPOS="512" VPOS="1499" WIDTH="70" HEIGHT="21" WC="0.96" CONTENT="derför"/><SP WIDTH="15" VPOS="1499" HPOS="582"/>
							<String ID="string_414" HPOS="597" VPOS="1498" WIDTH="34" HEIGHT="21" WC="0.96" CONTENT="för"/><SP WIDTH="15" VPOS="1498" HPOS="631"/>
							<String ID="string_415" HPOS="646" VPOS="1498" WIDTH="31" HEIGHT="21" WC="0.96" CONTENT="sin"/><SP WIDTH="17" VPOS="1498" HPOS="677"/>
							<String ID="string_416" HPOS="694" VPOS="1499" WIDTH="32" HEIGHT="21" WC="0.96" CONTENT="del"/><SP WIDTH="17" VPOS="1499" HPOS="726"/>
							<String ID="string_417" HPOS="743" VPOS="1497" WIDTH="101" HEIGHT="22" WC="0.93" CONTENT="omfattat"/><SP WIDTH="16" VPOS="1497" HPOS="844"/>
							<String ID="string_418" HPOS="860" VPOS="1497" WIDTH="161" HEIGHT="27" WC="0.91" CONTENT="sammanjemk-"/>
						</TextLine>
						<TextLine ID="line_45" HPOS="186" VPOS="1524" WIDTH="835" HEIGHT="30">
							<String ID="string_419" HPOS="186" VPOS="1524" WIDTH="164" HEIGHT="28" WC="0.90" CONTENT="ningsförslaget"/><SP WIDTH="15" VPOS="1524" HPOS="350"/>
							<String ID="string_420" HPOS="365" VPOS="1526" WIDTH="39" HEIGHT="21" WC="0.96" CONTENT="och"/><SP WIDTH="16" VPOS="1526" HPOS="404"/>
							<String ID="string_421" HPOS="420" VPOS="1528" WIDTH="68" HEIGHT="20" WC="0.96" CONTENT="såsom"/><SP WIDTH="16" VPOS="1528" HPOS="488"/>
							<String ID="string_422" HPOS="504" VPOS="1533" WIDTH="25" HEIGHT="15" WC="0.96" CONTENT="en"/><SP WIDTH="16" VPOS="1533" HPOS="529"/>
							<String ID="string_423" HPOS="545" VPOS="1527" WIDTH="123" HEIGHT="27" WC="0.96" CONTENT="ytterligare"/><SP WIDTH="16" VPOS="1527" HPOS="668"/>
							<String ID="string_424" HPOS="684" VPOS="1527" WIDTH="77" HEIGHT="26" WC="0.96" CONTENT="åtgärd"/><SP WIDTH="17" VPOS="1527" HPOS="761"/>
							<String ID="string_425" HPOS="778" VPOS="1526" WIDTH="6" HEIGHT="21" WC="0.96" CONTENT="i"/><SP WIDTH="17" VPOS="1526" HPOS="784"/>
							<String ID="string_426" HPOS="801" VPOS="1527" WIDTH="69" HEIGHT="20" WC="0.96" CONTENT="denna"/><SP WIDTH="15" VPOS="1527" HPOS="870"/>
							<String ID="string_427" HPOS="885" VPOS="1525" WIDTH="38" HEIGHT="22" WC="0.93" CONTENT="sak"/><SP WIDTH="11" VPOS="1525" HPOS="923"/>
							<String ID="string_428" HPOS="934" VPOS="1525" WIDTH="87" HEIGHT="22" WC="0.92" CONTENT="beslutit"/>
						</TextLine>
						<TextLine ID="line_46" HPOS="186" VPOS="1554" WIDTH="833" HEIGHT="28">
							<String ID="string_429" HPOS="186" VPOS="1555" WIDTH="32" HEIGHT="19" WC="0.93" CONTENT="att"/><SP WIDTH="23" VPOS="1555" HPOS="218"/>
							<String ID="string_430" HPOS="241" VPOS="1554" WIDTH="109" HEIGHT="21" WC="0.92" CONTENT="vördsamt"/><SP WIDTH="18" VPOS="1554" HPOS="350"/>
							<String ID="string_431" HPOS="368" VPOS="1554" WIDTH="38" HEIGHT="22" WC="0.93" CONTENT="hos"/><SP WIDTH="16" VPOS="1554" HPOS="406"/>
							<String ID="string_432" HPOS="422" VPOS="1555" WIDTH="54" HEIGHT="27" WC="0.92" CONTENT="högl."/><SP WIDTH="16" VPOS="1555" HPOS="476"/>
							<String ID="string_433" HPOS="492" VPOS="1555" WIDTH="23" HEIGHT="21" WC="0.97" CONTENT="R."/><SP WIDTH="18" VPOS="1555" HPOS="515"/>
							<String ID="string_434" HPOS="533" VPOS="1562" WIDTH="18" HEIGHT="14" WC="0.95" CONTENT="o."/><SP WIDTH="17" VPOS="1562" HPOS="551"/>
							<String ID="string_435" HPOS="568" VPOS="1556" WIDTH="24" HEIGHT="21" WC="0.93" CONTENT="A."/><SP WIDTH="18" VPOS="1556" HPOS="592"/>
							<String ID="string_436" HPOS="610" VPOS="1555" WIDTH="91" HEIGHT="27" WC="0.96" CONTENT="anhålla,"/><SP WIDTH="17" VPOS="1555" HPOS="701"/>
							<String ID="string_437" HPOS="718" VPOS="1557" WIDTH="31" HEIGHT="20" WC="0.93" CONTENT="att"/><SP WIDTH="17" VPOS="1557" HPOS="749"/>
							<String ID="string_438" HPOS="766" VPOS="1555" WIDTH="57" HEIGHT="27" WC="0.91" CONTENT="högl."/><SP WIDTH="17" VPOS="1555" HPOS="823"/>
							<String ID="string_439" HPOS="840" VPOS="1555" WIDTH="24" HEIGHT="20" WC="0.96" CONTENT="R."/><SP WIDTH="18" VPOS="1555" HPOS="864"/>
							<String ID="string_440" HPOS="882" VPOS="1561" WIDTH="18" HEIGHT="14" WC="0.96" CONTENT="o."/><SP WIDTH="17" VPOS="1561" HPOS="900"/>
							<String ID="string_441" HPOS="917" VPOS="1555" WIDTH="24" HEIGHT="21" WC="0.93" CONTENT="A."/><SP WIDTH="18" VPOS="1555" HPOS="941"/>
							<String ID="string_442" HPOS="959" VPOS="1555" WIDTH="60" HEIGHT="21" WC="0.96" CONTENT="äfven"/>
						</TextLine>
					</TextBlock>
				</ComposedBlock>
				<GraphicalElement ID="cblock_3" HPOS="237" VPOS="739" WIDTH="696" HEIGHT="5"></GraphicalElement >
			</PrintSpace>
		</Page>
	</Layout>
</alto>
