1100 1728
369 140 16 19 R.
398 145 15 14 0.
425 140 16 18 A.
454 140 46 19 1885.
524 140 21 19 22
557 140 36 23 Maj.
808 141 60 26 1,401

72 209 72 22 lerade
166 208 69 22 vilkor
256 208 32 21 för
310 208 147 22 riddarhusets
473 208 115 26 afstäende,
604 215 45 15 som
665 208 40 22 här
718 208 7 21 i
741 208 41 27 dag
796 209 102 27 upplästs,

73 237 67 22 skulle
162 237 104 21 innefatta
285 239 31 19 ett
331 237 139 21 misstroende
486 239 44 19 mot
545 237 146 22 medständen.
721 237 65 24 Detta
800 237 99 27 yttrande

72 267 41 21 har
134 266 103 25 bemötts;
260 271 48 16 men
331 265 70 21 dertill
423 265 36 21 vill
479 265 36 28 jag
538 267 57 20 ännu
610 265 69 27 lägga,
695 267 32 20 att
742 272 26 15 en
783 265 115 28 möjlighet,

72 301 46 15 som
140 294 73 21 säkert
230 294 62 27 ingen
307 293 39 22 här
360 294 73 25 glömt,
450 294 54 21 dock
519 294 47 21 icke
581 293 68 22 blifvit
664 300 74 20 genom
756 294 60 21 dessa
831 293 69 22 vilkor

72 323 109 27 förebygd,
198 323 39 21 och
253 323 36 20 det
304 324 24 19 är
343 322 46 26 den,
406 324 32 19 att
453 322 48 21 med
517 323 12 21 3
545 323 59 21 sidor
619 322 22 22 af
655 329 26 15 en
697 322 96 27 byggnad
810 322 89 21 omsluta

73 351 77 27 planen
172 350 87 22 framför
276 350 135 22 riddarhuset
425 350 6 21 i
447 350 68 22 söder.
545 351 62 21 Hade
623 357 48 15 man
687 350 107 27 verkligen
809 350 44 21 haft
868 352 32 20 ett

72 380 118 21 bottenlöst
204 379 140 21 misstroende
359 381 44 19 mot
419 379 145 26 medständen,
581 380 23 20 sä
619 380 54 20 hade
684 385 48 15 man
744 379 32 21 väl
787 378 113 28 ingalunda

74 408 60 22 åsido
156 408 81 21 lemnat
259 408 68 21 denna
350 407 114 27 möjlighet,
485 414 47 15 men
549 414 48 15 man
613 408 39 21 har
667 407 45 21 haft
727 408 37 21 det
778 407 121 22 förtroende

73 437 33 21 till
129 437 47 21 dem
192 436 40 22 och
246 436 33 22 till
294 436 130 26 regeringen,
441 436 22 21 af
475 436 64 21 hvars
555 436 58 22 bifall
629 436 133 26 naturligtvis
778 438 31 19 ett
824 436 76 21 sädant

73 465 79 27 förslag
174 465 84 21 komme
280 466 32 20 att
334 465 69 21 säsom
422 464 145 22 innefattande
583 471 25 15 en
624 465 89 27 ändring
729 464 21 22 af
764 464 135 28 stadsplanen

73 494 7 22 i
103 494 72 26 hvarje
195 493 100 21 händelse
310 492 59 27 bero,
385 495 32 19 att
431 499 49 15 man
495 493 46 21 icke
558 493 55 21 velat
628 496 51 24 göra
695 495 31 19 ett
741 493 75 21 sädant
831 492 69 22 förbe-

74 522 48 22 håll.
154 522 65 22 Detta
240 522 70 21 såsom
333 528 26 14 en
382 521 165 27 komplettering
569 522 32 21 till
620 525 31 19 ett
666 522 84 26 förslag,
766 522 85 23 hvilket,
867 522 32 20 sä-

74 558 45 15 som
140 551 36 27 jag
198 550 65 22 redan
286 550 46 27 sjelf
349 550 3 21 i
369 550 40 26 dag
424 551 27 26 pä
467 550 144 27 förmiddagen
627 550 45 22 haft
687 552 51 19 äran
754 552 83 24 nämna,
852 550 47 21 icke

74 582 24 20 är
114 580 54 24 mitt,
183 586 48 14 men
246 585 46 15 som
304 579 37 26 jag
356 578 39 21 har
410 581 68 19 ansett
495 579 42 26 mig
553 580 69 20 säsom
638 579 89 21 medlem
744 579 22 21 af
778 578 121 22 riddarhus-

74 608 106 22 utskottet
202 607 158 27 beredningsvis
385 607 52 21 böra
459 607 122 27 framlägga.
611 608 41 26 Jag
675 607 103 21 vidhåller
800 607 48 21 mitt
870 606 29 22 af-

74 637 115 27 styrkande
212 637 22 20 af
250 636 186 26 borgareständets
452 636 129 27 inbjudning,
597 636 7 21 i
619 636 80 22 hvilket
713 636 98 21 afseende
824 636 36 26 jag
876 637 23 19 är

74 672 50 15 ense
139 666 47 21 med
202 664 26 22 hr
242 664 78 22 Taube.

144 693 57 22 Frih.
224 692 149 26 Aminoff,
397 693 35 21 G.:
457 693 96 21 Delande
570 693 6 20 i
593 693 42 27 hög
650 693 51 26 grad
717 693 24 21 sä
756 693 33 21 väl
805 693 25 21 de
846 692 54 27 äsig-

74 724 40 22 ter,
137 728 45 15 som
206 721 26 22 de
254 721 86 21 känslor
354 721 46 21 frih.
417 721 77 22 Wrede
509 724 77 24 utsagt,
603 723 64 25 vägar
679 721 36 27 jag
730 721 98 27 päminna
843 721 57 21 stän-

75 751 37 21 det
122 757 34 15 om
168 752 32 19 att
214 750 7 21 i
236 751 47 20 värt
298 750 117 26 grannland
431 750 92 27 Sverige,
540 751 89 21 oaktadt
645 750 39 21 den
701 751 37 20 der
752 750 147 26 försiggängna

74 778 335 28 representationsförändringen,
428 778 135 21 riddarhuset
578 785 45 15 som
639 781 31 18 ett
685 779 49 20 kärt
748 777 152 22 fosterländskt

74 807 112 22 historiskt
207 807 69 21 minne
299 807 72 20 hållits
386 807 6 20 i
407 807 32 21 sin
455 806 52 22 fulla
522 807 68 26 helgd.
621 807 119 21 Resultatet
756 807 21 21 af
791 806 108 21 öfverlem-

75 836 79 21 nandet
176 835 23 22 af
216 836 58 21 detta
289 835 39 21 hus
343 835 32 21 till
390 835 83 21 landets
489 836 96 21 ständers
601 842 155 20 gemensamma
770 835 129 26 förfogande,

75 865 48 20 med
141 864 111 21 hurudana
267 863 67 22 vilkor
350 864 58 21 detta
424 863 169 22 öfverlemnande
609 866 26 19 än
651 865 34 20 mä
701 870 49 15 vara
765 863 134 27 begränsadt,

76 893 96 21 kommer
195 893 54 20 dock
272 894 31 19 att
321 892 63 21 blifva
400 894 32 19 att
448 894 31 19 ett
494 892 63 21 finskt
573 893 117 25 riddarhus,
706 892 145 27 sjelfständigt,
868 891 32 22 för

75 921 60 22 alltid
154 921 96 21 kommer
264 923 32 19 att
311 920 112 21 försvinna.
453 921 40 26 Jag
509 921 67 21 finner
592 921 68 21 denna
676 920 118 28 uppoffring
809 920 31 21 för
855 922 45 19 stor

76 949 39 22 och
135 949 31 22 fär
179 950 37 26 jag
232 949 68 22 derför
315 949 129 21 understöda
459 949 47 21 frih.
522 956 41 14 von
578 949 69 22 Borns
663 949 38 22 och
718 950 25 20 hr
758 948 141 28 Segersträles

74 978 95 27 yrkande
185 980 31 19 att
232 978 58 21 detta
305 977 39 22 hus
358 978 47 21 icke
420 978 67 21 mätte
502 977 70 22 afstäs.

145 1007 32 20 Hr
195 1013 41 14 von
256 1006 234 25 Christierson,
507 1006 23 22 G.
548 1007 38 20 M.:
603 1007 33 20 Dä
649 1006 36 27 jag
700 1006 45 21 icke
760 1006 42 21 kan
817 1005 83 22 ansluta

77 1035 42 26 mig
142 1035 32 21 till
192 1035 40 21 den
248 1035 139 26 uppfattning,
403 1040 46 15 som
465 1035 92 21 dikterat
573 1035 36 21 det
623 1034 84 26 förslag,
724 1035 79 20 hvilket
818 1034 22 21 af
853 1033 46 21 frih.

76 1070 41 14 von
139 1063 58 21 Born
220 1063 38 21 här
281 1063 38 21 har
337 1062 68 22 blifvit
419 1062 114 27 framlagdt
549 1063 38 21 och
603 1063 22 21 af
639 1064 75 25 mänga
729 1062 172 22 ständsmedlem-

76 1099 46 14 mar
144 1092 131 25 understödt,
298 1091 38 22 ber
348 1091 37 27 jag
400 1094 32 19 att
447 1091 5 21 i
469 1091 71 22 stället
555 1092 20 21 fä
591 1092 83 21 ansluta
689 1091 42 27 mig
746 1091 5 21 i
768 1091 35 21 det
818 1093 82 19 närma-

76 1123 33 18 ste
124 1121 32 20 till
172 1121 36 20 det
223 1120 77 27 förslag
316 1121 25 20 hr
356 1120 21 21 af
391 1120 106 21 Forselles
512 1121 39 20 har
567 1120 103 27 framlagt.
698 1120 71 26 Enligt
784 1119 43 22 min
837 1119 64 21 tanke

77 1151 24 19 är
117 1149 35 21 det
167 1149 5 20 i
188 1149 75 26 högsta
278 1149 52 26 grad
346 1149 91 26 önskligt
453 1151 32 18 att
500 1151 31 19 ett
546 1151 129 24 gemensamt
691 1148 124 21 ständerhus
831 1147 70 21 kunde

76 1177 159 21 ästadkommas
257 1178 27 26 pä
307 1177 68 21 denna
394 1180 54 18 tomt
464 1177 52 22 eller
534 1177 3 21 i
553 1177 150 26 sammanhang
719 1177 47 20 med
782 1177 58 20 detta
855 1176 46 21 hus.

76 1205 42 21 Vill
142 1212 48 14 man
213 1206 58 21 detta
294 1206 48 25 mäl,
364 1206 23 21 sä
411 1206 34 21 mä
461 1212 48 15 man
525 1206 63 21 ocksä
605 1206 48 26 vilja
669 1205 88 21 medlen.
789 1205 36 22 Att
840 1204 62 21 ställa

77 1240 43 21 upp
136 1234 26 21 de
178 1234 67 21 vilkor
260 1234 46 21 frih.
323 1241 40 14 von
379 1234 57 21 Born
451 1234 40 21 har
501 1234 98 26 framlagt
610 1235 37 20 och
660 1234 25 21 hr
696 1233 70 22 Antell
780 1233 122 28 ytterligare

77 1262 159 27 kompletterat,
259 1265 45 18 tror
323 1263 36 26 jag
383 1262 38 21 alls
444 1263 46 20 icke
514 1269 49 14 vara
583 1263 77 26 egnadt
676 1265 31 18 att
722 1262 47 21 leda
784 1261 32 22 till
831 1261 71 21 mälet.

78 1291 85 21 Samma
178 1291 68 21 vilkor
256 1291 61 21 hafva
333 1291 56 20 förut
404 1291 69 20 blifvit
485 1291 124 21 framstälda
619 1291 39 21 och
673 1291 46 20 icke
735 1292 91 24 antagna
841 1289 22 22 af
877 1289 25 21 de

80 1319 66 26 öfriga
168 1319 97 22 stånden.
303 1320 38 20 Att
359 1319 24 21 R.
401 1325 18 15 o.
435 1320 24 20 A.
477 1319 97 26 betingar
589 1319 32 27 sig
636 1325 25 15 en
678 1319 122 26 ersättning,
815 1317 88 27 ungefär

78 1348 148 21 motsvarande
250 1348 24 21 de
296 1348 115 21 kostnader
435 1348 84 21 ståndet
543 1349 38 20 har
603 1347 45 22 haft
670 1347 32 21 för
724 1347 62 21 huset
801 1347 38 20 och
856 1347 47 20 dess

79 1375 138 27 möblemang,
242 1382 60 15 anser
318 1376 36 26 jag
369 1376 88 26 skäligt;
475 1378 32 19 att
522 1376 121 21 derutöfver
657 1376 79 26 begära
751 1376 69 26 något,
836 1374 68 21 finner

76 1404 37 26 jag
135 1404 47 21 icke
204 1404 95 27 lämpligt
322 1404 39 21 och
383 1404 46 21 icke
453 1404 89 26 värdigt.
573 1404 91 26 240,000
679 1404 60 21 mark
754 1404 39 20 har
808 1402 95 28 upplysts

79 1438 50 15 vara
152 1432 40 21 den
215 1439 87 19 summa,
318 1432 85 22 hvartill
419 1433 63 21 huset
497 1434 44 20 står
556 1433 24 20 R.
598 1439 17 14 o.
633 1433 32 25 A.,
683 1432 67 21 denna
765 1438 81 14 summa
862 1432 41 20 kan

78 1460 76 22 fixeras
170 1460 53 22 efter
238 1461 41 21 min
295 1462 63 20 tanke
374 1461 39 21 och
429 1461 87 21 dermed
531 1461 126 26 tillräckliga
673 1460 67 22 vilkor
755 1466 50 15 vara
819 1459 83 27 gjorda;

80 1488 115 27 tilläggsvis
218 1489 106 21 eventuelt
346 1492 56 18 ännu
425 1489 40 21 den
480 1489 159 26 bestämningen
655 1489 65 27 gifvas
736 1490 32 20 att
782 1488 7 21 i
805 1487 99 21 händelse

79 1516 156 28 återbetalning
254 1518 96 21 kommer
364 1518 7 20 i
386 1517 59 27 fråga
461 1518 22 20 af
497 1517 61 21 dessa
575 1518 90 25 152,000
681 1517 65 26 mark,
762 1516 72 22 hvilka
849 1516 56 21 stän-

814 1584 23 16 89
