1100 1742
379 90 16 18 R.
408 94 15 14 0.
436 90 16 18 A.
465 89 45 31 1885.
535 89 18 19 12
566 89 34 23 Maj.
814 90 60 26 1,139

74 159 68 21 måtte
158 157 91 27 förhöjas
264 158 23 21 så
304 158 82 27 mycket
402 160 32 19 att
448 158 82 27 privata
546 158 98 22 läroverk
660 158 70 22 kunde
748 159 65 26 något
828 158 23 21 så
866 160 38 19 när

76 187 132 21 konkurrera
230 186 48 21 med
296 186 26 21 de
337 186 22 22 af
372 189 69 19 staten
457 186 141 22 underhållna
612 187 133 21 läroverken.
776 186 128 22 Fördelarne

77 214 62 22 häraf
159 217 45 19 tror
224 215 36 26 jag
282 221 50 15 vore
355 214 147 28 mångfaldiga.
533 215 49 21 Icke
606 215 76 21 endast
704 218 31 18 att
754 216 6 20 i
776 216 76 26 många
866 214 38 21 fall

75 243 93 21 sundare
186 243 142 27 pedagogiska
342 243 80 27 åsigter
436 243 68 21 skulle
520 246 52 24 göra
588 243 32 27 sig
635 243 105 27 gällande,
756 244 39 21 och
811 246 31 19 att
858 244 46 20 vårt

75 271 141 22 skolväsende
236 272 46 21 icke
304 272 68 21 skulle
393 274 73 24 stöpas
488 273 24 21 så
535 272 45 22 helt
602 272 40 22 och
666 272 66 21 hållet
752 272 53 22 efter
820 274 30 20 ett
866 271 38 21 och

78 306 80 16 samma
180 302 83 25 system,
285 302 52 19 utan
360 300 36 22 det
417 300 67 22 finnes
502 303 57 19 ännu
574 301 69 21 andra
658 300 137 27 synpunkter,
811 307 45 15 som
869 300 36 27 jag

78 330 46 20 tror
146 328 43 22 tala
211 328 32 22 för
257 334 80 16 samma
352 329 82 27 åtgärd.
464 329 39 21 Ett
518 329 156 21 samhällsondt
689 328 23 22 af
724 329 81 27 ganska
819 328 87 22 betänk-

78 356 39 28 ligt
138 357 52 27 slag,
206 356 75 22 hvaraf
301 358 47 20 vårt
370 357 43 21 folk
431 357 60 27 lider,
514 360 25 19 är
557 360 33 19 att
605 358 24 21 så
644 358 78 26 många
737 364 55 20 unga
807 363 99 21 personer

77 385 97 23 bedrifva
195 386 45 21 sina
262 386 81 20 studier
363 386 69 21 under
452 386 164 27 skuldsättning.
647 386 67 21 Detta
736 386 55 21 onda
813 389 45 18 tror
869 386 37 26 jag

78 414 40 22 har
139 415 65 21 redan
227 414 91 21 medfört
333 416 59 20 stora
407 414 137 27 olägenheter
560 414 40 22 och
615 414 97 22 kommer
726 415 72 21 säkert
813 416 31 20 att
859 414 6 20 i
880 420 26 15 en

78 444 86 21 framtid
188 442 92 22 medföra
302 444 56 20 ännu
378 445 60 19 värre
455 443 144 27 olägenheter.
631 444 42 20 Det
688 445 24 19 är
726 443 46 21 icke
788 442 118 22 osannolikt

80 474 32 20 att
133 472 19 20 vi
170 472 39 21 här
223 471 7 21 i
244 471 73 21 landet
332 472 84 20 komma
432 474 32 19 att
479 472 21 22 få
516 472 116 21 vidkännas
649 471 90 27 olyckan
755 471 22 22 af
790 478 26 16 en
831 470 75 22 intelli-

77 503 53 25 gent
145 499 186 29 proletariatklass.
353 500 50 21 Man
419 500 39 21 bör
474 507 50 15 vara
539 501 7 20 i
561 500 32 22 tid
608 500 90 22 betänkt
708 501 27 25 på
746 503 31 18 att
789 499 118 23 motarbeta

81 530 64 20 detta.
175 529 40 27 Jag
236 534 62 16 anser
321 530 30 20 att
374 532 31 18 ett
424 528 23 22 af
461 529 26 21 de
501 528 127 28 kraftigaste
643 528 84 22 medlen
743 531 32 19 att
790 528 117 22 motarbeta

80 558 60 21 detta
161 563 50 15 vore
233 559 32 19 att
287 556 48 28 höja
350 556 135 28 skolafgiften
501 558 39 21 och
557 558 109 21 dessutom
682 559 32 19 att
729 557 44 21 helt
788 558 38 21 och
842 556 65 22 hållet

78 587 98 26 upphöra
191 586 48 21 meä
253 592 17 14 s.
285 586 20 20 k.
321 586 107 26 friplatser
444 586 19 21 d.
479 593 19 15 v.
514 592 17 16 s.
547 586 49 21 med
607 588 32 19 att
650 586 22 21 åt
683 586 74 26 fattiga
767 586 69 21 elever
846 585 62 21 efter-

77 615 85 21 skänka
183 614 139 26 skolaigiften.
353 614 39 22 Om
416 614 135 27 skolafgiften
574 614 69 22 skulle
666 614 60 27 höjas
749 614 39 22 och
811 620 33 15 om
860 619 48 15 man

81 642 110 28 upphörde
212 645 32 19 att
266 642 134 22 efterskänka
422 642 136 28 skolafgiften
581 644 23 20 åt
622 643 75 27 fattiga
712 642 75 26 elever,
803 644 23 20 sä
841 641 68 22 skulle

80 671 35 22 väl
130 674 80 18 stacens
225 671 117 21 inkomster
357 672 21 20 af
387 672 161 26 skolafgifterna
562 673 66 25 nägot
638 672 62 26 stiga.
720 671 112 22 Sannolikt
842 670 67 22 skulle

80 700 82 22 antalet
178 700 69 21 elever
261 700 7 20 i
283 702 80 19 statens
379 700 72 21 skolor
467 700 64 22 blifva
546 701 66 26 nägot
628 700 88 26 mindre,
732 700 87 21 emedan
834 700 25 20 de
869 698 41 28 pri-

82 731 49 19 vata
153 728 124 22 läroverken
299 728 68 21 skulle
389 728 86 22 komma
497 729 8 21 i
523 728 89 27 lifligare
628 728 140 25 verksamhet,
786 734 46 15 men
847 728 6 20 i
868 727 42 21 alla

80 756 38 22 fall
141 756 68 22 skulle
228 757 53 21 dock
299 759 80 19 statens
394 757 95 21 inkomst
504 757 21 21 af
540 757 167 27 skolafgifterna,
722 757 7 21 i
744 756 36 22 fall
796 756 59 22 dessa
870 756 41 20 för-

82 785 80 27 höjdes,
185 785 59 27 stiga.
275 785 123 22 Inkomsten
422 786 22 20 af
458 786 62 21 dessa
535 785 139 27 skolafgifter,
691 792 62 14 anser
764 786 37 26 jag
816 787 32 19 att
862 790 49 15 man

81 814 67 21 borde
171 814 59 21 anslå
252 814 32 21 till
306 814 122 27 stipendier,
450 820 47 16 som
520 814 68 21 skulle
613 814 83 21 utdelas
712 814 23 21 ät
749 814 79 21 sådana
842 813 70 21 elever

82 842 35 21 vid
139 845 81 19 statens
242 842 104 25 läroverk,
368 842 72 22 hvilka
462 842 47 22 icke
532 843 76 21 endast
627 849 50 15 vore
695 842 76 25 fattiga
787 842 39 22 och
840 840 72 23 behöf-

83 871 74 25 vande,
180 873 50 19 utan
253 870 70 21 hvilka
346 871 102 26 derjemte
471 871 69 21 skulle
563 871 45 21 visa
626 871 106 27 synnerlig
748 871 110 26 begäfning
872 869 40 21 och

81 898 104 22 fallenhet
207 899 33 21 för
261 899 86 21 studier.
378 899 90 27 Följden
492 899 22 22 af
531 899 62 22 dessa
611 899 100 27 åtgärder
727 905 49 15 vore
792 901 31 19 att
838 898 74 26 fattiga

82 927 77 26 elever,
182 934 45 15 som
249 927 108 27 verkligen
379 934 51 15 vore
448 929 24 20 sä
492 928 124 27 begätfvade,
632 930 32 19 att
680 928 36 21 det
730 927 33 22 för
778 927 46 22 dem
840 926 72 27 sjelfva

83 955 41 22 och
146 955 111 22 samhället
279 962 50 15 vore
351 963 26 14 en
399 956 76 27 fördel,
499 963 34 15 om
550 957 26 20 de
592 956 68 22 skulle
676 962 53 21 egna
744 956 31 27 sig
789 957 23 20 ät
826 955 86 25 studier,

84 984 70 21 kunde
177 985 93 21 bedrifva
293 985 47 21 dem
361 987 53 19 utan
438 987 32 19 att
496 985 120 22 skuldsätta
642 985 38 26 sig.
710 985 41 26 Jag
775 990 61 15 anser
857 985 57 19 näm-

83 1012 56 27 ligen
162 1016 32 18 att
217 1013 60 21 dessa
299 1013 115 26 stipendier
436 1013 68 22 borde
526 1013 130 22 bestämmas
672 1014 24 21 sä
711 1013 60 27 höga,
790 1015 31 19 att
838 1012 75 25 elever,

83 1047 47 15 som
146 1041 83 22 komme
244 1041 7 21 i
266 1042 124 26 ätnjutande
406 1042 22 21 af
442 1042 56 26 dem,
510 1042 47 21 icke
568 1042 76 21 endast
654 1042 68 21 skulle
733 1041 61 22 hafva
803 1041 27 21 fri
840 1040 75 21 under-

84 1069 88 28 visning,
195 1072 51 19 utan
269 1071 101 26 derjemte
388 1071 46 20 fritt
449 1070 155 28 lifsuppehälle.
635 1071 102 21 Deremot
752 1069 67 22 skulle
834 1069 81 21 mindre

84 1098 117 27 begäfvade
223 1098 74 27 fattiga
320 1099 70 21 elever
412 1099 32 21 till
467 1099 53 27 följd
542 1099 23 21 af
586 1099 56 21 ökad
661 1098 106 27 skolafgift
783 1097 132 27 naturligtvis

85 1127 122 21 afskräckas
222 1126 46 22 från
283 1127 153 22 fortsättandet
451 1127 23 22 af
488 1129 46 20 sina
550 1127 136 22 skolstudier.
716 1128 32 21 De
763 1127 67 21 skulle
844 1127 7 20 i
866 1125 50 22 stäl-

85 1155 31 22 let
138 1161 54 22 egna
213 1156 32 26 sig
266 1156 23 21 åt
311 1157 65 26 något
398 1156 109 27 praktiskt
527 1156 49 26 kall,
596 1156 38 21 der
650 1156 26 21 de
691 1162 86 15 snarare
792 1155 69 21 kunde
876 1154 40 21 för-

85 1184 58 27 tjena
158 1184 37 21 sitt
210 1183 151 28 lifsuppehälle.

155 1212 40 22 Om
216 1212 35 27 jag
273 1213 88 21 sålunda
384 1213 46 21 icke
452 1213 46 21 kan
516 1213 114 26 godkänna
644 1215 171 19 reservanternas
830 1211 86 22 motive-

82 1241 56 27 Ting,
162 1241 24 21 så
207 1241 43 22 kan
265 1241 38 27 jag
318 1241 96 22 deremot
428 1242 8 21 i
451 1241 44 22 allo
510 1241 74 22 förena
600 1242 42 27 mig
658 1248 34 15 om
708 1241 105 22 klämmen
828 1240 6 21 i
850 1246 68 15 reser-

88 1271 99 20 vationen
202 1275 34 16 n:o
252 1270 19 21 2.

156 1298 32 21 Hr
210 1297 22 22 af
252 1298 176 22 Forselles:
451 1299 45 21 Det
518 1301 24 19 är
564 1297 23 22 af
603 1298 51 22 flere
672 1298 46 22 skäl
730 1298 37 27 jag
781 1298 8 21 i
804 1296 114 23 allmänhet

87 1326 39 22 har
142 1326 85 22 afhållit
242 1326 43 27 mig
300 1329 32 19 att
347 1327 39 21 här
401 1327 80 27 begära
497 1327 62 22 ordet
574 1327 7 20 i
596 1327 130 26 skolfrågor;
741 1327 35 26 jag
790 1325 68 22 skulle
872 1325 46 21 icke

87 1355 67 22 heller
172 1361 28 15 nu
218 1355 61 22 hafva
301 1355 56 27 gjort
372 1355 43 26 det,
432 1362 34 15 om
484 1355 36 22 det
535 1355 47 22 icke
596 1355 64 27 gälde
675 1361 28 23 ey
717 1355 91 27 aflägsen
823 1353 39 22 och
878 1359 41 20 nog

87 1384 84 26 mycket
186 1383 107 22 förbisedd
307 1383 103 26 landsdel,
427 1384 45 26 der,
490 1384 66 27 enligt
571 1384 43 21 min
630 1383 70 27 tanke,
717 1386 31 19 ett
763 1382 89 27 verkligt
867 1381 53 22 bild-

87 1412 127 26 ningsbehof
234 1412 120 27 föreligger,
378 1412 81 21 hvilket
484 1413 36 21 det
543 1419 51 15 vore
616 1414 58 20 orätt
696 1414 32 19 att
745 1411 83 22 förbise.
858 1409 62 24 Hvad

84 1440 109 22 utskottet
216 1440 72 22 derom
310 1443 68 25 yttrat
400 1441 28 27 på
446 1441 41 21 sid.
507 1442 27 20 29
550 1441 7 20 i
573 1441 38 21 sitt
625 1441 135 21 betänkande
774 1440 40 21 har
828 1438 93 23 särdeles

84 1469 96 27 anslagit
202 1469 43 26 mig
267 1469 40 21 och
326 1469 39 21 har
380 1471 119 25 yttermera
514 1469 93 22 befästat
622 1469 42 22 den
679 1469 134 27 uppfattning
826 1468 34 27 jag
876 1466 45 21 haft

85 1495 77 23 derom
186 1499 32 20 att
240 1497 39 22 här
294 1499 31 20 ett
339 1497 93 27 verkligt
448 1497 66 22 behof
528 1497 23 22 af
564 1497 126 22 ständernas
706 1497 148 22 mellankomst
868 1495 54 21 före-
