1103 1781
197 102 27 20 94
413 107 178 21 Borgareständet
604 108 54 16 1877.
683 108 12 16 9
707 108 106 16 Februari.

197 176 38 21 ska
251 176 123 21 realskolan
397 176 108 21 derstädes
528 176 41 27 har
591 176 55 21 dock
668 176 65 21 bland
754 176 47 21 sina
816 175 99 28 flitigaste
931 177 96 21 alumner

196 204 78 21 räknat
289 205 91 26 mången
396 205 46 20 från
458 205 82 26 sydliga
556 205 145 21 Österbotten.

286 233 13 21 å
314 233 69 26 grund
399 233 66 26 häraf,
482 233 38 22 och
537 234 27 21 då
579 234 75 21 staden
675 234 65 21 redan
757 233 35 21 vid
808 239 25 16 en
850 233 125 26 föregående
990 241 37 14 an-

196 261 67 22 sökan
280 268 34 15 om
331 262 85 21 skolans
436 262 124 27 utvidgning
582 262 110 21 förbundit
707 263 32 26 sig
754 263 32 20 till
803 262 25 21 de
844 262 92 27 utgifter,
952 269 25 14 en
993 263 32 21 så-

197 290 41 21 dan
253 291 86 20 komme
355 293 32 18 att
402 290 33 21 för
450 291 40 20 den
506 297 82 14 samma
610 291 102 24 medföra,
728 291 64 26 vågar
807 291 35 26 jag
858 291 37 20 hos
914 291 111 26 Vällofliga

195 319 183 25 Borgareståndet
401 319 120 24 ödmjukast
545 319 84 26 föreslå,
646 321 31 19 att
699 319 90 21 Ståndet
804 325 75 20 genom
894 320 133 26 underdånig

196 347 91 26 petition
310 347 49 22 ville
382 348 39 20 hos
441 348 59 21 Hans
522 347 118 27 Kejserliga
656 347 102 27 Majestät
774 347 86 22 anhålla

474 411 33 14 om
521 405 40 20 den
575 405 130 26 tvåklassiga
718 404 132 21 realskolans
863 405 7 20 i
882 404 143 21 Kristinestad

405 433 127 26 utvidgande
548 433 31 21 till
596 439 25 15 en
637 433 119 27 fyrklassig.

265 489 11 21 I
293 489 92 27 enlighet
401 490 47 21 med
463 490 70 27 praxis
549 490 35 21 vid
600 490 129 27 föregående
745 490 103 27 landtdag
863 492 61 23 tager
937 490 36 27 jag
983 491 43 26 mig

195 517 93 22 friheten
304 518 119 26 hemställa,
440 525 33 14 om
489 519 45 20 icke
551 519 134 20 förestående
708 518 182 27 petitionsförslag
912 519 65 20 borde
993 519 34 21 till

195 547 98 20 enskilda
305 547 207 21 Besvärsutskottets
530 547 114 26 beredning
661 548 148 20 öfverlemnas.

540 593 133 26 Helsingfors
689 593 40 21 den
746 595 11 19 7
773 593 104 21 Februari
893 593 62 21 1877.

766 638 48 21 Otto
834 637 119 22 Wendelin.

266 695 60 21 Efter
348 695 140 26 uppläsandet
510 695 95 26 frångick
629 695 48 20 herr
698 695 111 21 Wendelin
826 695 31 21 sin
874 695 99 21 anhållan
989 701 33 15 om

195 724 101 21 ärendets
313 724 169 21 öfverlemnande
498 724 31 20 till
546 724 101 21 Ståndets
669 724 97 21 enskilda
789 724 178 24 Besvärsutskott,
984 724 38 21 och

195 752 134 25 hemstäilde,
345 758 33 15 om
394 753 46 20 icke
456 752 116 21 detsamma
588 753 77 23 kunde,
681 753 70 20 såsom
768 752 56 21 skett
840 753 46 20 med
903 753 43 20 alla
957 753 66 20 andra

195 781 148 26 skolärenden,
361 781 120 20 remitteras
496 781 32 20 till
544 781 106 21 allmänna
665 781 205 21 Besvärsutskottet.

265 838 31 21 På
318 838 49 21 herr
383 838 175 21 Talmannens
582 838 71 21 derom
677 838 133 21 framställda
833 838 131 27 proposition
980 837 44 22 blef

194 866 236 27 petitionsmemorialet
445 867 133 20 remitteradt
594 867 32 20 till
642 867 108 20 allmänna
765 867 204 20 Besvärsutskottet.

264 1015 120 26 Föredrogs
407 1017 31 18 ett
456 1015 22 20 af
498 1015 75 21 herrar
589 1015 93 20 Olsoni
698 1015 40 21 och
754 1015 135 21 Snellman
905 1015 116 21 inlemnadt

193 1042 182 28 petitionsförslag
390 1043 23 21 af
425 1043 91 27 följande
532 1044 90 26 lydelse:

423 1106 39 21 Till
478 1105 114 28 Vällofliga
607 1106 181 26 Borgareståndet

460 1152 33 20 vid
511 1152 53 21 1877
581 1151 35 22 års
632 1151 120 28 Landtdag.

263 1208 125 22 Anmodade
404 1209 23 20 af
440 1209 118 26 Uleåborgs
574 1209 47 21 stad
638 1209 38 21 och
692 1209 23 21 af
729 1215 25 15 en
770 1209 24 20 af
808 1209 62 26 2,213
886 1208 67 21 finske
964 1209 57 20 med-

193 1237 91 27 borgare
307 1238 6 20 i
330 1237 117 27 Uleåborgs
471 1237 33 21 län
526 1238 137 26 understödd,
686 1238 33 21 till
742 1237 159 21 undertecknad
925 1237 95 22 Olsoni
1010 1233 14 36 i

193 1266 108 26 egenskap
317 1266 22 21 af
353 1266 72 21 utsedt
440 1266 78 21 ombud
534 1266 33 21 för
583 1266 118 27 Uleåborgs
717 1267 48 21 stad
782 1266 34 21 vid
833 1266 68 21 denna
912 1266 108 27 landtdag,

192 1294 67 22 ställd
283 1294 116 26 skrifvelse,
422 1294 86 27 utbedja
524 1296 20 19 vi
567 1301 34 15 oss
624 1295 28 27 på
674 1296 71 20 desses
762 1295 40 21 och
818 1301 54 19 egna
887 1297 80 24 vägnar
982 1294 39 21 hos

191 1322 114 28 Vällofliga
325 1323 180 26 Borgareståndet
527 1324 32 20 till
575 1323 139 27 behjertande
733 1324 39 21 och
789 1324 154 25 öfvervägande
959 1323 60 21 vörd-

192 1354 56 18 samt
265 1352 113 20 hemställa
393 1354 31 18 ett
439 1352 32 20 för
487 1352 47 20 hela
550 1352 118 26 Uleåborgs
687 1353 47 20 läns
749 1352 69 21 finska
838 1352 85 21 talande
939 1352 82 21 befolk-

192 1380 50 25 ning
258 1380 45 21 lika
318 1380 185 26 maktpåliggande
519 1387 45 15 som
581 1382 112 20 ömmande
709 1380 169 26 önskningsmål:

262 1408 82 22 Genom
366 1409 36 21 det
424 1409 65 21 delvis
511 1408 69 22 finska
601 1409 257 21 Elementarläroverkets
879 1409 7 21 i
913 1408 108 26 Uleåborg

191 1437 107 21 oväntade
321 1438 133 26 förvandling
476 1438 32 20 till
531 1440 31 19 ett
581 1438 81 26 lyceum
679 1438 47 21 med
742 1438 88 21 svenskt
852 1438 168 26 undervisnings-

191 1465 73 27 språk,
288 1472 37 15 var
347 1466 48 20 hela
417 1466 35 21 det
472 1466 154 27 finskspråkiga
649 1466 69 21 länets
740 1466 124 27 befolkning
880 1467 5 20 i
901 1466 80 21 saknad
1000 1466 20 21 af

191 1494 75 26 hvarje
282 1494 57 27 slags
354 1494 153 22 lärdomsskola
526 1496 48 20 med
594 1495 150 21 modersmålet
764 1496 70 20 såsom
850 1495 170 27 uudervisnings-
