1103 1781
197 112 27 20 10
411 116 178 22 Borgareståndet
602 117 54 17 1877.
681 118 26 16 27
719 116 93 18 Januari.

195 185 85 21 tionens
295 185 146 27 undersåtliga
455 185 87 22 känslor
557 187 56 20 samt
629 185 47 22 dess
692 185 50 22 ädla
757 185 38 21 och
808 185 91 21 redbara
911 185 115 26 tänkesätt,

196 214 48 21 dem
258 213 79 27 jemväl
353 213 91 22 General
456 214 137 21 Guvernören
607 213 55 22 inför
673 214 41 21 Oss
724 214 60 21 alltid
797 213 111 26 vitsordat,
919 214 62 21 hafva
990 213 37 22 be-

195 242 50 21 redt
260 242 41 21 Oss
316 249 26 14 en
357 249 53 14 sann
421 242 190 22 tillfredsställelse.

266 271 31 21 På
313 271 40 21 den
369 271 107 21 allmänna
491 271 153 26 utställningen
660 272 6 20 i
681 271 133 27 Helsingfors
830 277 69 15 vunno
915 271 25 21 Vi
953 277 25 15 en
989 277 37 15 an-

195 301 78 24 genäm
290 299 139 28 öfvertygelse
444 306 35 15 om
495 300 83 21 landets
594 299 107 28 betydliga
716 300 101 25 framsteg
832 300 6 20 i
854 299 89 22 industri
956 299 39 22 och
1007 299 18 21 vi

194 327 76 22 förena
294 328 40 21 Oss
358 328 48 21 med
429 329 57 20 Eder
507 329 7 20 i
531 328 88 26 önskan,
636 330 31 19 att
683 328 31 21 uti
730 335 25 14 en
771 328 85 21 fortsatt
872 328 119 26 utveckling
1005 328 23 21 af

196 356 103 21 Finlands
315 357 97 21 välstånd
427 357 20 21 få
462 357 67 21 skåda
544 357 111 21 frukterna
671 357 22 20 af
707 357 69 21 denna
791 357 66 21 första
872 357 115 26 framgång.

266 385 72 21 Under
354 385 25 21 de
395 385 40 21 fem
451 385 30 26 år,
498 392 45 15 som
559 385 89 22 förflutit
663 385 55 22 efter
733 388 83 19 senaste
827 385 149 26 ständermöte,
987 385 38 20 har

194 413 75 22 landet
290 413 82 22 kunnat
390 414 75 27 stadga
480 415 32 20 sin
528 413 107 22 allmänna
651 414 137 21 ekonomiska
803 414 106 26 ställning,
927 413 32 26 då,
976 413 49 22 tack

195 448 50 15 vare
261 442 115 27 Försynen,
393 443 35 20 det
443 443 45 21 icke
504 442 102 21 drabbats
622 442 23 21 af
659 443 69 26 någon
744 442 108 27 förderflig
868 443 103 21 missvext.

286 471 364 22 bo—Tammerfors—Tavastehus
662 471 90 27 jernväg
767 473 24 19 är
807 471 68 27 byggd
890 471 39 21 och
940 471 84 26 öppnad

195 499 33 21 för
251 499 103 26 trafiken;
379 500 106 21 dessutom
504 499 39 22 har
558 499 34 21 för
607 500 139 21 statsverkets
762 499 88 27 räkning
867 499 68 22 blifvit
950 499 74 27 inköpt

194 527 42 21 den
260 528 22 21 af
304 530 31 19 ett
358 528 92 21 enskildt
474 528 62 26 bolag
552 528 91 27 anlagda
659 528 202 27 Hangö—Hyvinge
875 529 93 26 jernväg,
985 527 38 22 och

193 556 57 21 skall
266 557 57 21 Eder
337 563 29 14 nu
382 557 118 26 föreläggas
516 563 24 15 en
552 557 131 26 proposition
693 563 33 16 om
736 557 173 28 jernvägsnätets
920 556 104 22 utsträck-

195 585 51 26 ning
261 587 81 19 norrut.

264 613 42 22 Vid
321 614 70 21 denna
405 613 101 26 landtdag
521 614 97 21 kommer
630 614 78 27 jemväl
724 616 32 19 att
771 613 32 22 till
816 613 57 22 Eder
885 614 138 21 öfverlämnas

194 643 34 20 ett
250 641 79 28 förslag
352 649 33 14 om
409 642 109 21 införande
541 643 22 20 af
586 642 78 21 allmän
680 643 119 26 värnepligt
815 643 5 20 i
837 642 76 21 landet.
945 642 25 21 Vi
986 644 37 19 äro

194 670 118 22 förvissade
335 677 34 15 om
389 673 30 19 att
435 671 15 25 I,
467 671 61 21 ledde
544 671 22 21 af
580 671 90 26 insigten
687 677 33 16 om
737 672 50 20 eder
802 671 52 27 pligt
871 673 31 19 att
918 671 84 26 deltaga
1017 670 6 21 i

195 698 182 23 fäderneslandets
391 699 87 26 försvar,
492 699 34 22 vid
542 699 70 22 denna
627 699 70 27 frägas
712 700 100 27 pröfning
826 699 143 27 ädagaläggen
986 699 37 21 full

193 727 164 27 deredvillighet
380 730 37 23 att,
440 728 6 21 i
461 727 133 22 förhållande
610 728 32 21 till
658 728 51 21 edra
725 728 120 27 tillgångar,
862 729 83 25 vidtaga
961 728 25 21 de
1002 727 22 22 af

194 756 185 27 nödvändigheten
395 756 112 27 päkallade
522 757 54 20 mätt
592 757 40 21 och
647 759 52 24 steg,
715 757 71 21 hvilka
798 757 60 20 skola
868 757 49 21 eder
928 756 93 22 föresläs.

264 785 25 21 Vi
305 785 94 21 förklara
414 785 128 22 härmedelst
558 785 129 27 landtdagen
703 785 91 28 öppnad.
818 785 67 22 Mätte
897 785 40 22 den
948 785 75 27 högste

193 813 95 27 välsigna
305 814 50 21 edra
370 813 94 22 arbeten.

776 848 153 23 (Undertecknadt
934 847 12 23 :)

769 877 182 22 Alexander.

263 951 61 21 Talet
347 951 46 22 blef
413 951 51 22 härä
487 951 27 27 pä
536 951 90 22 svenska
650 951 38 22 och
712 951 68 22 finska
798 950 87 27 spräket
901 951 85 26 uppläst
1001 950 22 22 af

191 979 108 22 Senatorn
315 979 76 22 Albert
406 979 97 28 Nykopp.

263 1008 70 22 Sedan
344 1009 74 20 herrar
428 1009 178 21 Laudtmarskalk
615 1009 39 21 och
665 1008 89 22 Talmän
766 1008 96 21 framfört
876 1007 59 22 deras
947 1008 75 21 under-

192 1036 80 27 däniga
289 1037 144 26 helsningstal,
447 1037 97 27 uppläste
557 1039 100 20 senatorn
672 1037 92 27 Nykopp
780 1037 27 26 pä
822 1037 89 21 svenska
927 1037 38 20 och
981 1036 40 21 fin-

193 1065 38 21 ska
247 1065 88 26 spräket
350 1065 92 27 följande
457 1066 133 26 förteckning
606 1066 59 21 öfver
680 1066 26 21 de
722 1066 77 26 nädiga
814 1065 155 27 propositioner
982 1065 39 22 och

191 1093 81 28 förelag
288 1094 59 21 Hans
363 1094 117 27 Kejserliga
496 1095 100 26 Majestät
611 1094 56 21 velat
683 1095 120 21 Ständerna
819 1093 117 27 förelägga:

264 1152 38 20 1:0.
333 1151 115 26 Angående
464 1151 146 27 upphäfvande
627 1151 22 21 af
663 1152 40 20 den
719 1151 156 26 Ridderskapet
890 1151 39 21 och
945 1150 75 27 Adeln,

187 1179 88 26 jemlikt
293 1180 60 21 18:de
369 1180 93 26 punkten
477 1181 7 20 i
500 1180 148 27 privilegierna
663 1180 22 21 af
699 1180 41 21 den
758 1181 26 20 16
800 1179 90 22 oktober
906 1180 61 26 1723,
979 1179 41 21 till-

191 1208 128 21 kommande
335 1210 43 19 rätt
393 1209 31 20 till
441 1209 126 26 utpantning
583 1209 38 21 hos
638 1209 61 20 deras
714 1208 152 21 frälsebönder.

261 1237 40 21 2:0.
333 1237 40 21 Om
396 1237 113 22 förändrad
532 1237 79 27 lydelse
634 1237 23 21 af
675 1237 12 21 3
702 1237 12 27 &
731 1239 12 19 7
759 1237 49 27 kap.
825 1236 23 22 G.
864 1236 31 26 B.,
911 1236 109 28 angående

186 1264 35 27 jäf
235 1270 58 16 emot
309 1266 123 26 äktenskap.

261 1294 41 21 3:o.
333 1294 50 22 Med
404 1294 77 27 förslag
506 1294 32 22 till
561 1294 131 27 förordning,
716 1294 110 27 angående
844 1293 121 22 författares
981 1293 39 22 och

189 1322 116 22 konstnärs
321 1325 43 19 rätt
379 1323 32 21 till
426 1323 65 21 alster
506 1323 22 21 af
541 1323 32 21 sin
588 1323 143 21 verksamhet.
787 1329 5 7 3

261 1353 41 19 4:0.
334 1352 114 26 Angående
469 1351 148 27 upphäfvande
632 1351 22 22 af
669 1352 25 20 de
709 1357 77 21 genom
804 1350 60 22 10:de
880 1350 93 27 punkten
989 1350 31 21 uti

189 1378 73 28 kongl.
286 1380 148 26 privilegierna
449 1380 40 22 den
507 1381 25 20 16
548 1380 91 21 oktober
655 1381 53 20 1722
725 1379 170 27 nresterskapets
911 1378 38 22 och
965 1379 55 21 läro-

188 1408 99 21 ständets
309 1408 137 22 medlemmar
471 1408 156 22 tillförsäkrade
652 1407 228 28 undantagsförmäner
902 1407 33 21 för
958 1408 62 21 deras

187 1436 82 26 gärdar
285 1437 39 21 och
339 1437 123 27 lägenheter
476 1438 6 20 i
498 1437 54 21 stad.

259 1466 39 20 5:0.
330 1465 40 21 Om
389 1466 113 26 atlyftande
518 1466 23 21 af
554 1466 40 21 den
611 1466 6 20 i
632 1466 56 21 Vasa
704 1465 39 22 och
759 1464 120 27 Uleåborgs
894 1464 41 26 län,
951 1464 68 21 under

189 1492 130 29 benämning
333 1494 173 27 fraktpenningar
522 1495 104 26 utgående
642 1494 65 22 skatt.
