1103 1781
284 110 178 22 Borgareständet
474 111 55 17 1877.
554 112 13 16 9
580 111 105 17 Februari.
871 106 26 20 77

352 282 61 26 Den
432 281 16 27 9
467 281 146 27 Februari.

141 363 34 22 KI.
199 363 62 27 1/,12
277 363 44 20 före
337 362 111 27 middagen
464 362 172 21 sammanträdde
652 361 31 22 till
699 362 85 27 plenum
796 362 102 26 Borgare-

72 392 96 22 ständets
191 391 86 27 samlige
297 391 124 25 ledamöter,
437 391 48 21 med
500 391 109 26 undantag
624 390 22 21 af
660 391 49 20 herr
724 391 113 25 Fabritius,
853 397 44 14 som

71 421 39 21 hos
126 421 48 20 herr
190 420 163 21 Talmannen
369 419 89 22 anhällit
473 426 33 15 om
518 419 96 21 tillständ
625 421 31 20 att
667 419 32 21 för
709 419 95 22 enskilda
815 419 83 26 angelä-

72 449 103 26 genheter
190 449 20 21 fä
225 448 102 21 uteblifva
339 448 46 21 frän
401 448 171 21 sammanträdet.

141 630 69 22 Sedan
226 631 50 20 herr
294 631 158 21 Talmannen
468 630 165 27 tillkännagifvit
650 632 31 19 att
696 631 202 21 talmanskonferen-

72 665 49 15 sens
137 659 162 26 sammanträde,
315 665 45 15 som
376 659 70 27 börjat
461 659 28 22 kl.
506 660 27 27 !/,
547 660 25 21 10
588 659 69 26 dragit
671 661 24 19 ut
711 660 27 26 pä
753 659 57 21 tiden
826 659 73 26 längre

71 689 27 19 än
114 687 119 22 beräknadt
249 688 60 25 varit,
326 688 38 21 och
381 690 32 19 att
428 688 48 21 herr
492 688 175 21 Talmannen
684 687 70 22 derför
770 688 45 21 icke
834 687 65 22 redan

72 716 27 21 kl.
114 717 23 20 11
149 716 81 21 kunnat
242 719 70 24 öppna
323 716 100 22 Ständets
438 717 87 25 session,
536 716 124 21 meddelade
671 717 50 20 herr
736 716 161 24 Talmannen,

72 746 32 19 att
119 745 230 21 talmanskonferensen
365 747 71 20 ansett
451 746 35 21 det
502 752 51 15 vara
570 745 74 26 nödigt
665 747 33 19 att
713 745 98 26 samtliga
832 745 66 21 Ständ

72 773 172 22 sammanträdde
260 773 31 22 til!
307 776 60 19 extra
383 774 84 26 plenum
484 774 69 27 någon
570 774 30 21 tid
612 774 5 20 i
630 780 94 20 morgon,
735 774 32 21 för
779 776 31 19 att
821 773 78 21 bereda

71 801 83 22 tillfälle
177 802 32 21 för
231 802 159 21 vederbörande
413 802 138 21 medlemmar
572 804 32 19 att
619 802 90 21 inlemna
725 803 45 20 sina
786 802 113 27 petitioner

71 830 56 21 inom
147 831 39 20 den
205 831 30 20 tid
254 831 227 26 landtdagsordningen
507 831 121 26 medgifver,
652 833 55 19 samt
732 833 31 19 att
779 831 49 21 herr
840 830 59 21 Tal-

71 865 115 15 mannen
202 860 6 20 i
224 859 113 27 anledning
353 859 60 22 deraf
427 861 67 20 utsatt
509 860 85 27 plenum
610 859 32 21 till
661 859 2 21 i
680 866 88 20 morgon
782 859 27 21 kl.
822 860 12 20 6
845 859 54 21 efter

71 887 120 27 middagen.

141 950 40 21 Till
203 950 104 27 justering
329 950 108 28 upplästes
456 952 78 20 tvenne
549 951 78 26 utdrag
642 951 22 21 af
678 951 100 21 Ständets
793 949 106 28 protokoll

71 978 33 22 för
120 979 39 20 den
176 979 12 20 6
204 979 6 21 i
226 979 69 21 denna
311 979 83 22 mänad.

142 1149 100 22 Härefter
258 1150 124 22 meddelade
397 1151 49 22 herr
461 1151 50 22 Tal
522 1157 118 19 mannen,
655 1152 32 19 att
698 1149 202 22 talmanskonferen-

71 1185 44 19 sen,
139 1179 6 20 i
168 1179 105 20 anseende
297 1179 70 21 dertill
391 1182 32 19 att
446 1180 105 21 särskilda
572 1179 67 22 Stånd
657 1179 119 21 remitterat
791 1179 108 26 petitions-

71 1207 79 26 förslag
170 1207 31 21 till
219 1207 128 27 behandling
361 1208 23 21 af
398 1210 31 19 ett
444 1209 89 20 allmänt
548 1208 180 25 Besvärsutskott,
744 1207 68 21 funnit
826 1207 75 25 nödigt

71 1237 32 19 att
119 1237 32 19 ett
165 1235 78 22 sädant
257 1236 83 22 utskott
355 1236 73 26 borde,
444 1238 28 26 pä
487 1239 43 19 sätt
546 1236 180 28 Borgareständet
740 1236 64 21 redan
820 1235 33 21 för
868 1235 31 21 sin

72 1264 35 21 del
131 1264 94 27 beslutit,
249 1264 100 22 tillsättas
373 1265 38 21 och
427 1266 60 21 bestä
503 1266 22 21 af
539 1266 46 27 fyra
600 1266 118 21 ledamöter
734 1265 38 21 och
788 1265 35 21 tvä
838 1270 61 20 supp-

71 1292 85 22 leanter
171 1293 46 21 frän
233 1293 72 27 hvarje
321 1294 74 21 Ständ.

139 1350 10 20 I
170 1350 98 21 afseende
291 1351 11 20 å
318 1350 119 22 kännedom
453 1351 108 27 upplästes
578 1351 105 21 särskilda
698 1350 45 22 från
760 1350 139 22 Medständen

71 1378 106 22 ankomna
184 1379 202 27 protokollsutärag.
