1103 1781
185 94 41 20 214
429 99 178 20 Borgareståndet
620 100 54 17 1877.
697 100 13 17 2
722 100 62 16 Mars.

253 168 42 21 Vid
312 168 123 27 voteringen
450 168 96 27 afgåfvos
566 170 24 20 16
604 168 23 27 ja
643 168 40 22 och
699 170 26 20 27
741 168 41 27 nej.

255 231 136 27 Proposition
407 231 39 22 N:o
463 233 24 20 5:
518 232 32 20 De
574 231 72 21 hvilka
668 231 114 28 godkänna
804 231 116 21 utskottets
942 231 73 20 betän-

186 260 77 27 kande,
286 260 111 27 behagade
420 262 58 19 rösta
498 260 34 27 ja;
556 260 26 21 de
605 260 73 21 hvilka
701 260 90 21 omfatta
806 259 51 21 herr
872 259 33 22 W.
921 259 93 28 Nysténs

184 289 132 21 reservation
332 289 109 26 behagade
455 291 59 19 rösta
529 289 41 26 nej.

254 351 75 21 Denna
345 351 131 27 proposition
492 351 127 21 besvarades
635 351 47 21 med
698 352 26 20 25
739 351 22 27 ja
777 351 40 21 och
838 353 24 19 17
878 351 45 26 nej;
939 351 7 20 i
962 351 52 26 följd

186 380 77 21 hvaraf
279 381 70 20 såsom
373 379 100 22 Ståndets
496 381 69 20 beslut
579 381 144 20 antecknades
739 382 31 19 att
787 380 161 26 Lagutskottets
964 379 49 21 ifrå-

186 409 122 26 gavarande
323 409 135 21 betänkande
474 409 69 20 blifvit
558 409 141 21 oförändradt
715 411 94 24 antaget.

254 466 56 21 Herr
333 465 177 27 Tengström
534 466 71 21 anhöll
622 472 34 15 om
672 466 61 21 ordet
748 465 40 22 och
804 466 93 27 yttrade:
927 465 40 27 Jag
983 471 30 15 re-

186 501 97 14 serverar
304 495 44 26 mig
370 496 45 19 mot
434 495 39 20 den
492 495 192 26 omständigheten,
703 497 31 18 att
751 495 39 20 den
807 494 208 21 redaktionsföränd-

187 523 47 27 ring
255 523 37 27 jag
316 523 111 26 föreslagit
447 523 7 21 i
478 524 116 20 utskottets
610 523 134 21 betänkande
760 523 48 21 icke
824 523 69 21 blifvit
909 523 105 26 godkänd,

186 552 89 21 emedan
298 552 36 26 jag
356 558 62 15 anser
440 555 31 18 att
494 552 68 21 denna
578 552 124 27 förändring
718 552 68 21 skulle
802 552 64 21 hafva
881 552 44 20 ledt
941 551 32 21 till
989 557 25 15 en

185 580 128 27 förbättring
329 581 5 20 i
351 581 99 20 afseende
466 581 12 20 &
494 581 138 26 tydligheten.

254 643 65 21 Emot
338 643 93 21 beslutet
447 643 108 21 anmäldes
572 643 61 21 äfven
650 643 131 21 reservation
806 643 23 21 af
848 643 73 21 herrar
947 643 68 21 Höc-

185 672 76 26 kert,
289 671 185 28 Chydenius,
498 671 156 28 Dunajeff,
677 672 106 26 Bergh,
806 672 151 26 Lindelöt,
981 671 32 22 W.

185 701 114 26 Nystén
322 701 52 20 och
398 700 163 21 Snellman.

254 843 101 22 Härefter
379 843 110 27 föredrogs
508 843 178 22 Statsutskottets
709 844 33 21 till
766 844 6 20 i
789 844 41 26 dag
846 843 117 27 bordlagda
978 843 36 21 be-

186 872 107 21 tänkande
313 879 34 14 n:o
370 874 9 19 1
402 873 6 20 i
429 873 113 26 anledning
561 873 24 20 af
599 873 60 20 Hans
674 873 121 26 Kejserliga
810 872 111 27 Majestäts
937 872 78 27 nådiga

185 901 133 26 proposition
335 907 34 15 om
385 901 115 26 aflyftande
516 901 22 20 af
552 901 40 21 den
608 902 6 20 i
630 901 65 21 Wasa
710 901 39 21 och
766 901 119 27 Uleåborgs
903 901 34 20 län
948 901 67 21 under

185 929 130 28 benämning
330 929 175 28 fraktpenningar
520 930 106 27 utgående
642 931 65 20 skatt.

255 986 67 22 Ordet
337 987 103 27 begärdes
455 987 73 21 härvid
544 987 23 21 af

254 1044 56 21 Herr
333 1044 24 21 E.
378 1044 104 27 Bergh,
506 1051 44 14 som
569 1045 94 26 yttrade:
693 1045 42 26 Jag
750 1043 98 22 anhåller
863 1045 32 20 att
910 1043 103 27 ifrågava-

187 1073 66 21 rande
278 1073 133 21 betänkande
433 1073 65 21 måtte
514 1073 124 27 ytterligare
655 1073 128 27 bordläggas
799 1073 31 20 till
847 1074 61 19 nästa
923 1073 85 26 plenum

185 1101 23 21 af
229 1102 36 21 det
291 1101 52 26 skäl,
367 1105 31 18 att
417 1101 35 28 jag
472 1101 33 21 för
523 1102 43 21 min
582 1101 34 22 del
632 1101 68 22 skulle
716 1102 67 21 önska
799 1101 81 21 erhålla
895 1101 118 20 kännedom

185 1137 35 14 om
243 1129 54 22 huru
318 1130 161 21 Presteståndet
501 1130 78 27 afgjort
601 1130 72 21 saken.
703 1130 10 21 I
736 1130 102 21 händelse
854 1129 160 22 Presteständet

186 1160 90 25 antager
299 1163 171 17 reservanternes
493 1159 81 27 förslag
589 1161 24 19 är
626 1159 36 27 jag
678 1159 107 27 nemligen
802 1159 49 26 böjd
867 1158 33 21 för
915 1161 33 18 att
962 1158 52 27 god-

185 1188 72 21 känna
273 1188 124 25 detsamma,
413 1194 47 15 men
476 1188 47 21 icke
538 1194 84 15 annars.

255 1245 68 21 Sedan
340 1245 50 21 herr
412 1245 137 21 Höckert
569 1245 85 21 förenat
669 1245 31 27 sig
717 1245 48 21 med
781 1245 49 21 herr
845 1245 25 21 E.
885 1244 77 27 Bergh,
978 1243 35 22 be-

185 1274 42 20 slöt
251 1274 90 21 Ståndet
359 1276 32 19 att
405 1274 124 27 ytterligare
545 1274 118 27 bordlägga
677 1274 89 21 ärendet
783 1274 33 21 till
832 1275 61 19 nästa
909 1279 106 15 samman-

185 1302 68 21 träde.

255 1453 56 21 Herr
334 1452 188 22 Talmannen
546 1453 100 27 föredrog
669 1459 24 15 en
717 1453 47 21 från
788 1452 166 22 Statsutskottet
977 1458 38 14 an-

186 1481 100 22 kommen
301 1481 110 22 skrifvelse
427 1482 22 21 af
463 1482 40 21 den
519 1483 27 20 24
562 1482 105 21 nästlidne
683 1482 111 25 Februari,
810 1481 46 22 deri
872 1481 142 22 Statsutskot-
