1103 1781
310 108 178 32 Borgareståndet
504 109 54 31 1877.
584 109 12 16 9
609 108 61 16 Mars.
869 103 41 20 259

81 178 61 21 förda
164 178 98 27 grunder,
286 178 92 32 anhålla,
403 180 32 19 att
456 185 26 14 ur
504 178 108 26 ingressen
629 177 68 22 skulle
714 178 104 21 uteslutas
834 178 75 21 orden:

81 207 81 25 under
183 207 104 21 förbebåll
310 209 32 18 att
364 207 5 20 i
390 207 135 26 inledningen
555 219 13 2 —
593 219 17 2 —
631 219 21 2 —
670 219 28 2 --
714 207 7 20 i
739 207 21 26 $$
779 209 75 23 1—6*,
870 207 39 20 och

81 238 32 19 att
133 236 120 21 Ständerna
275 235 48 21 ville
346 235 6 21 i
374 222 135 40 inledningen
528 237 52 24 göra
596 235 36 20 det
648 235 112 25 förbehäll,
777 237 31 19 att
824 242 26 14 en
866 235 44 20 för-

81 265 96 26 ordning,
192 264 148 21 innefattande
361 264 26 21 de
409 264 57 21 delar
469 252 35 33 af
520 251 36 34 det
572 263 78 26 nådiga
665 263 109 25 förslazet,
790 264 32 21 till
838 264 73 20 hvilka

83 293 118 21 Ständerna
217 293 130 24 medverkat,
362 293 67 20 måtte
445 293 102 20 särskildt
563 293 102 24 utfärdas,
681 293 40 20 och
737 293 69 20 uttala
818 293 93 25 önsklig-

82 322 62 21 heten
165 322 26 24 af,
212 324 32 18 att
265 321 42 21 alla
323 321 145 27 postföringen
484 321 90 21 rörande
591 321 133 26 stadganden
741 321 170 21 sammanfördes

81 351 24 20 så
121 351 44 20 vidt
181 350 80 27 möjligt
277 356 50 15 vore
342 350 27 26 på
385 352 31 19 ett
431 350 69 25 ställe,
513 350 108 21 äfvensom
634 351 33 19 att
677 356 26 14 en
714 350 127 26 författning
852 350 58 20 inne-

81 379 100 22 hållande
202 379 25 21 de
249 379 170 20 administrativa
439 379 105 26 åtgärder,
561 379 72 20 hvilka
649 378 131 27 Regeringen
797 379 41 20 kan
854 378 57 21 finna

82 408 141 27 nödvändiga,
239 408 66 20 måtte
321 407 110 27 samtidigt
446 413 105 15 emanera.

151 477 55 20 Herr
229 475 157 28 Wallgren:
418 476 32 21 Då
474 476 42 25 det,
539 476 72 20 förrän
636 482 47 14 man
707 475 98 27 öfvergår
821 476 33 21 till
870 476 40 21 den

83 505 106 26 egentliga
203 505 157 26 granskningen
377 505 22 20 af
413 505 26 20 de
454 505 106 20 särskilda
576 505 33 26 $$,
620 511 28 14 nu
661 505 69 20 skulle
740 505 56 26 gälla
811 507 31 18 att
853 507 58 24 yttra

83 535 32 25 sig
136 533 59 21 öfver
217 534 116 20 utskottets
355 533 132 27 motivering,
504 533 36 21 vill
556 533 37 27 jag
609 533 33 21 för
658 533 43 20 min
718 533 34 21 del
768 534 84 21 ansluta
868 533 43 27 mig

82 562 32 21 till
136 562 40 21 den
194 562 23 21 af
238 562 74 21 herrar
334 561 110 22 Molander
466 562 40 21 och
527 562 96 27 Procopé
648 561 82 27 afgifna
745 563 164 20 reservationen.

83 591 61 21 Hvad
161 591 53 20 först
229 590 101 21 beträffar
346 591 41 25 det,
403 593 32 18 att
450 591 120 21 Ständerna
584 591 68 20 skulle
663 593 58 24 yttra
732 591 32 26 sig
776 591 57 20 öfver
844 591 66 20 andra

83 622 25 18 än
132 620 25 20 de
177 626 36 14 sex
229 619 66 22 första
311 620 30 25 $$,
358 619 23 21 så
397 625 63 15 anser
473 620 37 27 jag
526 619 76 21 sådant
618 626 51 14 vara
684 619 88 21 alldeles
788 619 122 27 obefogadt,

83 649 26 20 då
125 649 35 20 det
176 649 30 20 uti
222 648 134 25 inledningen
373 648 32 20 till
422 649 40 20 den
474 648 78 27 nådiga
563 648 159 27 propositionen
734 648 94 27 tydligen
839 650 70 22 säges:

82 677 23 26 nä
128 677 129 21 Ständernas
281 677 99 26 pröfning
402 677 39 20 och
463 677 120 26 antagande
599 677 113 21 ankomma
728 677 65 20 likväl
809 677 19 26 ej
844 677 67 20 andra

83 708 26 18 än
126 706 36 20 det
177 705 6 21 i
199 705 127 26 föregående
342 706 128 20 omnämnda
486 706 39 21 och
540 705 31 21 uti
588 705 24 27 $$
630 706 53 20 1—6
699 705 105 27 ingående
819 706 92 20 bestäm-

83 735 82 26 ningar,
190 734 97 21 hvarföre
310 734 101 27 förslaget
434 735 6 20 i
463 735 61 20 dessa
546 734 60 21 delar
625 734 143 21 öfverlemnas
783 734 33 21 till
832 735 40 20 den
889 734 23 21 af

83 763 120 21 Ständerna
225 763 105 21 beroende
346 763 150 27 behandling".
527 763 113 21 Utskottet
655 763 38 20 har
710 763 54 21 dock
779 764 6 19 i
802 763 30 21 sin
849 763 62 21 moti-

83 792 73 27 vering
171 792 71 21 berört
257 792 62 21 äfven
335 791 69 22 denna
420 792 32 21 del
470 791 23 22 af
507 792 167 27 propositionen.

150 826 43 21 För
209 826 63 27 öfrigt
288 826 36 21 vill
337 826 37 26 jag
389 828 57 19 ännu
462 828 52 25 göra
530 826 40 21 den
586 826 174 27 anmärkningen,
772 828 32 19 att
817 827 37 26 jag
864 826 47 21 icke

85 855 41 20 kan
148 855 51 26 gilla
216 855 41 25 det,
274 857 31 18 att
327 855 31 20 uti
374 861 25 14 en
415 855 41 20 och
472 861 81 14 samma
568 855 128 26 författning
712 861 26 14 en
754 855 22 20 af
791 855 120 21 Ständerna

83 886 91 23 antagen
191 883 33 28 lag
240 883 39 21 och
295 889 24 15 en
337 883 23 21 af
373 883 133 27 Regeringen
522 889 72 15 ensam
606 883 100 22 utfärdad
718 883 127 27 kungörelse
856 890 55 14 sam-

83 912 145 21 manblandas.
258 913 41 26 Jag
322 912 59 21 delar
403 912 73 21 derför
498 916 173 17 reservanternas
693 913 61 25 åsigt,
772 914 32 19 att
819 912 40 21 den
876 912 35 21 ad-

84 941 140 21 ministrativa
247 941 140 26 kungörelsen
411 941 69 20 skulle
502 941 104 25 utfärdas,
630 941 110 27 samtidigt
762 947 48 15 men
834 941 46 20 icke
904 942 6 19 i

83 969 153 27 sammanhang
252 970 47 21 med
316 969 40 21 den
372 969 24 21 af
409 969 121 22 Ständerna
546 971 94 25 antagna
655 970 69 26 lagen.

152 1038 56 21 Herr
223 1038 182 27 Tengström:
427 1038 10 21 I
453 1040 91 19 motsats
559 1038 33 21 till
608 1038 40 21 den
665 1038 61 27 åsigt,
743 1045 45 14 som
805 1038 70 21 blifvit
890 1039 23 20 af

83 1069 159 18 reservanterne
264 1067 90 25 uttalad,
377 1073 62 15 anser
459 1067 39 27 jag
520 1067 66 26 några
607 1067 171 26 betänkligheter
794 1067 46 21 icke
856 1067 55 21 före-

83 1095 85 22 komma
188 1095 34 21 vid
245 1098 31 18 att
298 1096 57 20 inom
376 1101 72 15 ramen
465 1096 23 20 af
501 1102 25 14 en
543 1095 39 21 och
598 1102 82 14 samma
695 1095 128 26 författning
838 1096 73 27 intaga

83 1124 138 27 stadganden,
243 1130 44 15 som
312 1124 63 21 hafva
398 1124 126 21 tillkommit
546 1130 75 20 genom
643 1124 93 27 Regents
752 1124 39 21 och
807 1125 102 20 Ständers

83 1153 104 20 samfälda
210 1153 135 24 medverkan,
369 1155 56 18 samt
446 1153 192 26 reglementariska
663 1153 52 20 eller
740 1153 171 21 administrativa

83 1181 140 26 föreskrifter,
245 1188 44 15 som
312 1182 113 20 ankomma
447 1181 28 26 på
490 1182 133 27 Regeringen
640 1187 78 15 ensam.
750 1181 161 27 Författningar

83 1210 22 21 af
125 1212 30 19 ett
176 1210 75 21 sådant
269 1210 102 21 blandadt
385 1210 93 21 innehåll
495 1211 95 26 uppfylla
605 1210 49 21 hela
670 1211 36 20 vår
722 1210 134 27 lagstiftning
872 1210 39 21 och

83 1239 80 21 sådana
185 1239 62 21 hafva
270 1239 62 21 äfven
348 1239 7 21 i
371 1241 85 19 senaste
472 1239 31 21 tid
519 1239 115 21 utkommit
649 1241 14 19 t.
680 1246 32 14 ex.
728 1238 183 22 bränvinsförord-

83 1268 76 26 ningen
180 1268 39 21 och
237 1268 155 27 näringslagen.
424 1268 79 27 Många
519 1268 80 21 sådana
614 1268 24 20 af
652 1268 151 21 dubbelartadt
817 1268 94 21 innehåll

83 1296 68 22 finnas
170 1296 40 22 och
225 1297 98 21 tillvaran
340 1297 22 21 af
377 1297 46 20 dem
440 1298 24 19 är
480 1296 42 21 lika
539 1297 23 21 så
578 1297 121 26 nödvändig
714 1303 45 15 som
776 1296 98 22 tillvaran
889 1296 24 21 af

83 1327 32 19 ett
137 1328 139 18 sammansatt
296 1326 55 26 Lag-
370 1325 40 21 och
431 1325 191 21 Ekonomiutskott
643 1326 35 20 vid
693 1325 147 27 Landtdagen.
870 1326 41 26 Jag

83 1354 41 21 kan
141 1354 72 21 derför
228 1354 45 21 icke
289 1354 64 23 finna,
368 1354 73 21 hvilka
457 1354 171 26 betänkligheter
640 1360 45 15 som
697 1354 102 21 särskildt
809 1354 31 21 uti
852 1354 59 21 detta

83 1384 61 19 ämne
167 1382 68 22 skulle
255 1383 44 21 tala
321 1385 57 19 emot
394 1385 31 19 ett
441 1383 69 27 dylikt
526 1382 190 26 sammanförande,
732 1383 6 21 i
754 1382 115 28 synnerhet
884 1383 27 20 då

83 1411 136 27 pluraliteten
241 1412 57 21 inom
320 1412 107 20 utskottet
447 1412 4 20 i
476 1412 40 20 den
539 1411 121 27 föreslagna
674 1412 135 27 inledningen
825 1411 86 24 anmält,

83 1442 32 19 att
136 1440 145 26 stadgandena
305 1440 47 21 från
374 1440 24 26 $$
424 1441 54 20 1—6
502 1440 123 21 tillkommit
644 1440 47 21 med
708 1440 130 22 Ständernas
854 1440 57 21 med-

83 1468 84 26 verkan,
188 1469 39 21 och
249 1469 35 21 det
299 1468 123 27 härigenom
439 1468 71 22 blifvit
526 1468 113 28 förebygdt
655 1471 31 19 att
702 1469 62 21 dessa
779 1468 132 28 stadganden

83 1497 92 27 ensidigt
196 1498 71 21 kunna
282 1497 120 27 upphäfvas
417 1498 53 20 eller
485 1498 77 21 ändras
577 1504 77 20 genom
670 1498 78 21 endera
763 1498 147 21 statsmakten.
