1103 1781
187 111 43 20 394
400 116 178 20 Borgareständet
592 116 55 17 1877.
671 116 25 16 27
709 116 62 16 Mars.

189 184 102 22 beträffar
313 185 95 26 punkten
430 186 19 25 e)
474 185 6 21 i
503 185 151 25 betänkandet,
677 185 85 20 förenar
776 185 36 26 jag
828 184 42 26 mig
886 184 45 21 med
948 189 69 15 reser-

189 215 76 19 vanten
286 213 121 27 Chydenius
430 214 71 20 derom
524 216 32 18 att
575 214 40 20 den
636 213 24 21 sä
683 213 85 27 mycket
787 213 110 26 beprisade
913 211 104 22 klassiska

189 242 122 27 bildningen
327 243 47 20 icke
391 243 37 20 har
444 243 63 20 danat
522 249 102 20 personer
639 243 101 26 lämpliga
755 242 33 21 för
807 241 108 27 praktiska
932 241 50 21 värf.

259 299 56 21 Herr
336 299 32 21 W.
391 299 126 26 Nystön:
548 299 72 26 Enligt
644 300 12 19 7
672 299 12 26 $
703 300 7 19 1
729 299 47 26 kap.
794 298 24 21 U.
835 299 24 20 B.
878 305 49 20 eger
941 304 75 20 guver-

189 329 39 19 nör
244 329 44 20 rätt
303 330 33 19 att
351 328 70 21 såsom
437 328 35 21 det
488 328 60 21 heter
564 329 78 26 ,näpsa
658 328 53 25 dem,
725 334 44 14 som
786 327 53 21 hans
856 327 40 21 bud
909 327 38 20 och
956 329 61 19 ären-

189 357 37 20 der
248 356 37 26 gä*
307 357 47 20 med
378 356 76 21 förlust
470 356 24 21 af
513 357 36 20 tvä
565 357 51 20 eller
632 359 32 18 tre
681 356 112 21 mänaders
809 355 41 26 lön,
866 362 47 15 men
929 355 44 26 bör,
990 355 26 22 dä

189 385 82 20 brottet
287 387 24 18 är
327 385 22 21 af
365 385 85 21 svärare
467 384 151 26 beskaffenhet,
636 385 83 26 angifva
735 385 35 20 det
786 385 38 20 hos
840 386 74 19 rätten.
934 383 82 22 Genom

189 419 26 15 en
236 413 130 21 instruktion
390 413 32 21 för
444 413 225 26 Generalguvernören
692 413 23 21 af
729 413 39 21 den
788 415 23 18 12
835 413 102 20 Februari
962 413 53 21 1812

189 441 68 22 erhöll
287 441 223 28 Generalguvernören
533 445 43 18 rätt
598 444 32 19 att
652 441 62 27 skilja
736 442 33 21 för
792 441 109 22 embetsfel
925 441 91 21 tilltalad

189 470 128 27 tjensteman
334 471 34 20 vid
385 471 183 27 landtregeringen
585 471 44 20 frän
647 471 122 26 utöfningen
787 470 23 21 af
824 471 47 20 dess
886 471 64 26 tjenst
961 470 55 21 intill

189 499 48 21 dess
259 500 100 20 aktionen
382 500 80 25 slutats,
486 499 37 22 och
547 500 31 20 uti
602 506 24 14 en
649 499 61 21 äfven
726 499 6 20 i
749 499 144 21 betänkandet
908 499 107 26 äberopad

189 528 126 26 kungörelse
331 528 23 21 af
368 528 40 21 den
426 529 24 20 10
466 528 42 21 Juli
527 529 53 20 1826
597 528 104 20 förklaras
717 528 111 20 enahanda
839 527 125 27 befogenhet
975 527 41 21 till-

189 557 86 20 komma
291 559 111 24 guvernör.
434 556 70 27 Enligt
521 557 61 20 dessa
598 556 149 27 författningar
763 563 37 14 var
816 556 135 21 länsmannen
968 556 47 21 med

189 584 99 22 afseende
310 586 12 20 &
344 586 31 20 sin
399 586 96 26 rättsliga
518 585 101 27 ställning
642 585 85 21 likstäld
744 585 47 21 med
808 585 65 26 öfrige
889 585 126 26 tjenstemän

189 613 34 21 vid
240 614 40 20 den
303 615 23 20 sä
342 614 85 21 kallade
450 614 183 26 landtregeringen
652 613 39 22 och
707 620 49 14 man
772 613 68 21 skulle
855 615 74 19 nästan
945 613 70 26 tycka,

189 645 32 18 att
236 648 75 20 genom
329 643 61 20 dessa
406 642 147 27 författningar
570 649 24 14 en
611 642 113 27 tillräcklig
740 642 59 21 makt
810 641 58 22 öfver
879 643 135 20 länsmannen

189 677 37 14 var
242 671 48 26 lagd
307 671 6 20 i
329 673 143 23 guvernörens
488 671 86 25 händer,
595 677 46 14 men
658 677 74 20 genom
750 671 116 26 Kejserliga
876 671 139 26 kungörelsen

189 699 22 20 af
232 699 41 21 den
289 701 27 19 24
331 699 88 21 Januari
437 701 59 24 1831,
519 700 60 21 äfven
596 699 108 27 äberopad
722 700 5 20 i
743 700 115 21 utskottets
875 699 140 24 betänkande,

189 727 118 27 upphäfdes
331 729 67 20 denna
421 728 138 26 likställighet
580 728 39 21 och
635 729 136 20 länsmännen
789 727 166 22 öfverlemnades
971 727 46 21 helt

189 756 39 21 och
245 756 66 21 hället
329 757 22 20 ät
366 759 142 24 guvernörens
523 757 111 26 godtycke.
665 757 42 20 Det
723 759 23 18 är
762 757 58 20 detta
836 757 117 25 Kejserliga
970 756 48 21 bref

190 785 38 20 och
251 786 40 20 den
315 785 127 21 förändrade
466 786 104 25 ställning,
594 785 84 21 hvilken
695 785 136 21 länsmännen
848 785 120 26 derigenom
986 785 30 20 in-

189 816 56 23 taga,
263 820 44 14 som
324 814 63 21 väckt
403 815 97 25 missnöje
516 814 38 21 och
571 814 113 26 klagomäl.
711 814 41 26 Jag
768 814 68 21 skulle
852 813 57 22 hälla
924 814 45 20 före
984 815 33 19 att

189 844 32 19 ett
236 842 79 26 förslag
331 849 34 14 om
382 843 158 26 upphäfvandet
555 843 23 20 af
592 843 40 20 den
648 843 145 26 obegränsade
810 844 63 24 magt,
885 848 44 15 som
940 847 75 21 genom

190 871 59 20 detta
265 871 119 26 Kejserliga
400 871 46 21 bref
459 871 68 21 blifvit
543 871 47 26 lagd
607 871 6 20 i
629 873 145 25 guvernörens
790 871 86 26 händer,
892 871 55 20 hade
963 871 54 20 varit

189 905 26 14 en
230 900 83 25 ätgärd,
329 899 31 21 till
377 900 83 21 hvilken
477 901 105 20 utskottet
598 900 81 21 kunnat
694 899 114 22 inskränka
824 900 38 25 sig.
888 900 128 26 Härigenom

189 927 68 22 skulle
281 929 104 26 nemligen
409 929 147 20 länsmännens
578 929 99 26 ställning
701 929 63 20 hafva
788 928 99 21 återförts
909 928 32 21 till
960 928 55 21 hvad

189 957 40 20 den
247 963 38 14 var
307 957 46 20 före
369 957 59 21 detta
444 957 56 21 brefs
515 957 128 21 utfärdande
659 957 37 21 och
714 957 138 21 länsmännen
868 957 5 20 i
890 957 59 20 detta
965 957 52 20 afse-

189 985 54 21 ende
259 985 69 21 blifvit
343 986 98 21 likstälde
458 987 45 20 med
520 986 141 21 landtstatens
677 985 67 27 öfrige
760 986 132 26 tjenstemän.
923 985 94 21 Sälunda

189 1013 71 22 kunde
284 1021 63 14 mom.
363 1015 19 20 b.
405 1015 46 20 frän
475 1015 114 20 utskottets
612 1014 134 21 betänkande
761 1015 45 20 helt
822 1014 39 21 och
877 1014 66 21 hället
958 1014 57 26 utgä,

189 1044 23 25 ty
227 1043 68 20 redan
311 1043 66 26 enligt
394 1044 52 20 1826
463 1044 34 20 ärs
513 1043 126 25 kungörelse
656 1049 48 20 eger
720 1045 132 24 guvernören
865 1045 42 18 rätt
919 1045 32 18 att
961 1042 55 21 ifrän

189 1071 126 21 utöfvandet
337 1072 22 21 af
379 1072 47 21 dess
442 1072 64 27 tjenst
528 1072 62 26 skilja
607 1073 93 20 länsman
717 1078 44 15 som
779 1074 24 19 är
818 1071 92 21 tilltalad
926 1071 33 21 för
974 1077 42 15 em-

189 1099 85 25 betsfel,
290 1100 54 21 intill
361 1101 47 20 dess
424 1101 99 20 aktionen
539 1101 34 20 vid
590 1101 90 20 domstol
697 1100 103 21 slutförts.

259 1129 38 20 Att
320 1129 222 27 länsmanstjensterne
566 1129 27 27 pä
616 1131 75 24 mänga
715 1131 57 19 orter
795 1129 7 20 i
824 1128 45 21 vårt
897 1128 49 21 land
971 1128 46 21 icke

189 1157 84 21 kunnat
295 1158 94 21 besättas
411 1158 47 21 med
481 1157 69 22 dertill
573 1164 67 15 vuxne
661 1157 39 22 och
724 1157 99 27 lämplige
839 1163 101 20 personer
955 1157 62 21 beror

189 1185 45 22 dels
258 1186 27 26 pä
309 1187 68 20 denna
399 1186 61 21 deras
482 1187 77 20 osäkra
582 1187 105 26 ställning,
703 1186 45 21 dels
764 1186 56 27 uppå
836 1186 25 20 de
878 1185 139 26 otillräckliga

189 1214 164 25 löneförmäner,
369 1215 47 20 dem
431 1215 55 21 varit
501 1215 162 21 tillförsäkrade.
687 1215 41 27 Jag
744 1221 62 15 anser
822 1214 70 21 derför
907 1216 32 19 att
954 1221 63 14 mom.

189 1249 17 15 €.
229 1243 32 21 uti
285 1243 144 22 betänkandet
450 1244 38 21 bör
510 1243 123 26 bibehållas,
654 1243 53 22 dock
723 1243 47 22 med
786 1244 40 20 den
842 1243 128 26 förändring,
986 1244 32 20 att

189 1278 49 14 man
252 1273 77 20 endast
351 1272 67 21 skulle
434 1273 84 21 anhålla
535 1279 33 15 om
585 1275 32 19 att
632 1273 150 21 länsmannens
798 1273 59 20 löner
872 1272 66 20 måtte
954 1272 64 20 skäli-

188 1306 41 20 gen
245 1300 100 27 förhöjas,
369 1303 32 19 att
422 1301 81 21 således
524 1302 47 20 icke
593 1302 64 24 något
680 1301 108 21 bestämdt
811 1301 77 26 belopp
911 1300 68 21 skulle
997 1300 23 21 af

189 1328 120 22 Ständerne
330 1329 82 25 fixeras,
429 1332 51 18 utan
496 1330 35 21 det
546 1330 21 21 fä
583 1330 50 21 bero
650 1330 27 26 pä
692 1330 55 21 hvad
763 1330 132 26 Regeringen
911 1329 41 21 kan
968 1334 51 16 anse

189 1359 83 20 statens
287 1358 114 26 tillgängar
416 1358 105 27 medgifva
536 1358 39 22 och
592 1358 148 22 länsmännens
756 1358 101 26 ställning
873 1357 100 21 erfordra.

260 1386 147 22 Momenterne
428 1387 26 25 d.,
470 1394 17 14 c.
504 1388 38 20 och
560 1387 12 21 f.
588 1394 63 14 anser
671 1387 37 27 jag
730 1387 47 21 icke
800 1387 52 20 böra
867 1387 6 20 i
889 1386 130 21 Ständernes

189 1415 92 25 petition
303 1416 55 25 ingå.
389 1416 83 26 Frågan
493 1422 33 15 om
550 1416 262 26 kronofogdeijeusternas
834 1415 125 27 indragning
979 1414 40 22 och

189 1442 163 29 öfverflyttande
369 1444 22 21 af
405 1444 180 26 kronofogdarnes
608 1444 126 27 åligganden
750 1444 28 27 på
793 1444 137 21 länsmännen
946 1443 73 27 tyckes

189 1471 6 21 i
211 1472 146 22 betänkandet
378 1479 50 15 vara
450 1473 72 21 alltför
545 1473 59 26 ringa
620 1474 83 25 utredd,
718 1473 33 21 för
766 1475 33 19 att
814 1472 119 22 Ständerne
948 1472 71 20 kunde

188 1500 86 22 besluta
295 1502 32 26 sig
347 1501 34 21 för
403 1508 25 15 en
450 1502 97 21 anhållan
571 1508 34 14 om
622 1508 25 14 en
663 1502 77 21 reform
757 1502 6 20 i
780 1502 60 20 detta
856 1501 60 27 syfte.
946 1501 38 21 Att
999 1500 22 22 af
