1103 1781
186 104 42 20 418
425 109 179 21 Borgareståndet
616 109 56 19 1877.
696 111 14 16 4
722 110 62 21 April.

187 177 94 27 ligheten
304 178 21 21 af
348 180 32 19 att
395 178 40 21 hos
451 179 59 20 Hans
525 178 103 27 Majestät
643 179 6 21 i
665 181 71 19 svaret
748 180 27 26 på
791 179 41 21 den
848 178 77 27 nådiga
939 184 78 21 propo-

187 207 90 20 sitionen
293 207 57 26 gifva
365 207 110 25 tillkänna,
490 209 33 19 att
538 207 121 22 Ständerna
674 208 33 21 för
722 208 32 21 sin
771 208 33 21 del
820 207 87 22 beslutit
923 210 32 18 att
962 213 54 20 upp-

187 235 63 21 häfva
272 235 61 22 äfven
356 236 48 21 8:de
419 236 15 27 &
449 237 23 20 B.
490 236 23 21 B.
530 236 49 21 Mitt
594 237 79 26 förslag
689 237 69 20 skulle
774 236 82 21 således
871 237 26 24 gå
913 235 65 27 derpä
993 238 23 18 ut

186 265 33 19 att
234 263 91 22 Ständet
346 264 68 21 skulle
430 264 70 21 lemna
515 264 74 26 frägan
605 265 7 20 i
628 265 48 21 hela
691 265 49 20 dess
756 265 48 21 vidd
820 267 69 24 öppen
905 265 38 20 och
960 265 55 20 äter-

187 292 78 21 förvisa
289 294 88 20 ärendet
398 293 32 20 till
446 293 153 26 Lagutskottet
614 293 7 20 i
637 293 36 21 det
688 293 23 22 af
724 294 42 26 mig
783 293 100 28 uppgifna
897 293 116 21 afseendet.

256 349 33 21 Då
304 350 62 25 ingen
383 350 68 21 talare
466 350 72 21 vidare
554 350 98 21 anmälde
667 350 38 27 sig,
720 350 132 21 förklarades
868 349 147 22 diskussionen

186 377 101 23 afslutad,
311 378 38 21 och
371 378 49 21 herr
435 379 178 21 Talmannen
628 379 125 21 framstälde
770 379 31 21 till
818 379 89 21 Ståndet
923 378 93 27 följande

186 406 141 27 proposition:

256 463 165 28 Proposition
437 465 39 20 N:o
495 466 21 19 1:
540 464 42 21 Vill
597 464 182 27 Borgareståndet
795 464 83 21 direkte
892 465 78 25 antaga
980 465 35 20 ut-

186 492 93 21 skottets
301 493 93 26 förslag?
416 493 46 21 Den
486 493 36 21 det
543 493 36 21 vill
596 499 73 15 svarar
682 493 28 26 ja;
728 493 73 20 vinner
816 493 40 27 nej,
873 493 94 20 kommer
982 495 33 18 att

187 523 105 19 omröstas
315 521 106 21 huruvida
443 522 49 20 herr
510 522 32 21 W.
559 521 92 28 Nysténs
667 522 51 21 eller
734 522 49 21 herr
799 521 122 26 Öhrnbergs
936 521 79 26 förslag

186 550 54 21 skall
257 550 33 21 till
306 550 210 27 kontraproposition
531 553 58 18 emot
605 551 117 21 utskottets
737 550 136 21 betänkande
889 552 93 24 antagas.

256 607 182 27 Proposititionen
454 607 127 22 besvarades
597 608 48 21 med
661 607 156 27 öfvervägande
832 607 41 27 nej.

256 664 171 27 Proposition
442 665 40 20 N.o
499 665 22 20 2:
545 665 31 20 De
592 671 46 14 som
654 665 49 26 vilja
719 665 69 20 såsom
805 663 208 27 kontraproposition

186 694 58 19 emot
259 693 118 21 utskottets
395 693 132 21 betänkande
543 696 79 23 antaga
638 693 48 21 herr
702 693 32 21 W.
751 693 93 27 Nysténs
859 692 78 26 förslag
947 692 67 21 beha-

185 721 54 26 gade
255 727 62 15 svara
330 722 35 26 ja;
383 723 73 20 vinner
464 722 32 27 nej
508 728 60 15 anses
579 722 182 26 Borgareståndet
772 721 63 21 hafva
845 721 70 21 såsom
928 721 86 21 kontra-

185 750 132 27 proposition
334 751 95 25 godkänt
444 751 104 26 yrkandet
564 757 34 14 om
614 750 122 22 återremiss
752 751 32 20 till
800 751 105 20 utskottet
920 749 6 21 i
943 750 36 21 det
993 749 22 21 af

185 777 51 22 herr
252 779 113 26 Öhrnberg
380 779 93 27 antydda
488 779 60 26 syfte.

255 835 76 22 Svaret
347 836 68 27 härpå
430 836 62 21 utföll
507 837 48 20 med
571 836 157 27 öfvervägande
744 836 40 27 nej.

254 893 174 26 Proposition
450 893 38 22 N:o
512 894 22 20 3:
559 894 32 21 De
614 900 45 14 som
677 893 116 27 godkänna
808 892 116 22 utskottets
939 893 75 21 betän-

185 921 70 22 kande
278 922 109 26 behagade
410 928 62 15 svara
491 922 32 27 ja;
547 923 74 27 vinner
645 923 33 26 nej
702 922 97 21 kommer
823 921 144 22 betänkandet
981 923 33 20 att

185 951 173 20 återremitteras
374 951 6 20 i
397 951 36 21 det
447 951 55 27 syfte
518 951 49 21 herr
581 951 113 26 Öhrnberg
709 951 99 26 påyrkat.

254 1008 76 21 Denna
352 1008 131 27 proposition
504 1008 128 21 besvarades
647 1008 48 21 med
711 1007 155 27 öfvervägande
882 1008 40 27 nej;
939 1008 5 20 i
960 1007 52 27 följd

184 1036 77 21 hvaraf
276 1037 180 26 Borgareståndet
472 1037 132 21 förklarades
621 1037 62 20 hafva
699 1037 94 26 beslutit,
800 1039 40 24 att
856 1037 158 20 återremittera

185 1065 146 21 betänkandet
353 1065 32 21 till
409 1066 150 26 Lagutskottet
581 1065 7 21 i
610 1065 36 22 det
660 1065 54 28 syfte
730 1065 51 21 herr
796 1064 123 28 Öhrnbergs
933 1065 81 26 förslag

185 1094 125 21 innehåller.

253 1225 102 22 Härefter
376 1226 110 26 föredrogs
505 1225 192 28 Borgareståndets
713 1225 99 22 enskilda
826 1225 185 21 Besvärsutskotts

183 1254 32 22 till
235 1255 2 20 i
254 1255 41 27 dag
311 1255 118 27 bordlagda
445 1255 133 21 betänkande
594 1255 40 21 N:o
651 1256 12 19 4
678 1255 6 21 i
700 1255 116 25 anledning
831 1254 23 21 af
868 1256 76 19 tvenne
954 1255 57 20 inom

182 1284 183 25 Borgareståndet
387 1283 131 22 framställda
540 1284 180 26 petitionsförslag
741 1283 111 25 angående
874 1283 75 27 tillägg
971 1282 40 22 och

182 1312 151 27 förändringar
348 1313 7 20 i
370 1312 276 26 kommunalförfattningen
661 1312 33 21 för
709 1312 108 21 städerna.

251 1364 97 27 Ärendet
363 1369 44 21 blef
420 1370 28 26 på
462 1369 99 21 anhållan
577 1370 23 20 af
614 1369 75 21 herrar
704 1369 76 21 Olsoni
796 1368 40 22 och
851 1368 83 28 Nybom
944 1370 67 25 ytter-

181 1398 67 27 ligare
265 1398 114 27 bordiagdt
395 1398 32 21 till
442 1400 61 20 nästa
518 1398 164 22 sammanträde.
