1103 1781
205 113 43 21 124
422 118 179 22 Borgareståndet
614 119 54 17 1877.
693 120 25 16 10
730 118 105 18 Februari.

275 187 103 21 Anmärk.
394 187 73 21 Under
480 187 96 21 sistlidne
588 187 24 21 år
625 187 54 22 1876
691 187 144 27 utskeppades
843 187 54 21 ifrån
905 186 133 27 Björneborg

206 217 13 20 8
235 215 28 28 1/,
279 216 99 26 miljoner
393 216 49 21 kub.
458 216 32 21 fot
505 218 105 19 trävaror.

276 267 140 27 Helsingfors,
433 268 39 21 den
491 268 25 21 10
531 267 104 22 Februari
653 269 60 20 1877.

736 318 90 21 Edvard
841 317 125 22 Molander.

275 376 32 21 På
322 375 99 22 anhållan
439 375 21 22 af
474 376 74 21 herrar
570 375 148 22 Lindelöf
732 376 39 21 och
786 375 119 22 Jansson
919 375 44 20 blef
976 376 61 19 ären-

207 405 36 21 det
258 405 115 26 bordlagdt
389 405 32 20 till
437 405 175 21 nästkommande
628 405 79 26 fredag.

276 537 38 20 Ett
330 536 22 21 af
366 537 49 20 herr
431 537 149 21 Rissanen
596 537 118 21 inlemnadt
730 536 182 27 petitionsförslag
927 536 110 26 upplästes

205 565 41 21 och
261 572 38 14 var
314 565 23 21 af
351 565 93 27 följande
459 565 91 28 lydelse:

433 623 40 20 Till
488 623 113 26 Vällofliga
616 623 188 26 Borgareståndet.

278 673 79 27 Hvarje
372 673 106 22 tänkande
495 675 56 20 inser
567 674 38 21 och
623 675 111 25 erkänner,
750 677 33 18 att
797 674 103 27 qvinnans
911 674 124 27 uppfostran

207 701 41 22 och
270 702 159 27 undervisning,
445 709 25 14 ur
486 703 39 20 den
542 703 108 20 allmänna
665 703 133 26 bildningens
814 703 113 26 synpunkt,
943 704 24 19 är
982 702 53 21 lika-

207 730 24 21 så
255 731 120 26 nödvändig
398 731 39 21 och
465 731 193 33 maktpåliggande,
681 738 46 15 som
752 737 115 20 mannens;
892 733 22 25 ty
934 731 102 21 ehuruväl

207 759 104 26 qvinnans
327 746 134 35 verksamhet
476 760 55 21 inom
548 760 112 21 samhället
675 762 24 19 är
716 761 40 20 och
767 760 67 21 måste
847 748 98 33 förblifva
955 760 82 21 mindre

208 787 132 22 omfattande
363 790 26 19 än
414 795 107 19 mannens,
545 789 23 20 så
588 789 82 26 åligger
691 789 69 21 henne
776 788 70 26 likväl,
863 789 56 20 inom
936 788 100 26 familjen,

207 815 71 22 såsom
301 816 62 21 maka
382 817 39 20 och
437 817 79 25 moder,
532 817 102 21 särskildt
650 817 48 21 med
714 817 81 28 hänsyn
812 805 34 32 till
860 817 35 21 det
910 823 57 20 unga
982 817 54 26 släg-

208 846 42 19 tets
273 845 84 26 daning,
381 846 81 26 pligter,
480 845 72 22 hvilka
566 846 29 26 på
610 846 67 21 henne
694 846 116 25 ingalunda
825 845 63 22 ställa
903 846 81 20 mindre
1000 851 37 15 an-

208 873 71 26 språk.
311 874 38 20 Att
371 877 69 18 staten
460 875 58 20 detta
534 875 96 26 oaktadt,
646 875 104 24 öfverallt,
766 881 76 20 genom
859 874 108 27 oftentliga
983 874 54 21 läro-

207 902 111 22 anstalter,
341 902 6 21 i
370 904 68 19 större
464 903 86 26 omfäng
570 903 53 26 sörjt
639 903 32 21 för
687 909 87 21 gossens
790 905 26 18 än
832 903 34 21 för
880 902 88 22 flickans
984 902 53 21 bild-

207 931 58 25 ning,
281 931 105 21 förklaras
402 931 74 22 endast
492 932 128 26 derigenom,
636 935 32 17 att
682 932 123 21 densamma
820 931 7 21 i
842 932 89 20 främsta
946 933 91 19 rummet

207 959 69 21 måste
297 965 51 16 vara
369 960 88 21 betänkt
473 961 26 26 pä
514 963 32 18 att
562 961 51 31 fylla
628 961 37 20 sitt
681 961 66 20 behof
761 961 23 21 af
798 961 137 20 embetsmän.
965 960 71 21 Meni

208 987 41 21 den
265 994 48 15 mon
330 988 114 21 samhället
458 989 108 21 utvecklat
582 990 32 26 sig
629 989 39 21 och
682 989 123 26 bildningen
817 989 68 20 blifvit
899 988 138 25 allmännare,

208 1015 40 22 har
271 1019 70 18 staten
366 1017 68 21 funnit
455 1018 31 25 sig
507 1018 76 21 manad
600 1005 37 33 att
657 1017 78 27 jemväl
751 1021 50 23 taga
816 1018 52 21 värd
884 1023 34 15 om
934 1018 104 26 gvinnans

208 1044 95 27 bildning
325 1045 40 21 och
388 1046 6 20 i
417 1034 75 33 sådant
508 1046 99 21 ändamål
622 1047 91 20 inrättat
728 1046 110 27 offentliga
854 1046 77 21 skolor.
963 1045 28 21 Så
1007 1045 28 21 äf-

207 1079 40 15 ven
263 1074 6 20 i
285 1061 48 34 vårt
348 1074 55 21 land.
435 1075 45 20 Här
495 1075 66 21 finnes
577 1075 66 20 redan
660 1077 30 19 ett
706 1075 83 21 mindre
806 1075 58 20 antal
880 1074 21 21 af
913 1074 124 21 statsmedel

208 1101 141 22 underhållna
370 1109 15 14 s.
403 1103 20 20 k.
439 1103 217 21 fruntimmersskolor
671 1103 40 21 och
727 1103 103 28 styrelsen
847 1103 39 21 har
901 1109 76 20 genom
993 1104 44 19 sär-

207 1130 70 21 skilda
300 1131 74 26 anslag
397 1132 47 20 sökt
467 1132 129 21 understöda
617 1132 142 27 uppkomsten
783 1134 21 19 af
823 1131 96 22 enskilda
935 1132 103 21 anstalter

207 1158 33 21 för
255 1159 85 21 flickors
355 1143 156 48 undervisning.
542 1161 68 20 Bland
627 1164 64 22 orter,
707 1167 45 15 som
769 1167 40 20 ega
825 1167 25 14 en
867 1159 94 28 offentlig
979 1160 58 21 frun-

209 1188 165 23 timmersskola,
396 1191 23 18 är
440 1189 83 26 Kuopio
548 1195 31 20 en,
602 1189 38 21 och
660 1190 36 20 det
712 1178 106 33 erkänner
833 1189 48 21 med
897 1189 140 24 tacksamhet,

207 1218 33 19 att
256 1217 83 25 staden,
353 1217 66 26 jemte
435 1218 46 20 dess
497 1218 90 26 omnejd,
605 1218 61 21 deraf
680 1219 71 26 dragit
766 1218 47 21 icke
829 1218 60 26 ringa
899 1217 76 22 fördel.
996 1217 41 21 Vid

207 1245 40 21 den
272 1245 37 24 tid,
335 1246 26 20 då
383 1246 68 20 denna
474 1246 60 21 skola
557 1247 123 26 inrättades,
696 1253 39 15 var
750 1247 106 21 svenskan
872 1248 56 19 ännu
944 1246 94 21 rådande

206 1274 114 26 skolspråk
341 1276 5 19 i
366 1275 47 20 vårt
428 1275 54 25 land,
500 1275 38 21 och
554 1276 104 26 naturligt
672 1278 24 18 är
712 1276 85 20 derföre
813 1278 33 18 att
861 1274 61 22 äfven
939 1276 40 20 den
995 1274 44 21 blef

206 1303 85 21 svensk.
322 1303 49 21 Men
395 1304 65 20 sedan
477 1304 47 20 dess
539 1304 39 20 har
594 1304 142 21 förhållandet
752 1304 129 25 förändrats,
897 1304 40 20 och
953 1303 84 26 Kuopio

206 1332 24 19 är
246 1338 89 14 numera
350 1332 89 21 framför
454 1332 76 27 många
546 1335 58 18 orter
619 1333 6 20 i
640 1333 126 27 åtnjutande
782 1332 23 21 af
819 1332 41 21 den
876 1335 58 18 stora
942 1332 95 21 fördelen

205 1361 34 19 att
255 1362 40 24 äga
311 1360 58 21 såväl
385 1360 88 27 lyceum,
490 1367 44 15 som
550 1361 106 21 realskola
672 1362 48 20 med
736 1361 69 21 finska
821 1360 32 22 till
869 1361 168 26 undervisnings-

206 1388 72 26 språk.
309 1388 58 21 Våra
389 1391 62 19 söner
474 1389 122 21 förberedas
617 1390 89 24 således,
729 1390 19 26 ej
766 1390 84 21 mindre
872 1390 33 20 för
921 1390 40 20 den
977 1389 61 21 lärda

207 1418 78 24 banan,
299 1418 27 20 än
342 1418 33 20 för
388 1418 110 26 praktiska
515 1418 66 27 yrken
597 1419 67 20 under
681 1418 139 27 begagnande
832 1418 23 21 af
870 1418 36 21 det
921 1418 117 26 tungomål,

207 1445 25 21 de
251 1445 42 21 lärt
312 1446 2 20 i
331 1446 104 21 hemmen.
466 1446 48 22 Men
529 1447 48 21 med
593 1447 51 21 våra
660 1448 82 20 döttrar
758 1450 24 18 är
798 1447 96 21 deremot
907 1446 132 22 fortfarande

207 1473 144 23 förhållandet
373 1477 77 19 annat:
473 1475 25 21 de
522 1475 87 27 nödgas,
630 1478 57 19 emot
711 1476 26 21 de
762 1476 95 21 fördelar
879 1475 96 27 kunskap
999 1475 39 21 och

208 1502 67 26 högre
298 1503 95 27 bildning
416 1504 101 26 medföra,
541 1504 6 21 i
568 1504 25 21 de
615 1503 61 22 flesta
698 1504 38 22 fall
756 1504 78 27 utbyta
849 1504 38 21 sitt
902 1504 136 21 modersmål.
