1103 1781
322 103 178 20 Borgareständet
513 103 53 17 1877.
591 104 13 15 4
617 103 63 21 April.
866 98 40 20 415

78 171 111 22 memorial
205 172 91 20 rörande
311 170 105 22 särskilda
431 171 100 27 ätgärder
544 171 132 22 beträffande
687 171 220 27 kronoskogsmarker

79 200 39 21 och
143 200 116 26 kronotorp
283 200 56 21 inom
362 201 118 24 desamma;
502 202 20 25 g)
544 200 146 21 innefattande
714 200 100 21 Ständets
837 200 70 21 beslut

78 228 132 21 beträffande
230 228 107 21 allmänna
359 229 207 21 Besvärsutskottets
583 229 135 20 betänkande
734 229 6 20 i
756 229 115 26 anledning
886 229 23 20 af

78 257 107 20 särskilda
208 257 55 21 inom
287 257 84 21 Preste-
395 257 39 21 och
457 258 164 21 Bondeständen
646 258 76 21 väckta
740 258 116 26 petitioner
872 263 34 15 om

78 285 147 22 förbättrande
247 285 23 22 af
289 286 218 21 kronolänsmännens
526 286 109 26 ställning;
661 286 22 26 h)
703 287 110 26 angäende
835 286 33 21 val
885 286 22 20 af

78 314 118 21 ledamöter
211 314 39 21 och
266 315 136 26 suppleanter
418 315 6 20 i
440 315 243 26 värnepliktsutskottet.

148 371 33 21 2:0
197 371 56 21 Från
270 371 165 24 Presteständet,

147 429 22 20 af
184 429 39 21 den
240 429 26 21 23
283 429 68 20 Mars:

147 486 21 26 a)
185 485 108 26 angäende
317 486 73 21 remiss
412 486 32 20 till
460 486 166 21 Statsutskottet
642 486 23 21 af
679 487 40 20 den
735 486 76 26 nädiga
827 492 78 20 propo-

77 513 91 22 sitionen
191 515 39 20 N:o
249 515 34 25 43;
307 514 22 27 b)
349 521 33 14 om
403 515 34 20 val
455 515 23 20 af
491 515 137 26 suppleanter
644 515 31 20 till
691 515 214 21 Ekonomiutskottet

78 545 55 18 samt
157 549 34 14 om
208 543 32 20 val
257 543 21 20 af
293 543 116 21 ledamöter
425 543 38 21 och
480 544 138 26 suppleanter
633 543 6 20 i
656 543 247 27 värnepliktsutskottet
896 539 10 35 ;

78 573 19 24 €)
113 572 145 21 innefattande
275 571 99 22 Ständets
390 571 69 22 beslut
475 572 131 21 beträffande
622 572 224 21 Ekonomiutskottets
868 572 37 21 be-

77 600 108 21 tänkande
207 600 40 21 N:o
273 601 21 25 3;
319 601 20 26 d)
362 600 108 26 angäende
494 601 100 20 Ständets
616 601 70 20 beslut
709 601 131 20 beträffande
857 601 48 20 sist-

78 629 92 20 nämnda
193 629 93 21 utskotts
310 629 133 20 betänkande
459 630 40 21 N:o
515 631 23 26 4;
560 631 20 24 e)
596 629 109 26 angäende
724 630 74 21 remiss
817 629 31 21 till
865 629 39 21 Be-

77 657 205 27 villningsutskottet
298 657 21 21 af
334 658 39 21 den
389 657 77 28 nädiga
482 658 158 27 propositionen
657 659 38 20 N:o
712 659 33 24 37;
768 658 16 27 f)
795 658 109 26 angäende

77 687 76 20 remiss
175 687 32 20 till
222 686 213 21 Ekonomiutskottet
455 687 21 20 af
491 687 40 21 den
547 687 77 26 nädiga
639 687 157 26 propositionen
812 687 40 20 N:o
868 688 34 24 42;

77 717 22 24 g)
115 715 109 26 angäende
248 715 99 21 Ständets
369 715 70 21 beslut
458 715 131 22 beträffande
605 716 108 20 allmänna
728 715 175 21 Besvärsutskot-

76 745 43 19 tets
142 743 135 22 betänkande
297 744 40 21 N:o
359 746 20 23 4;
403 744 20 25 h)
441 744 110 26 angäende
568 744 100 21 Ständets
684 743 71 22 beslut
770 743 133 22 beträffande

76 772 222 21 Ekonomiutskottets
315 773 132 20 betänkande
461 773 39 21 N:o
512 774 20 25 5;
552 773 16 26 i)
585 773 90 21 rörande
687 773 106 21 allmänna
804 773 99 21 Besvärs-

76 801 117 21 utskottets
210 801 134 21 betänkande
359 801 40 21 N:o
415 803 19 19 5.

146 859 33 20 3:o
203 858 55 21 Från
274 858 170 21 Bondeständet:

145 915 21 26 a)
190 915 23 20 af
228 915 39 21 den
283 916 27 20 23
327 915 63 25 Mars,
406 915 146 21 innefattande
568 915 101 21 Ståndets
685 915 70 21 beslut
771 915 132 21 beträffande

75 943 222 22 Ekonomiutskottets
319 943 133 22 betänkande
476 944 40 21 N:o
540 945 19 25 3;
584 944 39 21 och
646 944 22 26 b)
689 944 23 21 af
726 950 80 15 samma
819 945 47 25 dag,
883 944 22 21 af

75 972 93 21 innehåll
192 975 32 18 att
247 973 158 20 Bondeståndet
426 973 133 21 beträffande
582 973 222 21 Ekonomiutskottets
827 973 76 20 betän-

76 1001 69 21 kande
167 1001 40 20 N:o
228 1001 13 20 4
257 1001 6 20 i
279 1001 114 26 anledning
408 1001 23 21 af
445 1001 41 22 den
502 1001 77 26 nådiga
595 1002 158 25 propositionen
770 1008 33 14 om
820 1008 25 14 en
861 1001 42 21 för-

75 1030 90 26 ordning
181 1030 144 21 innefattande
342 1030 73 27 tillägg
431 1030 31 21 till
479 1030 151 26 förordningen
646 1037 33 14 om
693 1030 210 21 kommunalförvalt-

75 1058 77 26 ningen
168 1058 27 27 på
211 1058 78 26 landet,
305 1059 94 25 beslutit,
415 1061 32 18 att
464 1059 157 21 återremittera
637 1059 88 20 ärendet
740 1059 31 20 till
788 1059 114 20 Ekonomi-

74 1087 107 21 utskottet
196 1087 32 20 för
245 1089 32 19 att
293 1087 119 21 omarbetas
428 1088 6 19 i
450 1087 37 21 det
502 1088 61 27 syfte,
580 1089 32 19 att
628 1087 72 26 hvarje
716 1087 105 27 borgerlig
842 1087 56 21 kom-

75 1121 49 15 mun
141 1115 12 21 å
169 1115 72 21 landet
255 1122 50 15 vore
321 1116 100 26 obetaget
437 1118 33 19 att
486 1123 33 14 om
534 1115 146 27 fördelningen
693 1117 39 20 och
745 1116 125 26 uppbörden
881 1115 22 22 af

74 1144 43 21 alla
139 1144 31 21 till
197 1144 140 21 kommunens
360 1144 65 21 behof
443 1145 139 26 erforderliga
603 1145 67 20 medel
686 1147 50 18 utan
749 1144 154 27 inskränkning

75 1173 49 26 sjelf
139 1173 66 26 draga
220 1174 82 25 försorg
317 1173 7 21 i
340 1173 40 21 den
396 1173 90 28 ordning
497 1173 125 21 förberörda
632 1173 122 26 förordning
767 1173 136 21 föreskrifver

73 1201 6 20 i
95 1201 101 21 afseende
216 1201 12 21 å
245 1201 118 27 debitering
378 1202 39 21 och
433 1202 97 27 uppbörd
548 1202 22 21 af
584 1202 68 21 medel
668 1202 31 21 till
715 1202 81 21 hvilkas
811 1201 90 22 utbetal-

73 1230 50 26 ning
146 1230 129 22 kommunen
291 1231 96 26 beslutit;
411 1231 93 21 hvarhos
521 1231 141 21 Medstånden
677 1231 69 21 skulle
760 1237 75 20 genom
852 1236 48 20 pro-

74 1259 158 26 tokollsutdrag
248 1260 97 26 inbjudas
361 1262 32 18 att
408 1260 75 22 förena
494 1260 31 26 sig
536 1266 33 15 om
581 1260 169 21 Bondeståndets
762 1258 140 22 omförmälda

73 1288 72 21 beslut
160 1288 6 20 i
182 1288 73 22 saken.

142 1431 61 21 Efter
218 1431 99 22 anmälan
332 1432 121 20 företrädde
470 1432 50 21 herr
529 1432 105 21 Senatorn
647 1431 55 21 Emil
712 1432 102 20 Forsman
825 1430 76 27 åtföljd

73 1460 22 21 af
109 1460 271 22 Protokollssekreteraren
404 1460 49 21 Carl
471 1460 65 22 Selim
552 1460 114 22 Estlander
687 1460 39 21 och
742 1459 159 22 öfverlemnade

72 1488 32 22 till
120 1489 50 21 herr
192 1489 130 21 Talmannen
338 1489 59 21 Hans
416 1489 120 27 Kejserliga
552 1489 111 27 Majestäts
678 1488 76 27 nådiga
769 1488 133 27 proposition
