1103 1781
194 112 40 20 396
440 117 181 21 Borgareståndet
634 118 53 16 1877.
713 118 25 17 27
750 118 62 16 Mars.

193 187 139 21 länsmannen
348 187 131 27 förskingrar
494 188 65 25 något
574 187 24 21 af
611 187 26 21 de
652 187 112 27 uppburna
780 187 89 21 medlen.
885 187 76 21 Kunde
974 186 48 21 der-

194 217 59 19 emot
268 216 115 27 möjligtvis
398 217 68 25 någon
482 216 63 26 tjenst
561 216 106 26 indragas,
683 222 50 15 vore
749 216 36 21 det
801 216 80 21 kanske
892 215 130 22 häradskrif-

193 245 150 26 varetjensten.
375 244 203 21 Häradskrifvarens
594 245 126 26 åligganden
736 246 87 24 utgöres
839 244 184 26 hufvudsakligast

194 272 23 21 af
230 273 199 26 mantalsskrifning
450 273 38 21 och
512 272 128 27 debitering;
664 279 34 15 om
714 273 66 21 också
794 273 68 21 andra
878 273 145 27 skyldigheter

194 301 23 21 af
230 303 47 19 stor
299 301 44 28 vigt
366 302 136 26 förekomma,
526 303 37 19 äro
587 302 26 21 de
636 301 45 22 icke
705 301 23 22 så
752 301 131 26 tidsödande,
900 308 45 15 som
961 301 62 22 dessa

194 331 85 20 tvänne.
296 330 68 21 Äfven
379 330 6 21 i
402 330 86 25 Sverige
503 330 38 21 har
556 330 69 21 denna
641 330 59 26 fråga
716 330 56 21 varit
786 330 89 21 föremål
887 330 32 21 för
928 329 95 22 behand-

194 358 51 26 ling,
261 359 39 21 och
317 359 23 20 så
356 359 43 21 vidt
413 359 35 26 jag
464 359 81 20 känner
560 359 39 20 har
615 365 48 14 man
679 359 63 20 äfven
758 359 38 21 der
812 361 70 19 ansett
892 361 32 19 att
936 359 86 20 härads-

195 387 198 26 skrifvaretjensten
417 387 55 21 helst
494 388 70 20 kunde
586 388 113 24 undvaras,
713 387 65 26 jemte
795 389 35 19 det
846 394 48 14 man
913 387 110 26 föreslagit

195 417 32 19 att
243 422 25 14 en
285 416 34 20 del
334 416 23 21 af
371 415 196 22 häradskrifvarens
583 416 93 25 arbeten,
692 416 40 21 och
748 416 74 21 dervid
834 416 75 21 främst
923 415 99 22 mantals-

195 444 140 26 skrifningen,
351 445 70 21 kunde
437 445 139 21 öfverlemnas
592 445 22 20 åt
630 445 136 20 länsmannen
783 445 6 20 i
805 445 73 26 hvarje
885 445 84 25 socken,
983 443 40 22 och

196 473 40 20 den
259 473 68 21 andra
351 473 59 21 delen
435 473 46 21 åter
503 473 104 21 bestridas
631 473 21 20 af
673 479 25 15 en
719 473 91 21 särskild
828 473 133 26 tjensteman,
977 478 45 15 som

195 501 68 21 borde
279 502 101 21 tillsättas
399 502 34 20 vid
449 502 158 27 länestyrelsen.
638 501 57 22 Utan
711 504 33 19 att
759 502 69 21 såsom
842 502 37 26 jag
894 505 45 18 tror
954 501 69 26 någon

196 530 68 21 skada
280 531 60 20 deraf
354 531 168 26 åstadkommits,
538 531 104 20 existerar
656 533 31 18 ett
704 530 100 21 liknande
820 530 131 21 förhållande
961 530 61 21 äfven

195 559 7 20 i
217 560 49 20 vårt
288 559 49 21 land
353 559 31 21 uti
400 559 158 27 Lappmarkens
581 559 72 25 härad,
669 559 85 20 hvarest
770 559 143 24 länsmännen,
930 565 25 14 en
971 559 53 20 hvar

196 588 57 20 inom
277 588 38 20 sitt
335 588 92 25 distrikt,
451 587 180 22 omhänderhafva
647 588 229 26 mantalsskrifningen,
907 587 32 21 Då
955 587 68 21 denna

196 616 38 21 sak
259 616 118 21 emellertid
400 617 59 20 torde
477 617 71 20 fordra
566 623 26 14 en
608 616 134 27 vidlyftigare
758 617 112 25 utredning
885 618 26 19 än
928 617 39 20 den
983 617 40 20 all-

197 646 78 19 männa
298 645 196 21 Besvärsutskottet
518 647 64 24 egnat
607 645 129 25 densamma,
762 645 67 20 skulle
850 645 37 26 jag
911 651 50 14 anse
983 644 40 21 den

197 673 47 21 icke
261 673 51 21 böra
329 673 32 21 till
378 674 67 26 någon
463 674 73 26 åtgärd
553 673 46 21 från
616 673 130 21 Ständernas
763 674 46 20 sida
825 673 114 21 föranleda.

266 702 37 21 Uti
327 709 63 14 mom.
414 703 27 25 e.)
465 703 38 20 har
525 702 72 21 vidare
622 701 68 22 blifvit
706 703 114 25 föreslaget
835 704 31 19 att
882 701 93 21 sökande
991 701 32 21 till

197 730 198 27 länsmanstjenster
419 731 58 20 skola
492 733 96 24 prestera
604 731 54 20 vissa
675 731 163 26 kunskapsprof.
870 731 74 20 Denna
960 730 64 26 tjenst

197 759 62 21 torde
283 759 54 21 dock
361 759 47 21 med
431 759 44 21 skäl
492 760 70 20 kunna
582 760 78 20 räknas
675 759 32 21 till
725 759 46 21 dem
789 759 33 20 vid
839 759 70 20 hvilka
926 759 99 20 behofvet

197 787 24 21 af
241 788 97 26 praktisk
362 788 93 26 förmåga
478 790 23 18 är
524 788 36 21 det
583 788 155 26 öfvervägande
761 787 38 22 och
816 790 53 19 mest
885 787 138 26 nödvändiga.

197 816 56 26 Eger
263 816 136 21 länsmannen
408 817 28 20 uti
446 819 30 18 ett
484 816 52 21 eller
544 820 65 17 annat
620 816 98 21 afseende
728 816 116 21 teoretiska
853 817 93 26 insigter,
956 818 23 18 är
989 817 36 20 det

198 845 136 26 naturligtvis
349 845 24 21 så
389 845 83 27 mycket
487 845 83 25 bättre;
590 851 47 14 men
654 847 31 19 att
701 845 75 21 endast
787 845 72 20 fordra
870 845 116 20 teoretiska
995 845 30 20 in-

197 873 74 26 sigter,
287 876 50 18 utan
354 873 68 26 någon
439 874 148 21 motsvarande
603 874 95 26 praktisk
715 873 112 27 färdighet,
842 873 68 21 skulle
921 873 45 21 icke
976 873 49 20 leda

197 901 33 22 till
254 902 65 26 något
341 903 52 25 godt
416 903 92 20 resultat.
539 897 17 26 Å
573 903 66 20 andra
661 903 60 20 sidan
746 902 68 21 skulle
833 903 35 20 det
884 902 61 21 äfven
961 901 64 21 blifva

197 931 83 26 ganska
302 931 58 20 svårt
383 933 32 18 att
434 931 106 26 uppställa
556 932 69 25 någon
642 931 56 26 regel
714 937 34 14 om
764 931 76 20 vidden
856 930 22 21 af
892 931 25 20 de
933 931 92 20 kunska-

198 965 37 20 per
251 965 46 15 som
313 959 135 21 länsmännen
471 960 51 20 böra
538 966 44 20 ega,
600 959 27 21 då
642 959 53 21 hans
709 960 96 25 göromål
822 961 36 19 äro
875 959 22 21 af
911 959 22 21 så
950 959 75 26 många

199 987 38 22 och
262 988 45 21 vidt
330 989 130 20 omfattande
484 989 50 25 slag.
566 988 49 21 Man
639 994 34 15 ser
688 987 46 22 ofta
749 994 41 19 nog
806 990 30 19 att
853 987 22 22 af
888 988 137 20 länsmannen

197 1016 106 21 infordras
320 1017 81 20 sådana
416 1017 113 26 uppgifter,
547 1017 33 21 för
596 1017 81 20 hvilkas
694 1017 120 26 afgifvande
830 1019 52 18 nära
898 1023 41 20 nog
954 1022 25 15 en
991 1023 34 14 ve-

198 1045 151 26 tenskapsman
365 1052 50 14 vore
431 1045 22 21 af
468 1046 74 20 nöden.
568 1046 32 20 De
616 1045 116 21 förnämsta
748 1045 94 26 insigter,
859 1051 44 15 som
921 1045 104 20 länsman-

198 1079 40 15 nen
264 1073 118 22 emellertid
405 1074 64 21 borde
491 1074 67 25 hafva,
581 1080 50 15 vore
647 1075 68 25 någon
730 1074 96 26 kunskap
842 1075 6 19 i
865 1073 156 26 kamerallagfa-

197 1102 77 21 renhet
297 1103 38 20 och
360 1103 74 26 någon,
458 1109 33 14 om
514 1103 64 20 också
594 1103 46 20 icke
656 1103 22 20 så
694 1103 45 20 vidt
755 1103 132 20 omfattande
902 1102 6 20 i
922 1102 105 26 juridiska

198 1133 84 18 ämnen.
312 1131 64 21 Detta
401 1131 162 27 kunskapsmått
579 1131 61 21 torde
656 1131 53 21 dock
726 1132 71 20 kunna
814 1131 111 22 inhemtas,
941 1130 26 27 på
983 1132 44 19 sätt

198 1159 99 21 hitintills
321 1159 58 22 äfven
403 1161 53 20 varit
478 1160 65 24 fallet,
560 1161 26 25 på
602 1162 65 18 annat
678 1162 49 23 sätt,
744 1163 26 18 än
786 1166 75 20 genom
878 1159 148 26 undergående

197 1188 22 21 af
234 1195 26 14 en
284 1195 58 14 mera
358 1188 51 21 eller
425 1189 79 20 mindre
527 1189 175 20 vidtomfattande
719 1195 86 14 examen
822 1189 34 20 vid
872 1188 151 21 universitetet.

199 1216 38 21 Om
255 1217 88 20 lönerna
359 1217 106 26 förhöjdes
481 1217 31 21 till
528 1220 31 18 ett
575 1217 78 26 skäligt
668 1217 83 27 belopp,
767 1219 24 19 är
807 1217 33 26 jag
856 1217 122 26 öfvertygad
992 1223 34 14 om

197 1247 33 19 att
246 1246 37 20 det
299 1245 44 21 icke
359 1245 54 21 skall
429 1247 77 20 saknas
521 1246 101 25 sökande,
639 1246 83 26 hugade
738 1248 32 19 att
785 1247 63 25 åtaga
864 1245 32 27 sig
911 1245 116 21 länsmans-

198 1274 145 26 befattningar
359 1274 40 21 och
419 1277 31 19 att
466 1275 158 21 vederbörande
641 1275 62 21 bland
720 1275 47 21 dem
784 1275 70 20 kunde
870 1274 55 27 välja
940 1274 86 25 sådana,

197 1308 46 15 som
261 1305 36 19 äro
313 1303 108 27 platserna
437 1304 23 21 så
475 1310 69 14 vuxna
560 1310 44 14 som
621 1303 88 27 möjligt.

269 1331 36 21 Uti
328 1332 116 26 petitionen
467 1332 38 21 har
528 1332 64 21 också
608 1332 133 23 framhållits,
757 1334 33 18 att
806 1332 55 20 vissa
876 1333 80 19 smärre
972 1331 54 26 tjen-

198 1361 44 19 ster
259 1360 70 21 kunde
345 1360 98 26 indragas
459 1361 39 21 och
514 1361 61 20 deras
591 1360 60 21 löner
666 1361 108 21 användas
791 1360 27 26 på
833 1363 64 18 annat
913 1361 48 19 sätt.
986 1360 41 26 Jag

198 1390 24 19 är
238 1388 63 21 äfven
317 1389 22 20 af
353 1389 40 21 den
409 1389 63 21 tanke
487 1392 32 18 att
531 1390 55 20 både
598 1389 47 21 bro-
658 1390 38 20 och
708 1389 237 26 skallfogdetjensterna
955 1388 72 21 kunna

197 1420 53 18 utan
267 1417 103 21 afsaknad
389 1418 112 23 undvaras,
517 1418 121 26 isynnerhet
654 1418 25 21 de
695 1424 81 19 senare,
792 1418 82 20 hvilkas
889 1417 138 21 iunehafvare

197 1445 64 21 hafva
285 1446 48 26 föga
356 1446 51 21 eller
425 1447 53 20 intet
494 1449 32 18 att
542 1448 52 25 göra
617 1446 32 21 för
671 1447 41 20 den
736 1446 92 27 aflöning
846 1446 25 21 de
886 1446 21 21 få
923 1446 102 26 uppbära.

198 1474 74 21 Sällan
294 1475 51 21 eller
369 1475 66 26 aldrig
459 1475 37 21 hör
516 1481 48 15 man
581 1474 104 26 nemligen
699 1481 90 15 numera
804 1475 90 21 omtalas
909 1477 33 18 att
957 1474 69 26 någon

198 1502 82 27 verklig
303 1502 110 28 skallgång
436 1504 67 20 blifvit
526 1504 77 24 hållen,
626 1504 39 21 och
683 1510 33 14 om
734 1504 65 21 sådan
816 1504 69 26 någon
901 1503 55 27 gång
972 1502 55 22 före-
