1103 1781
197 102 42 20 210
433 107 181 21 Borgareståndet
626 108 55 18 1877.
707 109 13 16 2
732 108 60 17 Mars.

198 181 45 16 som
262 176 66 21 tänka
352 176 49 27 ingå
424 176 118 27 äktenskap
565 176 39 21 och
627 178 33 19 att
683 176 41 21 den
740 176 131 21 förorättade
887 178 24 19 är
927 176 39 21 den
983 182 44 15 som

197 205 78 20 väcker
289 205 74 27 jäfvet.
395 205 59 21 Mera
470 205 68 20 sällan
554 205 62 21 torde
628 205 35 27 jäf
676 207 64 25 göras
755 205 28 26 på
798 205 67 27 grund
882 205 23 20 af
916 205 112 26 föregifvet

198 233 119 22 blodsband
340 233 91 22 emellan
451 234 26 21 de
500 234 108 21 blifvande
632 234 108 25 makarne,
757 234 39 21 och
819 239 34 15 om
873 234 64 26 något
952 234 76 21 sådant

198 262 69 21 skulle
289 263 139 24 förekomma,
452 262 24 21 så
499 264 23 19 är
544 263 36 20 det
601 265 76 18 nästan
697 263 104 26 antagligt
817 264 31 19 att
865 262 38 21 den
921 263 107 21 tilltänkta

198 291 144 21 förbindelsen
359 291 125 27 uppskjutes
500 291 33 21 till
550 292 48 20 dess
614 291 144 21 förhållandet
774 290 69 22 blifvit
858 291 78 21 utredt.
952 304 27 2 —
996 291 31 20 Då

197 319 83 22 således
303 320 66 26 enligt
393 320 44 21 min
457 320 56 27 åsigt
536 320 26 21 de
582 319 63 22 flesta
665 320 34 27 jäf
713 321 89 20 härröra
817 319 24 21 af
854 322 31 18 ett
901 319 126 27 föregående

197 350 95 19 ömmare
307 348 135 21 förhållande
458 349 90 20 emellan
564 349 39 20 den
620 355 40 14 ena
675 349 24 20 af
714 349 25 21 de
755 349 101 26 förelysta
872 348 38 21 och
924 355 24 14 en
961 348 68 27 tredje

197 383 84 21 person,
305 378 24 20 så
351 380 46 18 tror
417 377 37 27 jag
474 377 36 20 det
525 384 51 14 vara
591 377 81 27 vådligt
687 380 33 19 att
737 378 69 20 lemna
822 377 39 20 den
876 377 97 26 jäfvande
989 377 38 20 all-

197 405 58 22 deles
279 405 27 22 fri
326 405 48 22 från
390 412 76 15 ansvar
481 406 45 21 ifall
539 406 42 21 han
597 406 96 21 anmäler
709 408 31 19 ett
756 405 50 22 slikt
819 405 33 27 jäf
865 408 51 19 utan
932 407 32 19 att
979 405 48 20 full-

197 434 52 27 följa
265 435 42 20 det.
338 435 42 26 Jag
396 435 58 20 delar
471 434 69 21 derför
556 435 50 20 herr
621 435 138 26 Tengströms
775 434 61 27 åsigt,
853 436 32 19 att
896 436 31 19 ett
939 434 89 21 dubbelt

197 463 42 20 vite
263 463 7 21 i
286 463 63 21 dessa
363 463 38 21 fall
417 463 71 21 kunde
504 470 51 14 vara
570 464 28 26 på
613 464 32 21 sin
661 465 63 25 plats,
741 465 23 25 ty
776 463 38 27 jag
829 465 45 19 tror
889 465 32 19 att
934 463 45 27 just
994 463 33 20 så-

198 491 56 21 dana
275 491 32 28 jäf
321 493 63 24 göras
399 492 90 26 mången
505 492 56 27 gång
577 492 45 21 dels
638 492 23 21 af
675 492 64 21 sårad
755 492 93 26 fåfänga,
864 491 45 21 dels
924 492 22 21 af
960 492 67 20 andra

199 520 70 27 dåliga
291 521 97 23 motiver,
410 520 183 27 hufvudsakligast
615 521 7 20 i
646 521 65 26 afsigt
734 523 32 18 att
789 523 98 24 utpressa
903 521 124 26 ersättning.

196 549 110 27 Föröfrigt
328 549 86 21 förenar
432 549 36 27 jag
489 550 43 26 mig
547 549 134 27 fullständigt
697 556 35 14 om
748 549 55 21 hvad
821 549 48 20 herr
883 549 95 27 Procopé
994 549 33 20 till

197 578 48 20 stöd
261 577 34 21 för
311 578 40 21 den
367 578 84 26 Nådiga
466 578 160 27 propositionen
642 578 79 21 anfört.
751 579 41 25 Jag
808 577 68 21 skulle
892 578 75 21 endast
977 577 50 27 vilja

197 606 27 27 gå
246 608 56 19 ännu
328 607 73 26 längre
426 607 39 21 och
487 607 81 26 påyrka
591 609 32 18 att
647 607 56 20 bevis
726 607 55 20 skall
797 613 51 14 vara
863 606 116 21 inlemnadt
995 607 32 20 till

197 635 149 26 kyrkoherden
370 635 61 21 äfven
455 635 71 21 derom
552 637 32 18 att
601 635 134 26 stämningen
752 635 70 21 blifvit
838 635 112 26 delgifven.
978 635 49 20 Men

198 664 89 21 emedan
307 664 37 21 det
362 664 99 27 möjligen
477 664 71 21 kunde
564 666 58 19 möta
637 664 77 21 hinder
730 665 34 20 för
780 663 132 27 delgifvande
928 664 57 21 inom
1001 664 26 20 de

197 694 75 19 trettio
296 692 95 27 dagarna
415 693 67 20 afstår
494 693 38 26 jag
548 692 94 22 derifrån
658 693 39 21 och
714 693 118 26 tillstyrker
847 694 33 19 att
895 693 40 20 den
951 693 77 25 nådiga

197 721 162 26 propositionen
375 721 128 21 oförändrad
520 723 94 25 antages.

254 778 57 21 Herr
325 778 160 27 Ignatius:
516 779 41 20 Det
573 785 37 14 var
626 779 33 20 för
675 780 32 19 att
723 781 52 24 säga
791 778 117 21 detsamma
923 784 44 14 som
979 777 49 21 herr

197 807 89 23 Kurtén,
311 813 46 15 som
378 807 37 27 jag
431 807 91 27 begärde
538 807 68 21 ordet.
637 807 70 21 Också
720 807 36 27 jag
773 807 42 20 kan
831 807 134 26 naturligtvis
980 806 47 21 icke

198 835 89 21 bedöma
312 836 69 20 denna
403 836 38 20 sak
464 842 25 14 ur
504 842 68 14 annan
589 837 27 19 än
632 843 25 14 ur
673 835 223 28 billighetssynpunkt.
928 835 48 20 Men
992 835 37 20 det

197 864 108 21 förefaller
321 865 43 26 mig
380 870 45 15 som
441 871 34 14 om
490 867 160 18 reservanterne
665 865 69 20 skulle
751 865 51 26 utgå
813 864 47 21 från
876 864 39 21 den
927 864 56 26 äsigt
993 865 33 19 att

198 893 41 20 den
255 899 84 20 person,
357 896 44 17 mot
417 893 84 21 hvilken
515 893 33 26 jäf
563 895 68 24 göres,
647 893 62 21 alltid
725 899 50 15 vore
786 892 91 27 skyldig.
907 893 41 26 Jag
960 892 68 21 skulle

198 924 32 18 tro
254 923 33 19 att
310 921 62 27 lagen
396 922 39 20 bör
457 922 82 27 skydda
563 922 53 21 hvar
632 922 38 21 och
687 928 37 15 ens
740 924 44 19 rätt
799 921 39 21 och
854 921 46 21 icke
915 921 51 26 utgå
981 921 46 20 från

197 950 70 27 nägon
282 950 154 27 förutsättning
452 957 33 14 om
502 950 144 27 brottslighet,
662 952 51 19 utan
730 956 86 15 snarare
832 950 114 21 förutsätta
959 952 32 18 att
1002 956 26 14 en

197 979 97 26 angifven
311 981 23 18 är
350 979 104 27 oskyldig.
484 979 68 26 Tages
568 979 69 21 denna
653 979 155 26 förutsättning
823 979 33 20 till
870 978 159 27 utgångspunkt

197 1007 33 21 för
253 1008 152 25 betraktelsen,
429 1008 23 21 sä
474 1007 107 22 förefaller
597 1009 36 20 det
649 1008 43 26 mig
707 1015 45 14 som
770 1008 36 21 det
821 1013 51 15 vore
887 1009 31 19 ett
933 1007 94 21 särdeles

199 1036 70 21 odiöst
285 1036 39 21 och
340 1036 85 27 obilligt
435 1037 111 26 äligsande
562 1039 33 18 att
607 1037 99 20 ähvälfva
715 1035 312 28 äktenskapskontrahenterne

198 1065 121 26 skyldighet
334 1067 32 19 att
382 1065 54 21 efter
452 1071 25 15 en
492 1065 41 21 viss
548 1065 139 21 föreskrifven
703 1066 31 20 tid
750 1065 70 21 vända
842 1064 31 27 sig
893 1064 30 21 till
941 1065 45 20 icke
1001 1071 24 14 en

198 1096 51 18 utan
273 1095 77 19 tvänne
373 1093 68 22 skilda
464 1093 146 27 myndigheter
633 1093 32 22 för
688 1096 33 19 att
746 1094 38 21 der
807 1093 76 21 utreda
905 1095 31 19 att
955 1093 71 20 veder-

197 1124 77 24 parten
298 1122 46 21 icke
360 1122 86 27 fullföljt
460 1123 31 20 sin
508 1123 63 26 talan,
589 1122 27 21 dä
632 1123 35 20 det
681 1123 97 20 deremot
793 1122 73 26 tyckes
881 1128 50 15 vara
946 1121 81 27 ganska

197 1150 40 21 lätt
254 1151 33 20 för
303 1151 39 20 den
358 1157 45 15 som
419 1151 57 26 gjort
488 1151 65 26 jäfvet
569 1153 38 23 att,
624 1151 64 21 sedan
705 1152 41 20 han
762 1151 52 21 stält
830 1151 78 26 borgen
924 1150 38 21 hos
977 1149 50 27 Kej-

199 1185 73 15 sarens
295 1179 234 27 Befallningshafvande
545 1180 38 20 och
600 1179 39 21 hos
656 1180 100 21 domaren
773 1179 78 25 uttagit
866 1179 112 26 stämning,
991 1185 35 14 an-

198 1207 73 27 tingen
295 1208 46 26 sjelf
360 1208 51 21 eller
433 1214 75 20 genom
530 1208 78 21 ombud
629 1208 70 21 lemna
714 1209 59 20 bevis
790 1207 95 22 deröfver
902 1207 31 21 till
949 1207 78 26 kyrko-

198 1236 87 22 herden.
302 1249 27 3 —
345 1237 45 21 Här
411 1236 39 22 har
470 1237 126 21 framhällits
620 1237 40 21 den
684 1237 121 27 olägenhet,
829 1242 45 15 som
894 1236 41 21 kan
950 1236 77 26 uppstä

198 1265 66 26 deraf,
281 1268 32 19 att
328 1266 114 26 Kejsarens
463 1266 233 26 Befallningshafvande
712 1266 52 21 eller
780 1266 102 20 doinaren
898 1265 45 21 icke
959 1264 68 21 skulle

198 1293 27 21 bo
248 1294 27 26 pä
299 1300 81 15 samma
401 1296 34 19 ort
457 1300 45 15 som
525 1294 154 26 kyrkoherden.
709 1294 49 21 Just
782 1294 69 21 denna
871 1293 156 26 omständighet

197 1322 89 22 förökar
308 1323 124 27 ytterligare
454 1323 36 21 det
510 1323 87 26 obilliga
612 1325 57 19 emot
685 1322 319 27 äktenskapskontrahenterna,
1021 1321 6 20 i

198 1350 37 21 fall
261 1351 25 21 de
309 1351 68 21 mäste
400 1357 47 15 resa
470 1351 31 21 till
524 1351 117 27 aflägsnare
658 1352 82 20 trakter
755 1352 34 20 för
804 1353 32 19 att
852 1350 92 22 derifrän
960 1349 67 22 skaffa

198 1379 26 21 de
247 1380 79 26 nödiga
348 1379 92 27 intygen.
470 1380 42 21 Det
534 1382 24 19 är
580 1386 26 14 en
629 1380 40 21 lätt
687 1380 39 21 sak
741 1382 34 19 att
790 1380 27 26 gä
832 1379 32 21 till
881 1378 145 28 kyrkoherden

195 1408 67 26 jemte
279 1412 77 17 tvänne
373 1409 79 21 vittnen
468 1409 32 21 för
515 1412 32 18 att
562 1408 23 21 af
598 1408 73 27 illvilja
686 1408 111 22 förhindra
813 1412 31 17 ett
859 1407 104 27 giftermäi
979 1412 48 16 men

197 1436 35 21 det
257 1438 24 20 är
303 1438 86 20 svårare
412 1439 32 19 att
465 1440 73 24 uttaga
560 1438 107 25 stämning
690 1438 39 20 och
752 1437 64 21 ställa
838 1437 85 25 borgen.
960 1436 67 20 Dessa

197 1467 78 19 tvänne
291 1466 67 20 andra
374 1465 68 22 vilkor
457 1466 69 20 kunde
542 1466 118 21 emellertid
675 1466 120 21 uraktlätas
812 1465 38 21 och
862 1464 82 28 mycket
955 1464 72 22 oskick

196 1493 47 22 fritt
269 1494 112 27 bedrifvas,
409 1500 33 15 om
469 1496 169 20 reservanternes
661 1494 55 27 äsigt
738 1494 130 27 godkändes.
905 1493 30 21 Ur
957 1493 70 26 vanlig
