1103 1781
195 110 41 21 204
429 116 179 21 Borgareståndet
621 116 55 17 1877.
701 116 13 17 2
727 116 62 16 Mars.

195 184 42 26 det,
261 184 54 22 efter
337 185 50 25 min,
410 192 46 14 mer
478 187 27 20 än
528 185 53 21 halft
600 185 69 21 sekels
684 185 63 26 långa
764 184 126 25 erfarenhet,
906 191 25 14 en
947 185 78 26 qvinna

195 219 45 15 som
263 215 39 25 gör
325 214 92 26 anspråk
440 214 27 27 på
490 221 24 14 en
536 221 55 14 man.
622 215 38 20 Ett
679 215 89 20 motsatt
782 213 132 22 förhållande
929 213 97 21 inträffar

195 241 64 28 högst
281 242 74 26 sällan,
374 245 22 24 ty
411 249 90 14 mannen
518 243 61 21 torde
595 243 107 20 måhända
718 243 72 26 tänka,
805 244 32 19 att
853 258 11 8 ,,
867 242 72 21 mister
955 242 28 21 du
999 248 26 15 en

195 271 33 20 stå
251 271 36 26 dig
307 271 104 21 tusenden
434 271 66 22 åter".
531 271 29 22 På
584 271 42 21 alla
649 272 26 20 de
697 271 45 20 skäl
765 271 36 26 jag
817 271 107 20 utvecklat
939 270 35 21 vill
989 271 36 26 jag

195 299 83 21 således
299 299 108 28 tillstyrka
428 302 32 19 att
482 300 116 21 utskottets
621 299 135 21 betänkande
777 302 94 24 antages,
885 299 8 21 i
908 299 55 21 hvad
979 299 46 21 det-

195 333 82 16 samma
293 329 66 26 angår
375 328 146 27 skyldigheten
537 331 32 18 att
584 329 83 24 utreda,
683 328 105 21 huruvida
804 335 26 14 en
843 327 101 27 jäfstalan
955 327 71 21 blifvit

195 356 7 21 i
217 356 48 27 laga
281 357 31 20 tid
328 356 96 27 fullföljd.

266 385 62 21 Hvad
344 386 39 20 den
400 391 74 16 senare
490 385 60 22 delen
567 385 23 21 af
604 385 242 22 utskottsbetänkandet
862 385 65 26 angår
942 385 24 21 så
981 384 44 21 för-

196 419 52 16 enar
267 414 37 26 jag
326 414 43 26 mig
391 414 61 21 äfven
476 415 71 20 derom
564 414 40 21 och
620 414 89 21 föreslår
725 414 47 21 dess
788 414 160 26 godkännande.
978 413 47 20 Den

195 448 46 15 som
264 442 102 27 fullföljer
389 443 31 20 sin
442 443 57 21 talan
522 443 55 20 inför
601 443 93 22 domare,
719 449 47 14 men
788 442 93 21 befinnes
901 443 45 20 icke
961 441 64 22 hafva

194 471 75 26 giltiga
291 471 46 20 skäl
362 472 27 25 på
411 471 31 21 sin
464 472 51 25 sida,
532 472 41 20 kan
589 472 6 20 i
612 473 26 19 de
653 471 61 21 flesta
730 471 36 21 fall
783 471 63 21 hafva
862 471 42 21 fört
919 471 31 20 sin
967 470 58 21 talan

194 499 28 26 på
244 499 42 26 god
310 501 33 20 tro
369 499 39 22 och
424 499 22 21 af
459 500 119 27 fullkomlig
594 500 147 27 öfvertygelse.
772 499 81 22 Sådant
868 500 39 21 bör
923 500 45 21 icke
984 499 41 20 till-

194 528 79 21 räknas
296 535 25 14 en
347 528 99 21 vilseledd
471 529 38 21 och
533 529 93 26 enfaldig
647 531 58 24 part;
723 535 46 14 men
786 535 86 14 snarare
887 530 24 19 är
927 529 40 20 den
982 527 42 22 för-

195 557 55 25 tjent
273 559 32 18 att
328 557 47 21 med
400 557 61 21 böter
484 557 106 27 beläggas,
614 563 46 15 som
682 557 47 21 icke
749 557 102 26 fullföljer
870 557 32 20 sin
918 557 68 24 talan;
1003 559 23 24 ty

195 585 68 21 denne
282 585 38 21 har
342 586 6 20 i
369 586 98 21 nittionio
482 586 36 21 fall
534 586 24 21 af
572 586 83 21 hundra
671 587 47 20 med
734 585 48 22 fullt
798 586 46 20 skäl
860 586 40 20 den
916 591 109 21 presump-

195 613 45 21 tion
266 616 57 19 emot
344 615 38 25 sig,
401 617 31 18 att
448 615 41 20 han
505 615 46 21 icke
567 615 46 20 haft
628 615 67 20 allvar
711 615 48 20 med
776 615 30 20 sin
823 614 58 21 talan
898 616 49 19 utan
963 614 63 21 väckt

195 642 40 21 den
259 642 54 21 blott
329 642 23 21 af
365 643 77 21 förtret
457 643 39 21 och
512 643 117 26 förargelse
643 643 58 20 öfver
718 645 32 18 att
765 643 62 20 hafva
843 643 68 20 blifvit
927 642 98 21 tillbaka-

195 673 48 30 satt
262 671 33 21 för
318 671 69 26 nägon
411 678 76 19 annan,
508 672 38 21 och
569 672 103 27 förtjenar
695 672 72 21 derför
787 671 67 21 hellre
870 671 79 21 dubbla
964 671 62 21 böter

195 705 27 15 än
238 706 55 19 inga.

265 728 40 27 Jag
328 728 37 21 vill
390 729 72 20 vidare
484 728 132 21 beträffande
640 729 36 20 det
694 728 130 21 skadeständ
839 734 45 15 som
901 735 48 14 man
964 734 63 15 anser

196 756 73 21 kunna
292 757 85 21 komma
399 758 6 19 i
429 757 59 27 fräga
511 757 102 21 anmärka
636 759 31 19 ait
689 757 82 20 skadan
794 758 6 19 i
822 757 59 21 detta
897 756 35 21 fall
949 756 18 27 ej
983 757 42 20 kan

195 787 76 24 mätas,
296 785 51 21 eller
363 787 71 25 vägas,
450 787 52 20 eller
516 786 6 20 i
538 786 171 27 penningevärde
726 786 134 21 bestämmas,
875 785 98 22 hvarföre
989 785 36 20 nä-

195 819 42 20 gon
261 814 132 26 upprättelse
413 820 75 20 genom
504 815 133 20 erhällandet
653 815 22 20 af
689 814 129 21 skadeständ
834 814 67 21 sällan
917 814 60 21 torde
993 814 33 20 stä

195 844 33 19 att
252 843 78 20 vinnas.
361 843 12 20 I
395 843 99 21 afseende
515 843 12 21 å
550 843 116 21 innehållet
689 843 69 21 skulle
776 843 37 26 jag
829 843 82 21 således
927 842 43 21 helt
986 842 39 21 och

195 871 68 20 hållet
285 871 108 26 tillstyrka
412 872 128 26 antagandet
556 872 22 20 af
592 872 117 21 utskottets
726 871 141 21 betänkande.
899 872 58 19 Hvad
975 870 51 22 slut-

197 899 56 26 ligen
269 900 67 26 angår
351 900 212 26 redaktionsformen,
580 901 23 20 sä
618 906 62 15 anser
693 900 37 27 jag
746 900 74 26 frågan
836 906 34 15 om
886 900 60 21 ordet
962 899 64 25 ,alle-

195 930 63 19 nast"
276 929 54 20 skall
350 928 87 27 utbytas
458 931 44 18 mot
518 930 24 26 ,3
558 929 93 27 gånger"
667 935 51 15 vara
734 929 80 26 ganska
830 929 90 26 likgiltig
936 928 39 21 och
990 927 36 22 vill

196 957 85 20 derföre
304 957 49 20 med
377 958 84 25 tystnad
484 957 82 27 förbigå
590 958 128 20 densamma.
753 957 49 21 Men
824 957 95 21 deremot
941 956 35 21 vill
989 956 38 27 jag

196 985 56 21 fästa
269 986 23 21 så
308 985 83 27 mycket
407 988 67 19 större
491 986 188 27 uppmärksamhet
695 987 35 20 vid
743 993 47 20 pag.
807 986 12 20 8
835 986 7 21 i
857 985 116 21 utskottets
990 985 35 20 be-

197 1014 115 26 tänkande,
336 1015 37 20 der
395 1021 48 14 man
466 1015 22 20 af
507 1015 155 21 betänkandets
678 1015 115 26 stilisering
809 1014 69 21 kunde
895 1015 83 20 komma
993 1013 33 21 till

197 1043 40 20 den
254 1043 56 26 äsigt
325 1045 32 18 att
373 1043 40 21 den
429 1049 45 15 som
490 1044 80 21 anmält
584 1043 31 27 jäf
630 1044 54 21 skall
700 1043 92 22 inlemna
808 1043 58 21 bevis
881 1043 23 20 af
912 1043 114 26 Kejsarens

197 1071 243 27 Befallningshafvande,
457 1074 32 19 att
511 1073 106 25 stämning
636 1075 63 23 tagen
716 1074 30 23 är,
762 1072 81 21 hvilket
858 1072 113 25 Kejsarens
986 1071 41 21 Be-

197 1099 206 27 fallningshafvande
427 1101 45 21 icke
494 1103 42 23 vet,
558 1101 38 20 och
613 1101 67 21 förete
696 1100 59 21 bevis
771 1100 23 21 af
808 1101 107 24 domaren,
930 1102 32 19 att
978 1099 49 21 bor-

197 1135 40 20 gen
261 1131 24 18 är
305 1129 70 25 ställd,
391 1129 81 21 hvilket
487 1131 45 20 äter
548 1130 100 21 domaren
671 1129 47 21 icke
742 1129 38 20 har
804 1129 32 26 sig
858 1129 85 20 bekant.
981 1128 44 21 Me-

197 1157 77 27 ningen
306 1157 41 21 kan
370 1157 47 22 icke
446 1164 56 19 vara,
522 1160 32 19 att
574 1158 54 21 bäde
652 1158 116 26 Kejsarens
790 1157 237 26 Befallningshafvande

197 1186 40 21 och
261 1186 101 21 domaren
385 1186 60 21 skola
465 1187 72 26 intyga
558 1187 62 20 dessa
643 1187 55 20 bäda
720 1186 188 27 omständigheter,
930 1188 51 18 utan
1003 1187 25 18 är

197 1215 42 24 väl,
257 1217 32 18 att
303 1215 113 26 jäfvanden
433 1215 53 21 skall
503 1216 30 20 till
550 1215 149 27 kyrkoherden
716 1215 70 21 lemna
802 1215 58 21 bevis
876 1215 22 20 af
912 1214 115 27 Kejsarens

197 1243 244 27 Befallningshafvande,
464 1246 32 19 att
518 1244 78 26 borgen
620 1246 24 19 är
666 1244 70 27 ställd,
759 1244 40 21 och
822 1243 23 21 af
866 1243 107 24 domaren,
995 1244 32 20 att

197 1273 107 26 stämning
327 1274 24 19 är
373 1275 70 23 tagen.
477 1273 10 21 I
510 1273 218 21 öfverensstämmelse
750 1273 49 21 med
820 1272 69 21 denna
909 1272 43 20 min
972 1278 54 20 upp-

197 1300 92 28 fattning
310 1301 96 21 anhäller
423 1301 42 26 jag,
480 1304 32 18 att
527 1302 137 20 redaktionen
682 1301 69 21 blefve
767 1302 72 20 rättad
855 1300 33 21 för
903 1302 32 19 att
949 1300 22 21 fä
987 1300 40 20 den

197 1330 86 26 mening
303 1330 57 20 klart
383 1330 102 26 uttryckt,
506 1336 45 15 som
572 1333 51 18 utan
647 1330 73 21 tvifvel
744 1330 67 26 ligger
834 1330 31 20 till
881 1330 75 26 grund,
972 1328 55 21 bäde

197 1358 33 20 för
254 1358 39 20 den
318 1359 78 25 nädiga
418 1359 158 26 propositionen
595 1359 39 21 och
651 1359 33 20 för
699 1358 248 22 utskottsbetänkandet.
977 1357 50 21 Med

197 1392 26 15 en
245 1386 66 22 sådan
327 1387 248 27 redaktionsförändring
590 1387 22 20 af
626 1388 60 20 detta
701 1387 111 27 tvetydiga
826 1387 62 21 ställe
909 1386 68 21 skulle
991 1386 36 26 jag

196 1416 55 26 yrka
266 1417 32 19 att
314 1416 239 21 utskottsbetänkandet
568 1416 69 21 blefve
652 1416 117 27 godkändt.

268 1472 56 21 Herr
346 1472 153 22 Boström:
530 1473 73 21 Säsom
626 1473 94 21 ledamot
743 1474 23 20 af
786 1472 158 27 Lagutskottet,
965 1478 64 15 anser

195 1500 37 27 jag
255 1501 43 27 mig
320 1501 53 21 böra
393 1502 99 21 meddela
507 1502 36 21 det
555 1502 37 26 jag
607 1502 47 21 icke
669 1502 85 21 förenat
767 1502 43 26 mig
825 1508 34 15 om
876 1501 152 26 betänkandet,
