1103 1781
201 100 40 21 226
439 106 180 19 Borgareständet
631 106 54 17 1877.
710 106 12 17 6
735 106 61 16 Mars.

200 175 114 22 händelser
329 176 24 21 så
368 176 51 21 liten
435 175 40 22 och
490 175 110 27 obetydlig
615 176 32 20 att
663 175 36 21 det
715 177 24 19 är
755 174 115 22 otänkbart
885 174 55 22 huru
957 181 71 21 perso-

200 210 44 20 ner,
261 211 44 14 som
321 205 62 20 äfven
399 207 37 18 äro
452 205 32 26 sig
498 204 74 27 sjelfva
588 204 97 27 skyldiga
701 204 40 21 den
764 203 99 22 omtanke
879 206 33 18 att
928 210 53 20 egna
997 204 32 24 sig

200 232 22 21 åt
241 239 26 15 en
287 233 66 22 sådan
373 233 141 24 verksamhet,
533 233 36 20 vid
585 233 85 21 hvilken
687 232 25 21 de
729 238 75 21 genom
818 231 63 28 ärligt
896 232 73 21 arbete
985 232 43 21 för-

199 262 60 26 tjena
281 262 37 21 sitt
341 262 60 27 bröd,
423 261 61 22 skola
506 261 81 21 sträfva
610 261 32 21 till
661 261 61 21 dessa
738 261 72 21 skolor
826 260 31 21 för
872 263 33 18 att
921 263 107 22 emottaga

200 290 89 26 tjenstev
312 290 71 21 hvilka
406 290 95 21 medföra
524 290 80 21 sådana
626 290 117 21 inkomster
766 291 32 19 att
813 289 25 21 de
854 289 46 21 icke
917 290 47 20 med
981 289 47 21 dem

199 319 74 21 kunna
293 319 86 21 komma
403 319 31 21 till
452 321 62 19 rätta.
544 319 41 26 Jag
604 325 62 14 anser
682 319 66 20 redan
764 318 69 21 denna
849 318 157 27 omständighet
1022 318 6 20 i

200 347 39 22 och
255 348 33 21 för
304 348 31 25 sig
351 348 43 21 tala
410 347 84 22 absolut
510 349 56 19 emot
582 347 47 21 idén
646 353 33 15 om
695 347 153 21 småskolorna.

268 410 56 21 Herr
340 410 166 27 Chydenius:
536 410 40 26 Jag
601 410 37 21 ber
660 411 32 20 att
715 409 21 22 få
752 410 87 26 tillägga
855 410 65 25 några
942 409 38 20 ord
996 409 32 20 till

200 439 25 21 de
241 441 142 24 argumenter,
403 445 45 15 som
464 439 67 20 blifvit
546 439 90 20 anförda
652 440 56 19 emot
719 438 99 21 ärendets
829 438 155 27 hänskjutande
996 437 32 21 till

199 470 138 19 sammansatt
354 467 66 22 Stats-
436 468 39 20 och
490 467 194 21 Ekonomiutskott.

268 497 73 26 Enligt
364 496 43 21 min
430 496 63 21 tanke
514 497 24 20 är
554 496 36 21 det
610 498 57 19 rätta
688 495 192 27 parlamentariska
895 495 133 21 förfarandet

199 524 100 27 följande.
330 525 69 20 Anser
415 524 89 22 Ståndet
520 531 24 14 en
560 524 61 27 fråga
636 525 92 20 rörande
744 526 30 19 ett
789 524 120 21 statsbehof
919 524 45 21 icke
977 530 51 15 vara

199 553 23 20 så
245 553 54 26 klar,
321 555 33 19 att
377 554 36 20 det
434 553 74 21 endast
528 553 68 21 skulle
612 553 80 21 återstå
708 555 32 19 att
756 553 90 20 bedöma
862 553 39 20 den
917 552 110 21 financiela

199 581 62 22 delen
273 582 66 26 deraf,
349 594 24 2 —
384 582 19 21 d.
413 588 18 15 v.
440 588 15 15 s.
464 588 34 15 om
514 581 114 27 tillgångar
644 582 69 21 dertill
729 581 67 21 finnas
812 581 51 21 eller
878 587 34 15 om
929 581 34 21 det
977 581 50 26 möj-

198 610 55 27 ligen
273 610 67 25 gifves
356 611 66 20 andra
437 611 65 20 behof
517 617 44 14 som
578 609 89 22 behöfva
683 609 165 22 tillfredsställas
864 610 88 21 framom
969 610 59 20 detta

198 651 28 2 —
245 639 28 21 då
291 639 40 21 bör
345 639 74 26 frågan
435 639 123 27 hänskjutas
574 639 32 20 till
622 641 32 19 ett
669 639 100 20 särskildt
786 639 89 20 utskott.
906 639 68 20 Sedan
988 638 40 21 bör

199 668 46 25 den,
270 667 69 22 såsom
365 668 65 21 också
452 667 23 21 af
496 668 48 21 herr
567 667 94 22 Höckert
683 669 85 24 yttrats,
792 667 72 21 kunna
881 666 97 21 hänvisas
994 667 32 20 till

199 696 176 21 Statsutskottets
397 696 161 27 handläggning.
588 696 69 21 Anser
679 696 47 21 åter
749 696 89 21 Ständet
860 695 98 21 behofvet
977 701 50 14 vara

198 725 23 20 så
243 725 66 26 gifvet
332 725 39 21 och
394 725 62 25 klart,
480 727 32 19 att
534 725 69 26 någon
625 725 113 25 utredning
760 725 72 20 derom
856 725 46 20 icke
925 723 102 22 behöfver

197 753 87 21 komma
307 753 74 26 ifråga,
404 753 27 21 då
454 754 39 21 och
516 754 75 20 endast
612 753 28 21 då
658 753 42 21 kan
716 753 36 21 det
768 759 50 15 vara
833 753 47 20 skäl
895 755 32 18 att
943 753 83 20 direkte

198 782 117 26 hänskjuta
330 782 88 21 ärendet
434 783 31 20 till
481 782 171 21 Statsutskottet.

268 810 51 21 Då
310 805 15 37 i
335 811 132 21 närvarande
490 811 36 21 fall
546 811 140 26 anmärkning
699 817 34 14 om
749 811 36 20 det
800 809 119 27 föreslagna
935 809 90 22 statsbe-

197 839 74 21 hofvet
286 839 71 21 blifvit
372 839 60 26 gjord
448 839 39 21 och
502 839 94 27 yrkande
613 839 117 21 framstälts
746 839 27 26 på
788 839 61 20 äfven
866 839 66 20 andra
949 838 76 21 läroin-

197 867 126 27 rättningar,
339 868 24 21 så
378 868 90 21 föreslår
481 868 36 27 jag
530 870 32 19 att
572 868 74 26 frågan
657 868 67 21 måtte
736 868 120 21 remitteras
867 867 32 20 till
912 866 115 21 Ekonomi-

197 896 113 21 utskottet.

267 959 70 21 Sedan
346 959 49 21 herr
405 960 25 21 K.
440 960 56 26 Berg
508 960 100 25 återtagit
620 959 37 21 sitt
672 959 80 26 förslag
768 965 34 15 om
818 959 99 20 ärendets
932 958 93 21 remitte-

197 988 65 21 rande
274 987 32 22 till
314 990 140 19 sammansatt
462 988 68 21 Stats-
546 988 38 21 och
601 988 192 21 Ekonomiutskott
808 990 55 18 samt
879 987 145 21 diskussionen

195 1016 116 21 förklarats
327 1017 99 24 afslutad,
442 1017 122 21 framstälde
581 1017 49 21 herr
645 1017 168 21 Talmannen
829 1016 92 27 följande

265 1079 213 27 Proposition:
495 1080 30 21 De
541 1086 45 15 som
603 1080 51 27 vilja
669 1080 111 21 remittera
796 1079 138 22 förevarande
948 1080 77 26 nådiga

195 1108 135 26 proposition
346 1108 33 21 till
395 1108 171 24 Statsutskottet,
584 1109 110 26 behagade
710 1111 59 18 rösta
782 1109 34 26 ja;
833 1109 72 20 vinner
917 1109 32 26 nej
963 1115 62 14 anses

195 1136 92 21 Ståndet
311 1136 63 21 hafva
392 1137 88 21 beslutit
495 1139 31 19 att
542 1137 115 27 hänskjuta
672 1137 161 27 propositionen
850 1137 53 21 först
918 1137 32 21 till
966 1137 58 21 Eko-

195 1165 165 21 nomiutskottet
375 1165 40 22 och
431 1166 65 21 sedan
512 1166 47 21 dess
575 1166 134 21 betänkande
726 1166 72 21 blifvit
814 1165 38 22 hos
868 1165 90 22 Ståndet
973 1166 51 21 slut-

196 1193 138 27 behandladt,
352 1194 31 21 till
400 1194 170 21 Statsutskottet.

265 1263 76 21 Svaret
365 1264 67 26 härpå
450 1264 62 20 utföll
526 1264 50 28 med
593 1264 106 21 blandade
712 1264 23 26 ja
751 1264 40 20 och
807 1264 33 26 nej
856 1265 52 19 utan
923 1263 101 21 märkbar

194 1291 113 28 öfvervigt,
331 1292 86 20 hvarför
435 1292 96 27 votering
546 1293 115 26 begärdes;
678 1292 40 22 och
734 1292 62 21 utföll
812 1292 69 21 denna
897 1292 47 21 med
963 1294 24 19 18
1000 1292 23 26 ja

194 1320 40 21 och
251 1322 26 20 25
294 1321 43 26 nej;
353 1321 7 20 i
376 1320 53 28 följd
444 1321 75 21 hvaraf
532 1321 161 27 propositionen
709 1321 69 21 skulle
795 1320 120 22 remitteras
926 1321 53 20 först
990 1320 33 21 till

196 1349 220 25 Ekonomiutskottet,
438 1350 38 20 och
492 1350 64 20 sedan
573 1350 48 20 dess
638 1350 135 20 betänkande
788 1348 72 22 blifvit
874 1349 39 21 hos
929 1349 94 21 Stånden

193 1378 175 21 slutbehandladt
391 1378 32 21 till
446 1378 172 22 Statsutskottet.
648 1378 43 21 För
715 1378 64 26 öfrigt
795 1378 68 21 skulle
880 1378 39 21 den
936 1384 27 14 nu
979 1378 44 20 för-

194 1406 119 27 siggängna
329 1406 147 22 diskussionen
493 1407 6 21 i
514 1408 78 25 ämnet,
608 1408 71 20 sävidt
692 1408 124 20 densamma
831 1406 47 22 icke
888 1406 136 22 uteslutande

193 1435 76 21 berört
284 1435 74 26 frågan
367 1442 34 14 om
413 1436 31 20 till
456 1436 80 21 hvilket
544 1436 95 21 utskotts
648 1436 131 26 behandling
788 1435 160 27 propositionen
957 1435 67 21 borde

192 1463 108 25 hänvisas,
324 1464 105 27 delgifvas
451 1464 47 22 icke
521 1464 55 22 blott
595 1464 221 24 Ekonomiutskottet,
838 1466 50 19 utan
905 1464 62 21 äfven
983 1464 39 20 all-

193 1494 79 20 männa
288 1493 202 26 Besvärsutskottet,
506 1493 32 21 till
553 1493 64 21 hvars
634 1493 159 27 handläggning
809 1492 49 22 herr
872 1492 26 22 K.
910 1493 65 27 Bergs
987 1499 36 20 pe-
