1103 1781
199 119 27 21 66
412 125 179 21 Borgareständet
604 126 54 17 1877.
684 126 12 16 6
709 125 105 17 Februari.

200 195 62 18 ämne
286 193 33 21 till
343 194 111 21 bränvinet
476 194 39 21 och
528 200 96 15 rummen
642 194 51 21 eller
708 194 106 27 konjaken
830 194 39 21 har
884 195 55 20 varit
955 195 74 25 färdig.

200 221 73 22 Under
296 228 91 15 namnen
410 229 46 14 rum
478 223 39 20 och
537 223 80 26 konjak
632 222 99 27 försäljas
747 223 89 21 sålunda
852 223 31 20 för
898 223 133 21 närvarande

199 251 22 20 af
235 257 26 14 en
278 251 78 27 mängd
373 251 121 21 handlande
510 251 6 21 i
532 251 84 21 landets
632 251 72 21 städer
720 251 150 27 spritdrycker,
886 251 73 21 hvilka
970 252 60 21 bestä

200 279 24 20 af
241 279 76 21 endast
334 279 85 28 färgadt
434 280 107 21 inhemskt
556 280 97 21 bränvin.
684 280 125 27 Dymedelst
824 281 37 20 äro
878 280 46 21 icke
940 280 90 21 allenast

199 307 165 27 författningens
386 308 132 27 stadganden
540 308 153 27 kringgängna,
717 311 51 18 utan
790 308 62 21 äfven
876 309 39 20 den
934 309 96 20 kommu-

200 342 67 15 nerna
288 337 27 26 pä
339 337 137 21 välbetänkta
499 337 92 27 grunder
611 337 107 26 medgifna
734 339 43 18 rätt
792 339 32 19 att
839 339 66 24 vägra
920 337 110 21 minutför-

200 364 91 27 säljning
326 365 53 21 eller
411 366 143 25 utskänkning
577 365 23 22 af
622 366 88 21 bränvin
734 366 56 20 inom
814 365 107 22 desamma
944 366 27 27 pä
994 366 36 20 det

200 393 157 27 betänkligaste
375 393 127 22 förnärmad.
534 394 40 21 Väl
590 394 40 21 har
645 395 67 20 under
728 399 90 16 namnen
834 401 46 14 rum
897 395 38 20 och
951 394 78 27 konjak

201 422 61 21 äfven
279 423 111 20 utländskt
406 423 86 21 bränvin
509 423 65 21 redan
590 429 25 14 en
632 423 73 26 längre
722 423 30 21 tid
769 423 135 21 förekommit
920 423 5 20 i
939 422 90 22 handeln

199 451 40 20 och
263 453 31 19 ett
318 451 134 28 fullständigt
476 451 136 28 afhjelpande
635 451 23 21 af
672 451 158 27 ofvanantydda
846 451 106 21 missbruk
968 451 61 22 torde

201 479 56 27 förty
281 479 72 21 kunna
370 479 71 22 vinnas
456 481 75 20 endast
547 480 128 27 derigenom,
691 482 34 19 att
740 480 124 27 försäljning
879 480 23 20 af
916 480 41 21 alla
972 480 57 27 slags

201 508 146 27 spritdrycker
370 508 69 21 blefve
463 509 119 21 handlande
604 509 120 26 förvägrad,
747 515 47 14 men
818 509 23 20 sä
864 509 61 26 länge
941 509 87 26 import-

201 537 68 20 tullen
292 537 12 20 &
327 537 145 27 spritdrycker
494 537 6 21 i
516 537 133 27 betydligare
665 543 49 15 mon
732 537 124 27 öfverstiger
872 537 156 26 tillverknings-

200 565 86 21 skatten
303 565 32 21 för
351 565 97 24 bränvin,
464 566 68 21 måste
548 567 36 20 det
594 566 115 21 utländska
721 565 123 22 bränvinets
856 565 172 22 förekommande

200 594 5 20 i
229 593 93 22 handeln
344 600 50 15 vara
409 595 83 26 mycket
509 595 135 26 begränsadt,
661 595 84 20 hvadan
761 594 65 26 nägra
842 594 86 21 svärare
943 595 84 26 olägen-

200 622 61 21 heter
283 622 127 22 hädanefter
433 629 58 15 mera
512 625 27 19 än
563 623 106 21 härintills
685 623 47 21 icke
747 623 61 21 torde
824 629 50 14 vara
889 625 33 19 att
938 623 89 25 befaras,

200 657 34 15 om
257 651 122 21 handlande
401 652 36 20 vid
460 652 61 21 deras
544 654 44 19 rätt
607 651 33 21 till
657 651 126 28 försäljning
798 651 23 21 af
835 652 113 21 utländska
963 652 64 26 sprit-

200 680 91 27 drycker
305 680 126 21 bibehållas.

269 708 50 21 Med
334 709 152 20 föranledande
501 709 24 20 af
538 709 55 20 hvad
607 709 37 27 jag
660 709 90 21 sålunda
766 708 47 21 haft
829 711 50 18 äran
897 709 81 26 anföra,
995 709 32 20 får

199 737 110 21 vördsamt
329 738 37 26 jag
389 737 92 26 anhålla,
504 740 32 18 att
558 737 113 26 Vällofliga
691 738 180 27 Borgareståndet
887 738 49 20 ville
951 743 75 20 genom

199 765 133 28 underdånig
354 766 96 26 petition,
474 766 44 21 deri
538 766 140 21 Medstånden
695 767 61 20 torde
772 766 98 27 inbjudas
886 769 31 18 att
933 766 92 25 deltaga,

199 794 38 21 hos
260 794 59 21 Hans
335 795 119 26 Kejserliga
469 795 101 26 Majestät
585 795 86 20 anhålla
687 801 34 15 om
738 795 66 20 sådan
822 795 121 26 förändring
960 795 5 20 i
981 795 44 26 gäl-

198 822 64 21 lande
285 823 137 26 stadganden,
444 825 32 19 att
492 823 124 27 försäljning
632 823 22 21 af
667 823 114 22 inländska
796 823 142 26 spritdrycker
954 823 70 20 blefve

199 851 122 21 handlande
338 851 118 27 förvägrad.
488 852 138 26 Helsingfors,
642 852 39 21 den
701 855 8 18 1
727 852 103 21 Februari
849 852 59 21 1877.

823 909 26 20 W.
866 909 89 26 Nystén.

267 994 56 21 Herr
346 995 133 20 Höckert
493 995 81 26 yrkade
590 995 156 26 bordläggning
762 994 23 21 af
798 995 95 22 ärendet,
910 1001 43 14 som
970 994 56 27 förty

198 1022 114 21 bordlades
328 1023 32 21 till
376 1025 61 19 nästa
453 1023 163 21 sammanträde.

266 1166 78 21 Vidare
368 1166 142 21 framställdes
534 1166 22 21 af
577 1166 76 21 herrar
675 1167 20 20 J.
718 1167 26 20 A.
762 1165 113 27 Nystén,
891 1165 132 29 Ignatius

195 1194 40 21 och
259 1194 98 27 Bergh,
375 1195 51 20 hvar
442 1195 33 20 för
490 1195 38 27 sig,
544 1195 45 26 Ek,
606 1195 87 22 Julin,
710 1194 134 21 Törnudd
860 1194 38 21 och
915 1194 109 27 Öhberg

195 1227 138 23 gemensamt,
357 1223 155 25 Molander,
537 1223 130 26 Procop6,
719 1223 145 21 Hammarén
887 1223 39 20 och
941 1223 82 20 Törn-

194 1252 55 21 udd
265 1255 138 23 gemensamt,
419 1252 169 21 Hammarén
604 1252 39 21 och
660 1252 130 26 Procopé
801 1254 138 24 gemensamt,
951 1253 72 19 ätven-

195 1286 44 15 som
263 1281 136 23 Törnudd,
423 1281 150 27 Lindberg,
596 1281 168 27 Helsingius
780 1280 40 21 och
836 1280 39 21 Ek
891 1282 132 25 gemensamt

194 1309 151 27 efterföljande
360 1309 183 27 petitionsförslag
559 1310 6 20 i
582 1310 39 20 den
638 1310 90 26 ordning
744 1309 26 21 de
786 1309 39 21 här
840 1308 67 22 finnas
923 1309 99 26 intagna:

264 1452 73 21 Ehuru
353 1452 100 22 behofvet
468 1452 22 21 af
504 1454 30 19 ett
550 1452 135 27 fullständigt
701 1452 217 22 elementarläroverk
929 1452 51 22 eller
991 1454 32 19 ett

193 1481 108 21 såkalladt
316 1481 124 27 sjuklassigt
456 1481 81 27 lyceum
553 1482 48 20 med
617 1481 65 21 finskt
698 1481 227 27 undervisningsspråk
941 1481 6 20 i
964 1483 59 19 östra

193 1510 62 20 delen
271 1510 22 21 af
308 1510 73 20 landet
396 1510 41 21 tidt
452 1510 39 21 och
508 1509 43 21 ofta
568 1510 128 21 framhållits
713 1510 59 20 såväl
788 1510 22 20 af
824 1516 85 20 pressen
926 1516 45 14 som
987 1510 35 20 vid
