1103 1781
292 106 179 22 Borgareståndet
484 108 55 16 1877.
564 107 23 16 13
600 107 61 16 Mars.
855 101 40 21 303

69 178 58 20 detta
143 176 89 21 oaktadt
247 176 109 27 samtycka
372 175 31 21 till
419 178 38 23 att,
474 176 70 21 sävidt
559 176 31 26 sig
605 177 52 25 göra
673 176 59 24 läter,
754 176 142 26 ävägabringa

70 207 40 20 den
133 205 162 26 ifrågavarande
317 205 202 26 inteckningslagen.
550 205 66 20 Detta
631 211 62 20 synes
707 205 43 25 mig
765 211 51 14 vara
832 211 25 14 en
874 205 23 20 sä

70 233 149 26 hufvudsaklig
239 233 89 28 uppgift,
345 239 25 15 en
387 233 22 21 sä
426 233 56 21 öfver
499 233 41 21 alla
556 233 99 26 fördelar,
670 239 45 15 som
731 233 71 20 kunde
817 233 80 24 vinnas,

69 262 88 21 stäende
173 263 112 26 synpunkt,
301 263 32 20 att
349 268 48 14 man
413 262 46 21 icke
475 262 39 20 bör
530 261 114 26 öfvergifva
660 261 45 26 den,
723 261 38 21 och
777 267 75 20 genom
867 264 30 18 ett

69 291 122 27 prejudikat
213 292 6 19 i
241 292 89 19 motsatt
353 291 52 26 syfte
429 291 78 20 bereda
527 292 40 25 väg
590 290 32 21 för
639 292 30 19 ett
684 290 120 27 upprepadt
820 290 77 21 under-

69 319 112 22 kännande
197 319 22 21 af
233 319 130 22 Ständernas
379 319 134 26 befogenhet.
529 331 27 3 —
570 319 122 26 Uppträder
704 319 69 26 nägon
786 319 38 21 och
836 320 62 25 säger

70 351 32 18 att
125 349 52 20 1872
201 349 35 20 ärs
252 347 91 22 Ständer
363 347 106 27 misstagit
485 348 31 26 sig
532 348 6 20 i
554 348 69 20 denna
639 347 141 27 uppfattning,
796 347 38 21 och
852 347 45 21 der-

70 377 45 21 före
139 383 62 15 anser
223 377 68 20 denna
309 376 170 27 inteckningslag
498 376 52 21 böra
572 376 174 26 tillvägabringas
765 378 55 19 samt
836 376 62 21 söker

69 405 118 22 framställa
202 406 46 21 skäl
263 406 33 20 för
311 405 69 20 denna
395 405 61 26 äsigt,
472 405 24 20 sä
511 405 62 21 aktar
586 405 37 26 jag
639 405 77 21 honom
732 411 59 14 mera
806 406 26 19 än
849 405 47 25 den,

70 441 45 14 som
139 435 86 26 medger
248 436 31 19 att
297 434 53 21 1872
366 434 35 21 ärs
417 433 91 22 Ständer
524 433 54 21 hade
594 440 25 14 en
634 435 44 19 rätt
693 433 141 27 uppfattning,
850 439 47 15 men

69 463 66 21 likväl
153 463 63 26 yrkar
231 465 32 18 att
278 463 20 20 vi
314 463 35 20 det
365 462 89 21 oaktadt
470 469 28 14 nu
516 462 52 21 böra
579 462 53 21 söka
642 463 66 26 skapa
719 469 25 14 en
755 461 142 27 intecknings-

70 492 41 26 lag.
141 492 40 25 Jag
204 491 38 21 ber
260 494 31 19 att
307 491 69 21 såsom
393 493 31 18 ett
439 491 131 27 upplysande
587 491 74 26 bidrag
676 491 32 21 till
724 491 36 20 det
775 493 61 18 ämne
852 497 45 14 som

70 527 29 14 nu
121 520 175 27 hufvudsakligen
317 519 135 27 sysselsätter
468 526 41 19 oss,
524 519 22 22 få
562 521 83 24 nämna,
661 519 101 21 hurusom
778 520 58 20 Hans
852 519 46 21 Ma-

68 549 66 26 jestät
149 549 33 20 vid
201 549 139 21 1863—1864
356 549 34 20 ärs
405 549 112 25 Landtdag
528 548 94 21 förelade
635 555 25 14 en
673 549 138 26 proposition,
828 548 69 21 deruti

71 578 59 20 Hans
146 577 99 27 Majestät
261 577 47 21 med
324 577 203 26 tillkännagifvande
542 579 32 18 att
590 577 41 20 han
647 578 65 25 ansäg
728 577 110 21 städernas
854 577 43 20 för-

70 607 98 25 fattning,
188 607 52 20 eller
263 608 65 19 sättet
349 606 54 20 huru
419 606 62 21 deras
497 605 178 26 angelägenheter
690 606 60 21 skola
765 605 132 22 handhafvas

71 635 39 21 och
126 635 108 24 förvaltas,
252 641 49 14 vara
316 641 27 14 en
358 634 138 27 lagstiftning,
512 641 45 14 som
574 634 33 27 läg
623 635 55 20 inom
692 634 205 27 regeringsmaktens

70 663 132 28 förfogande,
217 663 128 26 framstäide,
369 663 69 21 såsom
452 663 37 27 jag
504 663 35 20 vill
555 663 89 26 minnas,
660 663 32 20 till
708 663 81 21 antalet
805 663 28 20 tio
850 663 47 20 huf-

71 693 124 26 vudsakliga
215 693 76 26 frägor,
311 692 110 26 angäende
436 691 72 22 hvilka
524 691 130 22 Ständernas
669 697 48 15 svar
732 691 39 21 och
787 691 109 21 utlätande

70 721 109 26 begärdes.
214 721 119 22 Ständerna
358 720 83 27 afgäfvo
468 721 36 20 det
529 720 144 26 underdäniga
698 720 125 25 utlätandet,
850 720 47 20 med

70 750 203 27 tillkännagifvande
294 751 27 25 pä
342 755 81 15 samma
444 749 56 26 gäng
521 751 33 18 att
574 749 118 21 Ständerna
713 749 57 20 höllo
790 749 51 25 före,
866 751 31 18 att

70 779 158 26 lagstiftningen
251 779 6 20 i
278 779 58 20 detta
352 780 61 19 ämne
429 778 35 26 läg
478 778 57 21 inom
552 777 55 21 bäda
622 777 177 22 statsmakternas
813 783 85 21 gemen-

70 813 81 15 samma
173 807 133 27 befogenhet.
345 807 59 21 Hans
427 807 101 26 Majestät
552 806 112 26 godkände
689 806 121 21 sedermera
834 806 65 21 också

71 836 68 21 denna
162 836 145 27 uppfattning;
329 835 40 21 och
390 835 35 20 vid
450 836 54 20 1872
524 835 34 21 års
574 835 112 26 Landtdag
701 835 111 24 förelades,
828 835 69 20 såsom

69 865 67 20 kändt
152 866 29 25 är,
197 871 25 14 en
238 865 64 25 nådig
317 864 133 26 proposition
466 864 109 26 angående
590 863 124 26 förordning
729 863 90 21 rörande
838 863 59 20 kom-

69 893 226 26 munalförvaltningen
317 893 6 20 i
346 893 106 20 städerna.
491 893 119 20 Ständerna
632 892 119 27 granskade
774 893 60 20 detta
855 891 43 26 lag-

68 922 87 27 förslag,
171 924 55 19 samt
241 921 105 26 föreslogo
362 921 108 26 ätskilliga
485 921 121 26 ändringar,
618 921 70 20 hvilka
699 921 121 21 sedermera
833 920 64 21 ocksä

69 950 22 22 af
105 951 59 20 Hans
187 951 100 26 Majestät
309 950 130 27 godkändes.
470 950 27 21 Vi
520 949 62 21 hafva
600 950 89 21 sålunda
704 955 25 15 en
746 950 40 25 lag,
803 949 94 20 tillkom-

69 985 47 15 men
139 980 47 20 med
210 979 55 22 båda
281 979 177 20 statsmakternas
474 978 132 26 samverkan,
623 979 27 26 pä
665 980 30 19 ett
711 978 75 26 vigtigt
801 977 96 26 område;

69 1008 40 21 och
121 1007 37 27 jag
174 1010 46 19 tror
235 1010 32 19 att
282 1008 73 20 landet
370 1007 45 21 haft
431 1007 40 21 och
486 1007 96 21 kommer
597 1009 33 18 att
645 1007 58 26 njuta
719 1013 25 14 en
760 1006 80 26 verklig
853 1005 45 23 bät-

68 1037 42 21 nad
133 1037 23 20 af
177 1038 32 19 att
232 1036 119 21 Ständerna
371 1036 28 21 dä
413 1035 93 22 häfdade
522 1036 31 21 sin
569 1035 116 27 tillbörliga
700 1035 39 21 och
754 1035 78 26 lagliga
847 1036 50 19 rätt.

137 1094 56 21 Herr
216 1093 155 22 Snellman:
399 1093 50 20 Man
472 1093 40 21 har
535 1093 71 20 anfört
628 1093 69 20 säsom
721 1094 31 19 ett
773 1091 124 28 ytterligare

69 1123 65 20 motiv
149 1123 33 20 för
197 1123 147 20 förkastandet
359 1121 24 22 af
397 1122 40 21 den
452 1122 78 26 nådiga
538 1122 164 25 propositionen,
714 1123 32 19 att
756 1121 141 26 intecknings-

68 1151 61 26 lagen
153 1151 68 21 skulle
243 1151 112 21 framkalla
377 1151 146 26 depravation,
547 1150 39 21 och
605 1152 32 19 att
652 1150 108 26 lättrogna
776 1149 120 21 menniskor

68 1180 68 21 skulle
159 1179 64 21 blifva
246 1180 90 21 narrade
359 1180 27 26 pä
401 1179 46 21 sina
463 1179 123 27 penningar,
603 1181 55 18 samt
673 1179 98 20 tillvaron
787 1178 22 21 af
822 1183 26 15 en
865 1178 31 20 in-

67 1208 146 27 teckningslag
236 1215 33 14 om
290 1208 89 27 jernväg
408 1208 132 25 nödvändigt
571 1207 68 21 skulle
666 1207 111 21 framkalla
807 1206 89 21 svindel-

68 1237 81 21 affärer.
171 1237 41 27 Jag
222 1239 45 19 tror
278 1237 53 21 dock
343 1237 54 24 icke,
413 1239 32 18 att
461 1237 37 21 det
512 1236 66 21 finnes
594 1236 24 21 sä
634 1236 41 27 god
691 1235 88 27 tillgång
794 1235 28 26 pä
837 1235 60 26 kapi-

68 1266 60 26 taler,
152 1268 32 19 att
205 1272 49 14 man
278 1266 100 20 behöfver
401 1265 73 21 befara
497 1267 32 19 att
548 1266 70 26 nägon
633 1264 67 22 skulle
716 1271 51 14 vara
782 1264 33 21 till
831 1264 66 20 sädan

67 1295 54 27 grad
136 1294 96 27 begifven
249 1294 27 27 pä
291 1296 32 19 att
338 1294 49 21 läna
402 1294 118 26 penningar
536 1294 22 20 ät
571 1293 235 27 jernvägsanläggaren.
830 1292 67 22 Alltid

68 1324 67 21 måste
151 1330 25 14 en
192 1323 116 26 längifvare
323 1329 40 21 ega
378 1324 69 25 någon
464 1323 120 21 kännedom
600 1328 34 15 om
653 1321 189 25 afftärstillständet,
858 1321 39 21 och

67 1352 7 21 i
90 1352 42 21 alla
147 1352 114 21 händelser
276 1352 39 20 har
330 1352 41 20 han
385 1352 30 26 ju,
432 1352 27 20 dä
475 1352 41 20 han
532 1352 42 20 kan
590 1351 62 21 vinna
667 1350 121 26 inteckning
801 1350 31 20 uti
841 1350 56 26 jern-

68 1382 66 25 vägen
156 1381 48 21 med
227 1380 48 22 dess
294 1380 102 26 materiel,
412 1380 108 21 företräde
536 1380 88 20 framför
639 1379 66 21 andra
720 1379 176 26 fordringsegare.

67 1410 66 20 Detta
156 1411 24 19 är
199 1410 83 20 säledes
297 1410 46 20 icke
359 1409 65 27 nägot
439 1408 49 22 skäl
503 1408 32 21 för
550 1410 33 19 att
598 1408 138 26 undandraga
751 1408 32 26 sig
799 1414 25 14 en
840 1406 56 27 pröf-

67 1438 56 26 ning,
145 1438 106 21 huruvida
274 1444 25 15 en
317 1437 198 21 tillfredsställande
533 1436 167 27 inteckningslag
717 1436 41 21 kan
774 1436 122 21 ästadkom-

68 1472 56 20 mas;
147 1466 40 22 och
206 1467 37 26 jag
257 1467 65 26 yrkar
337 1466 32 21 för
385 1466 43 21 min
444 1466 35 21 del
496 1466 71 21 derför
582 1468 57 18 ännu
654 1471 25 15 en
695 1465 61 27 gäng,
773 1466 32 20 att
821 1470 76 20 propo-

68 1495 91 22 sitionen
174 1495 67 21 mätte
257 1495 167 21 äterremitteras
435 1494 33 22 till
481 1495 162 26 Lagutskottets
654 1496 96 19 närmare
762 1492 133 27 behandling.
