<?xml version="1.0" encoding="UTF-8"?>
<alto xmlns="http://www.loc.gov/standards/alto/ns-v3#" xmlns:xlink="http://www.w3.org/1999/xlink" xmlns:xsi="http://www.w3.org/2001/XMLSchema-instance" xsi:schemaLocation="http://www.loc.gov/standards/alto/ns-v3# http://www.loc.gov/alto/v3/alto-3-0.xsd">
	<Description>
		<MeasurementUnit>pixel</MeasurementUnit>
		<sourceImageInformation>
			<fileName>/tmp/tess_9tcfntnx_input.PNG</fileName>
		</sourceImageInformation>
		<OCRProcessing ID="OCR_0">
			<ocrProcessingStep>
				<processingSoftware>
					<softwareName>tesseract 5.3.4</softwareName>
				</processingSoftware>
			</ocrProcessingStep>
		</OCRProcessing>
	</Description>
	<Layout>
		<Page WIDTH="1103" HEIGHT="1781" PHYSICAL_IMG_NR="0" ID="page_0">
			<PrintSpace HPOS="0" VPOS="0" WIDTH="1103" HEIGHT="1781">
				<ComposedBlock ID="cblock_0" HPOS="199" VPOS="114" WIDTH="609" HEIGHT="26">
					<TextBlock ID="block_0" HPOS="199" VPOS="114" WIDTH="609" HEIGHT="26">
						<TextLine ID="line_0" HPOS="199" VPOS="114" WIDTH="609" HEIGHT="26">
							<String ID="string_0" HPOS="199" VPOS="114" WIDTH="26" HEIGHT="20" WC="0.96" CONTENT="42"/><SP WIDTH="184" VPOS="114" HPOS="225"/>
							<String ID="string_1" HPOS="409" VPOS="119" WIDTH="177" HEIGHT="21" WC="0.92" CONTENT="Borgareståndet"/><SP WIDTH="13" VPOS="119" HPOS="586"/>
							<String ID="string_2" HPOS="599" VPOS="120" WIDTH="55" HEIGHT="16" WC="0.95" CONTENT="1877."/><SP WIDTH="25" VPOS="120" HPOS="654"/>
							<String ID="string_3" HPOS="679" VPOS="120" WIDTH="12" HEIGHT="16" WC="0.96" CONTENT="2"/><SP WIDTH="12" VPOS="120" HPOS="691"/>
							<String ID="string_4" HPOS="703" VPOS="119" WIDTH="105" HEIGHT="17" WC="0.96" CONTENT="Februari."/>
						</TextLine>
					</TextBlock>
				</ComposedBlock>
				<GraphicalElement ID="cblock_1" HPOS="206" VPOS="147" WIDTH="328" HEIGHT="4"></GraphicalElement >
				<ComposedBlock ID="cblock_2" HPOS="199" VPOS="188" WIDTH="828" HEIGHT="165">
					<TextBlock ID="block_1" HPOS="199" VPOS="188" WIDTH="828" HEIGHT="165">
						<TextLine ID="line_1" HPOS="199" VPOS="188" WIDTH="828" HEIGHT="27">
							<String ID="string_5" HPOS="199" VPOS="188" WIDTH="54" HEIGHT="21" WC="0.93" CONTENT="höra"/><SP WIDTH="12" VPOS="188" HPOS="253"/>
							<String ID="string_6" HPOS="265" VPOS="188" WIDTH="33" HEIGHT="21" WC="0.93" CONTENT="till"/><SP WIDTH="9" VPOS="188" HPOS="298"/>
							<String ID="string_7" HPOS="307" VPOS="188" WIDTH="158" HEIGHT="27" WC="0.92" CONTENT="Lagutskottet."/><SP WIDTH="16" VPOS="188" HPOS="465"/>
							<String ID="string_8" HPOS="481" VPOS="188" WIDTH="84" HEIGHT="27" WC="0.96" CONTENT="Frågan"/><SP WIDTH="10" VPOS="188" HPOS="565"/>
							<String ID="string_9" HPOS="575" VPOS="190" WIDTH="23" HEIGHT="19" WC="0.96" CONTENT="är"/><SP WIDTH="8" VPOS="190" HPOS="598"/>
							<String ID="string_10" HPOS="606" VPOS="188" WIDTH="45" HEIGHT="21" WC="0.96" CONTENT="helt"/><SP WIDTH="13" VPOS="188" HPOS="651"/>
							<String ID="string_11" HPOS="664" VPOS="188" WIDTH="39" HEIGHT="21" WC="0.96" CONTENT="och"/><SP WIDTH="11" VPOS="188" HPOS="703"/>
							<String ID="string_12" HPOS="714" VPOS="188" WIDTH="68" HEIGHT="21" WC="0.96" CONTENT="hållet"/><SP WIDTH="10" VPOS="188" HPOS="782"/>
							<String ID="string_13" HPOS="792" VPOS="194" WIDTH="26" HEIGHT="15" WC="0.96" CONTENT="en"/><SP WIDTH="12" VPOS="194" HPOS="818"/>
							<String ID="string_14" HPOS="830" VPOS="188" WIDTH="125" HEIGHT="21" WC="0.96" CONTENT="ekonomisk"/><SP WIDTH="10" VPOS="188" HPOS="955"/>
							<String ID="string_15" HPOS="965" VPOS="188" WIDTH="62" HEIGHT="27" WC="0.96" CONTENT="fråga"/>
						</TextLine>
						<TextLine ID="line_2" HPOS="199" VPOS="217" WIDTH="828" HEIGHT="26">
							<String ID="string_16" HPOS="199" VPOS="217" WIDTH="41" HEIGHT="21" WC="0.96" CONTENT="och"/><SP WIDTH="23" VPOS="217" HPOS="240"/>
							<String ID="string_17" HPOS="263" VPOS="217" WIDTH="66" HEIGHT="21" WC="0.93" CONTENT="borde"/><SP WIDTH="22" VPOS="217" HPOS="329"/>
							<String ID="string_18" HPOS="351" VPOS="217" WIDTH="83" HEIGHT="21" WC="0.91" CONTENT="derföre"/><SP WIDTH="21" VPOS="217" HPOS="434"/>
							<String ID="string_19" HPOS="455" VPOS="217" WIDTH="141" HEIGHT="21" WC="0.91" CONTENT="öfverlemnas"/><SP WIDTH="17" VPOS="217" HPOS="596"/>
							<String ID="string_20" HPOS="613" VPOS="217" WIDTH="31" HEIGHT="21" WC="0.93" CONTENT="till"/><SP WIDTH="16" VPOS="217" HPOS="644"/>
							<String ID="string_21" HPOS="660" VPOS="217" WIDTH="225" HEIGHT="21" WC="0.91" CONTENT="Ekonomiutskottets"/><SP WIDTH="15" VPOS="217" HPOS="885"/>
							<String ID="string_22" HPOS="900" VPOS="217" WIDTH="127" HEIGHT="26" WC="0.93" CONTENT="beredning;"/>
						</TextLine>
						<TextLine ID="line_3" HPOS="200" VPOS="245" WIDTH="827" HEIGHT="28">
							<String ID="string_23" HPOS="200" VPOS="252" WIDTH="48" HEIGHT="15" WC="0.95" CONTENT="men"/><SP WIDTH="22" VPOS="252" HPOS="248"/>
							<String ID="string_24" HPOS="270" VPOS="245" WIDTH="27" HEIGHT="21" WC="0.96" CONTENT="då"/><SP WIDTH="23" VPOS="245" HPOS="297"/>
							<String ID="string_25" HPOS="320" VPOS="246" WIDTH="40" HEIGHT="21" WC="0.96" CONTENT="den"/><SP WIDTH="21" VPOS="246" HPOS="360"/>
							<String ID="string_26" HPOS="381" VPOS="246" WIDTH="99" HEIGHT="27" WC="0.96" CONTENT="möjligen"/><SP WIDTH="21" VPOS="246" HPOS="480"/>
							<String ID="string_27" HPOS="501" VPOS="246" WIDTH="43" HEIGHT="20" WC="0.96" CONTENT="kan"/><SP WIDTH="16" VPOS="246" HPOS="544"/>
							<String ID="string_28" HPOS="560" VPOS="245" WIDTH="64" HEIGHT="21" WC="0.95" CONTENT="hafva"/><SP WIDTH="15" VPOS="245" HPOS="624"/>
							<String ID="string_29" HPOS="639" VPOS="245" WIDTH="117" HEIGHT="28" WC="0.96" CONTENT="inflytande"/><SP WIDTH="15" VPOS="245" HPOS="756"/>
							<String ID="string_30" HPOS="771" VPOS="245" WIDTH="27" HEIGHT="27" WC="0.96" CONTENT="på"/><SP WIDTH="16" VPOS="245" HPOS="798"/>
							<String ID="string_31" HPOS="814" VPOS="247" WIDTH="81" HEIGHT="19" WC="0.96" CONTENT="statens"/><SP WIDTH="15" VPOS="247" HPOS="895"/>
							<String ID="string_32" HPOS="910" VPOS="246" WIDTH="117" HEIGHT="21" WC="0.95" CONTENT="inkomster"/>
						</TextLine>
						<TextLine ID="line_4" HPOS="199" VPOS="274" WIDTH="828" HEIGHT="27">
							<String ID="string_33" HPOS="199" VPOS="274" WIDTH="40" HEIGHT="21" WC="0.96" CONTENT="och"/><SP WIDTH="23" VPOS="274" HPOS="239"/>
							<String ID="string_34" HPOS="262" VPOS="274" WIDTH="95" HEIGHT="25" WC="0.95" CONTENT="utgifter,"/><SP WIDTH="22" VPOS="274" HPOS="357"/>
							<String ID="string_35" HPOS="379" VPOS="276" WIDTH="24" HEIGHT="19" WC="0.96" CONTENT="är"/><SP WIDTH="23" VPOS="276" HPOS="403"/>
							<String ID="string_36" HPOS="426" VPOS="275" WIDTH="36" HEIGHT="20" WC="0.96" CONTENT="det"/><SP WIDTH="14" VPOS="275" HPOS="462"/>
							<String ID="string_37" HPOS="476" VPOS="275" WIDTH="82" HEIGHT="20" WC="0.96" CONTENT="kanske"/><SP WIDTH="15" VPOS="275" HPOS="558"/>
							<String ID="string_38" HPOS="573" VPOS="274" WIDTH="97" HEIGHT="27" WC="0.96" CONTENT="lämpligt"/><SP WIDTH="15" VPOS="274" HPOS="670"/>
							<String ID="string_39" HPOS="685" VPOS="276" WIDTH="33" HEIGHT="19" WC="0.95" CONTENT="att"/><SP WIDTH="15" VPOS="276" HPOS="718"/>
							<String ID="string_40" HPOS="733" VPOS="275" WIDTH="65" HEIGHT="20" WC="0.96" CONTENT="sedan"/><SP WIDTH="16" VPOS="275" HPOS="798"/>
							<String ID="string_41" HPOS="814" VPOS="275" WIDTH="110" HEIGHT="20" WC="0.96" CONTENT="remittera"/><SP WIDTH="15" VPOS="275" HPOS="924"/>
							<String ID="string_42" HPOS="939" VPOS="275" WIDTH="40" HEIGHT="20" WC="0.95" CONTENT="den"/><SP WIDTH="16" VPOS="275" HPOS="979"/>
							<String ID="string_43" HPOS="995" VPOS="274" WIDTH="32" HEIGHT="21" WC="0.95" CONTENT="till"/>
						</TextLine>
						<TextLine ID="line_5" HPOS="200" VPOS="303" WIDTH="827" HEIGHT="26">
							<String ID="string_44" HPOS="200" VPOS="303" WIDTH="172" HEIGHT="21" WC="0.96" CONTENT="Statsutskottet."/><SP WIDTH="31" VPOS="303" HPOS="372"/>
							<String ID="string_45" HPOS="403" VPOS="303" WIDTH="70" HEIGHT="26" WC="0.96" CONTENT="Något"/><SP WIDTH="13" VPOS="303" HPOS="473"/>
							<String ID="string_46" HPOS="486" VPOS="303" WIDTH="46" HEIGHT="21" WC="0.96" CONTENT="skäl"/><SP WIDTH="16" VPOS="303" HPOS="532"/>
							<String ID="string_47" HPOS="548" VPOS="305" WIDTH="32" HEIGHT="19" WC="0.96" CONTENT="att"/><SP WIDTH="16" VPOS="305" HPOS="580"/>
							<String ID="string_48" HPOS="596" VPOS="303" WIDTH="89" HEIGHT="21" WC="0.96" CONTENT="hänvisa"/><SP WIDTH="16" VPOS="303" HPOS="685"/>
							<String ID="string_49" HPOS="701" VPOS="303" WIDTH="39" HEIGHT="21" WC="0.96" CONTENT="den"/><SP WIDTH="17" VPOS="303" HPOS="740"/>
							<String ID="string_50" HPOS="757" VPOS="303" WIDTH="33" HEIGHT="21" WC="0.95" CONTENT="till"/><SP WIDTH="11" VPOS="303" HPOS="790"/>
							<String ID="string_51" HPOS="801" VPOS="305" WIDTH="31" HEIGHT="19" WC="0.96" CONTENT="ett"/><SP WIDTH="12" VPOS="305" HPOS="832"/>
							<String ID="string_52" HPOS="844" VPOS="305" WIDTH="139" HEIGHT="19" WC="0.93" CONTENT="sammansatt"/><SP WIDTH="10" VPOS="305" HPOS="983"/>
							<String ID="string_53" HPOS="993" VPOS="305" WIDTH="34" HEIGHT="19" WC="0.93" CONTENT="ut-"/>
						</TextLine>
						<TextLine ID="line_6" HPOS="199" VPOS="331" WIDTH="212" HEIGHT="22">
							<String ID="string_54" HPOS="199" VPOS="332" WIDTH="60" HEIGHT="21" WC="0.96" CONTENT="skott"/><SP WIDTH="16" VPOS="332" HPOS="259"/>
							<String ID="string_55" HPOS="275" VPOS="331" WIDTH="67" HEIGHT="22" WC="0.94" CONTENT="finnes"/><SP WIDTH="16" VPOS="331" HPOS="342"/>
							<String ID="string_56" HPOS="358" VPOS="332" WIDTH="53" HEIGHT="21" WC="0.96" CONTENT="icke."/>
						</TextLine>
					</TextBlock>
				</ComposedBlock>
				<ComposedBlock ID="cblock_3" HPOS="200" VPOS="382" WIDTH="827" HEIGHT="57">
					<TextBlock ID="block_2" HPOS="200" VPOS="382" WIDTH="827" HEIGHT="57">
						<TextLine ID="line_7" HPOS="271" VPOS="382" WIDTH="756" HEIGHT="22">
							<String ID="string_57" HPOS="271" VPOS="383" WIDTH="62" HEIGHT="21" WC="0.96" CONTENT="Efter"/><SP WIDTH="16" VPOS="383" HPOS="333"/>
							<String ID="string_58" HPOS="349" VPOS="383" WIDTH="36" HEIGHT="21" WC="0.96" CONTENT="det"/><SP WIDTH="10" VPOS="383" HPOS="385"/>
							<String ID="string_59" HPOS="395" VPOS="383" WIDTH="147" HEIGHT="21" WC="0.96" CONTENT="diskussionen"/><SP WIDTH="11" VPOS="383" HPOS="542"/>
							<String ID="string_60" HPOS="553" VPOS="383" WIDTH="89" HEIGHT="21" WC="0.93" CONTENT="härmed"/><SP WIDTH="13" VPOS="383" HPOS="642"/>
							<String ID="string_61" HPOS="655" VPOS="383" WIDTH="111" HEIGHT="21" WC="0.92" CONTENT="afstannat"/><SP WIDTH="10" VPOS="383" HPOS="766"/>
							<String ID="string_62" HPOS="776" VPOS="383" WIDTH="124" HEIGHT="20" WC="0.92" CONTENT="framstälde"/><SP WIDTH="11" VPOS="383" HPOS="900"/>
							<String ID="string_63" HPOS="911" VPOS="383" WIDTH="49" HEIGHT="21" WC="0.93" CONTENT="herr"/><SP WIDTH="10" VPOS="383" HPOS="960"/>
							<String ID="string_64" HPOS="970" VPOS="382" WIDTH="57" HEIGHT="21" WC="0.91" CONTENT="Tal-"/>
						</TextLine>
						<TextLine ID="line_8" HPOS="200" VPOS="411" WIDTH="406" HEIGHT="28">
							<String ID="string_65" HPOS="200" VPOS="418" WIDTH="114" HEIGHT="15" WC="0.96" CONTENT="mannen"/><SP WIDTH="17" VPOS="418" HPOS="314"/>
							<String ID="string_66" HPOS="331" VPOS="411" WIDTH="92" HEIGHT="28" WC="0.95" CONTENT="följande"/><SP WIDTH="17" VPOS="411" HPOS="423"/>
							<String ID="string_67" HPOS="440" VPOS="413" WIDTH="166" HEIGHT="25" WC="0.92" CONTENT="propositioner:"/>
						</TextLine>
					</TextBlock>
				</ComposedBlock>
				<ComposedBlock ID="cblock_4" HPOS="199" VPOS="463" WIDTH="828" HEIGHT="136">
					<TextBlock ID="block_3" HPOS="199" VPOS="463" WIDTH="828" HEIGHT="136">
						<TextLine ID="line_9" HPOS="270" VPOS="463" WIDTH="757" HEIGHT="27">
							<String ID="string_68" HPOS="270" VPOS="463" WIDTH="181" HEIGHT="27" WC="0.96" CONTENT="Proposition"/><SP WIDTH="15" VPOS="463" HPOS="451"/>
							<String ID="string_69" HPOS="466" VPOS="464" WIDTH="46" HEIGHT="21" WC="0.95" CONTENT="N:o"/><SP WIDTH="19" VPOS="464" HPOS="512"/>
							<String ID="string_70" HPOS="531" VPOS="466" WIDTH="17" HEIGHT="19" WC="0.93" CONTENT="1."/><SP WIDTH="30" VPOS="466" HPOS="548"/>
							<String ID="string_71" HPOS="578" VPOS="464" WIDTH="43" HEIGHT="21" WC="0.94" CONTENT="Vill"/><SP WIDTH="17" VPOS="464" HPOS="621"/>
							<String ID="string_72" HPOS="638" VPOS="463" WIDTH="85" HEIGHT="21" WC="0.96" CONTENT="ståndet"/><SP WIDTH="16" VPOS="463" HPOS="723"/>
							<String ID="string_73" HPOS="739" VPOS="463" WIDTH="109" HEIGHT="21" WC="0.96" CONTENT="remittera"/><SP WIDTH="13" VPOS="463" HPOS="848"/>
							<String ID="string_74" HPOS="861" VPOS="463" WIDTH="76" HEIGHT="26" WC="0.93" CONTENT="nådiga"/><SP WIDTH="13" VPOS="463" HPOS="937"/>
							<String ID="string_75" HPOS="950" VPOS="469" WIDTH="77" HEIGHT="20" WC="0.92" CONTENT="propo-"/>
						</TextLine>
						<TextLine ID="line_10" HPOS="200" VPOS="491" WIDTH="827" HEIGHT="26">
							<String ID="string_76" HPOS="200" VPOS="492" WIDTH="92" HEIGHT="21" WC="0.92" CONTENT="sitionen"/><SP WIDTH="17" VPOS="492" HPOS="292"/>
							<String ID="string_77" HPOS="309" VPOS="492" WIDTH="40" HEIGHT="21" WC="0.96" CONTENT="N:o"/><SP WIDTH="17" VPOS="492" HPOS="349"/>
							<String ID="string_78" HPOS="366" VPOS="494" WIDTH="11" HEIGHT="19" WC="0.96" CONTENT="6"/><SP WIDTH="17" VPOS="494" HPOS="377"/>
							<String ID="string_79" HPOS="394" VPOS="492" WIDTH="33" HEIGHT="21" WC="0.96" CONTENT="till"/><SP WIDTH="16" VPOS="492" HPOS="427"/>
							<String ID="string_80" HPOS="443" VPOS="494" WIDTH="139" HEIGHT="19" WC="0.93" CONTENT="sammansatt"/><SP WIDTH="12" VPOS="494" HPOS="582"/>
							<String ID="string_81" HPOS="594" VPOS="493" WIDTH="69" HEIGHT="20" WC="0.90" CONTENT="Stats-"/><SP WIDTH="11" VPOS="493" HPOS="663"/>
							<String ID="string_82" HPOS="674" VPOS="492" WIDTH="40" HEIGHT="21" WC="0.93" CONTENT="och"/><SP WIDTH="11" VPOS="492" HPOS="714"/>
							<String ID="string_83" HPOS="725" VPOS="492" WIDTH="201" HEIGHT="25" WC="0.91" CONTENT="Ekonomiutskott;"/><SP WIDTH="14" VPOS="492" HPOS="926"/>
							<String ID="string_84" HPOS="940" VPOS="491" WIDTH="40" HEIGHT="21" WC="0.96" CONTENT="den"/><SP WIDTH="11" VPOS="491" HPOS="980"/>
							<String ID="string_85" HPOS="991" VPOS="491" WIDTH="36" HEIGHT="21" WC="0.96" CONTENT="det"/>
						</TextLine>
						<TextLine ID="line_11" HPOS="200" VPOS="521" WIDTH="826" HEIGHT="27">
							<String ID="string_86" HPOS="200" VPOS="521" WIDTH="37" HEIGHT="20" WC="0.93" CONTENT="vill"/><SP WIDTH="17" VPOS="521" HPOS="237"/>
							<String ID="string_87" HPOS="254" VPOS="521" WIDTH="111" HEIGHT="27" WC="0.92" CONTENT="behagade"/><SP WIDTH="15" VPOS="521" HPOS="365"/>
							<String ID="string_88" HPOS="380" VPOS="527" WIDTH="62" HEIGHT="15" WC="0.96" CONTENT="svara"/><SP WIDTH="13" VPOS="527" HPOS="442"/>
							<String ID="string_89" HPOS="455" VPOS="522" WIDTH="31" HEIGHT="25" WC="0.96" CONTENT="ja;"/><SP WIDTH="17" VPOS="522" HPOS="486"/>
							<String ID="string_90" HPOS="503" VPOS="522" WIDTH="73" HEIGHT="20" WC="0.95" CONTENT="vinner"/><SP WIDTH="15" VPOS="522" HPOS="576"/>
							<String ID="string_91" HPOS="591" VPOS="521" WIDTH="41" HEIGHT="27" WC="0.96" CONTENT="nej,"/><SP WIDTH="16" VPOS="521" HPOS="632"/>
							<String ID="string_92" HPOS="648" VPOS="521" WIDTH="96" HEIGHT="20" WC="0.96" CONTENT="kommer"/><SP WIDTH="16" VPOS="521" HPOS="744"/>
							<String ID="string_93" HPOS="760" VPOS="521" WIDTH="101" HEIGHT="20" WC="0.96" CONTENT="särskildt"/><SP WIDTH="15" VPOS="521" HPOS="861"/>
							<String ID="string_94" HPOS="876" VPOS="522" WIDTH="32" HEIGHT="19" WC="0.93" CONTENT="att"/><SP WIDTH="13" VPOS="522" HPOS="908"/>
							<String ID="string_95" HPOS="921" VPOS="522" WIDTH="105" HEIGHT="19" WC="0.89" CONTENT="omröstas"/>
						</TextLine>
						<TextLine ID="line_12" HPOS="200" VPOS="549" WIDTH="827" HEIGHT="28">
							<String ID="string_96" HPOS="200" VPOS="549" WIDTH="107" HEIGHT="21" WC="0.96" CONTENT="huruvida"/><SP WIDTH="16" VPOS="549" HPOS="307"/>
							<String ID="string_97" HPOS="323" VPOS="550" WIDTH="91" HEIGHT="20" WC="0.96" CONTENT="nämnde"/><SP WIDTH="15" VPOS="550" HPOS="414"/>
							<String ID="string_98" HPOS="429" VPOS="550" WIDTH="131" HEIGHT="27" WC="0.96" CONTENT="proposition"/><SP WIDTH="17" VPOS="550" HPOS="560"/>
							<String ID="string_99" HPOS="577" VPOS="550" WIDTH="55" HEIGHT="21" WC="0.96" CONTENT="skall"/><SP WIDTH="11" VPOS="550" HPOS="632"/>
							<String ID="string_100" HPOS="643" VPOS="549" WIDTH="121" HEIGHT="21" WC="0.95" CONTENT="remitteras"/><SP WIDTH="12" VPOS="549" HPOS="764"/>
							<String ID="string_101" HPOS="776" VPOS="549" WIDTH="32" HEIGHT="21" WC="0.95" CONTENT="till"/><SP WIDTH="14" VPOS="549" HPOS="808"/>
							<String ID="string_102" HPOS="822" VPOS="551" WIDTH="140" HEIGHT="19" WC="0.91" CONTENT="sammansatt"/><SP WIDTH="10" VPOS="551" HPOS="962"/>
							<String ID="string_103" HPOS="972" VPOS="549" WIDTH="55" HEIGHT="27" WC="0.91" CONTENT="Lag-"/>
						</TextLine>
						<TextLine ID="line_13" HPOS="199" VPOS="578" WIDTH="596" HEIGHT="21">
							<String ID="string_104" HPOS="199" VPOS="578" WIDTH="40" HEIGHT="21" WC="0.93" CONTENT="och"/><SP WIDTH="16" VPOS="578" HPOS="239"/>
							<String ID="string_105" HPOS="255" VPOS="579" WIDTH="191" HEIGHT="20" WC="0.91" CONTENT="Ekonomiutskott"/><SP WIDTH="15" VPOS="579" HPOS="446"/>
							<String ID="string_106" HPOS="461" VPOS="579" WIDTH="51" HEIGHT="20" WC="0.95" CONTENT="eller"/><SP WIDTH="16" VPOS="579" HPOS="512"/>
							<String ID="string_107" HPOS="528" VPOS="579" WIDTH="32" HEIGHT="20" WC="0.92" CONTENT="till"/><SP WIDTH="16" VPOS="579" HPOS="560"/>
							<String ID="string_108" HPOS="576" VPOS="578" WIDTH="219" HEIGHT="21" WC="0.91" CONTENT="Ekonomiutskottet."/>
						</TextLine>
					</TextBlock>
				</ComposedBlock>
				<ComposedBlock ID="cblock_5" HPOS="198" VPOS="629" WIDTH="829" HEIGHT="160">
					<TextBlock ID="block_4" HPOS="269" VPOS="629" WIDTH="660" HEIGHT="28">
						<TextLine ID="line_14" HPOS="269" VPOS="629" WIDTH="660" HEIGHT="28">
							<String ID="string_109" HPOS="269" VPOS="630" WIDTH="75" HEIGHT="21" WC="0.96" CONTENT="Denna"/><SP WIDTH="15" VPOS="630" HPOS="344"/>
							<String ID="string_110" HPOS="359" VPOS="630" WIDTH="133" HEIGHT="27" WC="0.96" CONTENT="proposition"/><SP WIDTH="15" VPOS="630" HPOS="492"/>
							<String ID="string_111" HPOS="507" VPOS="630" WIDTH="129" HEIGHT="21" WC="0.96" CONTENT="besvarades"/><SP WIDTH="16" VPOS="630" HPOS="636"/>
							<String ID="string_112" HPOS="652" VPOS="630" WIDTH="48" HEIGHT="21" WC="0.93" CONTENT="med"/><SP WIDTH="16" VPOS="630" HPOS="700"/>
							<String ID="string_113" HPOS="716" VPOS="629" WIDTH="157" HEIGHT="28" WC="0.91" CONTENT="öfvervägande"/><SP WIDTH="15" VPOS="629" HPOS="873"/>
							<String ID="string_114" HPOS="888" VPOS="629" WIDTH="41" HEIGHT="27" WC="0.95" CONTENT="nej."/>
						</TextLine>
					</TextBlock>
					<TextBlock ID="block_5" HPOS="198" VPOS="681" WIDTH="829" HEIGHT="108">
						<TextLine ID="line_15" HPOS="269" VPOS="681" WIDTH="758" HEIGHT="27">
							<String ID="string_115" HPOS="269" VPOS="681" WIDTH="179" HEIGHT="27" WC="0.96" CONTENT="Proposition"/><SP WIDTH="15" VPOS="681" HPOS="448"/>
							<String ID="string_116" HPOS="463" VPOS="681" WIDTH="46" HEIGHT="22" WC="0.96" CONTENT="N:o"/><SP WIDTH="17" VPOS="681" HPOS="509"/>
							<String ID="string_117" HPOS="526" VPOS="683" WIDTH="19" HEIGHT="19" WC="0.96" CONTENT="2."/><SP WIDTH="32" VPOS="683" HPOS="545"/>
							<String ID="string_118" HPOS="577" VPOS="682" WIDTH="31" HEIGHT="21" WC="0.95" CONTENT="De"/><SP WIDTH="16" VPOS="682" HPOS="608"/>
							<String ID="string_119" HPOS="624" VPOS="688" WIDTH="45" HEIGHT="15" WC="0.96" CONTENT="som"/><SP WIDTH="11" VPOS="688" HPOS="669"/>
							<String ID="string_120" HPOS="680" VPOS="681" WIDTH="51" HEIGHT="27" WC="0.96" CONTENT="vilja"/><SP WIDTH="11" VPOS="681" HPOS="731"/>
							<String ID="string_121" HPOS="742" VPOS="681" WIDTH="109" HEIGHT="21" WC="0.96" CONTENT="remittera"/><SP WIDTH="12" VPOS="681" HPOS="851"/>
							<String ID="string_122" HPOS="863" VPOS="681" WIDTH="77" HEIGHT="26" WC="0.93" CONTENT="nådiga"/><SP WIDTH="10" VPOS="681" HPOS="940"/>
							<String ID="string_123" HPOS="950" VPOS="687" WIDTH="77" HEIGHT="20" WC="0.92" CONTENT="propo-"/>
						</TextLine>
						<TextLine ID="line_16" HPOS="199" VPOS="709" WIDTH="827" HEIGHT="28">
							<String ID="string_124" HPOS="199" VPOS="710" WIDTH="92" HEIGHT="21" WC="0.89" CONTENT="sitionen"/><SP WIDTH="16" VPOS="710" HPOS="291"/>
							<String ID="string_125" HPOS="307" VPOS="710" WIDTH="40" HEIGHT="21" WC="0.96" CONTENT="N:o"/><SP WIDTH="17" VPOS="710" HPOS="347"/>
							<String ID="string_126" HPOS="364" VPOS="712" WIDTH="11" HEIGHT="19" WC="0.96" CONTENT="6"/><SP WIDTH="17" VPOS="712" HPOS="375"/>
							<String ID="string_127" HPOS="392" VPOS="710" WIDTH="33" HEIGHT="21" WC="0.95" CONTENT="till"/><SP WIDTH="15" VPOS="710" HPOS="425"/>
							<String ID="string_128" HPOS="440" VPOS="713" WIDTH="139" HEIGHT="18" WC="0.90" CONTENT="sammansatt"/><SP WIDTH="15" VPOS="713" HPOS="579"/>
							<String ID="string_129" HPOS="594" VPOS="711" WIDTH="54" HEIGHT="26" WC="0.90" CONTENT="Lag-"/><SP WIDTH="11" VPOS="711" HPOS="648"/>
							<String ID="string_130" HPOS="659" VPOS="711" WIDTH="40" HEIGHT="20" WC="0.93" CONTENT="och"/><SP WIDTH="11" VPOS="711" HPOS="699"/>
							<String ID="string_131" HPOS="710" VPOS="710" WIDTH="195" HEIGHT="24" WC="0.92" CONTENT="Ekonomiutskott,"/><SP WIDTH="12" VPOS="710" HPOS="905"/>
							<String ID="string_132" HPOS="917" VPOS="709" WIDTH="109" HEIGHT="27" WC="0.92" CONTENT="behagade"/>
						</TextLine>
						<TextLine ID="line_17" HPOS="198" VPOS="738" WIDTH="828" HEIGHT="28">
							<String ID="string_133" HPOS="198" VPOS="741" WIDTH="61" HEIGHT="18" WC="0.96" CONTENT="rösta"/><SP WIDTH="18" VPOS="741" HPOS="259"/>
							<String ID="string_134" HPOS="277" VPOS="739" WIDTH="32" HEIGHT="26" WC="0.96" CONTENT="ja;"/><SP WIDTH="22" VPOS="739" HPOS="309"/>
							<String ID="string_135" HPOS="331" VPOS="739" WIDTH="74" HEIGHT="21" WC="0.96" CONTENT="vinner"/><SP WIDTH="21" VPOS="739" HPOS="405"/>
							<String ID="string_136" HPOS="426" VPOS="739" WIDTH="40" HEIGHT="26" WC="0.96" CONTENT="nej,"/><SP WIDTH="16" VPOS="739" HPOS="466"/>
							<String ID="string_137" HPOS="482" VPOS="739" WIDTH="121" HEIGHT="21" WC="0.93" CONTENT="remitteras"/><SP WIDTH="24" VPOS="739" HPOS="603"/>
							<String ID="string_138" HPOS="627" VPOS="739" WIDTH="65" HEIGHT="27" WC="0.91" CONTENT="sagde"/><SP WIDTH="22" VPOS="739" HPOS="692"/>
							<String ID="string_139" HPOS="714" VPOS="739" WIDTH="132" HEIGHT="26" WC="0.96" CONTENT="proposition"/><SP WIDTH="17" VPOS="739" HPOS="846"/>
							<String ID="string_140" HPOS="863" VPOS="738" WIDTH="32" HEIGHT="21" WC="0.93" CONTENT="till"/><SP WIDTH="16" VPOS="738" HPOS="895"/>
							<String ID="string_141" HPOS="911" VPOS="738" WIDTH="115" HEIGHT="21" WC="0.91" CONTENT="Ekonomi-"/>
						</TextLine>
						<TextLine ID="line_18" HPOS="198" VPOS="768" WIDTH="113" HEIGHT="21">
							<String ID="string_142" HPOS="198" VPOS="768" WIDTH="113" HEIGHT="21" WC="0.95" CONTENT="utskottet."/>
						</TextLine>
					</TextBlock>
				</ComposedBlock>
				<ComposedBlock ID="cblock_6" HPOS="198" VPOS="818" WIDTH="830" HEIGHT="85">
					<TextBlock ID="block_6" HPOS="198" VPOS="818" WIDTH="830" HEIGHT="85">
						<TextLine ID="line_19" HPOS="269" VPOS="818" WIDTH="759" HEIGHT="27">
							<String ID="string_143" HPOS="269" VPOS="819" WIDTH="163" HEIGHT="26" WC="0.96" CONTENT="Propositionen"/><SP WIDTH="20" VPOS="819" HPOS="432"/>
							<String ID="string_144" HPOS="452" VPOS="819" WIDTH="128" HEIGHT="22" WC="0.96" CONTENT="besvarades"/><SP WIDTH="15" VPOS="819" HPOS="580"/>
							<String ID="string_145" HPOS="595" VPOS="820" WIDTH="48" HEIGHT="20" WC="0.93" CONTENT="med"/><SP WIDTH="17" VPOS="820" HPOS="643"/>
							<String ID="string_146" HPOS="660" VPOS="819" WIDTH="156" HEIGHT="26" WC="0.91" CONTENT="öfvervägande"/><SP WIDTH="11" VPOS="819" HPOS="816"/>
							<String ID="string_147" HPOS="827" VPOS="819" WIDTH="32" HEIGHT="26" WC="0.92" CONTENT="ja;"/><SP WIDTH="12" VPOS="819" HPOS="859"/>
							<String ID="string_148" HPOS="871" VPOS="819" WIDTH="6" HEIGHT="20" WC="0.92" CONTENT="i"/><SP WIDTH="11" VPOS="819" HPOS="877"/>
							<String ID="string_149" HPOS="888" VPOS="818" WIDTH="53" HEIGHT="27" WC="0.96" CONTENT="följd"/><SP WIDTH="10" VPOS="818" HPOS="941"/>
							<String ID="string_150" HPOS="951" VPOS="818" WIDTH="77" HEIGHT="21" WC="0.96" CONTENT="hvaraf"/>
						</TextLine>
						<TextLine ID="line_20" HPOS="199" VPOS="847" WIDTH="827" HEIGHT="28">
							<String ID="string_151" HPOS="199" VPOS="847" WIDTH="163" HEIGHT="28" WC="0.96" CONTENT="ifrågavarande"/><SP WIDTH="16" VPOS="847" HPOS="362"/>
							<String ID="string_152" HPOS="378" VPOS="848" WIDTH="78" HEIGHT="27" WC="0.96" CONTENT="nådiga"/><SP WIDTH="14" VPOS="848" HPOS="456"/>
							<String ID="string_153" HPOS="470" VPOS="849" WIDTH="131" HEIGHT="26" WC="0.96" CONTENT="proposition"/><SP WIDTH="17" VPOS="849" HPOS="601"/>
							<String ID="string_154" HPOS="618" VPOS="849" WIDTH="68" HEIGHT="20" WC="0.96" CONTENT="skulle"/><SP WIDTH="15" VPOS="849" HPOS="686"/>
							<String ID="string_155" HPOS="701" VPOS="848" WIDTH="123" HEIGHT="21" WC="0.96" CONTENT="remitteras"/><SP WIDTH="16" VPOS="848" HPOS="824"/>
							<String ID="string_156" HPOS="840" VPOS="848" WIDTH="33" HEIGHT="21" WC="0.96" CONTENT="till"/><SP WIDTH="14" VPOS="848" HPOS="873"/>
							<String ID="string_157" HPOS="887" VPOS="849" WIDTH="139" HEIGHT="20" WC="0.95" CONTENT="sammansatt"/>
						</TextLine>
						<TextLine ID="line_21" HPOS="198" VPOS="876" WIDTH="322" HEIGHT="27">
							<String ID="string_158" HPOS="198" VPOS="876" WIDTH="54" HEIGHT="27" WC="0.91" CONTENT="Lag-"/><SP WIDTH="17" VPOS="876" HPOS="252"/>
							<String ID="string_159" HPOS="269" VPOS="876" WIDTH="39" HEIGHT="21" WC="0.93" CONTENT="och"/><SP WIDTH="16" VPOS="876" HPOS="308"/>
							<String ID="string_160" HPOS="324" VPOS="877" WIDTH="196" HEIGHT="21" WC="0.92" CONTENT="Ekonomiutskott."/>
						</TextLine>
					</TextBlock>
				</ComposedBlock>
				<ComposedBlock ID="cblock_7" HPOS="268" VPOS="928" WIDTH="733" HEIGHT="85">
					<TextBlock ID="block_7" HPOS="268" VPOS="928" WIDTH="733" HEIGHT="85">
						<TextLine ID="line_22" HPOS="272" VPOS="928" WIDTH="729" HEIGHT="27">
							<String ID="string_161" HPOS="272" VPOS="934" WIDTH="36" HEIGHT="15" WC="0.89" CONTENT="7:0."/><SP WIDTH="31" VPOS="934" HPOS="308"/>
							<String ID="string_162" HPOS="339" VPOS="928" WIDTH="115" HEIGHT="27" WC="0.92" CONTENT="Angående"/><SP WIDTH="17" VPOS="928" HPOS="454"/>
							<String ID="string_163" HPOS="471" VPOS="928" WIDTH="121" HEIGHT="27" WC="0.96" CONTENT="inteckning"/><SP WIDTH="16" VPOS="928" HPOS="592"/>
							<String ID="string_164" HPOS="608" VPOS="929" WIDTH="6" HEIGHT="20" WC="0.95" CONTENT="i"/><SP WIDTH="16" VPOS="929" HPOS="614"/>
							<String ID="string_165" HPOS="630" VPOS="929" WIDTH="98" HEIGHT="20" WC="0.93" CONTENT="enskilda"/><SP WIDTH="12" VPOS="929" HPOS="728"/>
							<String ID="string_166" HPOS="740" VPOS="928" WIDTH="261" HEIGHT="27" WC="0.90" CONTENT="jernvägsanläggningar."/>
						</TextLine>
						<TextLine ID="line_23" HPOS="268" VPOS="985" WIDTH="331" HEIGHT="28">
							<String ID="string_167" HPOS="268" VPOS="985" WIDTH="109" HEIGHT="21" WC="0.92" CONTENT="Hänsköts"/><SP WIDTH="16" VPOS="985" HPOS="377"/>
							<String ID="string_168" HPOS="393" VPOS="985" WIDTH="33" HEIGHT="21" WC="0.93" CONTENT="till"/><SP WIDTH="15" VPOS="985" HPOS="426"/>
							<String ID="string_169" HPOS="441" VPOS="986" WIDTH="158" HEIGHT="27" WC="0.92" CONTENT="Lagutskottet."/>
						</TextLine>
					</TextBlock>
				</ComposedBlock>
				<ComposedBlock ID="cblock_8" HPOS="197" VPOS="1042" WIDTH="829" HEIGHT="57">
					<TextBlock ID="block_8" HPOS="197" VPOS="1042" WIDTH="829" HEIGHT="57">
						<TextLine ID="line_24" HPOS="268" VPOS="1042" WIDTH="758" HEIGHT="28">
							<String ID="string_170" HPOS="268" VPOS="1045" WIDTH="41" HEIGHT="18" WC="0.86" CONTENT="8:0."/><SP WIDTH="31" VPOS="1045" HPOS="309"/>
							<String ID="string_171" HPOS="340" VPOS="1043" WIDTH="115" HEIGHT="27" WC="0.94" CONTENT="Angående"/><SP WIDTH="22" VPOS="1043" HPOS="455"/>
							<String ID="string_172" HPOS="477" VPOS="1043" WIDTH="129" HEIGHT="27" WC="0.96" CONTENT="anläggning"/><SP WIDTH="22" VPOS="1043" HPOS="606"/>
							<String ID="string_173" HPOS="628" VPOS="1043" WIDTH="39" HEIGHT="21" WC="0.96" CONTENT="och"/><SP WIDTH="24" VPOS="1043" HPOS="667"/>
							<String ID="string_174" HPOS="691" VPOS="1043" WIDTH="139" HEIGHT="26" WC="0.94" CONTENT="beskattning"/><SP WIDTH="15" VPOS="1043" HPOS="830"/>
							<String ID="string_175" HPOS="845" VPOS="1043" WIDTH="23" HEIGHT="20" WC="0.93" CONTENT="af"/><SP WIDTH="15" VPOS="1043" HPOS="868"/>
							<String ID="string_176" HPOS="883" VPOS="1042" WIDTH="143" HEIGHT="27" WC="0.92" CONTENT="mjölgvarnar"/>
						</TextLine>
						<TextLine ID="line_25" HPOS="197" VPOS="1070" WIDTH="647" HEIGHT="29">
							<String ID="string_177" HPOS="197" VPOS="1070" WIDTH="41" HEIGHT="22" WC="0.93" CONTENT="och"/><SP WIDTH="17" VPOS="1070" HPOS="238"/>
							<String ID="string_178" HPOS="255" VPOS="1071" WIDTH="186" HEIGHT="28" WC="0.91" CONTENT="sädesstampverk"/><SP WIDTH="15" VPOS="1071" HPOS="441"/>
							<String ID="string_179" HPOS="456" VPOS="1072" WIDTH="48" HEIGHT="21" WC="0.96" CONTENT="med"/><SP WIDTH="16" VPOS="1072" HPOS="504"/>
							<String ID="string_180" HPOS="520" VPOS="1078" WIDTH="68" HEIGHT="15" WC="0.91" CONTENT="annan"/><SP WIDTH="17" VPOS="1078" HPOS="588"/>
							<String ID="string_181" HPOS="605" VPOS="1072" WIDTH="101" HEIGHT="21" WC="0.91" CONTENT="drifkraft"/><SP WIDTH="16" VPOS="1072" HPOS="706"/>
							<String ID="string_182" HPOS="722" VPOS="1073" WIDTH="26" HEIGHT="20" WC="0.96" CONTENT="än"/><SP WIDTH="17" VPOS="1073" HPOS="748"/>
							<String ID="string_183" HPOS="765" VPOS="1073" WIDTH="79" HEIGHT="20" WC="0.95" CONTENT="vatten."/>
						</TextLine>
					</TextBlock>
				</ComposedBlock>
				<ComposedBlock ID="cblock_9" HPOS="266" VPOS="1128" WIDTH="440" HEIGHT="22">
					<TextBlock ID="block_9" HPOS="266" VPOS="1128" WIDTH="440" HEIGHT="22">
						<TextLine ID="line_26" HPOS="266" VPOS="1128" WIDTH="440" HEIGHT="22">
							<String ID="string_184" HPOS="266" VPOS="1128" WIDTH="157" HEIGHT="21" WC="0.91" CONTENT="Remitterades"/><SP WIDTH="17" VPOS="1128" HPOS="423"/>
							<String ID="string_185" HPOS="440" VPOS="1129" WIDTH="32" HEIGHT="20" WC="0.91" CONTENT="till"/><SP WIDTH="16" VPOS="1129" HPOS="472"/>
							<String ID="string_186" HPOS="488" VPOS="1129" WIDTH="218" HEIGHT="21" WC="0.91" CONTENT="Ekonomiutskottet."/>
						</TextLine>
					</TextBlock>
				</ComposedBlock>
				<ComposedBlock ID="cblock_10" HPOS="197" VPOS="1185" WIDTH="828" HEIGHT="57">
					<TextBlock ID="block_10" HPOS="197" VPOS="1185" WIDTH="828" HEIGHT="57">
						<TextLine ID="line_27" HPOS="267" VPOS="1185" WIDTH="758" HEIGHT="29">
							<String ID="string_187" HPOS="267" VPOS="1187" WIDTH="42" HEIGHT="20" WC="0.88" CONTENT="9:0."/><SP WIDTH="29" VPOS="1187" HPOS="309"/>
							<String ID="string_188" HPOS="338" VPOS="1185" WIDTH="117" HEIGHT="28" WC="0.95" CONTENT="Angående"/><SP WIDTH="23" VPOS="1185" HPOS="455"/>
							<String ID="string_189" HPOS="478" VPOS="1187" WIDTH="114" HEIGHT="20" WC="0.96" CONTENT="förändrad"/><SP WIDTH="15" VPOS="1187" HPOS="592"/>
							<String ID="string_190" HPOS="607" VPOS="1187" WIDTH="80" HEIGHT="26" WC="0.96" CONTENT="lydelse"/><SP WIDTH="22" VPOS="1187" HPOS="687"/>
							<String ID="string_191" HPOS="709" VPOS="1187" WIDTH="23" HEIGHT="20" WC="0.95" CONTENT="af"/><SP WIDTH="14" VPOS="1187" HPOS="732"/>
							<String ID="string_192" HPOS="746" VPOS="1187" WIDTH="11" HEIGHT="27" WC="0.87" CONTENT="&amp;"/><SP WIDTH="16" VPOS="1187" HPOS="757"/>
							<String ID="string_193" HPOS="773" VPOS="1188" WIDTH="27" HEIGHT="19" WC="0.96" CONTENT="53"/><SP WIDTH="16" VPOS="1188" HPOS="800"/>
							<String ID="string_194" HPOS="816" VPOS="1186" WIDTH="6" HEIGHT="21" WC="0.93" CONTENT="i"/><SP WIDTH="16" VPOS="1186" HPOS="822"/>
							<String ID="string_195" HPOS="838" VPOS="1185" WIDTH="138" HEIGHT="28" WC="0.92" CONTENT="legostadgan"/><SP WIDTH="16" VPOS="1185" HPOS="976"/>
							<String ID="string_196" HPOS="992" VPOS="1185" WIDTH="33" HEIGHT="22" WC="0.96" CONTENT="för"/>
						</TextLine>
						<TextLine ID="line_28" HPOS="197" VPOS="1213" WIDTH="690" HEIGHT="29">
							<String ID="string_197" HPOS="197" VPOS="1213" WIDTH="124" HEIGHT="22" WC="0.91" CONTENT="husbönder"/><SP WIDTH="16" VPOS="1213" HPOS="321"/>
							<String ID="string_198" HPOS="337" VPOS="1215" WIDTH="39" HEIGHT="20" WC="0.93" CONTENT="och"/><SP WIDTH="16" VPOS="1215" HPOS="376"/>
							<String ID="string_199" HPOS="392" VPOS="1215" WIDTH="134" HEIGHT="27" WC="0.92" CONTENT="tjenstehjon,"/><SP WIDTH="16" VPOS="1215" HPOS="526"/>
							<String ID="string_200" HPOS="542" VPOS="1215" WIDTH="69" HEIGHT="27" WC="0.92" CONTENT="gifven"/><SP WIDTH="17" VPOS="1215" HPOS="611"/>
							<String ID="string_201" HPOS="628" VPOS="1216" WIDTH="40" HEIGHT="20" WC="0.96" CONTENT="den"/><SP WIDTH="17" VPOS="1216" HPOS="668"/>
							<String ID="string_202" HPOS="685" VPOS="1217" WIDTH="27" HEIGHT="19" WC="0.96" CONTENT="30"/><SP WIDTH="13" VPOS="1217" HPOS="712"/>
							<String ID="string_203" HPOS="725" VPOS="1215" WIDTH="85" HEIGHT="27" WC="0.96" CONTENT="januari"/><SP WIDTH="17" VPOS="1215" HPOS="810"/>
							<String ID="string_204" HPOS="827" VPOS="1217" WIDTH="60" HEIGHT="19" WC="0.96" CONTENT="1865."/>
						</TextLine>
					</TextBlock>
				</ComposedBlock>
				<ComposedBlock ID="cblock_11" HPOS="266" VPOS="1272" WIDTH="628" HEIGHT="28">
					<TextBlock ID="block_11" HPOS="266" VPOS="1272" WIDTH="628" HEIGHT="28">
						<TextLine ID="line_29" HPOS="266" VPOS="1272" WIDTH="628" HEIGHT="28">
							<String ID="string_205" HPOS="266" VPOS="1272" WIDTH="163" HEIGHT="27" WC="0.96" CONTENT="Propositionen"/><SP WIDTH="16" VPOS="1272" HPOS="429"/>
							<String ID="string_206" HPOS="445" VPOS="1273" WIDTH="68" HEIGHT="21" WC="0.93" CONTENT="skulle"/><SP WIDTH="16" VPOS="1273" HPOS="513"/>
							<String ID="string_207" HPOS="529" VPOS="1272" WIDTH="140" HEIGHT="22" WC="0.91" CONTENT="öfverlemnas"/><SP WIDTH="16" VPOS="1272" HPOS="669"/>
							<String ID="string_208" HPOS="685" VPOS="1273" WIDTH="34" HEIGHT="21" WC="0.93" CONTENT="till"/><SP WIDTH="16" VPOS="1273" HPOS="719"/>
							<String ID="string_209" HPOS="735" VPOS="1273" WIDTH="159" HEIGHT="27" WC="0.92" CONTENT="Lagutskottet."/>
						</TextLine>
					</TextBlock>
				</ComposedBlock>
				<ComposedBlock ID="cblock_12" HPOS="196" VPOS="1329" WIDTH="829" HEIGHT="56">
					<TextBlock ID="block_12" HPOS="196" VPOS="1329" WIDTH="829" HEIGHT="56">
						<TextLine ID="line_30" HPOS="268" VPOS="1329" WIDTH="757" HEIGHT="28">
							<String ID="string_210" HPOS="268" VPOS="1331" WIDTH="53" HEIGHT="19" WC="0.82" CONTENT="10:0."/><SP WIDTH="32" VPOS="1331" HPOS="321"/>
							<String ID="string_211" HPOS="353" VPOS="1330" WIDTH="38" HEIGHT="20" WC="0.96" CONTENT="Om"/><SP WIDTH="22" VPOS="1330" HPOS="391"/>
							<String ID="string_212" HPOS="413" VPOS="1330" WIDTH="91" HEIGHT="27" WC="0.96" CONTENT="ändring"/><SP WIDTH="17" VPOS="1330" HPOS="504"/>
							<String ID="string_213" HPOS="521" VPOS="1330" WIDTH="23" HEIGHT="21" WC="0.96" CONTENT="af"/><SP WIDTH="18" VPOS="1330" HPOS="544"/>
							<String ID="string_214" HPOS="562" VPOS="1332" WIDTH="10" HEIGHT="19" WC="0.93" CONTENT="7"/><SP WIDTH="18" VPOS="1332" HPOS="572"/>
							<String ID="string_215" HPOS="590" VPOS="1331" WIDTH="12" HEIGHT="26" WC="0.90" CONTENT="$"/><SP WIDTH="19" VPOS="1331" HPOS="602"/>
							<String ID="string_216" HPOS="621" VPOS="1332" WIDTH="23" HEIGHT="19" WC="0.96" CONTENT="17"/><SP WIDTH="16" VPOS="1332" HPOS="644"/>
							<String ID="string_217" HPOS="660" VPOS="1331" WIDTH="49" HEIGHT="26" WC="0.93" CONTENT="kap."/><SP WIDTH="17" VPOS="1331" HPOS="709"/>
							<String ID="string_218" HPOS="726" VPOS="1330" WIDTH="23" HEIGHT="21" WC="0.92" CONTENT="B."/><SP WIDTH="15" VPOS="1330" HPOS="749"/>
							<String ID="string_219" HPOS="764" VPOS="1330" WIDTH="24" HEIGHT="21" WC="0.92" CONTENT="B."/><SP WIDTH="17" VPOS="1330" HPOS="788"/>
							<String ID="string_220" HPOS="805" VPOS="1330" WIDTH="110" HEIGHT="26" WC="0.96" CONTENT="angående"/><SP WIDTH="16" VPOS="1330" HPOS="915"/>
							<String ID="string_221" HPOS="931" VPOS="1329" WIDTH="94" HEIGHT="21" WC="0.96" CONTENT="enskilde"/>
						</TextLine>
						<TextLine ID="line_31" HPOS="196" VPOS="1357" WIDTH="349" HEIGHT="28">
							<String ID="string_222" HPOS="196" VPOS="1357" WIDTH="95" HEIGHT="27" WC="0.92" CONTENT="tjenares"/><SP WIDTH="13" VPOS="1357" HPOS="291"/>
							<String ID="string_223" HPOS="304" VPOS="1358" WIDTH="105" HEIGHT="27" WC="0.86" CONTENT="jäfvighet"/><SP WIDTH="16" VPOS="1358" HPOS="409"/>
							<String ID="string_224" HPOS="425" VPOS="1361" WIDTH="31" HEIGHT="18" WC="0.93" CONTENT="att"/><SP WIDTH="16" VPOS="1361" HPOS="456"/>
							<String ID="string_225" HPOS="472" VPOS="1359" WIDTH="73" HEIGHT="21" WC="0.95" CONTENT="vittna."/>
						</TextLine>
					</TextBlock>
				</ComposedBlock>
				<ComposedBlock ID="cblock_13" HPOS="266" VPOS="1415" WIDTH="379" HEIGHT="28">
					<TextBlock ID="block_13" HPOS="266" VPOS="1415" WIDTH="379" HEIGHT="28">
						<TextLine ID="line_32" HPOS="266" VPOS="1415" WIDTH="379" HEIGHT="28">
							<String ID="string_226" HPOS="266" VPOS="1415" WIDTH="157" HEIGHT="21" WC="0.91" CONTENT="Remitterades"/><SP WIDTH="15" VPOS="1415" HPOS="423"/>
							<String ID="string_227" HPOS="438" VPOS="1416" WIDTH="33" HEIGHT="21" WC="0.93" CONTENT="till"/><SP WIDTH="16" VPOS="1416" HPOS="471"/>
							<String ID="string_228" HPOS="487" VPOS="1416" WIDTH="158" HEIGHT="27" WC="0.92" CONTENT="Lagutskottet."/>
						</TextLine>
					</TextBlock>
				</ComposedBlock>
				<ComposedBlock ID="cblock_14" HPOS="195" VPOS="1473" WIDTH="830" HEIGHT="49">
					<TextBlock ID="block_14" HPOS="195" VPOS="1473" WIDTH="830" HEIGHT="49">
						<TextLine ID="line_33" HPOS="268" VPOS="1473" WIDTH="757" HEIGHT="27">
							<String ID="string_229" HPOS="268" VPOS="1474" WIDTH="53" HEIGHT="20" WC="0.89" CONTENT="11:0."/><SP WIDTH="22" VPOS="1474" HPOS="321"/>
							<String ID="string_230" HPOS="343" VPOS="1473" WIDTH="116" HEIGHT="27" WC="0.90" CONTENT="Angäende"/><SP WIDTH="17" VPOS="1473" HPOS="459"/>
							<String ID="string_231" HPOS="476" VPOS="1474" WIDTH="118" HEIGHT="21" WC="0.93" CONTENT="ordnandet"/><SP WIDTH="14" VPOS="1474" HPOS="594"/>
							<String ID="string_232" HPOS="608" VPOS="1474" WIDTH="23" HEIGHT="21" WC="0.93" CONTENT="af"/><SP WIDTH="14" VPOS="1474" HPOS="631"/>
							<String ID="string_233" HPOS="645" VPOS="1473" WIDTH="193" HEIGHT="27" WC="0.91" CONTENT="skjutshällningen"/><SP WIDTH="17" VPOS="1473" HPOS="838"/>
							<String ID="string_234" HPOS="855" VPOS="1473" WIDTH="38" HEIGHT="21" WC="0.92" CONTENT="och"/><SP WIDTH="16" VPOS="1473" HPOS="893"/>
							<String ID="string_235" HPOS="909" VPOS="1473" WIDTH="116" HEIGHT="27" WC="0.92" CONTENT="gästgifve-"/>
						</TextLine>
						<TextLine ID="line_34" HPOS="195" VPOS="1500" WIDTH="79" HEIGHT="22">
							<String ID="string_236" HPOS="195" VPOS="1500" WIDTH="79" HEIGHT="22" WC="0.70" CONTENT="rierva."/>
						</TextLine>
					</TextBlock>
				</ComposedBlock>
			</PrintSpace>
		</Page>
	</Layout>
</alto>
