1103 1781
289 112 178 20 Borgareständet
480 112 55 16 1877.
560 111 22 16 13
595 110 106 18 Februari.
864 105 41 21 145

75 180 131 21 tionärernes
225 179 91 27 begäran
335 185 33 16 om
389 179 130 21 inrättandet
540 179 21 21 af
580 180 32 20 ett
631 178 133 28 fullständigt
784 179 122 28 sjuklassigt

77 209 81 26 lyceum
180 209 46 20 med
248 208 64 21 finskt
334 208 225 27 undervisningsspråk
580 208 6 20 i
608 207 118 27 Uleåborg;
743 214 47 15 men
809 208 27 21 då
851 209 54 26 peti-

77 237 120 20 tionärerne
219 238 69 20 såsom
313 237 57 21 bevis
392 236 33 21 för
448 237 98 20 behofvet
570 235 64 24 deraf,
658 239 58 18 utom
739 237 76 26 många
840 237 67 20 andra

78 265 85 21 talande
186 265 53 25 skäl,
261 265 60 21 äfven
345 265 103 26 åberopat
469 271 25 14 en
516 265 78 26 mängd
616 264 128 25 fullmakter,
766 265 78 26 afgifna
860 265 47 21 från

79 293 106 27 åtskilliga
201 294 185 21 landskommuner
401 293 56 22 inom
472 293 118 26 Uleåborgs
605 293 41 26 län,
660 293 128 24 fullmakter,
799 299 45 16 som
856 300 51 20 upp-

78 322 71 27 gifvits
171 329 50 14 vara
244 322 171 21 undertecknade
439 322 21 21 af
480 324 31 19 ett
527 329 38 19 par
580 325 62 18 tusen
658 328 106 20 personer,
780 322 24 21 så
818 322 40 21 har
870 323 38 26 jag

78 351 61 27 tyckt
160 351 35 21 det
217 351 48 21 löna
287 351 76 20 mödan
386 353 31 18 att
440 351 127 24 undersöka,
583 350 84 21 hvilken
683 350 73 27 styrka
772 351 39 20 och
827 351 80 20 hvilket

79 380 48 21 stöd
152 379 203 27 petitionsförslaget
377 379 22 21 af
419 380 61 20 dessa
502 379 123 21 fullmakter
647 379 80 20 kunnat
749 379 87 21 erhålla.
867 379 41 26 Jag

79 409 39 20 har
133 408 72 21 dervid
222 408 102 21 inhemtat
341 410 31 19 att
388 407 90 22 berörda
493 407 188 21 landskommuner
696 409 77 24 utgöra
784 408 32 21 till
827 407 81 22 antalet

80 437 116 20 trettiofem
213 437 39 21 och
268 439 31 18 att
315 437 36 20 det
367 443 52 20 egna
435 436 142 21 förhållandet
592 436 79 21 företer
686 436 32 26 sig
729 438 31 19 att
770 436 64 21 bland
846 437 62 20 dessa

77 465 76 21 endast
161 465 33 21 nio
204 465 62 21 hafva
274 465 123 24 folkskolor,
405 465 65 26 enligt
488 465 56 21 hvad
562 465 53 21 1876
631 465 34 20 års
681 464 32 21 för
729 464 180 22 folkskoleväsen-

80 494 36 20 det
139 493 120 22 fastställda
279 493 146 27 aflöningsstat
447 494 88 21 utvisar.
566 494 42 20 Det
624 493 34 20 vill
675 493 83 21 derföre
774 493 72 27 tyckas
862 499 45 15 som

79 523 26 20 de
122 522 67 26 öfriga
206 523 94 26 tjugusex
315 523 153 20 kommunerna
478 522 68 21 skulle
559 522 45 21 haft
612 521 68 28 skälig
690 521 112 28 anledning
813 524 32 19 att
855 521 54 22 först

79 551 65 26 draga
166 551 83 26 försorg
270 557 34 14 om
324 551 45 21 sina
390 557 53 20 egna
464 551 125 25 folkskolor,
606 551 63 20 innan
689 551 25 20 de
727 550 47 21 dess
790 551 72 26 längre
874 553 33 18 ut-

80 579 80 21 sträckt
167 580 46 20 sina
224 579 87 27 planer
303 575 10 35 i
322 579 97 21 afseende
431 580 12 20 å
456 579 239 26 undervisningsverken
707 579 6 20 i
727 579 68 20 denna
805 579 102 21 landsort.

77 608 114 21 Dessutom
217 608 142 21 förekommer
379 608 35 21 det
429 608 6 20 i
450 607 86 22 formelt
552 607 98 22 afseende
665 607 67 27 några
747 608 161 27 anmärknings-

79 637 65 20 värda
165 637 89 20 formfel.
286 636 94 27 Tjuguen
403 637 22 20 af
442 637 61 21 dessa
519 636 127 26 handlingar
660 636 62 21 hafva
738 636 46 21 icke
794 636 38 21 alls
844 642 64 21 egen-

77 665 54 26 skap
153 665 22 21 af
198 665 102 21 fullmakt.
329 665 41 27 Jag
392 665 39 21 har
452 665 129 22 åtminstone
604 665 46 21 icke
672 665 6 20 i
695 665 46 20 dem
758 665 80 20 kunnat
854 671 55 20 upp-

78 695 63 20 täcka
164 697 65 18 annat
252 696 27 19 än
301 700 26 15 en
350 694 76 26 mängd
448 701 72 18 namn,
543 694 103 21 tecknade
667 694 27 26 på
709 695 31 19 ett
755 700 85 20 papper,
856 696 52 18 utan

78 724 33 19 att
127 723 35 20 det
179 723 65 20 finnes
261 722 91 27 angifvet
367 723 7 20 i
391 723 78 20 hvilket
486 722 99 21 afseende
601 723 26 20 de
643 722 68 21 blifvit
726 722 36 21 der
778 722 129 21 nedskrifna.

77 751 40 26 Jag
139 751 36 21 vill
198 751 33 20 väl
252 751 45 21 icke
320 753 56 19 sätta
397 751 6 20 i
424 751 65 26 fråga,
506 753 32 19 att
554 752 25 20 de
604 751 62 21 hafva
682 750 63 21 afsett
760 753 32 18 att
806 751 56 26 gifva
878 752 31 19 ett

82 780 49 21 stöd
153 781 23 20 åt
191 779 70 22 denna
279 780 94 27 petition,
390 786 47 15 men
452 786 46 15 som
514 780 62 26 sagdt
592 780 6 21 i
614 779 85 22 formelt
716 779 98 22 afseende
833 781 23 19 är
872 779 36 21 det

80 815 26 14 en
123 809 58 20 brist.

146 837 41 26 Jag
211 837 92 21 nämnde
324 837 65 21 redan
405 838 32 19 att
454 837 36 26 jag
508 837 48 21 icke
571 837 54 20 hade
641 836 32 21 för
689 836 63 26 afsigt
767 838 32 19 att
816 843 28 14 nu
859 836 50 27 ingå

79 866 6 20 i
101 866 69 26 någon
179 866 130 26 granskning
317 865 22 21 af
349 865 208 27 petitionsförslaget,
569 867 25 19 än
612 865 81 21 mindre
708 867 32 18 att
755 865 92 26 afstyrka
860 865 48 21 dess

81 894 186 27 grundlagsenliga
288 894 133 26 behandling,
443 901 47 14 men
506 895 66 25 ansåg
587 893 43 27 mig
646 894 53 21 dock
716 893 52 21 böra
784 893 68 21 lemna
868 894 40 21 den

81 923 126 27 upplysning
229 923 36 26 jag
288 923 88 21 sålunda
398 924 7 20 i
428 923 74 26 frågan
522 923 110 20 inhemtat.
663 922 10 21 I
695 922 73 27 sjelfva
789 922 65 21 saken
870 922 39 21 har

78 951 37 26 jag
131 951 114 26 anledning
261 954 32 19 att
308 951 92 27 förorda,
417 953 31 20 att
463 951 203 27 petitionsförslaget
682 951 66 20 måtte
759 951 5 20 i
777 951 68 20 likhet
860 951 48 20 med

81 980 72 25 andra,
176 986 44 15 som
242 980 71 21 berört
332 980 155 26 skolväsendet,
503 980 120 21 remitteras
640 979 31 21 till
687 979 106 22 allmänna
808 979 100 22 Besvärs-

79 1008 111 21 utskottet.

149 1066 55 21 Herr
219 1066 190 25 Tengström:
430 1066 10 21 I
455 1065 67 22 likhet
538 1065 47 22 med
601 1065 49 21 herr
660 1066 94 21 Höckert
763 1065 31 22 får
802 1065 60 21 äfven
871 1065 38 26 jag

79 1093 82 25 föreslå,
172 1097 33 18 att
220 1094 115 27 petitionen
351 1095 66 20 måtte
432 1095 120 20 remitteras
568 1094 33 21 till
616 1095 107 20 allmänna
736 1094 172 21 Besvärsutskot-

80 1125 37 24 tet,
137 1129 48 14 men
209 1123 48 21 ville
274 1123 43 21 låta
333 1123 99 21 remissen
448 1123 125 26 beledsagas
590 1123 20 20 af
626 1123 38 20 den
681 1123 139 26 anmärkning
836 1125 31 18 att
883 1122 26 21 de

81 1151 37 22 der
134 1152 97 21 tvåtusen
248 1152 39 21 och
300 1151 65 27 några
381 1151 110 22 hundrade
506 1151 182 21 underskrifterna
703 1153 37 19 äro
753 1151 45 21 skäl
809 1157 45 15 som
866 1151 43 21 tala

81 1182 58 19 emot
154 1180 40 21 och
210 1181 46 20 icke
271 1180 33 21 för
319 1180 122 27 petitionen.
467 1180 32 21 De
516 1181 36 20 två
568 1182 61 19 tusen
644 1180 110 21 bönderna
769 1181 6 19 i
791 1179 118 26 Uleåborgs

80 1208 34 21 län
138 1209 62 21 torde
215 1209 46 21 icke
276 1209 67 21 förstå
358 1208 110 21 skilnaden
484 1209 90 20 emellan
590 1209 82 27 lyceum
688 1209 47 20 med
750 1208 32 27 sju
798 1207 51 22 eller
864 1208 46 27 fyra

80 1237 81 21 klasser
185 1237 39 21 och
248 1237 48 21 med
319 1237 86 21 svenskt
426 1237 52 21 eller
496 1237 65 21 finskt
576 1237 231 27 undervisningsspräk.
839 1236 71 22 Saken

81 1266 38 21 har
135 1266 121 26 derigenom
280 1266 41 22 fått
344 1272 57 15 mera
425 1266 51 21 sken
498 1266 24 21 af
543 1268 32 19 att
595 1272 49 15 vara
666 1272 26 15 eu
718 1266 93 26 partisak
834 1267 26 19 än
883 1271 27 15 en

81 1294 92 27 egentlig
188 1295 113 27 skolfråga.
331 1295 40 26 Jag
387 1295 68 21 skulle
472 1294 62 22 hafva
550 1295 82 25 önskat,
649 1296 32 20 att
691 1294 152 21 fullmakterna
856 1294 54 21 hade

80 1323 55 21 varit
150 1328 52 21 qvar
223 1324 44 24 der,
284 1323 90 21 derifrån
391 1324 25 20 de
432 1324 96 24 kommit,
545 1323 39 21 och
599 1326 32 18 att
646 1324 119 26 partisaker
780 1323 46 21 icke
842 1322 68 22 skulle

79 1352 104 26 indragits
204 1352 6 20 i
232 1352 128 26 skolfrägan.
377 1365 26 2 —
419 1352 126 20 Emellertid
568 1352 84 21 förenar
672 1352 36 26 jag
728 1352 42 25 mig
794 1352 46 20 med
860 1351 50 21 herr

80 1380 95 21 Höckert
191 1381 80 26 derom,
288 1383 32 19 att
336 1380 88 22 ärendet
439 1381 67 21 måtte
517 1380 121 22 remitteras
649 1380 32 21 till
693 1380 105 21 allmänna
808 1380 101 21 Besvärs-

80 1409 113 21 utskottet.

149 1466 56 21 Herr
228 1466 99 22 Olsoni:
359 1466 62 22 Hvad
442 1466 152 22 fullmakterna
617 1466 39 22 och
672 1466 61 22 deras
749 1464 162 27 fullständighet

81 1494 106 27 beträffar,
211 1496 23 20 så
257 1497 25 19 är
304 1494 142 22 förhållandet
469 1496 48 20 med
539 1496 47 20 dem
608 1496 82 25 sådant,
714 1497 32 19 att
760 1494 51 21 flere
826 1494 22 20 af
863 1494 47 21 dem

819 1533 22 18 10
