1103 1781
191 95 41 21 312
417 94 180 32 Borgareständet
610 101 62 31 1877.
673 102 40 30 13
726 102 62 16 Mars.

191 169 78 22 seende
291 170 14 21 å
327 170 121 21 beaktande
470 170 34 21 vid
520 170 143 27 beredningen
679 170 23 21 af
717 170 39 22 den
773 170 76 25 nådiga
864 170 157 27 propositionen

191 199 111 27 angående
324 199 75 26 anslag
421 199 33 21 för
469 199 137 21 bestridande
622 199 24 20 af
660 199 263 26 landtdagskostnaderna,
939 198 85 22 anmäla

191 230 33 19 att
244 227 91 22 Ståndet
353 227 92 22 förehaft
463 228 73 27 frågan
553 234 34 15 om
603 229 66 19 sättet
685 227 34 21 för
735 227 136 22 bestridande
887 227 20 22 af
923 227 25 22 de
963 233 60 16 arvo-

192 256 47 27 den,
255 263 46 14 som
317 257 66 20 borde
399 256 117 21 tillkomma
532 257 26 20 de
573 257 47 20 från
636 256 91 21 Ståndet
740 256 88 21 utsedde
844 257 116 20 ledamöter
983 256 39 21 och

192 285 138 27 suppleanter
351 285 6 20 i
381 285 147 26 Expeditions-
544 285 40 21 och
599 285 232 26 Justeringsutskotten
847 285 32 21 för
894 285 39 21 den
950 285 30 20 tid
996 285 27 20 de

192 313 54 22 efter
261 313 152 27 Landtdagens
435 314 43 21 slut
500 313 33 22 för
556 313 92 22 berörda
666 313 97 28 uppdrag
784 314 109 26 nödgades
911 313 111 21 härstädes

192 345 129 23 gvarstanna
345 345 56 18 samt
425 344 32 19 att
476 342 89 21 Ständet
580 342 74 21 dervid
670 342 83 21 förenat
768 343 32 26 sig
816 349 33 14 om
866 343 39 20 den
922 342 53 25 äsigt
991 343 31 19 att

191 371 163 26 ifrägavarande
369 371 91 20 kostnad
475 377 49 15 vore
540 373 33 19 att
588 371 101 20 hänföras
705 370 32 21 till
753 373 25 18 de
792 371 106 20 allmänna
909 370 114 21 kostnader

192 399 39 22 och
255 399 94 26 utgifter,
371 406 44 14 som
438 400 84 25 jemlikt
544 399 11 27 $
578 401 27 20 82
629 400 23 21 L.
669 399 24 21 O.
710 399 67 21 borde
793 406 25 14 ur
833 399 106 21 allmänna
954 398 68 21 medel

191 429 58 26 utgå.
282 428 61 21 Dock
359 429 66 25 ansåg
440 428 89 21 Ständet
544 429 75 25 nödigt
634 431 32 18 att
682 429 64 20 innan
762 434 26 15 en
804 428 111 21 skrifvelse
930 428 5 21 i
948 427 74 26 antydt

191 457 101 20 afseende
313 456 69 21 skulle
405 456 32 21 till
456 457 166 21 Statsutskottet
638 457 130 26 expedieras,
785 457 73 26 frågan
874 463 33 14 om
924 457 101 25 beloppet

192 485 22 21 af
235 485 94 21 berörda
352 486 93 20 arvoden
468 485 66 21 borde
553 485 39 21 hos
608 485 91 21 Ständet
715 485 32 21 till
764 485 126 26 behandling
906 485 116 26 företagas;

193 514 38 21 och
254 514 109 26 uppdrogs
387 514 21 21 ät
424 514 102 21 Enskilda
541 514 199 21 Resvärsutskottet
756 516 32 18 att
804 514 47 20 med
867 514 133 21 betänkande
1016 513 7 20 i

192 543 70 21 denna
279 543 40 26 del,
336 543 23 20 sä
375 545 58 18 snart
448 543 32 26 sig
494 544 52 25 göra
561 543 50 26 läte,
628 543 32 20 till
677 542 91 21 Ständet
783 543 112 20 inkomma.

263 599 41 22 Vid
321 602 85 19 senaste
422 600 118 26 Landtdag,
556 599 28 22 dä
599 599 163 27 ifrågavarande
778 600 92 20 arvoden
886 599 138 21 uttaxerades

192 629 38 20 hos
254 629 107 25 städerne,
385 629 85 26 utgingo
495 629 108 20 desamma
622 629 31 20 till
670 635 81 14 samma
767 629 84 25 belopp,
868 634 45 15 som
930 628 93 21 ledamö-

192 660 59 18 terne
268 657 7 20 i
291 657 99 21 bemälda
405 657 83 21 utskott
503 657 79 20 enhvar
601 657 33 21 för
651 657 173 27 landtdagstiden
840 657 22 20 af
876 657 46 20 sina
937 657 86 26 respek-

192 686 42 21 tive
257 686 73 21 städer
353 686 107 27 uppburit.
491 685 111 22 Utskottet
618 686 38 21 har
673 685 73 22 derför
762 687 53 19 trott
830 686 37 20 det
881 685 114 21 ankomma
1010 686 13 19 ä

192 715 31 26 sig
239 717 33 18 att
287 714 124 21 införskaffa
427 715 112 26 utredning
555 715 91 20 rörande
661 715 105 26 beloppen
783 714 23 21 af
821 715 26 20 de
863 714 98 25 arvoden,
977 719 46 14 som

193 743 26 21 de
242 743 124 21 nuvarande
390 743 145 21 ledamöterne
554 743 39 21 och
617 743 164 26 suppleanterne
798 743 5 20 i
820 743 147 26 Expeditions-
984 741 39 22 och

192 771 231 27 Justeringsutskotten
444 771 32 21 för
496 771 173 27 landtdagstiden
686 772 90 26 åtnjuta,
793 771 39 21 och
848 771 39 20 har
903 771 72 21 dervid
991 771 32 20 in-

192 800 95 21 hemtat:
309 802 39 21 att,
372 800 23 21 af
407 800 153 27 ledamöterne
584 801 39 20 och
648 801 164 26 suppleanterne
828 801 6 20 i
850 799 174 27 Expeditionsut-

193 829 87 25 skottet,
305 829 75 20 herrar
403 829 111 26 Ohrnberg
538 828 39 21 och
596 829 25 21 E.
638 829 69 26 Bergh
724 829 104 20 hvardera
844 829 82 26 åtnjuta
941 830 82 22 sexton,

192 857 51 22 herr
259 857 20 21 S.
296 857 113 27 Björkstén
426 858 72 21 trettio
514 857 40 22 och
570 857 56 22 Herr
641 858 96 26 Procopé
753 858 60 26 tjugu
828 857 61 21 mark
905 863 32 14 om
955 857 68 26 dagen

192 888 62 23 samt,
286 886 22 20 af
337 886 143 21 ledamöterne
507 886 39 21 och
574 886 166 27 suppleanterne
762 886 7 21 i
791 885 232 26 Justeringsutskottet,

192 915 75 20 herrar
290 915 109 21 Fabritius
422 915 40 21 och
484 915 122 25 Helsingius
630 915 105 21 hvardera
755 915 95 25 aderton,
868 915 48 20 herr
931 914 91 21 Jansson

192 946 76 18 sexton
283 946 56 19 samt
355 944 49 21 herr
420 943 111 22 Molander
547 944 59 26 tjugu
622 944 61 21 mark
699 950 34 15 om
750 943 75 27 dagen.

262 1001 42 20 För
328 1007 52 20 egen
399 1001 34 21 del
453 1001 42 20 kan
512 1001 104 21 utskottet
632 1001 119 21 emellertid
767 1001 47 20 icke
830 1001 50 26 inse,
897 999 86 21 hvarför
999 1000 26 20 de

193 1029 32 21 till
249 1029 101 27 beloppet
370 1030 122 21 varierande
513 1030 100 25 arvoden,
634 1036 45 14 som
699 1030 106 22 städerne,
821 1029 80 20 enhvar
916 1028 55 21 efter
987 1029 37 20 räd

193 1058 39 21 och
256 1058 107 26 Jägenhet,
385 1061 71 18 ansett
475 1059 31 26 sig
528 1059 52 20 böra
596 1058 81 21 utfästa
692 1058 34 21 för
740 1058 48 21 sina
804 1059 171 24 representanter
991 1057 34 20 vid

192 1087 148 26 Landtdagen,
357 1087 60 21 skola
433 1087 72 26 läggas
520 1087 32 21 till
568 1087 69 27 grund
649 1087 33 20 vid
695 1087 171 21 bestämmandet
881 1086 22 21 af
911 1092 28 14 nu
949 1086 76 25 ifräga-

192 1116 94 20 varande
302 1117 99 20 arvoden.
431 1115 33 22 De
479 1115 223 24 Ständsmedlemmar,
719 1116 73 20 hvilka
808 1115 53 20 efter
876 1114 150 27 Landtdagens

193 1144 122 21 afslutande
331 1147 129 24 gvarstanna
475 1145 33 20 för
524 1147 31 18 att
566 1144 86 27 deltaga
663 1145 6 20 i
680 1144 152 27 Expeditions-
845 1143 38 21 och
896 1143 129 26 Justerings-

193 1173 122 21 utskottens
338 1173 95 24 arbeten,
456 1175 52 24 göra
531 1173 36 21 det
589 1173 18 27 ej
633 1179 57 14 mera
710 1174 6 19 i
733 1173 108 27 egenskap
858 1172 21 21 af
894 1171 131 27 fullmäktige

192 1201 33 21 för
249 1202 46 21 sina
316 1201 125 22 kommuner
460 1204 56 23 utan,
532 1201 70 22 säsom
619 1204 31 19 ett
665 1202 57 25 slags
738 1201 134 26 fullmäktige
887 1200 33 21 för
935 1200 90 21 Ständet

193 1230 58 26 eller,
276 1237 33 15 om
334 1237 48 15 man
404 1231 23 21 sä
445 1231 43 23 vill,
501 1231 66 26 jemte
584 1231 26 20 de
626 1230 46 22 från
689 1230 67 27 öfriga
773 1230 67 21 Stånd
857 1230 5 20 i
878 1229 98 21 bemälda
992 1231 33 18 ut-

193 1259 58 21 skott
273 1260 90 21 utsedde
378 1259 124 25 ledamöter,
519 1259 32 21 för
568 1259 125 21 Ständerne.
725 1259 91 21 Arbetet
832 1260 23 19 är
871 1258 32 21 för
919 1258 48 21 dem
983 1258 42 20 alla

192 1288 6 20 i
218 1288 44 21 lika
284 1289 53 25 grad
359 1288 133 26 betungande
508 1288 38 21 och
562 1288 71 26 nägon
649 1294 69 15 annan
735 1288 83 20 olikhet
832 1288 8 20 i
856 1287 91 21 arvoden
963 1292 63 21 synes

192 1316 47 21 icke
262 1317 118 21 motiverad
403 1318 27 19 än
446 1317 46 27 den,
508 1323 45 14 som
570 1304 97 38 belingas
684 1316 62 21 deraf
760 1318 33 19 att
809 1322 26 15 en
852 1316 33 21 del
901 1309 124 32 ledamöter,

193 1345 70 21 såsom
286 1346 13 20 &
322 1346 69 20 denna
411 1347 33 19 ort
466 1345 92 26 bosatta,
580 1345 72 21 kunna
673 1345 64 21 ställa
752 1345 38 21 sitt
806 1344 25 21 lif
842 1344 96 26 billigare
955 1346 26 18 än
999 1343 26 21 de

192 1373 125 27 ledamöter,
342 1374 72 21 hvilka
434 1375 75 20 endast
524 1370 141 43 provisoriskt
681 1373 115 37 uppehälla
812 1373 31 27 sig
859 1373 113 21 härstädes
986 1372 39 21 och

192 1402 110 26 samtidigt
323 1403 81 26 nödgas
425 1402 90 22 bekosta
537 1402 86 22 hushåll
644 1403 14 21 &
675 1403 47 21 sina
738 1402 115 22 hemorter.
871 1414 24 2 —
911 1400 114 22 Utskottet

192 1432 100 20 förordar
314 1431 28 27 pä
362 1419 68 39 grund
453 1431 22 21 af
495 1432 35 20 det
546 1431 95 26 anförda,
658 1433 32 19 att
705 1431 109 21 arvodena
830 1430 33 21 för
879 1414 146 37 ledamöterne

193 1460 38 20 och
253 1460 166 27 suppleanterne
435 1460 6 20 i
457 1456 149 43 Expeditions-
622 1460 39 21 och
677 1459 246 27 Justeringsutskottena
939 1458 35 21 mä
990 1458 35 21 be-

193 1490 102 20 stämmas
318 1491 52 19 utan
394 1488 100 22 afseende
514 1489 12 21 å
549 1488 55 22 hvad
628 1489 61 21 desse
708 1476 82 33 enhvar
805 1488 32 20 för
853 1486 171 27 landtdagstiden
