1103 1781
260 102 179 21 Borgareståndet
452 104 54 16 1877.
531 103 23 17 13
567 103 106 17 Februari.
886 98 40 21 155

100 172 39 22 hos
160 172 180 27 Borgareståndet
362 172 7 21 i
391 172 65 21 saken
476 171 112 22 förefallna
608 171 120 22 diskussion
744 171 68 22 skulle
828 172 6 20 i
850 172 77 27 utdrag

100 207 25 15 ur
141 201 58 21 detta
214 200 106 28 protokoll
337 200 141 22 öfversändas.

172 349 54 21 Herr
241 349 118 26 Lindbergs
375 348 116 26 bordlagda
507 348 179 27 petitionsförslag
702 354 34 15 om
752 348 141 26 anläggandet
903 347 24 22 af

97 384 28 15 en
141 377 77 22 bibana
234 377 30 21 till
281 377 74 21 staden
370 377 166 22 Villmanstrand
553 377 93 26 företogs
661 383 28 14 nu
706 376 32 22 till
754 376 72 22 vidare
841 377 82 26 åtgärd.

169 434 66 21 Ordet
251 433 119 22 tilldelades
385 434 73 21 härvid
467 434 53 22 först
531 435 22 20 åt
564 435 49 20 herr
626 435 22 20 M
656 441 11 14 a
676 434 83 26 salin,
772 440 44 15 som
826 433 97 27 yttrade:

100 463 29 20 På
153 463 35 20 det
211 464 69 25 vigten
305 462 38 21 och
367 463 120 26 betydelsen
512 463 20 21 af
548 463 48 21 herr
611 463 118 26 Lindbergs
745 462 179 27 petitionsförslag

99 491 46 21 icke
165 492 34 20 må
221 491 156 26 underskattas,
399 491 39 21 och
462 492 99 26 förslaget
584 491 18 26 ej
626 491 66 22 heller
716 492 65 20 måtte
800 497 60 15 anses
876 491 47 20 med

99 519 72 22 oblida
188 522 53 24 ögon
259 519 21 21 af
294 519 27 22 de
337 519 63 22 ärade
417 519 136 22 medlemmar
568 520 6 21 i
590 520 186 27 Borgareståndet,
792 519 66 26 enligt
873 519 51 21 hvil-

98 548 40 21 kas
155 549 135 26 uppfattning
306 548 130 27 landskapen
452 548 90 22 Savolax
558 548 38 21 och
613 549 92 20 Karelen
722 548 62 21 hafva
799 548 5 20 i
820 548 39 21 och
875 548 48 21 med

99 577 120 26 byggandet
243 577 22 21 af
286 577 71 21 Saima
380 577 61 21 kanal
458 577 45 22 isä
519 577 102 26 märkelig
637 577 48 21 mån
701 577 69 21 blifvit
785 577 95 26 gynnade
896 576 28 27 på

98 605 36 21 det
157 605 67 27 öfriga
247 605 82 22 landets
345 605 124 25 bekostnad,
485 608 33 19 att
532 606 43 21 alla
590 606 72 21 vidare
678 605 139 26 tillgöranden
834 605 32 21 till
881 605 42 21 för-

99 634 113 21 bättrande
227 634 21 21 af
263 633 137 22 samfärdseln
417 635 47 20 med
480 637 85 18 orterna
580 634 6 21 i
602 635 62 20 dessa
679 634 103 27 landskap
798 634 65 21 borde
879 633 44 22 tills

97 662 72 21 vidare
185 662 102 25 afstanna,
304 663 63 20 utber
379 662 36 27 jag
431 663 41 26 mig
484 665 31 19 att
528 663 20 21 få
559 663 55 21 fästa
626 663 190 26 Borgareståndets
827 662 96 26 benägna

98 691 188 27 uppmärksamhet
302 691 33 20 vid
351 691 126 21 hithörande
493 691 153 22 förhållanden.

168 720 115 27 Angående
307 719 90 22 trafiken
421 720 12 21 å
446 720 26 21 de
487 720 33 21 till
535 720 167 21 Villmanstrand
718 721 94 20 närmast
828 719 95 26 belägna,

97 748 90 21 medelst
201 749 127 26 landsvägar
344 749 86 20 dermed
443 748 118 22 förbundna
573 749 132 20 stationerna
716 748 63 21 Pulsa
792 748 38 21 och
844 747 78 22 Simola

97 777 117 21 ionehåller
236 777 85 21 chefens
337 777 33 21 för
384 777 193 27 statsjernvägarne
593 783 49 21 nyss
658 776 134 28 publicerade
808 776 114 21 berättelse

95 805 34 21 för
150 806 24 21 år
199 806 60 25 1875,
276 808 57 19 utom
357 805 40 22 den
414 806 56 21 notis
485 808 32 19 att
532 806 64 26 sagde
612 805 63 22 trafik
691 808 24 18 är
730 806 7 20 i
750 805 53 27 jemt
818 805 103 26 stigande,

95 833 93 28 följande
203 834 57 24 data,
275 834 105 26 nemligen
396 836 43 19 att:

168 863 40 20 Till
232 863 61 21 dessa
309 863 103 20 stationer
428 863 66 22 under
510 864 46 21 året
572 863 87 21 anländt
675 863 77 25 52,325
768 864 87 19 centner
870 861 51 26 gods

96 891 40 21 och
152 892 63 21 9,328
230 897 138 21 passagerare
384 891 39 22 och
439 894 32 19 att
486 892 54 21 ifrån
556 891 48 22 dem
621 892 67 21 under
703 897 79 15 samma
792 891 25 20 år
828 890 94 22 afsändts

95 920 80 25 54,164
198 923 86 18 centner
305 920 52 26 gods
381 920 39 21 och
438 921 75 24 10,237
529 926 145 21 passagerare,
691 920 37 21 det
743 921 32 20 är:
791 921 33 19 att
839 919 30 21 dit
883 925 39 20 per

97 948 41 27 dag
151 948 88 21 anländt
256 949 39 20 130
311 951 86 18 centner
413 949 52 26 gods
481 949 40 21 och
536 949 27 20 26
580 955 137 20 passagerare
732 949 38 20 och
786 950 33 19 att
830 947 91 21 derifrån

96 977 5 20 i
118 977 100 21 medeltal
234 977 96 26 dagligen
346 977 68 26 afgått
431 978 40 21 150
486 980 86 19 centner
588 977 52 26 gods
656 977 40 21 och
707 977 106 26 tjuguåtta
823 982 98 21 passage-

96 1011 48 15 rare
159 1005 51 22 eller
222 1005 89 27 ungefär
326 1012 25 15 en
368 1006 108 26 vagnslast
492 1006 104 21 hvardera
610 1006 55 21 fram
681 1006 39 21 och
736 1005 94 21 tillbaka.

167 1034 67 21 Dessa
256 1033 69 22 siffror
347 1034 62 21 hafva
431 1035 6 20 i
453 1035 39 21 och
507 1035 33 20 för
554 1035 32 25 sig
601 1034 61 27 ingen
678 1041 70 14 annan
766 1033 112 27 betydelse,
894 1035 27 19 än

95 1064 32 19 att
151 1062 25 21 de
199 1065 37 18 äro
259 1065 74 19 exacta
356 1063 39 21 och
419 1063 56 26 tjena
498 1063 32 21 till
550 1063 38 21 bas
603 1063 32 20 för
651 1063 71 26 kalkyl
738 1062 22 21 af
773 1061 97 26 trafiken,
886 1067 34 15 om

92 1091 89 26 jernväg
203 1091 86 21 anlades
312 1091 89 21 emellan
421 1091 167 22 Villmanstrand
605 1091 39 21 och
660 1091 80 22 Simola
754 1091 39 21 och
809 1091 61 20 torde
885 1089 36 22 det

94 1119 19 26 ej
138 1126 50 15 vara
210 1120 78 26 vågadt
311 1122 33 19 att
367 1123 78 24 antaga
468 1121 36 20 det
528 1127 25 14 en
576 1120 56 21 bana
654 1119 127 22 deremellan
797 1118 68 22 skulle
880 1118 41 21 för-

94 1147 81 22 dubbla
198 1149 81 20 antalet
301 1148 22 21 af
344 1149 26 20 de
392 1155 137 20 passagerare
548 1155 46 14 som
611 1154 27 15 nu
654 1148 89 21 beträda
756 1148 115 26 jernvägen
886 1147 34 20 vid

95 1176 79 22 Simola
196 1177 38 21 och
257 1177 66 21 Pulsa
345 1177 34 21 för
401 1180 32 18 att
455 1177 45 21 fara
523 1177 32 21 till
570 1177 82 26 Viborg
667 1177 53 20 eller
735 1175 131 27 Helsingfors
881 1175 40 21 och

95 1206 106 25 omvändt,
226 1208 54 19 samt
296 1205 79 22 tillföra
388 1205 115 28 jernvägen
520 1208 32 19 tre
567 1206 79 26 gånger
661 1206 24 21 så
700 1210 45 16 stor
760 1205 161 26 godstransport

94 1234 27 26 på
137 1234 61 22 dessa
213 1235 102 25 sträckor,
331 1240 45 16 som
394 1234 74 22 hittills
485 1234 121 22 verkställts
622 1234 31 21 till
669 1233 39 23 och
724 1233 46 22 från
786 1231 80 23 Simola
881 1231 39 23 och

93 1262 70 22 Pulsa.
194 1263 30 27 Ty
247 1269 34 15 om
301 1270 48 14 man
366 1265 59 25 tager
441 1264 5 20 i
462 1264 142 20 betraktande
619 1265 32 19 att
667 1263 17 27 ej
701 1262 81 22 mindre
798 1262 25 20 de
838 1260 82 27 ångfar-

95 1295 42 23 tyg,
153 1291 72 21 hvilka
240 1298 29 14 nu
283 1294 52 24 göra
350 1292 145 26 regelbundna
511 1294 59 18 turer
585 1291 90 21 emellan
691 1291 84 27 Kuopio
791 1290 39 21 och
840 1289 81 27 Viborg

93 1320 40 20 och
149 1320 48 21 hela
212 1326 119 16 sommaren
347 1327 34 15 om
397 1322 37 20 äro
456 1320 113 22 fullastade
590 1320 49 21 med
657 1326 136 20 passagerare
804 1318 39 22 och
854 1318 66 20 frakt-

92 1348 60 26 gods,
174 1350 27 20 än
224 1350 41 20 ock
287 1348 42 22 alla
352 1351 81 19 smärre
456 1349 104 26 ångbåtar
581 1349 38 21 och
636 1348 127 27 lastpråmar
778 1346 94 22 hörande
887 1346 32 22 till

92 1379 86 19 orterne
201 1378 97 25 omkring
320 1378 64 20 södra
406 1378 85 21 Saimen
515 1377 39 21 och
572 1377 122 21 beräknade
709 1377 33 21 för
756 1376 164 26 godstransport

92 1405 33 21 till
149 1406 38 21 och
211 1406 46 22 från
280 1406 31 22 S:t
326 1406 130 27 Petersburg
472 1406 58 21 öfver
546 1405 85 27 Viborg,
648 1405 91 21 derifrån
756 1406 26 20 de
796 1404 123 25 återvända,

91 1434 47 21 icke
161 1441 59 15 mera
243 1434 90 22 behöfde
355 1435 26 26 gå
402 1441 76 20 genom
501 1434 71 22 Saima
592 1434 69 27 kanal,
676 1436 52 19 utan
743 1433 55 27 finge
813 1434 107 24 emottaga

93 1462 39 22 och
155 1463 90 21 aflemna
266 1463 42 21 last
323 1463 39 21 och
378 1469 138 21 passagerare
532 1463 5 21 i
553 1463 174 24 Villmanstrand,
742 1464 24 19 är
782 1462 36 21 det
833 1461 40 21 lätt
887 1463 32 19 att

93 1490 108 28 öfvertyga
224 1492 38 26 sig,
287 1492 70 21 hvilka
380 1498 82 15 massor
484 1492 21 21 af
527 1490 197 28 transportföremål
740 1489 179 23 Villmanstrands
