1103 1781
282 115 179 22 Borgareståndet
473 116 55 18 1877.
552 117 13 16 2
577 116 105 17 Februari.
879 112 26 19 41

79 185 96 22 ståndets
197 185 138 22 medlemmar
357 185 158 21 tillförsäkrade
539 185 229 26 undantagsförmåner
790 184 32 22 för
845 186 62 21 deras

79 215 78 26 gårdar
172 214 39 21 och
227 214 123 27 lägenheter
366 214 6 21 i
388 214 54 21 stad.

148 260 157 21 Remitterades
321 260 33 21 till
369 260 158 26 Lagutskottet.

149 358 40 21 5:0.
220 358 39 21 Om
276 357 120 22 afslutande
412 357 23 22 af
449 357 40 22 den
505 358 6 20 i
527 357 65 21 Wasa
608 357 39 22 och
658 357 118 27 Uleåborgs
787 358 41 26 län,
840 358 67 21 under

79 387 128 27 benämning
222 386 175 27 fraktpenningar
413 386 105 27 utgående
534 387 65 20 skatt.

148 443 163 27 Propositionen
327 443 68 21 skulle
412 443 140 21 öfverlemnas
568 443 32 21 till
617 443 171 22 Statsutskottet.

148 549 40 19 6:0.
219 547 116 26 Angående
355 546 124 28 förändring
500 547 24 20 af
542 547 26 20 de
589 547 47 21 med
651 547 117 24 Kuusamo,
784 546 122 22 Kemiträsk

79 575 39 22 och
134 575 124 27 Kuolajärvi
273 575 130 22 sockneboer
418 575 106 22 afslutade
540 576 190 21 knektekontrakt.

148 633 55 20 Herr
224 633 151 20 Molander
395 633 93 26 begärde
510 633 62 21 ordet
592 633 38 21 och
656 633 92 27 föreslog
764 635 32 19 att
811 633 94 26 ärendet,

79 661 70 21 såsom
165 661 98 27 gällande
279 663 31 20 ett
326 661 102 21 kontrakt
443 661 92 22 emellan
551 662 81 21 kronan
649 662 39 21 och
699 662 102 24 enskilde,
812 661 39 22 och
862 662 43 21 till-

79 690 45 21 lika
147 690 150 21 innehållande
313 690 71 27 frågor
399 690 24 21 af
437 690 125 21 ekonomisk
584 693 39 23 art,
640 690 67 21 måtte
723 691 140 20 öfverlemnas
874 690 33 21 till

79 721 141 19 sammansatt
238 719 55 27 Lag-
315 719 38 21 och
376 719 190 21 Ekonomiutskott
587 719 39 21 och
649 719 46 21 ifall
719 719 23 21 af
756 719 64 21 behof
835 719 70 21 seder-

78 754 58 15 mera
151 748 122 21 remitteras
289 747 32 21 till
338 747 172 22 Statsutskottet.

148 811 56 20 Herr
224 811 127 20 Kurtén:
387 811 32 20 Då
440 811 160 26 propositionen
621 811 66 27 gäller
709 811 159 26 upphäfvandet
883 810 24 21 af

81 841 32 19 ett
128 839 102 21 kontrakt
246 839 89 21 emellan
351 839 82 21 kronan
450 839 39 22 och
506 840 24 20 de
547 840 6 20 i
570 839 60 28 fråga
642 840 93 21 varande
747 840 159 25 kommunerna,

79 868 23 21 så
117 868 40 21 har
169 868 38 27 jag
222 869 70 20 ansett
307 870 32 19 att
355 868 39 21 den
411 868 140 26 ovilkorligen
568 869 65 20 borde
644 868 23 21 af
678 869 150 26 Lagutskottet
839 868 66 21 hand-

79 897 86 26 läggas;
181 903 48 14 men
246 897 27 20 dä
288 897 39 20 den
344 897 70 20 tillika
429 897 117 20 innefattar
559 904 25 14 cn
600 897 124 21 ekonomisk
740 897 66 26 fråga,
823 897 23 20 så
856 903 50 15 vore

79 925 36 21 det
131 926 34 20 väl
182 925 123 27 lämpligast
321 931 32 15 om
371 925 39 21 den
426 925 32 21 till
475 925 105 22 vinnande
596 925 24 21 af
630 925 37 25 tid,
678 926 68 21 skulle
757 925 32 21 till
800 931 105 15 samman-

78 955 44 20 satt
137 954 56 27 Lag-
209 953 39 22 och
264 954 189 21 Ekonomiutskott
470 954 148 27 öfverlemnas,
635 957 54 18 samt
705 955 70 26 sedan,
792 956 38 19 när
846 955 59 20 detta

79 983 83 20 utskott
185 982 83 27 afgifvit
289 983 37 20 sitt
341 983 111 20 utlåtande
468 983 110 26 angående
594 983 73 26 frågan
683 983 7 21 i
706 983 48 20 dess
774 983 78 24 helhet,
873 989 33 14 re-

78 1011 97 21 mitteras
190 1011 32 21 till
239 1011 172 27 Statsutskottet,
433 1011 57 21 såväl
512 1012 48 20 med
576 1011 99 22 afseende
692 1011 13 21 å
721 1012 25 21 de
762 1011 80 27 anslag,
859 1017 45 15 som

78 1039 83 22 fordras
177 1040 33 21 för
225 1039 177 27 genomförandet
414 1040 25 21 af
450 1040 109 27 förslaget,
571 1047 45 14 som
628 1041 38 20 ock
678 1041 48 20 med
736 1040 101 21 afseende
849 1040 56 25 derå,

79 1070 32 19 att
126 1068 65 21 saken
207 1069 66 26 angår
289 1075 24 14 en
330 1069 64 20 skatt.
411 1081 27 2 —
453 1069 41 26 Jag
510 1069 94 21 biträder
620 1069 89 20 sålunda
721 1069 49 20 herr
783 1069 122 20 Molanders

78 1097 95 27 yrkande
189 1100 33 18 att
237 1097 74 26 frågan
328 1097 32 21 till
377 1103 26 15 en
419 1097 75 27 början
510 1098 122 21 remitteras
648 1098 32 20 till
696 1099 140 20 sammansatt
851 1097 54 27 Lag-

79 1125 38 22 och
134 1125 195 22 Ekonomiutskott.

147 1183 56 20 Herr
224 1183 181 26 Tengström:
440 1183 42 21 Det
501 1183 110 24 kontrakt,
628 1189 32 14 om
677 1183 63 21 hvars
755 1183 150 26 upphäfvande

78 1211 39 21 här
133 1213 24 19 är
172 1211 65 26 fråga,
254 1213 24 19 är
298 1211 46 21 icke
360 1211 65 27 något
441 1212 82 25 sådant,
540 1218 46 15 som
602 1212 128 21 bestämmer
746 1211 106 22 enskildes
863 1211 43 21 för-

77 1240 122 24 hållanden,
221 1242 52 19 utan
296 1242 62 25 utgör
376 1247 25 14 en
419 1240 215 22 öfverenskommelse
650 1241 96 24 emellan,
762 1241 12 21 å
790 1247 40 15 ena
845 1240 60 21 sidan

78 1271 70 19 staten
165 1268 39 22 och
214 1269 12 21 å
237 1269 40 21 den
288 1269 67 21 andra
365 1269 163 27 skattskyldige,
540 1269 110 27 angående
660 1270 117 26 ordningen
791 1269 39 21 och
841 1271 66 19 sättet

79 1298 32 20 för
133 1298 118 26 utgörande
269 1298 24 20 af
313 1298 56 20 vissa
391 1304 65 15 onera
472 1298 32 21 till
521 1300 79 24 staten;
617 1298 35 21 det
667 1300 24 19 är
707 1298 46 21 icke
769 1298 65 26 något
849 1298 57 20 civil-

78 1326 95 27 rättsligt
183 1326 108 26 kontrakt,
303 1326 40 22 och
354 1326 39 21 bör
403 1327 83 21 således
496 1327 47 21 icke
554 1326 67 22 heller
633 1327 121 23 behandlas,
766 1332 45 16 som
823 1326 82 21 sådant.

77 1355 43 27 Jag
141 1355 68 21 skulle
232 1354 71 22 derför
325 1361 58 18 anse,
405 1358 32 18 att
458 1355 68 21 Stats-
547 1356 39 20 och
607 1355 217 21 Ekonomiutskotten
840 1354 66 22 borde

78 1383 96 28 företaga
189 1384 143 26 beredningen
349 1383 23 21 af
386 1384 40 21 den
442 1384 141 21 förevarande
598 1384 166 27 propositionen.

147 1441 57 21 Herr
222 1440 111 28 Nybom:
367 1441 10 21 I
400 1441 68 21 likhet
486 1442 49 20 med
556 1441 49 22 herr
620 1442 126 26 Tengström
762 1440 68 22 finner
845 1440 61 22 äfven

74 1469 39 27 jag
135 1472 32 19 att
191 1470 58 20 detta
271 1470 46 20 icke
333 1470 39 21 hör
388 1470 33 21 till
437 1470 25 21 de
478 1470 62 21 civila
556 1470 39 21 och
611 1470 201 26 kriminalrättsliga
828 1469 77 27 frågor,

78 1498 73 21 hvilka
172 1498 66 27 enligt
258 1498 42 21 min
316 1498 65 22 tanke
397 1500 95 20 närmast
508 1498 66 22 borde
590 1499 124 27 hänskjutas
730 1498 40 22 och
786 1498 120 28 egentligen
