1103 1781
259 102 180 21 Borgareståndet
452 103 54 16 1877.
531 103 23 16 13
566 102 105 17 Februari.
864 97 40 21 153

81 171 102 26 landtdag
204 170 38 22 och
261 173 32 19 att
309 171 107 21 allmänna
431 170 198 22 Besvärsutskottet
640 170 26 21 då
676 170 92 27 föreslog
779 171 47 21 dess
841 171 64 22 inrät-

76 200 65 21 tande
166 199 31 21 uti
220 200 73 20 staden
317 199 94 27 Nyslott,
434 199 85 21 hvilken
543 200 32 20 för
596 199 76 21 sådant
687 199 98 21 ändamål
803 199 54 21 hade
872 207 31 14 er-

76 228 69 27 bjudit
169 228 122 27 erforderlig
312 228 49 26 jord
386 229 38 20 och
448 229 106 20 dessutom
563 230 37 25 ett
616 228 75 26 bidrag
707 228 22 21 af
742 229 78 20 50.000
835 227 68 22 mafk.

76 257 11 20 I
103 256 216 21 öfverensstämmelse
337 257 86 20 dermed
437 257 37 20 har
484 256 63 21 äfven
559 256 168 27 Öfverstyrelsen
739 257 33 20 för
783 257 121 21 skolväsen-

77 285 36 21 det
128 285 30 21 uti
174 287 31 19 ett
220 286 82 26 nyligen
319 285 85 26 afgifvet
416 285 109 21 utlåtande
534 285 33 21 för
576 286 31 20 sin
620 285 32 21 del
664 285 96 21 förordat
773 285 131 22 inrättandet

76 314 7 21 i
105 314 86 27 Nyslott
211 313 19 22 af
245 316 31 18 ett
291 313 135 27 fullständigt
440 314 135 21 seminarium
592 314 32 21 för
640 313 162 22 folkskollärare
818 314 39 21 och
874 314 29 21 lä-

77 343 103 26 rarinnor,
197 349 46 14 men
260 342 103 27 derjemte
379 342 108 26 föreslagit
502 345 33 18 att
550 345 32 18 ett
597 343 134 20 seminarium
743 343 47 20 med
802 343 35 20 två
848 342 56 22 klas-

77 377 40 19 ser,
134 371 67 21 likaså
215 371 48 21 med
279 371 64 21 finskt
359 371 232 26 undervisningsspråk,
608 371 68 21 skulle
697 371 91 22 inrättas
804 372 6 20 i
826 371 77 21 Sorda-

77 400 48 21 vala
147 400 52 21 eller
222 401 47 20 dess
290 400 77 20 närhet
389 400 33 21 för
441 399 99 22 bildande
556 400 22 20 af
592 400 70 21 lärare
678 400 40 20 och
734 400 119 21 lärarinnor
868 400 35 21 vid

77 428 124 26 småskolor,
224 429 72 20 hvilka
318 429 7 20 i
347 429 70 20 denna
439 429 32 20 del
495 428 22 21 af
531 429 72 20 landet
618 430 81 19 ansetts
721 429 71 20 kunna
809 428 96 21 medföra

77 459 68 18 större
158 459 59 24 nytta
229 459 26 18 än
264 457 145 20 annorstädes.
426 457 47 21 Men
483 457 109 21 hvarhelst
603 457 122 21 seminariet
738 457 39 21 blir
788 457 115 27 placeradt,

78 485 39 21 och
134 486 98 26 antingen
249 487 36 20 det
301 485 41 21 blir
358 489 31 18 ett
405 485 53 21 enda
473 486 135 26 fullständigt
623 485 142 26 seminarium,
782 486 51 21 eller
849 485 53 27 möj-

79 513 54 27 ligen
157 517 75 18 tvenne
255 514 87 25 sådana,
364 521 49 14 vore
430 515 36 20 det
481 514 67 27 enligt
570 514 41 21 min
628 515 54 26 åsigt
699 514 93 27 önskligt
808 517 31 18 att
854 515 49 20 med

77 543 122 20 seminariet
222 543 67 20 skulle
312 542 85 22 förenas
420 545 30 18 ett
472 543 99 21 internat.
602 543 40 26 Jag
658 545 87 19 nämner
761 542 142 28 uttryckligen

77 571 66 25 detta,
165 572 88 20 emedan
268 571 106 21 allmänna
390 571 196 22 Besvärsutskottet
601 572 35 20 vid
652 572 52 20 sista
720 571 112 27 Landtdag
848 572 53 21 hade

77 599 78 22 uttalat
175 600 31 27 sig
230 602 56 19 emot
306 601 115 20 internatet
437 601 21 20 af
472 600 139 21 ekonomiska
626 601 46 20 skäl
689 600 39 21 och
744 601 72 20 dervid
833 601 70 20 tillika

77 628 104 27 åberopat
204 629 39 20 den
267 629 119 20 erfarenhet
408 628 44 21 från
471 629 121 27 Jyväskylä,
609 632 32 17 att
656 629 122 21 seminariet
793 629 109 21 derstädes

77 657 55 21 hade
148 657 74 21 verkat
238 657 43 21 lika
295 657 130 26 välgörande
440 658 6 20 i
462 658 78 26 sedligt
555 657 39 22 och
610 658 67 20 andra
688 658 111 21 afseenden
811 658 27 26 på
849 658 54 25 dem,

77 692 46 15 som
146 685 69 22 bodde
238 688 58 19 utom
319 686 141 24 seminarium,
482 693 46 14 som
551 687 27 26 på
599 686 128 21 internerna.
757 686 69 21 Fallet
841 686 62 21 torde

79 714 54 21 dock
155 721 50 14 vara
221 715 36 20 det
272 717 32 18 att
319 715 57 20 såväl
393 715 26 20 de
435 721 105 20 personer,
556 721 45 14 som
621 715 46 20 baft
683 717 32 18 att
730 717 50 24 göra
795 715 48 21 med
859 714 44 22 led-

78 743 76 26 ningen
176 743 23 20 af
220 743 121 21 seminariet
363 744 7 20 i
392 744 122 27 Jyväskylä,
538 750 44 15 som
606 743 43 21 alla
664 743 26 21 de
714 743 70 21 hvilka
800 744 56 26 gjort
871 744 32 25 sig

77 773 98 20 närmare
190 772 109 27 förtrogna
309 772 48 21 med
369 773 69 20 denna
448 772 123 27 inrättning,
582 772 104 26 enhälligt
696 772 95 22 vitsorda
802 773 35 20 det
847 772 55 27 goda

78 799 121 28 inflytande,
215 807 44 14 som
275 801 116 21 internatet
407 801 36 20 der
458 801 46 20 haft
520 801 27 26 på
563 801 26 20 de
606 801 107 20 blifvande
730 801 171 20 folkskolelärar-

77 835 38 15 nes
131 829 79 26 sedliga
226 829 94 26 bildning
336 829 38 21 och
391 829 26 26 på
434 829 61 22 deras
511 830 23 20 så
546 829 80 26 viktiga
636 829 126 26 uppfostran
771 829 32 21 till
812 829 91 27 ordning

78 857 39 22 och
133 857 140 27 punktlighet.
305 858 32 21 Då
352 865 49 14 man
417 858 81 21 således
515 858 38 21 har
568 865 26 13 en
610 858 61 21 säker
683 858 119 21 erfarenhet
813 859 7 20 i
830 860 72 19 ämnet

78 888 32 19 att
133 886 66 27 tillgå,
222 887 24 20 så
268 893 49 14 vore
341 887 36 20 det
392 887 47 20 icke
454 887 45 20 skäl
516 889 33 19 att
564 887 75 25 frångå
655 893 25 14 en
697 887 142 27 organisation
856 893 45 14 som

78 915 65 20 redan
167 915 55 21 visat
237 915 31 26 sig
284 915 47 21 fullt
347 915 173 27 ändamålsenlig,
538 915 39 22 och
594 915 66 21 inlåta
676 916 31 25 sig
723 915 27 26 på
765 922 41 21 nya
822 915 78 26 försök,

77 943 72 21 hvilka
165 943 98 27 möjligen
279 944 71 21 kunna
366 943 75 22 utfalla
456 945 47 20 vida
519 945 81 20 mindre
616 944 201 21 tillfredsställande.

147 971 83 28 Frågan
255 979 33 14 om
304 973 131 20 inrättandet
451 973 23 20 af
488 975 31 18 ett
535 973 135 20 seminarium
684 973 176 25 sammanhänger
875 972 27 27 på

76 1000 36 21 det
135 1002 107 19 närmaste
262 1001 47 21 med
333 1001 39 21 den
389 1007 34 15 om
439 1001 127 21 förökandet
581 1001 21 20 af
616 1001 156 22 folkskolornas
788 1001 58 21 antal
862 1001 39 20 och

74 1029 37 26 jag
134 1029 89 21 utbeder
246 1030 42 26 mig
311 1030 83 21 derföre
417 1032 33 19 att
469 1030 61 21 äfven
546 1030 74 21 härom
637 1029 21 22 få
673 1030 86 26 tillägga
776 1031 64 26 några
856 1029 45 22 ord.

76 1057 55 21 Herr
160 1057 108 22 Alhström
296 1058 129 22 framställde
453 1059 83 26 nyligen
560 1061 31 18 ett
614 1059 180 26 petitionsförslag
822 1059 80 24 derom,

75 1088 33 19 att
123 1086 72 27 hvarje
211 1087 100 21 kommun
327 1087 68 21 blefve
412 1087 61 27 älagd
489 1090 33 18 att
537 1088 79 20 inrätta
632 1087 39 20 och
687 1087 124 22 underhålla
826 1087 75 20 ätmin-

75 1116 61 19 stone
159 1121 25 14 en
207 1115 64 26 högre
287 1116 110 21 folkskola.
429 1116 66 21 Afven
512 1116 59 21 detta
587 1116 80 26 förslag
683 1122 61 15 anser
757 1116 36 26 jag
809 1122 50 14 vara
874 1115 28 27 på

76 1143 36 21 det
133 1143 76 27 högsta
232 1144 189 27 behjertansvärdt,
437 1151 47 14 men
500 1145 48 20 ville
564 1145 73 20 dervid
653 1145 108 25 anmärka,
778 1146 32 19 att
826 1151 33 14 om
876 1150 25 15 en

76 1171 109 22 föreskrift
201 1179 33 14 om
251 1173 130 21 inrättandet
395 1173 24 21 af
434 1173 118 21 folkskolor
568 1174 6 19 i
590 1173 42 21 alla
643 1173 125 21 kommuner
779 1173 62 20 innan
853 1173 49 20 kort

75 1200 70 21 blefve
160 1201 98 21 utfärdad
275 1202 39 21 och
330 1204 75 24 genast
421 1201 65 22 borde
502 1202 62 21 träda
575 1202 7 20 i
593 1201 142 26 verksamhet,
747 1201 75 21 sådant
833 1201 68 21 skulle

76 1231 58 19 möta
156 1231 53 20 nära
232 1236 41 20 nog
293 1230 157 27 oöfverstigliga
473 1231 75 21 hinder
570 1230 7 21 i
598 1230 134 27 svårigheten
755 1233 32 19 att
806 1229 95 21 anskaffa

75 1258 101 27 lämpliga
197 1259 80 26 lärare;
296 1260 38 20 och
350 1262 31 18 att
397 1260 47 20 åter
458 1260 83 26 grunda
556 1260 78 25 skolor,
651 1260 33 20 för
700 1259 70 21 hvilka
793 1265 46 15 man
855 1258 46 22 icke

75 1286 70 21 skulle
167 1287 72 22 kunna
262 1288 95 21 anskaffa
379 1288 48 21 fullt
449 1294 67 15 vuxne
539 1288 75 25 lärare,
636 1288 69 20 skulle
728 1288 32 20 väl
777 1288 45 21 icke
838 1287 64 21 lända

75 1315 65 21 saken
163 1316 32 20 till
216 1316 97 26 fromma,
338 1319 51 19 utan
410 1323 86 15 snarare
515 1318 92 20 tvärtom
623 1316 157 22 folkskolornas
796 1316 105 21 anseende

76 1344 39 21 och
135 1344 122 22 förtroende
271 1351 76 20 genom
363 1345 97 21 oerfarne
476 1345 39 21 och
531 1345 115 27 olämpliga
661 1345 69 21 lärare
744 1345 110 26 lätteligen
870 1344 31 22 äf-

75 1374 105 26 ventyras.
209 1374 42 26 Jag
273 1374 96 21 anhåller
393 1374 83 20 derföre
500 1376 32 19 att
555 1374 21 21 få
595 1376 53 24 göra
663 1374 36 20 det
715 1374 73 26 tillägg
804 1373 32 21 till
852 1373 49 21 herr

74 1401 121 22 Ahlströms
217 1402 95 26 petition,
335 1405 33 19 att
383 1408 26 15 en
425 1402 41 21 viss
483 1403 31 20 tid
530 1402 68 22 skulle
614 1402 119 26 föreläggas
749 1415 26 3 —
792 1409 25 14 en
834 1402 31 21 tid
880 1402 23 21 af

74 1430 41 20 fem
131 1430 24 21 år
166 1431 51 21 eller
232 1431 81 21 kanske
329 1431 66 21 hellre
411 1433 57 19 ännu
478 1431 74 26 längre
561 1444 26 2 —
597 1432 56 20 inom
665 1430 85 22 hvilken
761 1430 73 27 hvarje
843 1430 58 22 kom-

74 1464 57 19 mun,
157 1465 45 15 som
228 1461 57 19 ännu
310 1460 46 21 icke
380 1466 49 20 eger
452 1460 98 25 folskola,
570 1460 68 21 blefve
654 1460 63 26 ålagd
733 1462 31 18 att
780 1460 80 20 inrätta
875 1465 26 15 en

75 1487 71 21 sådan.
178 1487 74 22 Under
264 1488 69 21 denna
348 1488 30 21 tid
395 1488 67 22 skulle
479 1489 27 21 då
517 1489 64 21 också
592 1488 152 22 kommunerna
754 1488 72 21 kunna
836 1489 66 20 tänka
