1103 1781
194 106 27 21 86
409 113 179 21 Borgareståndet
600 114 54 17 1877.
679 115 12 16 9
703 114 105 18 Februari.

264 180 56 22 Herr
343 181 116 33 Nybom:
489 183 70 21 Jemte
582 183 36 21 det
639 183 36 27 jag
698 183 58 22 delar
778 183 50 22 herr
842 183 89 32 Berghs
946 183 55 27 åsigt
1017 184 7 20 i

194 209 128 26 hufvudsak,
337 210 69 21 skulle
419 211 36 27 jag
472 211 50 27 vilja
537 212 93 27 tillägga,
648 214 31 19 att
695 212 37 21 det
748 218 60 21 synes
819 212 43 26 mig
872 219 51 14 vara
935 219 88 20 ogrann-

193 238 49 26 laga
265 240 32 19 att
321 239 110 21 remittera
452 246 26 15 en
494 239 59 28 fråga
572 247 45 14 som
634 243 35 18 rör
684 241 49 20 hela
749 241 72 21 landet
836 229 39 33 och
891 241 42 21 alla
947 229 76 34 Stånd,

193 267 47 20 icke
257 267 32 21 till
306 269 31 19 ett
351 267 89 22 allmänt
455 269 83 20 utskott
554 271 50 19 utan
621 269 31 21 till
669 269 191 26 Borgareståndets
876 269 97 22 enskilda
983 264 40 27 Be-

193 296 152 26 svärsutskott,
365 295 135 28 hvarigenom
526 297 38 21 den
588 298 46 21 icke
656 297 86 22 komme
764 300 31 19 att
818 298 141 21 underkastas
981 298 42 21 alla

193 323 79 22 Stånds
288 324 105 28 pröfning,
410 325 67 21 ehuru
493 326 25 21 de
534 326 42 21 alla
590 327 44 20 deri
650 328 37 19 äro
703 326 45 21 lika
762 327 147 21 intresserade.

264 382 49 21 Med
335 382 99 22 afseende
449 383 12 21 å
478 383 25 21 de
519 383 57 21 olika
597 383 117 27 meningar,
731 390 44 15 som
794 383 68 21 under
877 383 145 22 diskussionen

192 411 98 24 uttalats,
315 411 131 21 framställde
471 412 49 21 herr
536 411 154 22 Talmannen
714 412 93 27 följande
829 413 141 26 proposition:
992 412 31 20 De

193 445 46 14 som
263 439 50 26 vilja
337 440 109 21 remittera
463 440 162 27 ifrågavarande
649 441 90 26 petition
754 440 33 21 till
803 441 218 25 Ekonomiutskottet,

193 468 113 26 behagade
323 474 62 15 svara
399 469 30 26 ja;
447 469 73 21 vinner
535 469 41 26 nej,
592 469 120 21 remitteras
736 469 122 21 densamma
874 469 31 21 till
921 469 101 21 Ståndets

193 497 98 20 enskilda
307 497 180 22 Besvärsutskott.

265 553 163 27 Propositionen
444 554 127 21 besvarades
586 554 48 21 med
650 555 153 26 öfvervägande
814 555 31 26 ja;
861 554 7 21 i
884 554 51 27 följd
947 554 76 22 hvaraf

193 582 90 21 ärendet
299 582 68 21 skulle
384 583 118 21 remitteras
518 583 31 21 till
561 583 219 21 Ekonomiutskottet.

263 696 102 21 Härefter
381 697 121 21 meddelade
514 697 50 21 herr
579 697 153 21 Talmannen
749 697 90 21 Ståndet
854 697 32 20 till
902 697 119 21 kännedom

193 723 95 27 följande
304 725 46 20 från
366 725 156 27 Ridderskapet
534 726 39 21 och
584 725 68 22 Adeln
663 726 107 21 ankomna
783 725 196 27 protokollsutdrag
989 726 34 20 för

193 753 41 20 den
251 754 13 19 2
281 753 88 22 dennes:

265 811 39 20 1:0.
336 810 114 27 Angående
474 811 100 21 Ständets
596 811 69 21 beslut
680 813 33 19 att
728 811 110 21 remittera
853 811 77 26 nådiga
945 817 77 20 propo-

193 838 92 21 sitionen
302 839 39 20 N:o
357 840 27 20 26
400 839 32 21 till
447 839 214 27 Jernvägsutskottet.

265 868 40 20 2:0.
335 867 114 27 Angående
466 868 72 21 remiss
554 868 23 21 af
591 869 77 26 nådiga
690 868 159 27 propositionen
865 867 56 22 N:ris
938 869 33 21 11,
988 868 33 26 13,

194 896 33 25 19,
244 896 27 20 22
289 896 39 21 och
344 897 27 20 25
387 897 33 20 till
435 899 153 19 sammansatta
603 897 54 26 Lag-
672 897 40 21 och
728 897 218 21 Ekonomiutskottet.

264 925 40 20 3:0.
336 925 115 26 Angående
474 925 74 22 remiss
570 926 22 20 af
612 925 77 27 nådiga
704 925 159 27 propositionen
879 925 56 21 N:ris
951 926 19 25 8,
988 925 33 26 14,

193 953 33 26 15,
245 953 34 26 16,
296 953 27 21 20
339 953 39 21 och
395 954 26 20 24
437 953 31 22 till
484 954 216 21 Ekonomiutskottet.

264 1073 56 22 Herr
330 1074 154 21 Talmannen
497 1074 99 26 föredrog
612 1074 70 21 vidare
699 1080 25 15 en
741 1073 31 22 till
788 1074 78 21 honom
884 1073 64 21 ställd
960 1073 62 21 skrif-

192 1101 58 22 velse
267 1103 46 20 frän
330 1102 59 21 Hans
404 1103 110 21 Excellens
526 1103 231 26 Generalguvernören,
769 1102 45 21 deri
830 1102 59 21 Hans
904 1101 117 27 Excellens,

193 1131 67 26 enligt
276 1131 90 21 erhället
382 1131 72 26 nädigt
470 1131 101 27 uppdrag,
588 1131 31 21 till
635 1131 49 21 herr
693 1131 154 21 Talmannen
861 1130 94 21 frambär
963 1130 59 21 Hans

192 1159 121 27 Kejserliga
329 1159 110 28 Majestäts
454 1161 76 26 nådiga
546 1160 131 25 tacksägelse
693 1159 33 22 för
735 1160 35 21 det
783 1160 19 20 af
814 1159 43 21 herr
864 1159 158 21 Talmannen

192 1188 34 21 vid
243 1188 151 26 Landtdagens
410 1189 116 26 högtidliga
536 1189 112 26 öppnande
658 1188 73 21 hållna
744 1188 36 21 tal.

263 1298 28 20 Af
313 1297 49 21 herr
385 1298 37 20 Ek
446 1298 107 27 upplästes
574 1298 54 20 efter
644 1298 73 21 derom
733 1298 60 26 gjord
810 1296 97 22 anmälan
924 1298 31 20 ett
970 1296 53 27 peti-

192 1326 169 20 tionsmemorial
378 1326 23 20 af
415 1326 91 27 följande
523 1326 89 27 lydelse:

423 1389 39 21 Till
480 1388 110 28 Vällofliga
605 1389 188 27 Borgareståndet.

264 1439 169 28 Allmännyttiga
454 1440 82 27 företag
559 1440 73 26 borde,
654 1440 61 22 äfven
739 1447 34 15 om
797 1440 25 21 de
846 1442 36 18 äro
901 1440 75 26 bragta
991 1439 32 21 till

191 1468 65 21 stånd
273 1468 22 21 af
309 1469 40 20 den
373 1468 95 22 enskilda
486 1469 200 26 företagsamheten,
709 1469 73 21 kunna
804 1468 97 27 påräkna
917 1468 35 21 det
968 1468 55 26 hägn

192 1496 40 21 och
250 1497 27 21 de
292 1496 108 22 förmåner
416 1500 70 18 staten
502 1498 140 21 tillförsäkrat
658 1498 45 20 sina
720 1504 54 20 egna
789 1497 105 21 likartade
910 1497 113 21 inrättnin-
