1103 1781
176 117 43 20 434
408 121 180 22 Borgareståndet
600 122 56 18 1877.
680 124 13 16 4
706 122 64 22 April.

584 146 78 8 an
699 152 23 2 2

177 190 34 27 sig
230 196 111 21 omsorgen
365 197 35 15 om
424 191 73 27 dylika
518 191 110 25 anstalter,
650 191 39 21 har
707 197 49 16 man
771 193 80 24 svarat,
867 194 32 19 att
915 192 40 21 den
969 198 38 15 en-

176 219 71 21 skilda
268 219 167 28 välgörenheten
455 221 25 20 är
502 219 24 22 sä
548 219 48 22 litet
616 220 112 21 utvecklad
745 220 39 21 hos
799 226 41 17 oss.
870 221 42 21 Det
927 223 24 19 är
966 220 44 21 vis-

177 248 92 27 serligen
285 250 55 19 sant.
370 248 50 21 Men
436 247 76 22 hvaraf
526 248 98 21 kommer
640 249 36 21 det
691 249 38 27 sig,
745 251 32 19 att
792 249 40 21 den
848 249 96 21 enskilda
962 249 46 21 väl-

176 276 132 27 görenheten
331 279 24 19 är
375 277 24 20 sä
421 277 48 21 litet
490 277 113 21 utvecklad
624 277 39 21 hos
686 283 36 15 oss
740 279 58 20 emot
813 277 56 22 hvad
885 277 60 22 fallet
960 278 47 21 är
994 272 15 36 i

177 305 67 21 andra
267 305 82 26 länder,
372 305 102 22 särskildt
496 305 39 22 hos
560 306 40 21 den
624 305 174 28 anglosachsiska
813 312 69 15 racen.
911 307 34 26 Jo,
961 307 45 21 helt

176 334 53 21 visst
249 334 34 21 till
306 334 96 27 betydlig
422 334 52 26 grad
491 334 66 25 deraf,
572 336 34 19 att
621 341 48 15 man
685 335 39 21 hos
737 341 35 15 oss
788 336 56 26 tror,
856 337 32 25 att
903 335 40 21 den
958 335 51 21 icke

177 362 110 25 behöfves,
302 365 52 19 utan
371 365 32 19 att
419 365 70 19 staten
506 363 54 21 skall
576 363 62 21 träda
653 363 7 21 i
676 363 49 21 dess
741 363 68 22 ställe.
836 363 31 22 Är
882 363 36 22 det
928 370 25 15 en
964 364 43 26 god

177 391 45 26 sak,
239 391 32 21 för
287 391 86 21 hvilken
389 391 36 22 det
440 391 54 22 skall
509 391 93 26 arbetas,
618 391 40 22 och
673 391 121 28 appellerar
808 398 50 15 man
873 391 34 22 för
922 392 39 21 den
973 392 34 21 till

177 420 26 21 de
218 419 103 26 enskilde,
344 419 25 22 sä
389 419 67 22 finner
479 427 49 14 man
550 420 123 27 visserligen
693 427 90 20 gensvar
798 421 40 21 hos
853 421 40 20 den
909 421 98 21 enskilda

176 448 175 27 välgörenheten,
372 455 34 15 om
423 455 47 15 man
487 451 125 25 anstränger
623 450 38 26 sig.
680 449 50 22 Men
742 449 54 22 hvad
807 455 49 15 man
867 449 54 22 dock
931 449 78 22 främst.

176 477 103 21 ästundar
294 477 23 21 af
331 477 41 22 den
387 483 85 21 person,
488 484 45 15 som
550 477 56 28 tagit
621 478 32 27 sig
668 485 26 14 an
711 478 73 25 saken,
800 480 24 19 är
842 480 33 19 att
897 478 111 27 uppvakta

176 505 160 22 vederbörande
359 506 40 21 och
420 506 67 21 skaffa
502 507 130 26 statsanslag
648 506 33 21 för
696 506 128 22 ändamälet.
854 507 41 26 Jag
909 509 52 23 tror,
972 509 36 18 att.

176 535 27 26 gå
219 534 20 21 vi
254 534 73 21 vidare
350 535 27 26 pä
394 535 67 21 denna
478 537 40 25 väg
533 537 32 19 att
580 537 52 24 göra
648 535 38 22 allt
701 535 84 27 möjligt
800 535 33 21 till
850 535 85 22 Statens
945 535 59 26 affär,

177 563 59 21 leder
259 563 36 21 det
318 563 81 22 derhän
420 566 32 19 att
476 563 121 28 driffjedern
623 563 34 22 för
672 564 40 21 den
728 563 98 22 enskilda
841 563 164 28 välgörenheten

176 591 92 28 slappas.

245 620 46 21 Och
315 621 74 20 vidare
412 627 33 15 om
468 627 49 14 man
542 621 70 27 hyllar
638 620 39 22 den
703 621 89 27 äsigten,
819 623 33 19 att
876 621 74 22 Staten
966 621 41 21 bör

177 650 50 25 taga
243 649 52 21 värd
311 655 34 15 om
361 649 113 26 idioterna,
491 649 23 21 sä
529 649 39 21 bör
584 655 48 15 man
648 650 27 21 dä
690 649 63 22 äfven
769 649 65 22 ställa
848 649 33 22 till
892 650 47 20 dess
952 656 52 20 upp-

176 677 41 27 gift
232 679 33 19 att
281 680 49 24 taga
345 678 52 21 värd
413 684 33 15 om
462 678 43 21 alla
520 678 78 21 idioter
614 678 6 21 i
636 678 78 21 landet.
736 679 100 20 Likasom
848 678 81 25 Staten,
938 678 68 26 enligt

177 706 49 21 mitt
237 705 145 27 förmenande,
393 707 38 20 har
441 708 33 19 att
484 707 64 20 ställa
558 707 33 20 till
602 707 33 20 sin
645 707 85 27 uppgift
740 709 32 19 att
784 709 50 24 taga
845 707 50 20 värd
912 713 34 14 om
962 707 42 20 alla

177 735 26 20 de
219 735 134 27 sinnessjuka
364 735 71 21 hvilka
445 735 47 21 icke
503 735 73 21 kunna
585 735 77 21 värdas
673 736 6 20 i
690 736 105 25 hemmen,
806 735 24 21 sä
841 735 51 22 böra
903 735 19 21 vi
933 735 72 25 äfven,

177 763 45 21 ifall
234 763 79 22 värden
325 770 34 15 om
371 764 106 21 idioterna
488 764 54 21 skall
555 770 51 15 vara
618 770 25 15 en
654 764 115 26 statsaffär,
781 764 87 21 försöka
878 764 86 21 komma
971 763 33 22 till

176 792 36 21 det
222 792 91 21 resultat
327 794 32 19 att
369 793 71 20 lemna
452 792 86 28 tillflygt
554 792 22 21 ät
592 793 47 20 dem
656 793 48 21 alla.
736 793 65 21 Detta
816 792 63 21 hafva
894 799 111 15 reservan-

176 823 60 18 terna
259 821 40 21 alls
319 821 48 21 icke
388 821 62 21 tänkt
470 821 33 27 pä.
533 821 32 22 De
585 821 64 21 hafva
669 821 111 27 föreslagit
796 828 25 14 en
837 821 52 21 eller
903 821 37 21 två
954 821 47 21 sko-

175 849 33 21 lor
224 849 53 22 eller
294 850 76 27 asyler,
387 856 44 15 som
447 850 55 21 efter
517 849 55 22 hvad
588 850 36 21 det
640 850 39 21 har
693 850 104 27 upplysts,
813 850 72 21 kunna
899 850 106 27 inrymma

175 877 106 22 hvardera
303 878 64 27 högst
388 879 74 21 trettio
483 885 109 20 personer.
625 879 39 21 Det
681 879 67 21 mäste
764 880 62 25 sägas
842 881 32 19 att
889 885 47 14 man
953 878 48 21 här-

175 906 35 21 vid
232 907 35 21 väl
285 907 43 21 kan
350 907 97 21 använda
466 905 134 23 Alexanders
622 907 94 22 bekanta
739 907 97 27 uttryck:
859 907 56 25 ,Det
930 909 25 19 är
969 907 36 20 för

175 935 47 22 litet
238 935 33 22 för
287 936 23 21 sä
325 936 98 27 många.”
453 936 48 26 Nog
513 938 24 19 är
552 936 117 21 idioternas
685 936 58 21 antal
759 936 55 21 dock
830 936 24 21 sä
868 937 54 20 stort
937 936 6 21 i
954 935 47 21 vårt

175 964 49 21 land
246 966 33 19 att
300 965 36 21 det
354 964 102 22 behöfves
476 971 58 14 mera
553 966 27 19 än
603 965 30 26 sä,
654 971 34 15 om
712 965 63 21 dessa
796 965 123 20 vanlottade
939 963 62 22 skola

175 992 64 22 hafva
259 993 70 27 någon
350 993 98 27 praktisk
470 995 60 25 nytta
550 993 24 21 af
594 995 32 20 att
646 993 76 22 Staten
737 999 26 16 en
779 993 56 27 gång
850 993 54 21 skall
919 993 83 21 befatta

173 1021 32 27 sig
220 1021 95 22 dermed.
341 1022 42 21 Det
399 1024 23 19 är
437 1024 69 23 sannt,
522 1024 32 19 att
570 1028 25 15 en
611 1022 23 21 af
643 1025 161 18 reservanterne
814 1022 46 21 icke
870 1022 58 21 velat
937 1021 68 22 hafva

174 1050 107 21 anstalten
290 1051 33 20 till
339 1057 25 14 en
380 1051 46 26 asyl
440 1051 34 21 för
488 1051 84 26 idioter,
589 1053 51 19 utan
651 1051 31 21 till
693 1057 27 15 en
730 1050 58 27 slags
798 1051 160 26 mönsterskola,
975 1056 28 15 en

173 1079 147 21 normalskola
333 1079 34 22 för
381 1079 82 22 idioter.
494 1079 82 22 Värdet
591 1079 22 21 af
627 1086 25 14 en
668 1079 146 22 normalskola
828 1079 43 21 kan
886 1079 34 21 för
930 1081 72 19 resten

173 1113 52 15 vara
247 1108 82 27 ganska
349 1108 149 27 tvifvelaktigt,
520 1114 47 15 men
586 1108 59 21 svårt
665 1110 24 19 är
709 1110 32 19 att
756 1110 52 25 säga
823 1108 55 21 hvad
893 1107 111 28 synnerlig

174 1136 79 21 verkan
276 1137 69 21 denna
365 1137 61 21 skola
441 1137 69 21 skulle
524 1139 53 24 göra
592 1137 34 20 för
641 1138 32 20 att
688 1137 66 21 bland
770 1137 79 21 idioter
864 1136 82 21 utbilda
961 1136 40 21 och

173 1165 72 26 sprida
254 1165 97 28 förmåga
358 1167 33 20 att
401 1165 51 26 läsa,
464 1165 108 22 äfvensom
584 1171 70 16 annan
667 1165 114 28 färdighet.
804 1165 108 22 Idioterne
921 1164 83 28 sjelfve,

173 1195 40 19 när
228 1193 26 21 de
269 1193 47 22 från
335 1194 70 21 denna
421 1194 60 21 skola
495 1194 135 21 återkomma
644 1194 7 21 i
667 1194 101 27 familjen,
785 1194 73 21 kunna
873 1194 7 21 i
895 1194 59 21 detta
969 1193 32 21 af-

173 1222 78 21 seende
266 1222 117 27 ingenting.
413 1223 11 21 I
439 1223 59 21 detta
513 1223 37 21 fall
566 1223 63 26 skilja
644 1223 32 27 sig
691 1222 69 22 blind-
776 1222 40 22 och
828 1222 176 21 döfstumanstal-

173 1253 71 19 ternes
260 1251 110 28 betydelse
385 1251 48 21 från
448 1258 28 15 nu
491 1251 169 27 ifrågavarande.
693 1252 33 21 En
742 1258 77 20 person
835 1258 45 15 som
896 1251 39 21 har
954 1251 51 27 gått.

173 1279 84 27 igenom
274 1286 26 15 en
315 1280 123 22 blindskola
452 1280 43 22 kan
510 1280 62 25 dock,
588 1282 39 19 när
643 1280 41 22 hon
700 1280 98 22 kommer
813 1282 25 19 ut
853 1280 92 21 derifrån
961 1279 42 21 och

171 1307 74 22 träffar
268 1309 28 26 pä
316 1315 26 15 en
365 1315 70 15 annan
454 1309 66 24 blind,
536 1309 46 21 lära
604 1309 68 21 denne
695 1311 33 19 att
748 1310 47 20 läsa
810 1308 108 22 äfvensom
934 1308 69 21 andra.

171 1336 139 28 färdigheter.
331 1338 32 21 En
375 1338 92 21 döfstum
483 1344 45 15 som
544 1338 92 21 kommit
651 1340 24 19 ut
690 1338 47 21 från
753 1338 76 21 skolan
845 1337 41 21 kan
903 1337 99 26 bibringa

171 1372 27 14 en
212 1372 71 15 annan
299 1366 120 22 kännedom
440 1372 33 16 om
490 1366 36 22 det
540 1366 142 27 teckenspråk
698 1366 42 21 han
756 1366 43 22 lärt
814 1366 38 26 sig.
882 1366 48 20 Men
946 1366 55 20 idio-

171 1396 34 19 ter
222 1394 73 22 kunna
319 1396 134 20 sannerligen
474 1395 46 21 icke
542 1397 52 19 göra
614 1395 42 21 just
677 1395 118 21 någonting
816 1394 34 22 för
864 1396 33 20 att
911 1394 92 27 bidraga

171 1423 33 21 till
226 1423 69 21 andra
315 1423 88 22 idioters
419 1424 79 21 skötsel
514 1424 39 21 och
568 1424 159 27 undervisning.
758 1424 33 21 Då
804 1423 38 27 jag
856 1422 98 22 förordar
968 1412 35 32 att

171 1452 70 20 denna
260 1452 155 28 angelägenhet
435 1452 67 22 skulle
522 1452 141 22 öfverlemnas
682 1453 22 21 åt
723 1452 41 22 den
780 1452 97 20 enskilda
891 1452 110 26 välgören-

171 1480 70 26 heten,
264 1481 24 21 så
310 1481 103 27 förtjenar
434 1482 56 20 ännu
510 1487 26 15 en
552 1481 158 27 omständighet
726 1483 32 19 att
774 1480 101 27 påpekas.
906 1480 41 22 Det
962 1480 41 20 har

170 1508 107 28 nemligen
294 1511 57 19 ännu
367 1510 46 21 icke
429 1510 55 22 varit
499 1510 61 26 fråga
575 1516 41 20 om,
631 1510 104 21 huruvida
746 1510 63 21 dessa
820 1509 102 22 anstalter
932 1508 72 22 skulle
