1103 1781
193 98 41 19 318
427 102 178 21 Borgareständet
618 102 55 17 1877.
699 103 23 15 16
735 102 61 17 Mars.

193 170 54 22 ende
269 171 34 21 vid
327 171 68 21 denna
418 171 92 26 begäran
533 171 21 21 af
576 172 40 20 den
632 171 66 21 första
712 172 146 26 representant
874 170 147 27 Lappmarken

193 200 62 21 sändt
271 199 32 22 till
319 201 51 20 våra
385 200 131 26 landtdagar.
548 200 59 21 Efter
623 200 54 21 hvad
691 200 37 26 jag
743 200 59 27 tyckt
818 200 41 26 mig
875 199 57 22 finna
947 202 24 19 är
981 199 40 22 frå-

193 235 40 20 gan
258 231 31 18 ett
312 228 165 27 önskningsmål,
494 229 109 26 högeligen
621 229 183 26 behjertansvärdt
819 228 32 21 för
867 229 69 20 denna
952 228 70 21 lands-

193 259 40 18 ort.
264 257 41 26 Jag
321 257 68 21 skulle
406 257 69 21 derför
488 257 129 21 fortfarande
632 258 53 25 yrka
701 259 37 24 att,
755 257 6 20 i
777 257 53 21 strid
846 259 45 18 mot
906 257 117 21 utskottets

193 285 142 27 betänkande,
352 285 115 27 petitionen
485 287 65 20 måtte
565 286 23 20 af
602 286 90 21 Ståndet
707 286 131 26 godkännas.

264 360 56 21 Herr
342 359 150 22 Boström:
524 360 10 21 I
549 359 114 27 anledning
685 360 22 21 af
730 360 25 21 de
769 359 22 22 af
804 359 50 22 herr
869 359 100 27 Vallgren
986 359 37 26 pä-

194 388 83 27 pekade
302 388 188 27 omständigheter,
513 388 37 21 ber
567 389 36 26 jag
619 391 31 18 att
666 388 21 21 få
703 389 70 20 lemna
788 395 26 14 en
830 388 51 21 liten
897 387 126 28 upplysning

195 423 33 14 om
252 417 54 20 huru
328 417 65 20 saken
409 417 106 25 verkligen
532 417 102 25 gestaltar
649 417 37 26 sig.
718 417 136 26 Apotekaren
871 417 6 20 i
892 417 83 20 Torneå
991 422 31 15 er-

194 445 51 26 höll,
262 447 39 19 när
315 445 181 27 guldvaskningen
513 446 5 20 i
534 445 58 23 Ivalo
609 449 36 23 tog
661 446 30 21 sin
708 445 82 27 början,
799 445 94 21 tillstånd
903 447 31 19 att
944 445 80 20 inrätta

195 474 139 26 apotekslåda
350 474 33 21 vid
402 474 58 21 Ivalo
476 474 252 27 guldvaskningsstation.
743 475 74 20 Denna
833 473 138 26 apotekslåda
986 479 38 15 un-

195 503 94 20 derhölls
310 502 63 21 likväl
397 503 74 21 endast
494 509 25 14 en
535 503 86 20 kortare
644 503 37 25 tid,
697 503 89 20 emedan
802 503 104 26 åtgången
924 503 26 26 på
967 502 55 21 läke-

195 531 68 21 medel
286 538 37 14 var
342 532 60 25 ringa
419 532 26 20 då
461 531 105 21 afståndet
588 531 89 21 emellan
697 532 65 25 sagde
778 531 245 26 guldvaskningsstation

196 560 38 21 och
251 561 67 20 andra
334 566 58 15 mera
408 560 97 21 bebodda
521 560 82 21 trakter
618 560 73 26 gjorde
708 561 40 20 den
766 559 137 27 obegagnelig
919 559 31 21 för
964 560 59 20 dessa

195 595 76 14 senare
287 591 68 18 orters
373 588 127 27 befolkning,
516 589 86 20 hvarför
617 591 77 24 ägaren
711 588 32 21 till
759 588 152 27 apotekslådan
927 588 46 21 icke
989 589 37 24 såg

195 617 32 20 sin
244 616 67 22 fördel
327 617 7 20 i
349 619 33 19 att
398 617 104 21 bibehålla
518 617 128 25 densamma,
664 617 54 21 helst
734 617 146 21 examineradt
895 617 82 20 biträde
988 623 38 14 na-

196 645 105 26 turligtvis
317 645 68 21 måste
401 647 107 20 användas
522 645 34 22 för
568 646 111 26 apotekets
692 646 104 21 skötande
807 645 39 22 och
858 645 168 21 handhafvande.

197 674 74 21 Såsom
295 674 108 27 uppgifvet
425 677 29 21 är,
476 674 38 21 har
538 674 129 27 apotekaren
691 675 5 20 i
720 674 83 21 Torneå
819 675 106 20 dessutom
942 673 85 22 erhållit

197 702 94 21 tillstånd
307 705 32 18 att
354 703 31 20 uti
398 703 76 21 Kittilä
489 703 78 21 inrätta
583 709 25 14 en
620 703 149 26 apotekslåda;
784 709 46 14 men
842 703 20 20 af
871 702 155 21 mellankomna

197 731 45 21 skäl
259 731 40 21 har
311 738 25 14 en
353 731 65 22 sådan
439 732 53 21 dock
508 732 45 21 icke
569 731 91 21 kommit
677 732 31 21 till
724 732 70 23 stånd,
810 731 39 21 och
866 732 68 25 någon
950 731 75 26 åtgärd

196 760 5 20 i
219 760 60 20 detta
295 760 98 21 afseende
409 761 61 20 torde
486 760 46 21 icke
548 760 66 21 heller
629 760 33 21 för
678 761 40 20 den
735 762 105 19 närmaste
853 759 111 22 framtiden
976 765 51 16 vara

197 791 32 18 att
251 789 103 26 påräkna,
377 789 128 21 åtminstone
527 789 44 20 från
595 789 53 20 hans
668 789 52 21 sida.
751 789 9 20 I
776 788 74 27 sjelfva
866 788 73 21 verket
954 790 24 19 är
993 787 32 22 så-

197 817 66 21 lunda
286 817 69 21 denna
377 817 138 27 apotekslåda
537 817 22 21 af
578 818 54 20 intet
647 818 71 24 värde,
734 819 40 19 när
790 817 39 21 den
845 817 46 21 icke
907 817 66 21 finnes
989 816 38 25 till,

198 845 39 22 och
261 846 69 26 någon
353 846 62 21 orsak
439 849 31 18 att
491 846 72 21 härför
583 848 66 24 vägra
671 845 59 22 bifall
754 846 30 21 till
806 845 117 27 petitionen
939 851 36 21 ges
991 845 36 20 det

199 874 63 21 alltså
281 874 51 21 icke.
362 875 33 20 Då
411 875 123 25 emellertid,
549 875 69 20 såsom
636 875 63 21 också
715 874 94 27 framgår
824 873 22 22 af
862 874 25 21 de
904 874 122 27 upplysnin-

198 909 38 19 gar
252 903 49 20 herr
321 903 95 26 Ignatius
432 903 84 26 lemnat,
532 903 98 21 behofvet
645 904 21 20 af
681 909 25 15 en
723 904 66 21 sådan
806 903 116 26 inrättning
937 905 24 18 är
976 909 51 20 gan-

198 932 38 20 ska
259 934 61 23 stort,
343 932 41 20 kan
398 932 36 27 jag
455 932 32 20 för
503 932 41 20 min
561 931 33 22 del
610 932 46 21 icke
676 935 66 18 annat
757 935 27 18 än
800 932 27 26 på
844 932 36 20 det
895 931 76 26 högsta
986 931 39 21 för-

199 961 58 26 orda,
281 962 32 19 att
336 960 89 21 Ståndet
448 961 66 20 måtte
530 961 31 20 till
578 961 59 20 Hans
653 961 100 25 Majestät
768 961 49 26 ingå
833 961 47 20 med
896 967 25 14 en
937 960 89 26 petition

199 995 33 14 om
257 991 32 18 att
315 989 58 21 detta
396 989 64 21 behof
483 989 67 21 blefve
565 990 27 25 på
608 992 31 18 ett
655 989 52 21 eller
723 992 65 19 annat
804 991 43 19 sätt
862 989 94 26 afhjelpt.
987 988 40 27 Jag

199 1017 34 20 vill
250 1017 55 21 dock
320 1017 47 21 icke
382 1017 57 22 hålla
454 1017 27 27 pä
496 1020 32 18 att
541 1017 44 27 just
600 1020 32 19 ett
647 1018 79 26 apotek
743 1018 67 21 blefve
826 1017 109 26 inrättadt,
953 1017 26 21 då
994 1023 32 15 sa-

198 1046 39 20 ken
263 1046 113 27 möjligtvis
399 1047 42 20 kan
463 1047 27 26 på
513 1047 64 26 något
600 1050 65 17 annat
686 1049 44 19 sätt
752 1047 78 21 ordnas
852 1046 32 21 till
900 1046 79 21 båtnad
995 1045 32 21 för

198 1074 129 21 landsorten.

268 1143 152 22 Diskussionen
437 1143 129 22 förklarades
582 1144 52 21 härå
650 1143 99 26 afslutad,
767 1144 39 21 och
822 1143 27 27 på
865 1144 67 26 grund
943 1143 22 22 af
973 1143 55 21 hvad

199 1172 105 21 derunder
319 1172 74 27 yrkats
408 1172 123 21 framstälde
546 1172 49 21 herr
610 1173 166 21 Talmannen
792 1172 92 27 följande

269 1246 191 26 Proposition:
491 1247 37 25 De,
544 1253 44 15 som
604 1247 113 26 godkänna
732 1246 108 22 allmänna
854 1246 174 22 Besvärsutskot-

199 1277 41 18 tets
264 1274 140 25 betänkande,
428 1277 57 19 rösta
503 1275 32 27 ja;
559 1275 73 21 vinner
655 1276 39 26 nej,
716 1282 62 14 anses
794 1275 89 21 Ståndet
899 1275 32 21 för
946 1276 32 20 sin
994 1275 33 21 del

199 1303 63 21 hafva
278 1303 87 21 beslutit
387 1305 32 19 att
434 1304 49 26 ingå
498 1304 47 21 med
561 1310 25 14 en
603 1304 131 26 underdånig
750 1304 91 27 petition
857 1304 72 21 derom
946 1306 32 18 att
993 1304 36 20 det

199 1331 23 21 af
236 1332 169 26 petitionärerne
427 1332 125 21 framhållna
568 1332 98 22 behofvet
682 1333 22 21 af
719 1335 31 19 ett
765 1333 79 25 apotek
860 1333 7 20 i
882 1332 77 21 Kittilä
974 1332 54 21 skall

199 1361 27 26 på
241 1363 33 19 ett
290 1360 51 22 eller
356 1364 65 18 annat
436 1363 44 19 sätt
495 1361 63 21 blifva
574 1361 144 26 tillgodosedt.

270 1430 32 20 Då
325 1432 70 18 svaret
418 1430 51 21 härå
487 1429 60 21 utföll
570 1430 48 21 med
639 1430 105 22 blandade
761 1430 23 27 ja
800 1430 40 21 och
856 1430 39 26 nej,
912 1430 73 21 skreds
997 1430 32 21 till

199 1458 104 26 votering,
317 1458 86 21 hvarvid
422 1458 94 26 afgåfvos
531 1459 26 20 25
574 1460 69 20 röster
658 1459 32 21 för
703 1459 23 26 ja
742 1459 40 21 och
799 1460 26 20 14
841 1458 33 22 för
889 1459 39 26 nej.
952 1458 11 22 I
978 1458 51 27 följd

199 1486 63 21 häraf
275 1486 132 22 förklarades
422 1487 90 21 Ståndet
527 1487 61 21 hafva
604 1488 81 26 antagit
701 1488 107 21 allmänna
822 1488 207 21 Besvärsutskottets
