<?xml version="1.0" encoding="UTF-8"?>
<alto xmlns="http://www.loc.gov/standards/alto/ns-v3#" xmlns:xlink="http://www.w3.org/1999/xlink" xmlns:xsi="http://www.w3.org/2001/XMLSchema-instance" xsi:schemaLocation="http://www.loc.gov/standards/alto/ns-v3# http://www.loc.gov/alto/v3/alto-3-0.xsd">
	<Description>
		<MeasurementUnit>pixel</MeasurementUnit>
		<sourceImageInformation>
			<fileName>/tmp/tess_gc0d22eo_input.PNG</fileName>
		</sourceImageInformation>
		<OCRProcessing ID="OCR_0">
			<ocrProcessingStep>
				<processingSoftware>
					<softwareName>tesseract 5.3.4</softwareName>
				</processingSoftware>
			</ocrProcessingStep>
		</OCRProcessing>
	</Description>
	<Layout>
		<Page WIDTH="1103" HEIGHT="1781" PHYSICAL_IMG_NR="0" ID="page_0">
			<PrintSpace HPOS="0" VPOS="0" WIDTH="1103" HEIGHT="1781">
				<ComposedBlock ID="cblock_0" HPOS="314" VPOS="100" WIDTH="594" HEIGHT="25">
					<TextBlock ID="block_0" HPOS="314" VPOS="100" WIDTH="594" HEIGHT="25">
						<TextLine ID="line_0" HPOS="314" VPOS="100" WIDTH="594" HEIGHT="25">
							<String ID="string_0" HPOS="314" VPOS="104" WIDTH="179" HEIGHT="21" WC="0.90" CONTENT="Borgareständet"/><SP WIDTH="13" VPOS="104" HPOS="493"/>
							<String ID="string_1" HPOS="506" VPOS="104" WIDTH="56" HEIGHT="18" WC="0.96" CONTENT="1877."/><SP WIDTH="24" VPOS="104" HPOS="562"/>
							<String ID="string_2" HPOS="586" VPOS="105" WIDTH="13" HEIGHT="17" WC="0.96" CONTENT="9"/><SP WIDTH="14" VPOS="105" HPOS="599"/>
							<String ID="string_3" HPOS="613" VPOS="105" WIDTH="61" HEIGHT="17" WC="0.96" CONTENT="Mars."/><SP WIDTH="193" VPOS="105" HPOS="674"/>
							<String ID="string_4" HPOS="867" VPOS="100" WIDTH="41" HEIGHT="20" WC="0.96" CONTENT="257"/>
						</TextLine>
					</TextBlock>
				</ComposedBlock>
				<GraphicalElement ID="cblock_1" HPOS="105" VPOS="132" WIDTH="731" HEIGHT="6"></GraphicalElement >
				<ComposedBlock ID="cblock_2" HPOS="79" VPOS="172" WIDTH="833" HEIGHT="1348">
					<TextBlock ID="block_1" HPOS="79" VPOS="172" WIDTH="831" HEIGHT="286">
						<TextLine ID="line_1" HPOS="80" VPOS="172" WIDTH="829" HEIGHT="28">
							<String ID="string_5" HPOS="80" VPOS="173" WIDTH="24" HEIGHT="21" WC="0.95" CONTENT="sä"/><SP WIDTH="20" VPOS="173" HPOS="104"/>
							<String ID="string_6" HPOS="124" VPOS="173" WIDTH="61" HEIGHT="27" WC="0.96" CONTENT="länge"/><SP WIDTH="20" VPOS="173" HPOS="185"/>
							<String ID="string_7" HPOS="205" VPOS="173" WIDTH="38" HEIGHT="21" WC="0.93" CONTENT="bör"/><SP WIDTH="20" VPOS="173" HPOS="243"/>
							<String ID="string_8" HPOS="263" VPOS="172" WIDTH="165" HEIGHT="22" WC="0.92" CONTENT="vidmakthällas"/><SP WIDTH="16" VPOS="172" HPOS="428"/>
							<String ID="string_9" HPOS="444" VPOS="173" WIDTH="31" HEIGHT="21" WC="0.96" CONTENT="till"/><SP WIDTH="17" VPOS="173" HPOS="475"/>
							<String ID="string_10" HPOS="492" VPOS="173" WIDTH="48" HEIGHT="21" WC="0.96" CONTENT="dess"/><SP WIDTH="16" VPOS="173" HPOS="540"/>
							<String ID="string_11" HPOS="556" VPOS="180" WIDTH="25" HEIGHT="14" WC="0.93" CONTENT="en"/><SP WIDTH="18" VPOS="180" HPOS="581"/>
							<String ID="string_12" HPOS="599" VPOS="179" WIDTH="49" HEIGHT="15" WC="0.95" CONTENT="snar"/><SP WIDTH="15" VPOS="179" HPOS="648"/>
							<String ID="string_13" HPOS="663" VPOS="173" WIDTH="145" HEIGHT="27" WC="0.96" CONTENT="organisation"/><SP WIDTH="16" VPOS="173" HPOS="808"/>
							<String ID="string_14" HPOS="824" VPOS="174" WIDTH="23" HEIGHT="21" WC="0.93" CONTENT="af"/><SP WIDTH="14" VPOS="174" HPOS="847"/>
							<String ID="string_15" HPOS="861" VPOS="174" WIDTH="48" HEIGHT="21" WC="0.96" CONTENT="vårt"/>
						</TextLine>
						<TextLine ID="line_2" HPOS="79" VPOS="201" WIDTH="831" HEIGHT="28">
							<String ID="string_16" HPOS="79" VPOS="202" WIDTH="142" HEIGHT="27" WC="0.92" CONTENT="postväsende"/><SP WIDTH="19" VPOS="202" HPOS="221"/>
							<String ID="string_17" HPOS="240" VPOS="202" WIDTH="56" HEIGHT="27" WC="0.96" CONTENT="gjort"/><SP WIDTH="21" VPOS="202" HPOS="296"/>
							<String ID="string_18" HPOS="317" VPOS="203" WIDTH="40" HEIGHT="20" WC="0.96" CONTENT="den"/><SP WIDTH="22" VPOS="203" HPOS="357"/>
							<String ID="string_19" HPOS="379" VPOS="208" WIDTH="81" HEIGHT="15" WC="0.91" CONTENT="samma"/><SP WIDTH="20" VPOS="208" HPOS="460"/>
							<String ID="string_20" HPOS="480" VPOS="201" WIDTH="134" HEIGHT="28" WC="0.90" CONTENT="öfverflödig."/><SP WIDTH="31" VPOS="201" HPOS="614"/>
							<String ID="string_21" HPOS="645" VPOS="202" WIDTH="79" HEIGHT="26" WC="0.92" CONTENT="Hvarje"/><SP WIDTH="22" VPOS="202" HPOS="724"/>
							<String ID="string_22" HPOS="746" VPOS="202" WIDTH="124" HEIGHT="27" WC="0.92" CONTENT="förändring"/><SP WIDTH="18" VPOS="202" HPOS="870"/>
							<String ID="string_23" HPOS="888" VPOS="203" WIDTH="22" HEIGHT="20" WC="0.97" CONTENT="af"/>
						</TextLine>
						<TextLine ID="line_3" HPOS="81" VPOS="231" WIDTH="828" HEIGHT="26">
							<String ID="string_24" HPOS="81" VPOS="231" WIDTH="160" HEIGHT="26" WC="0.91" CONTENT="häradsposten,"/><SP WIDTH="21" VPOS="231" HPOS="241"/>
							<String ID="string_25" HPOS="262" VPOS="237" WIDTH="44" HEIGHT="14" WC="0.96" CONTENT="som"/><SP WIDTH="23" VPOS="237" HPOS="306"/>
							<String ID="string_26" HPOS="329" VPOS="231" WIDTH="39" HEIGHT="20" WC="0.95" CONTENT="har"/><SP WIDTH="20" VPOS="231" HPOS="368"/>
							<String ID="string_27" HPOS="388" VPOS="231" WIDTH="32" HEIGHT="20" WC="0.95" CONTENT="till"/><SP WIDTH="22" VPOS="231" HPOS="420"/>
							<String ID="string_28" HPOS="442" VPOS="231" WIDTH="54" HEIGHT="26" WC="0.96" CONTENT="syfte"/><SP WIDTH="21" VPOS="231" HPOS="496"/>
							<String ID="string_29" HPOS="517" VPOS="233" WIDTH="31" HEIGHT="19" WC="0.93" CONTENT="att"/><SP WIDTH="16" VPOS="233" HPOS="548"/>
							<String ID="string_30" HPOS="564" VPOS="231" WIDTH="115" HEIGHT="26" WC="0.92" CONTENT="uppehäila"/><SP WIDTH="16" VPOS="231" HPOS="679"/>
							<String ID="string_31" HPOS="695" VPOS="231" WIDTH="47" HEIGHT="20" WC="0.93" CONTENT="dess"/><SP WIDTH="16" VPOS="231" HPOS="742"/>
							<String ID="string_32" HPOS="758" VPOS="231" WIDTH="151" HEIGHT="26" WC="0.92" CONTENT="provisionella"/>
						</TextLine>
						<TextLine ID="line_4" HPOS="80" VPOS="259" WIDTH="829" HEIGHT="27">
							<String ID="string_33" HPOS="80" VPOS="259" WIDTH="109" HEIGHT="26" WC="0.93" CONTENT="karaktär,"/><SP WIDTH="24" VPOS="259" HPOS="189"/>
							<String ID="string_34" HPOS="213" VPOS="259" WIDTH="67" HEIGHT="21" WC="0.93" CONTENT="mäste"/><SP WIDTH="20" VPOS="259" HPOS="280"/>
							<String ID="string_35" HPOS="300" VPOS="259" WIDTH="37" HEIGHT="27" WC="0.95" CONTENT="jag"/><SP WIDTH="23" VPOS="259" HPOS="337"/>
							<String ID="string_36" HPOS="360" VPOS="259" WIDTH="27" HEIGHT="26" WC="0.95" CONTENT="pä"/><SP WIDTH="24" VPOS="259" HPOS="387"/>
							<String ID="string_37" HPOS="411" VPOS="259" WIDTH="68" HEIGHT="21" WC="0.96" CONTENT="denna"/><SP WIDTH="23" VPOS="259" HPOS="479"/>
							<String ID="string_38" HPOS="502" VPOS="260" WIDTH="68" HEIGHT="26" WC="0.93" CONTENT="grund"/><SP WIDTH="22" VPOS="260" HPOS="570"/>
							<String ID="string_39" HPOS="592" VPOS="259" WIDTH="100" HEIGHT="21" WC="0.91" CONTENT="betrakta"/><SP WIDTH="16" VPOS="259" HPOS="692"/>
							<String ID="string_40" HPOS="708" VPOS="260" WIDTH="69" HEIGHT="20" WC="0.92" CONTENT="säsom"/><SP WIDTH="17" VPOS="260" HPOS="777"/>
							<String ID="string_41" HPOS="794" VPOS="261" WIDTH="30" HEIGHT="19" WC="0.93" CONTENT="ett"/><SP WIDTH="16" VPOS="261" HPOS="824"/>
							<String ID="string_42" HPOS="840" VPOS="259" WIDTH="69" HEIGHT="27" WC="0.92" CONTENT="afsteg"/>
						</TextLine>
						<TextLine ID="line_5" HPOS="81" VPOS="287" WIDTH="827" HEIGHT="28">
							<String ID="string_43" HPOS="81" VPOS="288" WIDTH="46" HEIGHT="21" WC="0.92" CONTENT="frän"/><SP WIDTH="18" VPOS="288" HPOS="127"/>
							<String ID="string_44" HPOS="145" VPOS="288" WIDTH="35" HEIGHT="21" WC="0.93" CONTENT="det"/><SP WIDTH="15" VPOS="288" HPOS="180"/>
							<String ID="string_45" HPOS="195" VPOS="288" WIDTH="42" HEIGHT="21" WC="0.90" CONTENT="mäl"/><SP WIDTH="16" VPOS="288" HPOS="237"/>
							<String ID="string_46" HPOS="253" VPOS="294" WIDTH="48" HEIGHT="14" WC="0.96" CONTENT="man"/><SP WIDTH="18" VPOS="294" HPOS="301"/>
							<String ID="string_47" HPOS="319" VPOS="288" WIDTH="38" HEIGHT="21" WC="0.93" CONTENT="bör"/><SP WIDTH="15" VPOS="288" HPOS="357"/>
							<String ID="string_48" HPOS="372" VPOS="287" WIDTH="63" HEIGHT="22" WC="0.90" CONTENT="hafva"/><SP WIDTH="15" VPOS="287" HPOS="435"/>
							<String ID="string_49" HPOS="450" VPOS="288" WIDTH="8" HEIGHT="21" WC="0.93" CONTENT="i"/><SP WIDTH="15" VPOS="288" HPOS="458"/>
							<String ID="string_50" HPOS="473" VPOS="288" WIDTH="60" HEIGHT="26" WC="0.91" CONTENT="sigte,"/><SP WIDTH="17" VPOS="288" HPOS="533"/>
							<String ID="string_51" HPOS="550" VPOS="289" WIDTH="32" HEIGHT="20" WC="0.93" CONTENT="ett"/><SP WIDTH="15" VPOS="289" HPOS="582"/>
							<String ID="string_52" HPOS="597" VPOS="288" WIDTH="75" HEIGHT="27" WC="0.93" CONTENT="afsteg,"/><SP WIDTH="14" VPOS="288" HPOS="672"/>
							<String ID="string_53" HPOS="686" VPOS="288" WIDTH="82" HEIGHT="21" WC="0.93" CONTENT="hvilket"/><SP WIDTH="12" VPOS="288" HPOS="768"/>
							<String ID="string_54" HPOS="780" VPOS="288" WIDTH="76" HEIGHT="21" WC="0.96" CONTENT="endast"/><SP WIDTH="11" VPOS="288" HPOS="856"/>
							<String ID="string_55" HPOS="867" VPOS="289" WIDTH="41" HEIGHT="20" WC="0.97" CONTENT="kan"/>
						</TextLine>
						<TextLine ID="line_6" HPOS="80" VPOS="316" WIDTH="829" HEIGHT="28">
							<String ID="string_56" HPOS="80" VPOS="317" WIDTH="49" HEIGHT="20" WC="0.90" CONTENT="leda"/><SP WIDTH="16" VPOS="317" HPOS="129"/>
							<String ID="string_57" HPOS="145" VPOS="317" WIDTH="78" HEIGHT="20" WC="0.92" CONTENT="derhän"/><SP WIDTH="18" VPOS="317" HPOS="223"/>
							<String ID="string_58" HPOS="241" VPOS="319" WIDTH="32" HEIGHT="18" WC="0.96" CONTENT="att"/><SP WIDTH="15" VPOS="319" HPOS="273"/>
							<String ID="string_59" HPOS="288" VPOS="316" WIDTH="36" HEIGHT="21" WC="0.93" CONTENT="det"/><SP WIDTH="15" VPOS="316" HPOS="324"/>
							<String ID="string_60" HPOS="339" VPOS="317" WIDTH="109" HEIGHT="20" WC="0.90" CONTENT="ordinarie"/><SP WIDTH="14" VPOS="317" HPOS="448"/>
							<String ID="string_61" HPOS="462" VPOS="317" WIDTH="152" HEIGHT="26" WC="0.92" CONTENT="postväsendet"/><SP WIDTH="17" VPOS="317" HPOS="614"/>
							<String ID="string_62" HPOS="631" VPOS="317" WIDTH="95" HEIGHT="20" WC="0.92" CONTENT="hämmas"/><SP WIDTH="0" VPOS="317" HPOS="726"/>
							<String ID="string_63" HPOS="726" VPOS="312" WIDTH="13" HEIGHT="37" WC="0.96" CONTENT="i"/><SP WIDTH="18" VPOS="312" HPOS="739"/>
							<String ID="string_64" HPOS="757" VPOS="317" WIDTH="32" HEIGHT="20" WC="0.93" CONTENT="sin"/><SP WIDTH="12" VPOS="317" HPOS="789"/>
							<String ID="string_65" HPOS="801" VPOS="317" WIDTH="108" HEIGHT="27" WC="0.93" CONTENT="naturliga"/>
						</TextLine>
						<TextLine ID="line_7" HPOS="82" VPOS="345" WIDTH="827" HEIGHT="27">
							<String ID="string_66" HPOS="82" VPOS="345" WIDTH="125" HEIGHT="27" WC="0.94" CONTENT="utveckling."/><SP WIDTH="31" VPOS="345" HPOS="207"/>
							<String ID="string_67" HPOS="238" VPOS="345" WIDTH="41" HEIGHT="26" WC="0.94" CONTENT="Jag"/><SP WIDTH="20" VPOS="345" HPOS="279"/>
							<String ID="string_68" HPOS="299" VPOS="345" WIDTH="41" HEIGHT="21" WC="0.93" CONTENT="kan"/><SP WIDTH="22" VPOS="345" HPOS="340"/>
							<String ID="string_69" HPOS="362" VPOS="345" WIDTH="82" HEIGHT="21" WC="0.92" CONTENT="derföre"/><SP WIDTH="21" VPOS="345" HPOS="444"/>
							<String ID="string_70" HPOS="465" VPOS="345" WIDTH="45" HEIGHT="22" WC="0.91" CONTENT="icke"/><SP WIDTH="20" VPOS="345" HPOS="510"/>
							<String ID="string_71" HPOS="530" VPOS="345" WIDTH="60" HEIGHT="26" WC="0.92" CONTENT="värja"/><SP WIDTH="20" VPOS="345" HPOS="590"/>
							<String ID="string_72" HPOS="610" VPOS="345" WIDTH="43" HEIGHT="26" WC="0.96" CONTENT="mig"/><SP WIDTH="18" VPOS="345" HPOS="653"/>
							<String ID="string_73" HPOS="671" VPOS="345" WIDTH="33" HEIGHT="21" WC="0.96" CONTENT="för"/><SP WIDTH="16" VPOS="345" HPOS="704"/>
							<String ID="string_74" HPOS="720" VPOS="345" WIDTH="38" HEIGHT="21" WC="0.96" CONTENT="den"/><SP WIDTH="18" VPOS="345" HPOS="758"/>
							<String ID="string_75" HPOS="776" VPOS="346" WIDTH="85" HEIGHT="25" WC="0.96" CONTENT="tanken,"/><SP WIDTH="16" VPOS="346" HPOS="861"/>
							<String ID="string_76" HPOS="877" VPOS="348" WIDTH="32" HEIGHT="19" WC="0.96" CONTENT="att"/>
						</TextLine>
						<TextLine ID="line_8" HPOS="81" VPOS="374" WIDTH="828" HEIGHT="27">
							<String ID="string_77" HPOS="81" VPOS="375" WIDTH="40" HEIGHT="20" WC="0.91" CONTENT="den"/><SP WIDTH="22" VPOS="375" HPOS="121"/>
							<String ID="string_78" HPOS="143" VPOS="374" WIDTH="118" HEIGHT="27" WC="0.91" CONTENT="Kejserliga"/><SP WIDTH="20" VPOS="374" HPOS="261"/>
							<String ID="string_79" HPOS="281" VPOS="374" WIDTH="142" HEIGHT="27" WC="0.92" CONTENT="kungörelsen"/><SP WIDTH="21" VPOS="374" HPOS="423"/>
							<String ID="string_80" HPOS="444" VPOS="374" WIDTH="22" HEIGHT="21" WC="0.96" CONTENT="af"/><SP WIDTH="14" VPOS="374" HPOS="466"/>
							<String ID="string_81" HPOS="480" VPOS="375" WIDTH="40" HEIGHT="20" WC="0.96" CONTENT="den"/><SP WIDTH="16" VPOS="375" HPOS="520"/>
							<String ID="string_82" HPOS="536" VPOS="375" WIDTH="13" HEIGHT="20" WC="0.96" CONTENT="6"/><SP WIDTH="16" VPOS="375" HPOS="549"/>
							<String ID="string_83" HPOS="565" VPOS="374" WIDTH="58" HEIGHT="21" WC="0.96" CONTENT="Mars"/><SP WIDTH="19" VPOS="374" HPOS="623"/>
							<String ID="string_84" HPOS="642" VPOS="376" WIDTH="59" HEIGHT="24" WC="0.93" CONTENT="1848,"/><SP WIDTH="17" VPOS="376" HPOS="701"/>
							<String ID="string_85" HPOS="718" VPOS="374" WIDTH="136" HEIGHT="26" WC="0.93" CONTENT="hvarigenom"/><SP WIDTH="18" VPOS="374" HPOS="854"/>
							<String ID="string_86" HPOS="872" VPOS="374" WIDTH="37" HEIGHT="21" WC="0.93" CONTENT="hä-"/>
						</TextLine>
						<TextLine ID="line_9" HPOS="81" VPOS="402" WIDTH="828" HEIGHT="28">
							<String ID="string_87" HPOS="81" VPOS="403" WIDTH="125" HEIGHT="26" WC="0.90" CONTENT="radsposten"/><SP WIDTH="21" VPOS="403" HPOS="206"/>
							<String ID="string_88" HPOS="227" VPOS="402" WIDTH="108" HEIGHT="26" WC="0.90" CONTENT="utvidgats"/><SP WIDTH="22" VPOS="402" HPOS="335"/>
							<String ID="string_89" HPOS="357" VPOS="402" WIDTH="32" HEIGHT="21" WC="0.93" CONTENT="till"/><SP WIDTH="22" VPOS="402" HPOS="389"/>
							<String ID="string_90" HPOS="411" VPOS="402" WIDTH="65" HEIGHT="27" WC="0.92" CONTENT="nägot"/><SP WIDTH="21" VPOS="402" HPOS="476"/>
							<String ID="string_91" HPOS="497" VPOS="409" WIDTH="45" HEIGHT="15" WC="0.96" CONTENT="mer"/><SP WIDTH="18" VPOS="409" HPOS="542"/>
							<String ID="string_92" HPOS="560" VPOS="405" WIDTH="27" HEIGHT="18" WC="0.96" CONTENT="än"/><SP WIDTH="16" VPOS="405" HPOS="587"/>
							<String ID="string_93" HPOS="603" VPOS="409" WIDTH="25" HEIGHT="15" WC="0.93" CONTENT="en"/><SP WIDTH="17" VPOS="409" HPOS="628"/>
							<String ID="string_94" HPOS="645" VPOS="403" WIDTH="54" HEIGHT="20" WC="0.92" CONTENT="blott"/><SP WIDTH="16" VPOS="403" HPOS="699"/>
							<String ID="string_95" HPOS="715" VPOS="403" WIDTH="194" HEIGHT="27" WC="0.93" CONTENT="kronobrefbäring"/>
						</TextLine>
						<TextLine ID="line_10" HPOS="81" VPOS="431" WIDTH="274" HEIGHT="27">
							<String ID="string_96" HPOS="81" VPOS="431" WIDTH="55" HEIGHT="22" WC="0.96" CONTENT="varit"/><SP WIDTH="15" VPOS="431" HPOS="136"/>
							<String ID="string_97" HPOS="151" VPOS="434" WIDTH="32" HEIGHT="19" WC="0.93" CONTENT="ett"/><SP WIDTH="10" VPOS="434" HPOS="183"/>
							<String ID="string_98" HPOS="193" VPOS="431" WIDTH="76" HEIGHT="21" WC="0.92" CONTENT="sädant"/><SP WIDTH="10" VPOS="431" HPOS="269"/>
							<String ID="string_99" HPOS="279" VPOS="431" WIDTH="76" HEIGHT="27" WC="0.92" CONTENT="afsteg."/>
						</TextLine>
					</TextBlock>
					<TextBlock ID="block_2" HPOS="81" VPOS="459" WIDTH="831" HEIGHT="1061">
						<TextLine ID="line_11" HPOS="150" VPOS="459" WIDTH="759" HEIGHT="27">
							<String ID="string_100" HPOS="150" VPOS="460" WIDTH="107" HEIGHT="21" WC="0.91" CONTENT="Anställer"/><SP WIDTH="19" VPOS="460" HPOS="257"/>
							<String ID="string_101" HPOS="276" VPOS="466" WIDTH="48" HEIGHT="15" WC="0.96" CONTENT="man"/><SP WIDTH="17" VPOS="466" HPOS="324"/>
							<String ID="string_102" HPOS="341" VPOS="467" WIDTH="26" HEIGHT="14" WC="0.93" CONTENT="en"/><SP WIDTH="14" VPOS="467" HPOS="367"/>
							<String ID="string_103" HPOS="381" VPOS="459" WIDTH="122" HEIGHT="27" WC="0.90" CONTENT="jemförelse"/><SP WIDTH="16" VPOS="459" HPOS="503"/>
							<String ID="string_104" HPOS="519" VPOS="459" WIDTH="22" HEIGHT="22" WC="0.93" CONTENT="af"/><SP WIDTH="14" VPOS="459" HPOS="541"/>
							<String ID="string_105" HPOS="555" VPOS="459" WIDTH="162" HEIGHT="22" WC="0.92" CONTENT="förhällandena"/><SP WIDTH="15" VPOS="459" HPOS="717"/>
							<String ID="string_106" HPOS="732" VPOS="460" WIDTH="7" HEIGHT="20" WC="0.96" CONTENT="i"/><SP WIDTH="15" VPOS="460" HPOS="739"/>
							<String ID="string_107" HPOS="754" VPOS="460" WIDTH="91" HEIGHT="21" WC="0.96" CONTENT="Finland"/><SP WIDTH="16" VPOS="460" HPOS="845"/>
							<String ID="string_108" HPOS="861" VPOS="460" WIDTH="48" HEIGHT="21" WC="0.96" CONTENT="med"/>
						</TextLine>
						<TextLine ID="line_12" HPOS="82" VPOS="489" WIDTH="827" HEIGHT="27">
							<String ID="string_109" HPOS="82" VPOS="489" WIDTH="46" HEIGHT="20" WC="0.95" CONTENT="dem"/><SP WIDTH="26" VPOS="489" HPOS="128"/>
							<String ID="string_110" HPOS="154" VPOS="489" WIDTH="5" HEIGHT="20" WC="0.95" CONTENT="i"/><SP WIDTH="23" VPOS="489" HPOS="159"/>
							<String ID="string_111" HPOS="182" VPOS="489" WIDTH="85" HEIGHT="26" WC="0.96" CONTENT="Sverige"/><SP WIDTH="16" VPOS="489" HPOS="267"/>
							<String ID="string_112" HPOS="283" VPOS="491" WIDTH="56" HEIGHT="18" WC="0.96" CONTENT="ännu"/><SP WIDTH="16" VPOS="491" HPOS="339"/>
							<String ID="string_113" HPOS="355" VPOS="489" WIDTH="35" HEIGHT="20" WC="0.96" CONTENT="vid"/><SP WIDTH="16" VPOS="489" HPOS="390"/>
							<String ID="string_114" HPOS="406" VPOS="489" WIDTH="74" HEIGHT="26" WC="0.96" CONTENT="början"/><SP WIDTH="17" VPOS="489" HPOS="480"/>
							<String ID="string_115" HPOS="497" VPOS="489" WIDTH="23" HEIGHT="20" WC="0.96" CONTENT="af"/><SP WIDTH="14" VPOS="489" HPOS="520"/>
							<String ID="string_116" HPOS="534" VPOS="491" WIDTH="32" HEIGHT="18" WC="0.93" CONTENT="ett"/><SP WIDTH="15" VPOS="491" HPOS="566"/>
							<String ID="string_117" HPOS="581" VPOS="489" WIDTH="142" HEIGHT="24" WC="0.92" CONTENT="ärhundrade,"/><SP WIDTH="16" VPOS="489" HPOS="723"/>
							<String ID="string_118" HPOS="739" VPOS="489" WIDTH="27" HEIGHT="21" WC="0.93" CONTENT="dä"/><SP WIDTH="16" VPOS="489" HPOS="766"/>
							<String ID="string_119" HPOS="782" VPOS="489" WIDTH="67" HEIGHT="27" WC="0.92" CONTENT="begge"/><SP WIDTH="16" VPOS="489" HPOS="849"/>
							<String ID="string_120" HPOS="865" VPOS="489" WIDTH="44" HEIGHT="20" WC="0.92" CONTENT="län-"/>
						</TextLine>
						<TextLine ID="line_13" HPOS="82" VPOS="517" WIDTH="827" HEIGHT="27">
							<String ID="string_121" HPOS="82" VPOS="517" WIDTH="76" HEIGHT="21" WC="0.89" CONTENT="dernas"/><SP WIDTH="23" VPOS="517" HPOS="158"/>
							<String ID="string_122" HPOS="181" VPOS="518" WIDTH="140" HEIGHT="25" WC="0.89" CONTENT="postväsende"/><SP WIDTH="24" VPOS="518" HPOS="321"/>
							<String ID="string_123" HPOS="345" VPOS="523" WIDTH="37" HEIGHT="15" WC="0.92" CONTENT="var"/><SP WIDTH="23" VPOS="523" HPOS="382"/>
							<String ID="string_124" HPOS="405" VPOS="517" WIDTH="92" HEIGHT="21" WC="0.92" CONTENT="ordnadt"/><SP WIDTH="23" VPOS="517" HPOS="497"/>
							<String ID="string_125" HPOS="520" VPOS="517" WIDTH="54" HEIGHT="21" WC="0.96" CONTENT="efter"/><SP WIDTH="22" VPOS="517" HPOS="574"/>
							<String ID="string_126" HPOS="596" VPOS="523" WIDTH="81" HEIGHT="15" WC="0.96" CONTENT="samma"/><SP WIDTH="21" VPOS="523" HPOS="677"/>
							<String ID="string_127" HPOS="698" VPOS="517" WIDTH="93" HEIGHT="27" WC="0.96" CONTENT="grunder"/><SP WIDTH="15" VPOS="517" HPOS="791"/>
							<String ID="string_128" HPOS="806" VPOS="517" WIDTH="40" HEIGHT="22" WC="0.96" CONTENT="och"/><SP WIDTH="16" VPOS="517" HPOS="846"/>
							<String ID="string_129" HPOS="862" VPOS="517" WIDTH="47" HEIGHT="22" WC="0.96" CONTENT="stod"/>
						</TextLine>
						<TextLine ID="line_14" HPOS="81" VPOS="545" WIDTH="829" HEIGHT="28">
							<String ID="string_130" HPOS="81" VPOS="546" WIDTH="67" HEIGHT="21" WC="0.96" CONTENT="under"/><SP WIDTH="16" VPOS="546" HPOS="148"/>
							<String ID="string_131" HPOS="164" VPOS="552" WIDTH="79" HEIGHT="15" WC="0.95" CONTENT="samma"/><SP WIDTH="20" VPOS="552" HPOS="243"/>
							<String ID="string_132" HPOS="263" VPOS="546" WIDTH="135" HEIGHT="27" WC="0.93" CONTENT="förvaltning,"/><SP WIDTH="17" VPOS="546" HPOS="398"/>
							<String ID="string_133" HPOS="415" VPOS="546" WIDTH="67" HEIGHT="21" WC="0.93" CONTENT="finner"/><SP WIDTH="18" VPOS="546" HPOS="482"/>
							<String ID="string_134" HPOS="500" VPOS="553" WIDTH="50" HEIGHT="14" WC="0.96" CONTENT="man"/><SP WIDTH="16" VPOS="553" HPOS="550"/>
							<String ID="string_135" HPOS="566" VPOS="547" WIDTH="32" HEIGHT="20" WC="0.96" CONTENT="att"/><SP WIDTH="16" VPOS="547" HPOS="598"/>
							<String ID="string_136" HPOS="614" VPOS="546" WIDTH="24" HEIGHT="21" WC="0.95" CONTENT="är"/><SP WIDTH="18" VPOS="546" HPOS="638"/>
							<String ID="string_137" HPOS="656" VPOS="547" WIDTH="50" HEIGHT="20" WC="0.96" CONTENT="1801"/><SP WIDTH="18" VPOS="547" HPOS="706"/>
							<String ID="string_138" HPOS="724" VPOS="545" WIDTH="62" HEIGHT="22" WC="0.96" CONTENT="fanns"/><SP WIDTH="15" VPOS="545" HPOS="786"/>
							<String ID="string_139" HPOS="801" VPOS="546" WIDTH="6" HEIGHT="21" WC="0.96" CONTENT="i"/><SP WIDTH="17" VPOS="546" HPOS="807"/>
							<String ID="string_140" HPOS="824" VPOS="546" WIDTH="86" HEIGHT="27" WC="0.97" CONTENT="Sverige"/>
						</TextLine>
						<TextLine ID="line_15" HPOS="84" VPOS="575" WIDTH="825" HEIGHT="26">
							<String ID="string_141" HPOS="84" VPOS="576" WIDTH="38" HEIGHT="20" WC="0.88" CONTENT="105"/><SP WIDTH="24" VPOS="576" HPOS="122"/>
							<String ID="string_142" HPOS="146" VPOS="575" WIDTH="153" HEIGHT="26" WC="0.88" CONTENT="postanstalter"/><SP WIDTH="22" VPOS="575" HPOS="299"/>
							<String ID="string_143" HPOS="321" VPOS="575" WIDTH="38" HEIGHT="21" WC="0.96" CONTENT="och"/><SP WIDTH="24" VPOS="575" HPOS="359"/>
							<String ID="string_144" HPOS="383" VPOS="575" WIDTH="7" HEIGHT="20" WC="0.95" CONTENT="i"/><SP WIDTH="24" VPOS="575" HPOS="390"/>
							<String ID="string_145" HPOS="414" VPOS="575" WIDTH="36" HEIGHT="21" WC="0.93" CONTENT="det"/><SP WIDTH="24" VPOS="575" HPOS="450"/>
							<String ID="string_146" HPOS="474" VPOS="575" WIDTH="120" HEIGHT="20" WC="0.88" CONTENT="dävarande"/><SP WIDTH="23" VPOS="575" HPOS="594"/>
							<String ID="string_147" HPOS="617" VPOS="575" WIDTH="91" HEIGHT="20" WC="0.96" CONTENT="Finland"/><SP WIDTH="22" VPOS="575" HPOS="708"/>
							<String ID="string_148" HPOS="730" VPOS="576" WIDTH="26" HEIGHT="19" WC="0.91" CONTENT="32"/><SP WIDTH="16" VPOS="576" HPOS="756"/>
							<String ID="string_149" HPOS="772" VPOS="575" WIDTH="137" HEIGHT="26" WC="0.91" CONTENT="postkontor;"/>
						</TextLine>
						<TextLine ID="line_16" HPOS="82" VPOS="603" WIDTH="827" HEIGHT="27">
							<String ID="string_150" HPOS="82" VPOS="604" WIDTH="78" HEIGHT="20" WC="0.92" CONTENT="räknar"/><SP WIDTH="23" VPOS="604" HPOS="160"/>
							<String ID="string_151" HPOS="183" VPOS="610" WIDTH="47" HEIGHT="14" WC="0.96" CONTENT="man"/><SP WIDTH="25" VPOS="610" HPOS="230"/>
							<String ID="string_152" HPOS="255" VPOS="604" WIDTH="71" HEIGHT="26" WC="0.96" CONTENT="gamla"/><SP WIDTH="22" VPOS="604" HPOS="326"/>
							<String ID="string_153" HPOS="348" VPOS="603" WIDTH="92" HEIGHT="21" WC="0.96" CONTENT="Finland"/><SP WIDTH="24" VPOS="603" HPOS="440"/>
							<String ID="string_154" HPOS="464" VPOS="604" WIDTH="32" HEIGHT="20" WC="0.96" CONTENT="till"/><SP WIDTH="24" VPOS="604" HPOS="496"/>
							<String ID="string_155" HPOS="520" VPOS="604" WIDTH="40" HEIGHT="20" WC="0.94" CONTENT="blir"/><SP WIDTH="22" VPOS="604" HPOS="560"/>
							<String ID="string_156" HPOS="582" VPOS="603" WIDTH="81" HEIGHT="22" WC="0.94" CONTENT="antalet"/><SP WIDTH="24" VPOS="603" HPOS="663"/>
							<String ID="string_157" HPOS="687" VPOS="605" WIDTH="33" HEIGHT="19" WC="0.96" CONTENT="37."/><SP WIDTH="31" VPOS="605" HPOS="720"/>
							<String ID="string_158" HPOS="751" VPOS="603" WIDTH="65" HEIGHT="21" WC="0.96" CONTENT="Detta"/><SP WIDTH="15" VPOS="603" HPOS="816"/>
							<String ID="string_159" HPOS="831" VPOS="610" WIDTH="37" HEIGHT="15" WC="0.96" CONTENT="var"/><SP WIDTH="16" VPOS="610" HPOS="868"/>
							<String ID="string_160" HPOS="884" VPOS="610" WIDTH="25" HEIGHT="15" WC="0.96" CONTENT="en"/>
						</TextLine>
						<TextLine ID="line_17" HPOS="82" VPOS="632" WIDTH="828" HEIGHT="27">
							<String ID="string_161" HPOS="82" VPOS="632" WIDTH="131" HEIGHT="27" WC="0.96" CONTENT="proportion,"/><SP WIDTH="23" VPOS="632" HPOS="213"/>
							<String ID="string_162" HPOS="236" VPOS="638" WIDTH="44" HEIGHT="15" WC="0.95" CONTENT="som"/><SP WIDTH="24" VPOS="638" HPOS="280"/>
							<String ID="string_163" HPOS="304" VPOS="633" WIDTH="5" HEIGHT="20" WC="0.93" CONTENT="i"/><SP WIDTH="24" VPOS="633" HPOS="309"/>
							<String ID="string_164" HPOS="333" VPOS="632" WIDTH="36" HEIGHT="21" WC="0.96" CONTENT="det"/><SP WIDTH="27" VPOS="632" HPOS="369"/>
							<String ID="string_165" HPOS="396" VPOS="634" WIDTH="107" HEIGHT="19" WC="0.93" CONTENT="närmaste"/><SP WIDTH="26" VPOS="634" HPOS="503"/>
							<String ID="string_166" HPOS="529" VPOS="633" WIDTH="135" HEIGHT="20" WC="0.95" CONTENT="motsvarade"/><SP WIDTH="26" VPOS="633" HPOS="664"/>
							<String ID="string_167" HPOS="690" VPOS="632" WIDTH="105" HEIGHT="21" WC="0.96" CONTENT="hvardera"/><SP WIDTH="31" VPOS="632" HPOS="795"/>
							<String ID="string_168" HPOS="826" VPOS="633" WIDTH="84" HEIGHT="20" WC="0.93" CONTENT="landets"/>
						</TextLine>
						<TextLine ID="line_18" HPOS="82" VPOS="661" WIDTH="828" HEIGHT="26">
							<String ID="string_169" HPOS="82" VPOS="661" WIDTH="131" HEIGHT="26" WC="0.20" CONTENT="befolkning;"/><SP WIDTH="22" VPOS="661" HPOS="213"/>
							<String ID="string_170" HPOS="235" VPOS="661" WIDTH="152" HEIGHT="26" WC="0.91" CONTENT="proportionen"/><SP WIDTH="21" VPOS="661" HPOS="387"/>
							<String ID="string_171" HPOS="408" VPOS="667" WIDTH="38" HEIGHT="14" WC="0.96" CONTENT="var"/><SP WIDTH="23" VPOS="667" HPOS="446"/>
							<String ID="string_172" HPOS="469" VPOS="661" WIDTH="124" HEIGHT="26" WC="0.94" CONTENT="visserligen"/><SP WIDTH="16" VPOS="661" HPOS="593"/>
							<String ID="string_173" HPOS="609" VPOS="661" WIDTH="34" HEIGHT="20" WC="0.96" CONTENT="för"/><SP WIDTH="15" VPOS="661" HPOS="643"/>
							<String ID="string_174" HPOS="658" VPOS="661" WIDTH="90" HEIGHT="21" WC="0.96" CONTENT="Finland"/><SP WIDTH="16" VPOS="661" HPOS="748"/>
							<String ID="string_175" HPOS="764" VPOS="661" WIDTH="48" HEIGHT="21" WC="0.96" CONTENT="litet"/><SP WIDTH="15" VPOS="661" HPOS="812"/>
							<String ID="string_176" HPOS="827" VPOS="661" WIDTH="83" HEIGHT="21" WC="0.96" CONTENT="mindre"/>
						</TextLine>
						<TextLine ID="line_19" HPOS="82" VPOS="689" WIDTH="827" HEIGHT="28">
							<String ID="string_177" HPOS="82" VPOS="693" WIDTH="22" HEIGHT="23" WC="0.96" CONTENT="ty"/><SP WIDTH="21" VPOS="693" HPOS="104"/>
							<String ID="string_178" HPOS="125" VPOS="689" WIDTH="86" HEIGHT="28" WC="0.96" CONTENT="Sverige"/><SP WIDTH="20" VPOS="689" HPOS="211"/>
							<String ID="string_179" HPOS="231" VPOS="689" WIDTH="54" HEIGHT="22" WC="0.96" CONTENT="hade"/><SP WIDTH="20" VPOS="689" HPOS="285"/>
							<String ID="string_180" HPOS="305" VPOS="690" WIDTH="46" HEIGHT="21" WC="0.96" CONTENT="icke"/><SP WIDTH="17" VPOS="690" HPOS="351"/>
							<String ID="string_181" HPOS="368" VPOS="692" WIDTH="33" HEIGHT="18" WC="0.96" CONTENT="tre"/><SP WIDTH="15" VPOS="692" HPOS="401"/>
							<String ID="string_182" HPOS="416" VPOS="690" WIDTH="80" HEIGHT="27" WC="0.96" CONTENT="gånger"/><SP WIDTH="16" VPOS="690" HPOS="496"/>
							<String ID="string_183" HPOS="512" VPOS="690" WIDTH="23" HEIGHT="21" WC="0.96" CONTENT="så"/><SP WIDTH="15" VPOS="690" HPOS="535"/>
							<String ID="string_184" HPOS="550" VPOS="692" WIDTH="46" HEIGHT="19" WC="0.96" CONTENT="stor"/><SP WIDTH="17" VPOS="692" HPOS="596"/>
							<String ID="string_185" HPOS="613" VPOS="689" WIDTH="121" HEIGHT="28" WC="0.96" CONTENT="folkmängd"/><SP WIDTH="16" VPOS="689" HPOS="734"/>
							<String ID="string_186" HPOS="750" VPOS="696" WIDTH="45" HEIGHT="15" WC="0.95" CONTENT="som"/><SP WIDTH="16" VPOS="696" HPOS="795"/>
							<String ID="string_187" HPOS="811" VPOS="689" WIDTH="98" HEIGHT="22" WC="0.95" CONTENT="Finland."/>
						</TextLine>
						<TextLine ID="line_20" HPOS="83" VPOS="718" WIDTH="827" HEIGHT="27">
							<String ID="string_188" HPOS="83" VPOS="718" WIDTH="69" HEIGHT="21" WC="0.96" CONTENT="Sedan"/><SP WIDTH="23" VPOS="718" HPOS="152"/>
							<String ID="string_189" HPOS="175" VPOS="719" WIDTH="68" HEIGHT="20" WC="0.96" CONTENT="denna"/><SP WIDTH="20" VPOS="719" HPOS="243"/>
							<String ID="string_190" HPOS="263" VPOS="719" WIDTH="30" HEIGHT="20" WC="0.96" CONTENT="tid"/><SP WIDTH="22" VPOS="719" HPOS="293"/>
							<String ID="string_191" HPOS="315" VPOS="718" WIDTH="65" HEIGHT="21" WC="0.93" CONTENT="hafva"/><SP WIDTH="21" VPOS="718" HPOS="380"/>
							<String ID="string_192" HPOS="401" VPOS="719" WIDTH="182" HEIGHT="26" WC="0.91" CONTENT="postanstalterna"/><SP WIDTH="16" VPOS="719" HPOS="583"/>
							<String ID="string_193" HPOS="599" VPOS="719" WIDTH="6" HEIGHT="20" WC="0.96" CONTENT="i"/><SP WIDTH="16" VPOS="719" HPOS="605"/>
							<String ID="string_194" HPOS="621" VPOS="718" WIDTH="86" HEIGHT="27" WC="0.96" CONTENT="Sverige"/><SP WIDTH="16" VPOS="718" HPOS="707"/>
							<String ID="string_195" HPOS="723" VPOS="719" WIDTH="55" HEIGHT="20" WC="0.96" CONTENT="varit"/><SP WIDTH="15" VPOS="719" HPOS="778"/>
							<String ID="string_196" HPOS="793" VPOS="719" WIDTH="7" HEIGHT="20" WC="0.96" CONTENT="i"/><SP WIDTH="16" VPOS="719" HPOS="800"/>
							<String ID="string_197" HPOS="816" VPOS="725" WIDTH="25" HEIGHT="14" WC="0.93" CONTENT="en"/><SP WIDTH="17" VPOS="725" HPOS="841"/>
							<String ID="string_198" HPOS="858" VPOS="719" WIDTH="52" HEIGHT="20" WC="0.92" CONTENT="fort-"/>
						</TextLine>
						<TextLine ID="line_21" HPOS="83" VPOS="747" WIDTH="827" HEIGHT="26">
							<String ID="string_199" HPOS="83" VPOS="747" WIDTH="88" HEIGHT="21" WC="0.95" CONTENT="farande"/><SP WIDTH="18" VPOS="747" HPOS="171"/>
							<String ID="string_200" HPOS="189" VPOS="747" WIDTH="91" HEIGHT="24" WC="0.95" CONTENT="tillväxt,"/><SP WIDTH="16" VPOS="747" HPOS="280"/>
							<String ID="string_201" HPOS="296" VPOS="747" WIDTH="76" HEIGHT="21" WC="0.96" CONTENT="medan"/><SP WIDTH="17" VPOS="747" HPOS="372"/>
							<String ID="string_202" HPOS="389" VPOS="747" WIDTH="61" HEIGHT="21" WC="0.96" CONTENT="deras"/><SP WIDTH="16" VPOS="747" HPOS="450"/>
							<String ID="string_203" HPOS="466" VPOS="747" WIDTH="59" HEIGHT="21" WC="0.96" CONTENT="antal"/><SP WIDTH="15" VPOS="747" HPOS="525"/>
							<String ID="string_204" HPOS="540" VPOS="747" WIDTH="7" HEIGHT="21" WC="0.96" CONTENT="i"/><SP WIDTH="16" VPOS="747" HPOS="547"/>
							<String ID="string_205" HPOS="563" VPOS="747" WIDTH="91" HEIGHT="21" WC="0.93" CONTENT="Finland"/><SP WIDTH="14" VPOS="747" HPOS="654"/>
							<String ID="string_206" HPOS="668" VPOS="747" WIDTH="106" HEIGHT="21" WC="0.92" CONTENT="förblifvit"/><SP WIDTH="14" VPOS="747" HPOS="774"/>
							<String ID="string_207" HPOS="788" VPOS="747" WIDTH="122" HEIGHT="26" WC="0.96" CONTENT="stationärt,"/>
						</TextLine>
						<TextLine ID="line_22" HPOS="83" VPOS="776" WIDTH="826" HEIGHT="21">
							<String ID="string_208" HPOS="83" VPOS="776" WIDTH="6" HEIGHT="20" WC="0.96" CONTENT="i"/><SP WIDTH="24" VPOS="776" HPOS="89"/>
							<String ID="string_209" HPOS="113" VPOS="776" WIDTH="36" HEIGHT="21" WC="0.96" CONTENT="det"/><SP WIDTH="23" VPOS="776" HPOS="149"/>
							<String ID="string_210" HPOS="172" VPOS="776" WIDTH="25" HEIGHT="20" WC="0.96" CONTENT="de"/><SP WIDTH="23" VPOS="776" HPOS="197"/>
							<String ID="string_211" HPOS="220" VPOS="776" WIDTH="57" HEIGHT="20" WC="0.96" CONTENT="ända"/><SP WIDTH="19" VPOS="776" HPOS="277"/>
							<String ID="string_212" HPOS="296" VPOS="776" WIDTH="32" HEIGHT="21" WC="0.95" CONTENT="till"/><SP WIDTH="15" VPOS="776" HPOS="328"/>
							<String ID="string_213" HPOS="343" VPOS="776" WIDTH="25" HEIGHT="21" WC="0.96" CONTENT="år"/><SP WIDTH="18" VPOS="776" HPOS="368"/>
							<String ID="string_214" HPOS="386" VPOS="777" WIDTH="53" HEIGHT="20" WC="0.96" CONTENT="1850"/><SP WIDTH="15" VPOS="777" HPOS="439"/>
							<String ID="string_215" HPOS="454" VPOS="777" WIDTH="46" HEIGHT="20" WC="0.96" CONTENT="icke"/><SP WIDTH="16" VPOS="777" HPOS="500"/>
							<String ID="string_216" HPOS="516" VPOS="776" WIDTH="81" HEIGHT="21" WC="0.96" CONTENT="ökades"/><SP WIDTH="15" VPOS="776" HPOS="597"/>
							<String ID="string_217" HPOS="612" VPOS="778" WIDTH="52" HEIGHT="19" WC="0.96" CONTENT="utan"/><SP WIDTH="17" VPOS="778" HPOS="664"/>
							<String ID="string_218" HPOS="681" VPOS="777" WIDTH="90" HEIGHT="20" WC="0.96" CONTENT="tvärtom"/><SP WIDTH="16" VPOS="777" HPOS="771"/>
							<String ID="string_219" HPOS="787" VPOS="776" WIDTH="122" HEIGHT="21" WC="0.96" CONTENT="minskades"/>
						</TextLine>
						<TextLine ID="line_23" HPOS="84" VPOS="804" WIDTH="827" HEIGHT="27">
							<String ID="string_220" HPOS="84" VPOS="804" WIDTH="45" HEIGHT="21" WC="0.96" CONTENT="från"/><SP WIDTH="17" VPOS="804" HPOS="129"/>
							<String ID="string_221" HPOS="146" VPOS="806" WIDTH="26" HEIGHT="19" WC="0.96" CONTENT="37"/><SP WIDTH="17" VPOS="806" HPOS="172"/>
							<String ID="string_222" HPOS="189" VPOS="805" WIDTH="31" HEIGHT="20" WC="0.96" CONTENT="till"/><SP WIDTH="17" VPOS="805" HPOS="220"/>
							<String ID="string_223" HPOS="237" VPOS="806" WIDTH="32" HEIGHT="19" WC="0.96" CONTENT="36."/><SP WIDTH="22" VPOS="806" HPOS="269"/>
							<String ID="string_224" HPOS="291" VPOS="805" WIDTH="9" HEIGHT="20" WC="0.96" CONTENT="I"/><SP WIDTH="17" VPOS="805" HPOS="300"/>
							<String ID="string_225" HPOS="317" VPOS="805" WIDTH="87" HEIGHT="26" WC="0.95" CONTENT="Sverige"/><SP WIDTH="15" VPOS="805" HPOS="404"/>
							<String ID="string_226" HPOS="419" VPOS="804" WIDTH="55" HEIGHT="21" WC="0.93" CONTENT="hade"/><SP WIDTH="16" VPOS="804" HPOS="474"/>
							<String ID="string_227" HPOS="490" VPOS="805" WIDTH="96" HEIGHT="20" WC="0.91" CONTENT="deremot"/><SP WIDTH="16" VPOS="805" HPOS="586"/>
							<String ID="string_228" HPOS="602" VPOS="805" WIDTH="61" HEIGHT="20" WC="0.96" CONTENT="deras"/><SP WIDTH="16" VPOS="805" HPOS="663"/>
							<String ID="string_229" HPOS="679" VPOS="805" WIDTH="58" HEIGHT="20" WC="0.96" CONTENT="antal"/><SP WIDTH="15" VPOS="805" HPOS="737"/>
							<String ID="string_230" HPOS="752" VPOS="805" WIDTH="67" HEIGHT="20" WC="0.96" CONTENT="under"/><SP WIDTH="10" VPOS="805" HPOS="819"/>
							<String ID="string_231" HPOS="829" VPOS="811" WIDTH="82" HEIGHT="14" WC="0.96" CONTENT="samma"/>
						</TextLine>
						<TextLine ID="line_24" HPOS="83" VPOS="833" WIDTH="827" HEIGHT="27">
							<String ID="string_232" HPOS="83" VPOS="833" WIDTH="31" HEIGHT="20" WC="0.96" CONTENT="tid"/><SP WIDTH="16" VPOS="833" HPOS="114"/>
							<String ID="string_233" HPOS="130" VPOS="833" WIDTH="59" HEIGHT="26" WC="0.95" CONTENT="stigit"/><SP WIDTH="16" VPOS="833" HPOS="189"/>
							<String ID="string_234" HPOS="205" VPOS="833" WIDTH="46" HEIGHT="21" WC="0.96" CONTENT="från"/><SP WIDTH="18" VPOS="833" HPOS="251"/>
							<String ID="string_235" HPOS="269" VPOS="834" WIDTH="38" HEIGHT="20" WC="0.90" CONTENT="105"/><SP WIDTH="17" VPOS="834" HPOS="307"/>
							<String ID="string_236" HPOS="324" VPOS="833" WIDTH="32" HEIGHT="21" WC="0.95" CONTENT="till"/><SP WIDTH="19" VPOS="833" HPOS="356"/>
							<String ID="string_237" HPOS="375" VPOS="834" WIDTH="44" HEIGHT="20" WC="0.95" CONTENT="155."/><SP WIDTH="21" VPOS="834" HPOS="419"/>
							<String ID="string_238" HPOS="440" VPOS="833" WIDTH="96" HEIGHT="21" WC="0.96" CONTENT="Orsaken"/><SP WIDTH="16" VPOS="833" HPOS="536"/>
							<String ID="string_239" HPOS="552" VPOS="833" WIDTH="33" HEIGHT="21" WC="0.96" CONTENT="till"/><SP WIDTH="17" VPOS="833" HPOS="585"/>
							<String ID="string_240" HPOS="602" VPOS="833" WIDTH="59" HEIGHT="21" WC="0.96" CONTENT="detta"/><SP WIDTH="15" VPOS="833" HPOS="661"/>
							<String ID="string_241" HPOS="676" VPOS="833" WIDTH="33" HEIGHT="21" WC="0.96" CONTENT="för"/><SP WIDTH="15" VPOS="833" HPOS="709"/>
							<String ID="string_242" HPOS="724" VPOS="839" WIDTH="35" HEIGHT="15" WC="0.93" CONTENT="oss"/><SP WIDTH="11" VPOS="839" HPOS="759"/>
							<String ID="string_243" HPOS="770" VPOS="833" WIDTH="140" HEIGHT="27" WC="0.92" CONTENT="oförmonliga"/>
						</TextLine>
						<TextLine ID="line_25" HPOS="83" VPOS="861" WIDTH="827" HEIGHT="28">
							<String ID="string_244" HPOS="83" VPOS="861" WIDTH="132" HEIGHT="22" WC="0.96" CONTENT="förhållande"/><SP WIDTH="15" VPOS="861" HPOS="215"/>
							<String ID="string_245" HPOS="230" VPOS="862" WIDTH="42" HEIGHT="21" WC="0.96" CONTENT="kan"/><SP WIDTH="16" VPOS="862" HPOS="272"/>
							<String ID="string_246" HPOS="288" VPOS="862" WIDTH="33" HEIGHT="20" WC="0.96" CONTENT="väl"/><SP WIDTH="16" VPOS="862" HPOS="321"/>
							<String ID="string_247" HPOS="337" VPOS="862" WIDTH="64" HEIGHT="21" WC="0.96" CONTENT="sökas"/><SP WIDTH="16" VPOS="862" HPOS="401"/>
							<String ID="string_248" HPOS="417" VPOS="862" WIDTH="6" HEIGHT="20" WC="0.96" CONTENT="i"/><SP WIDTH="16" VPOS="862" HPOS="423"/>
							<String ID="string_249" HPOS="439" VPOS="863" WIDTH="78" HEIGHT="26" WC="0.96" CONTENT="många"/><SP WIDTH="15" VPOS="863" HPOS="517"/>
							<String ID="string_250" HPOS="532" VPOS="862" WIDTH="54" HEIGHT="21" WC="0.95" CONTENT="både"/><SP WIDTH="16" VPOS="862" HPOS="586"/>
							<String ID="string_251" HPOS="602" VPOS="862" WIDTH="102" HEIGHT="27" WC="0.95" CONTENT="politiska"/><SP WIDTH="16" VPOS="862" HPOS="704"/>
							<String ID="string_252" HPOS="720" VPOS="862" WIDTH="39" HEIGHT="21" WC="0.96" CONTENT="och"/><SP WIDTH="15" VPOS="862" HPOS="759"/>
							<String ID="string_253" HPOS="774" VPOS="862" WIDTH="79" HEIGHT="21" WC="0.92" CONTENT="sociala"/><SP WIDTH="15" VPOS="862" HPOS="853"/>
							<String ID="string_254" HPOS="868" VPOS="862" WIDTH="42" HEIGHT="21" WC="0.90" CONTENT="för-"/>
						</TextLine>
						<TextLine ID="line_26" HPOS="83" VPOS="890" WIDTH="828" HEIGHT="26">
							<String ID="string_255" HPOS="83" VPOS="890" WIDTH="120" HEIGHT="26" WC="0.89" CONTENT="hållanden,"/><SP WIDTH="23" VPOS="890" HPOS="203"/>
							<String ID="string_256" HPOS="226" VPOS="890" WIDTH="71" HEIGHT="21" WC="0.96" CONTENT="hvilka"/><SP WIDTH="23" VPOS="890" HPOS="297"/>
							<String ID="string_257" HPOS="320" VPOS="891" WIDTH="55" HEIGHT="20" WC="0.96" CONTENT="varit"/><SP WIDTH="16" VPOS="891" HPOS="375"/>
							<String ID="string_258" HPOS="391" VPOS="891" WIDTH="57" HEIGHT="20" WC="0.96" CONTENT="olika"/><SP WIDTH="17" VPOS="891" HPOS="448"/>
							<String ID="string_259" HPOS="465" VPOS="891" WIDTH="7" HEIGHT="20" WC="0.96" CONTENT="i"/><SP WIDTH="15" VPOS="891" HPOS="472"/>
							<String ID="string_260" HPOS="487" VPOS="891" WIDTH="105" HEIGHT="20" WC="0.96" CONTENT="hvardera"/><SP WIDTH="16" VPOS="891" HPOS="592"/>
							<String ID="string_261" HPOS="608" VPOS="891" WIDTH="81" HEIGHT="25" WC="0.96" CONTENT="landet;"/><SP WIDTH="16" VPOS="891" HPOS="689"/>
							<String ID="string_262" HPOS="705" VPOS="897" WIDTH="47" HEIGHT="14" WC="0.96" CONTENT="men"/><SP WIDTH="17" VPOS="897" HPOS="752"/>
							<String ID="string_263" HPOS="769" VPOS="891" WIDTH="33" HEIGHT="20" WC="0.85" CONTENT="för"/><SP WIDTH="15" VPOS="891" HPOS="802"/>
							<String ID="string_264" HPOS="817" VPOS="891" WIDTH="42" HEIGHT="20" WC="0.96" CONTENT="min"/><SP WIDTH="17" VPOS="891" HPOS="859"/>
							<String ID="string_265" HPOS="876" VPOS="891" WIDTH="35" HEIGHT="21" WC="0.95" CONTENT="del"/>
						</TextLine>
						<TextLine ID="line_27" HPOS="83" VPOS="919" WIDTH="828" HEIGHT="27">
							<String ID="string_266" HPOS="83" VPOS="919" WIDTH="41" HEIGHT="20" WC="0.96" CONTENT="kan"/><SP WIDTH="14" VPOS="919" HPOS="124"/>
							<String ID="string_267" HPOS="138" VPOS="919" WIDTH="37" HEIGHT="27" WC="0.96" CONTENT="jag"/><SP WIDTH="16" VPOS="919" HPOS="175"/>
							<String ID="string_268" HPOS="191" VPOS="919" WIDTH="46" HEIGHT="21" WC="0.96" CONTENT="icke"/><SP WIDTH="15" VPOS="919" HPOS="237"/>
							<String ID="string_269" HPOS="252" VPOS="919" WIDTH="59" HEIGHT="26" WC="0.96" CONTENT="värja"/><SP WIDTH="15" VPOS="919" HPOS="311"/>
							<String ID="string_270" HPOS="326" VPOS="919" WIDTH="44" HEIGHT="26" WC="0.96" CONTENT="mig"/><SP WIDTH="15" VPOS="919" HPOS="370"/>
							<String ID="string_271" HPOS="385" VPOS="919" WIDTH="33" HEIGHT="21" WC="0.96" CONTENT="för"/><SP WIDTH="17" VPOS="919" HPOS="418"/>
							<String ID="string_272" HPOS="435" VPOS="919" WIDTH="40" HEIGHT="21" WC="0.96" CONTENT="den"/><SP WIDTH="17" VPOS="919" HPOS="475"/>
							<String ID="string_273" HPOS="492" VPOS="920" WIDTH="86" HEIGHT="25" WC="0.96" CONTENT="tanken,"/><SP WIDTH="16" VPOS="920" HPOS="578"/>
							<String ID="string_274" HPOS="594" VPOS="921" WIDTH="32" HEIGHT="19" WC="0.96" CONTENT="att"/><SP WIDTH="16" VPOS="921" HPOS="626"/>
							<String ID="string_275" HPOS="642" VPOS="925" WIDTH="25" HEIGHT="15" WC="0.96" CONTENT="en"/><SP WIDTH="17" VPOS="925" HPOS="667"/>
							<String ID="string_276" HPOS="684" VPOS="919" WIDTH="104" HEIGHT="27" WC="0.96" CONTENT="väsentlig"/><SP WIDTH="10" VPOS="919" HPOS="788"/>
							<String ID="string_277" HPOS="798" VPOS="919" WIDTH="69" HEIGHT="27" WC="0.95" CONTENT="grund"/><SP WIDTH="11" VPOS="919" HPOS="867"/>
							<String ID="string_278" HPOS="878" VPOS="919" WIDTH="33" HEIGHT="21" WC="0.96" CONTENT="till"/>
						</TextLine>
						<TextLine ID="line_28" HPOS="84" VPOS="947" WIDTH="827" HEIGHT="28">
							<String ID="string_279" HPOS="84" VPOS="948" WIDTH="59" HEIGHT="21" WC="0.92" CONTENT="detta"/><SP WIDTH="15" VPOS="948" HPOS="143"/>
							<String ID="string_280" HPOS="158" VPOS="947" WIDTH="142" HEIGHT="27" WC="0.91" CONTENT="oförmånliga"/><SP WIDTH="15" VPOS="947" HPOS="300"/>
							<String ID="string_281" HPOS="315" VPOS="947" WIDTH="135" HEIGHT="22" WC="0.96" CONTENT="förhållande"/><SP WIDTH="16" VPOS="947" HPOS="450"/>
							<String ID="string_282" HPOS="466" VPOS="949" WIDTH="64" HEIGHT="20" WC="0.96" CONTENT="också"/><SP WIDTH="16" VPOS="949" HPOS="530"/>
							<String ID="string_283" HPOS="546" VPOS="949" WIDTH="58" HEIGHT="25" WC="0.96" CONTENT="legat"/><SP WIDTH="16" VPOS="949" HPOS="604"/>
							<String ID="string_284" HPOS="620" VPOS="948" WIDTH="6" HEIGHT="21" WC="0.96" CONTENT="i"/><SP WIDTH="16" VPOS="948" HPOS="626"/>
							<String ID="string_285" HPOS="642" VPOS="948" WIDTH="173" HEIGHT="27" WC="0.96" CONTENT="organisationen"/><SP WIDTH="12" VPOS="948" HPOS="815"/>
							<String ID="string_286" HPOS="827" VPOS="948" WIDTH="23" HEIGHT="21" WC="0.96" CONTENT="af"/><SP WIDTH="14" VPOS="948" HPOS="850"/>
							<String ID="string_287" HPOS="864" VPOS="949" WIDTH="47" HEIGHT="20" WC="0.96" CONTENT="vårt"/>
						</TextLine>
						<TextLine ID="line_29" HPOS="83" VPOS="977" WIDTH="827" HEIGHT="26">
							<String ID="string_288" HPOS="83" VPOS="977" WIDTH="146" HEIGHT="25" WC="0.92" CONTENT="postväsende."/><SP WIDTH="31" VPOS="977" HPOS="229"/>
							<String ID="string_289" HPOS="260" VPOS="977" WIDTH="10" HEIGHT="20" WC="0.85" CONTENT="I"/><SP WIDTH="23" VPOS="977" HPOS="270"/>
							<String ID="string_290" HPOS="293" VPOS="977" WIDTH="87" HEIGHT="26" WC="0.93" CONTENT="Sverige"/><SP WIDTH="16" VPOS="977" HPOS="380"/>
							<String ID="string_291" HPOS="396" VPOS="977" WIDTH="91" HEIGHT="26" WC="0.91" CONTENT="begynte"/><SP WIDTH="16" VPOS="977" HPOS="487"/>
							<String ID="string_292" HPOS="503" VPOS="983" WIDTH="48" HEIGHT="14" WC="0.96" CONTENT="man"/><SP WIDTH="17" VPOS="983" HPOS="551"/>
							<String ID="string_293" HPOS="568" VPOS="977" WIDTH="23" HEIGHT="20" WC="0.96" CONTENT="är"/><SP WIDTH="19" VPOS="977" HPOS="591"/>
							<String ID="string_294" HPOS="610" VPOS="977" WIDTH="53" HEIGHT="20" WC="0.95" CONTENT="1849"/><SP WIDTH="16" VPOS="977" HPOS="663"/>
							<String ID="string_295" HPOS="679" VPOS="977" WIDTH="80" HEIGHT="20" WC="0.93" CONTENT="inrätta"/><SP WIDTH="15" VPOS="977" HPOS="759"/>
							<String ID="string_296" HPOS="774" VPOS="977" WIDTH="136" HEIGHT="26" WC="0.92" CONTENT="postexpedi-"/>
						</TextLine>
						<TextLine ID="line_30" HPOS="84" VPOS="1005" WIDTH="827" HEIGHT="27">
							<String ID="string_297" HPOS="84" VPOS="1005" WIDTH="69" HEIGHT="20" WC="0.89" CONTENT="tioner"/><SP WIDTH="15" VPOS="1005" HPOS="153"/>
							<String ID="string_298" HPOS="168" VPOS="1005" WIDTH="39" HEIGHT="21" WC="0.96" CONTENT="och"/><SP WIDTH="15" VPOS="1005" HPOS="207"/>
							<String ID="string_299" HPOS="222" VPOS="1005" WIDTH="25" HEIGHT="21" WC="0.96" CONTENT="är"/><SP WIDTH="18" VPOS="1005" HPOS="247"/>
							<String ID="string_300" HPOS="265" VPOS="1007" WIDTH="52" HEIGHT="19" WC="0.93" CONTENT="1866"/><SP WIDTH="16" VPOS="1007" HPOS="317"/>
							<String ID="string_301" HPOS="333" VPOS="1006" WIDTH="162" HEIGHT="26" WC="0.92" CONTENT="poststationer,"/><SP WIDTH="13" VPOS="1006" HPOS="495"/>
							<String ID="string_302" HPOS="508" VPOS="1005" WIDTH="72" HEIGHT="21" WC="0.93" CONTENT="hvilka"/><SP WIDTH="11" VPOS="1005" HPOS="580"/>
							<String ID="string_303" HPOS="591" VPOS="1005" WIDTH="143" HEIGHT="26" WC="0.92" CONTENT="inrättningar"/><SP WIDTH="10" VPOS="1005" HPOS="734"/>
							<String ID="string_304" HPOS="744" VPOS="1012" WIDTH="51" HEIGHT="15" WC="0.93" CONTENT="voro"/><SP WIDTH="12" VPOS="1012" HPOS="795"/>
							<String ID="string_305" HPOS="807" VPOS="1006" WIDTH="104" HEIGHT="26" WC="0.95" CONTENT="betydligt"/>
						</TextLine>
						<TextLine ID="line_31" HPOS="83" VPOS="1033" WIDTH="828" HEIGHT="28">
							<String ID="string_306" HPOS="83" VPOS="1033" WIDTH="97" HEIGHT="27" WC="0.94" CONTENT="billigare"/><SP WIDTH="15" VPOS="1033" HPOS="180"/>
							<String ID="string_307" HPOS="195" VPOS="1034" WIDTH="39" HEIGHT="21" WC="0.93" CONTENT="och"/><SP WIDTH="17" VPOS="1034" HPOS="234"/>
							<String ID="string_308" HPOS="251" VPOS="1034" WIDTH="61" HEIGHT="26" WC="0.92" CONTENT="skilja"/><SP WIDTH="15" VPOS="1034" HPOS="312"/>
							<String ID="string_309" HPOS="327" VPOS="1035" WIDTH="32" HEIGHT="26" WC="0.93" CONTENT="sig"/><SP WIDTH="16" VPOS="1035" HPOS="359"/>
							<String ID="string_310" HPOS="375" VPOS="1034" WIDTH="47" HEIGHT="21" WC="0.93" CONTENT="frän"/><SP WIDTH="14" VPOS="1034" HPOS="422"/>
							<String ID="string_311" HPOS="436" VPOS="1035" WIDTH="154" HEIGHT="26" WC="0.92" CONTENT="postkontoren"/><SP WIDTH="12" VPOS="1035" HPOS="590"/>
							<String ID="string_312" HPOS="602" VPOS="1034" WIDTH="75" HEIGHT="21" WC="0.96" CONTENT="endast"/><SP WIDTH="10" VPOS="1034" HPOS="677"/>
							<String ID="string_313" HPOS="687" VPOS="1041" WIDTH="74" HEIGHT="20" WC="0.93" CONTENT="genom"/><SP WIDTH="13" VPOS="1041" HPOS="761"/>
							<String ID="string_314" HPOS="774" VPOS="1034" WIDTH="137" HEIGHT="27" WC="0.92" CONTENT="personalens"/>
						</TextLine>
						<TextLine ID="line_32" HPOS="83" VPOS="1061" WIDTH="828" HEIGHT="28">
							<String ID="string_315" HPOS="83" VPOS="1061" WIDTH="93" HEIGHT="28" WC="0.93" CONTENT="aflöning"/><SP WIDTH="15" VPOS="1061" HPOS="176"/>
							<String ID="string_316" HPOS="191" VPOS="1063" WIDTH="40" HEIGHT="20" WC="0.96" CONTENT="och"/><SP WIDTH="15" VPOS="1063" HPOS="231"/>
							<String ID="string_317" HPOS="246" VPOS="1063" WIDTH="39" HEIGHT="20" WC="0.93" CONTENT="den"/><SP WIDTH="17" VPOS="1063" HPOS="285"/>
							<String ID="string_318" HPOS="302" VPOS="1063" WIDTH="85" HEIGHT="20" WC="0.92" CONTENT="kortare"/><SP WIDTH="16" VPOS="1063" HPOS="387"/>
							<String ID="string_319" HPOS="403" VPOS="1063" WIDTH="39" HEIGHT="23" WC="0.96" CONTENT="tid,"/><SP WIDTH="16" VPOS="1063" HPOS="442"/>
							<String ID="string_320" HPOS="458" VPOS="1063" WIDTH="67" HEIGHT="21" WC="0.93" CONTENT="under"/><SP WIDTH="16" VPOS="1063" HPOS="525"/>
							<String ID="string_321" HPOS="541" VPOS="1063" WIDTH="84" HEIGHT="20" WC="0.92" CONTENT="hvilken"/><SP WIDTH="17" VPOS="1063" HPOS="625"/>
							<String ID="string_322" HPOS="642" VPOS="1063" WIDTH="26" HEIGHT="20" WC="0.93" CONTENT="de"/><SP WIDTH="16" VPOS="1063" HPOS="668"/>
							<String ID="string_323" HPOS="684" VPOS="1063" WIDTH="68" HEIGHT="21" WC="0.92" CONTENT="hällas"/><SP WIDTH="16" VPOS="1063" HPOS="752"/>
							<String ID="string_324" HPOS="768" VPOS="1065" WIDTH="76" HEIGHT="24" WC="0.89" CONTENT="öppna,"/><SP WIDTH="11" VPOS="1065" HPOS="844"/>
							<String ID="string_325" HPOS="855" VPOS="1066" WIDTH="56" HEIGHT="18" WC="0.96" CONTENT="samt"/>
						</TextLine>
						<TextLine ID="line_33" HPOS="83" VPOS="1091" WIDTH="827" HEIGHT="27">
							<String ID="string_326" HPOS="83" VPOS="1091" WIDTH="111" HEIGHT="21" WC="0.91" CONTENT="betraktas"/><SP WIDTH="23" VPOS="1091" HPOS="194"/>
							<String ID="string_327" HPOS="217" VPOS="1092" WIDTH="74" HEIGHT="20" WC="0.93" CONTENT="endast"/><SP WIDTH="22" VPOS="1092" HPOS="291"/>
							<String ID="string_328" HPOS="313" VPOS="1091" WIDTH="70" HEIGHT="21" WC="0.92" CONTENT="säsom"/><SP WIDTH="23" VPOS="1091" HPOS="383"/>
							<String ID="string_329" HPOS="406" VPOS="1091" WIDTH="77" HEIGHT="22" WC="0.92" CONTENT="filialer"/><SP WIDTH="15" VPOS="1091" HPOS="483"/>
							<String ID="string_330" HPOS="498" VPOS="1091" WIDTH="24" HEIGHT="21" WC="0.93" CONTENT="af"/><SP WIDTH="17" VPOS="1091" HPOS="522"/>
							<String ID="string_331" HPOS="539" VPOS="1092" WIDTH="61" HEIGHT="21" WC="0.92" CONTENT="desse"/><SP WIDTH="16" VPOS="1092" HPOS="600"/>
							<String ID="string_332" HPOS="616" VPOS="1098" WIDTH="80" HEIGHT="14" WC="0.92" CONTENT="senare."/><SP WIDTH="31" VPOS="1098" HPOS="696"/>
							<String ID="string_333" HPOS="727" VPOS="1091" WIDTH="32" HEIGHT="21" WC="0.92" CONTENT="Dä"/><SP WIDTH="16" VPOS="1091" HPOS="759"/>
							<String ID="string_334" HPOS="775" VPOS="1092" WIDTH="49" HEIGHT="21" WC="0.93" CONTENT="herr"/><SP WIDTH="16" VPOS="1092" HPOS="824"/>
							<String ID="string_335" HPOS="840" VPOS="1092" WIDTH="70" HEIGHT="26" WC="0.96" CONTENT="Bergh"/>
						</TextLine>
						<TextLine ID="line_34" HPOS="83" VPOS="1120" WIDTH="828" HEIGHT="27">
							<String ID="string_336" HPOS="83" VPOS="1125" WIDTH="50" HEIGHT="21" WC="0.95" CONTENT="nyss"/><SP WIDTH="16" VPOS="1125" HPOS="133"/>
							<String ID="string_337" HPOS="149" VPOS="1121" WIDTH="91" HEIGHT="20" WC="0.95" CONTENT="nämnde"/><SP WIDTH="16" VPOS="1121" HPOS="240"/>
							<String ID="string_338" HPOS="256" VPOS="1122" WIDTH="32" HEIGHT="19" WC="0.96" CONTENT="att"/><SP WIDTH="16" VPOS="1122" HPOS="288"/>
							<String ID="string_339" HPOS="304" VPOS="1120" WIDTH="86" HEIGHT="26" WC="0.93" CONTENT="Sverige"/><SP WIDTH="16" VPOS="1120" HPOS="390"/>
							<String ID="string_340" HPOS="406" VPOS="1126" WIDTH="50" HEIGHT="20" WC="0.88" CONTENT="eger"/><SP WIDTH="11" VPOS="1126" HPOS="456"/>
							<String ID="string_341" HPOS="467" VPOS="1120" WIDTH="99" HEIGHT="27" WC="0.96" CONTENT="omkring"/><SP WIDTH="10" VPOS="1120" HPOS="566"/>
							<String ID="string_342" HPOS="576" VPOS="1121" WIDTH="62" HEIGHT="26" WC="0.93" CONTENT="2,000"/><SP WIDTH="13" VPOS="1121" HPOS="638"/>
							<String ID="string_343" HPOS="651" VPOS="1120" WIDTH="127" HEIGHT="27" WC="0.96" CONTENT="postkontor"/><SP WIDTH="11" VPOS="1120" HPOS="778"/>
							<String ID="string_344" HPOS="789" VPOS="1121" WIDTH="39" HEIGHT="20" WC="0.96" CONTENT="och"/><SP WIDTH="11" VPOS="1121" HPOS="828"/>
							<String ID="string_345" HPOS="839" VPOS="1121" WIDTH="72" HEIGHT="26" WC="0.96" CONTENT="Norge"/>
						</TextLine>
						<TextLine ID="line_35" HPOS="84" VPOS="1149" WIDTH="827" HEIGHT="27">
							<String ID="string_346" HPOS="84" VPOS="1149" WIDTH="47" HEIGHT="25" WC="0.96" CONTENT="719,"/><SP WIDTH="17" VPOS="1149" HPOS="131"/>
							<String ID="string_347" HPOS="148" VPOS="1154" WIDTH="37" HEIGHT="15" WC="0.95" CONTENT="var"/><SP WIDTH="21" VPOS="1154" HPOS="185"/>
							<String ID="string_348" HPOS="206" VPOS="1149" WIDTH="59" HEIGHT="20" WC="0.96" CONTENT="detta"/><SP WIDTH="20" VPOS="1149" HPOS="265"/>
							<String ID="string_349" HPOS="285" VPOS="1151" WIDTH="30" HEIGHT="18" WC="0.93" CONTENT="ett"/><SP WIDTH="16" VPOS="1151" HPOS="315"/>
							<String ID="string_350" HPOS="331" VPOS="1149" WIDTH="130" HEIGHT="26" WC="0.91" CONTENT="fullkomligt"/><SP WIDTH="16" VPOS="1149" HPOS="461"/>
							<String ID="string_351" HPOS="477" VPOS="1149" WIDTH="84" HEIGHT="26" WC="0.90" CONTENT="mistag."/><SP WIDTH="31" VPOS="1149" HPOS="561"/>
							<String ID="string_352" HPOS="592" VPOS="1149" WIDTH="97" HEIGHT="27" WC="0.93" CONTENT="Sveriges"/><SP WIDTH="16" VPOS="1149" HPOS="689"/>
							<String ID="string_353" HPOS="705" VPOS="1149" WIDTH="127" HEIGHT="26" WC="0.92" CONTENT="postkontor"/><SP WIDTH="16" VPOS="1149" HPOS="832"/>
							<String ID="string_354" HPOS="848" VPOS="1149" WIDTH="63" HEIGHT="21" WC="0.92" CONTENT="hafva"/>
						</TextLine>
						<TextLine ID="line_36" HPOS="83" VPOS="1172" WIDTH="828" HEIGHT="32">
							<String ID="string_355" HPOS="83" VPOS="1177" WIDTH="68" HEIGHT="20" WC="0.96" CONTENT="under"/><SP WIDTH="20" VPOS="1177" HPOS="151"/>
							<String ID="string_356" HPOS="171" VPOS="1177" WIDTH="58" HEIGHT="21" WC="0.93" CONTENT="detta"/><SP WIDTH="22" VPOS="1177" HPOS="229"/>
							<String ID="string_357" HPOS="251" VPOS="1177" WIDTH="136" HEIGHT="22" WC="0.88" CONTENT="ärhundrade"/><SP WIDTH="16" VPOS="1177" HPOS="387"/>
							<String ID="string_358" HPOS="403" VPOS="1178" WIDTH="104" HEIGHT="21" WC="0.92" CONTENT="minskats"/><SP WIDTH="17" VPOS="1178" HPOS="507"/>
							<String ID="string_359" HPOS="524" VPOS="1177" WIDTH="111" HEIGHT="27" WC="0.95" CONTENT="betydligt."/><SP WIDTH="30" VPOS="1177" HPOS="635"/>
							<String ID="string_360" HPOS="665" VPOS="1172" WIDTH="31" HEIGHT="27" WC="0.95" CONTENT="Är"/><SP WIDTH="19" VPOS="1172" HPOS="696"/>
							<String ID="string_361" HPOS="715" VPOS="1180" WIDTH="52" HEIGHT="19" WC="0.93" CONTENT="1874"/><SP WIDTH="15" VPOS="1180" HPOS="767"/>
							<String ID="string_362" HPOS="782" VPOS="1177" WIDTH="76" HEIGHT="22" WC="0.93" CONTENT="funnos"/><SP WIDTH="16" VPOS="1177" HPOS="858"/>
							<String ID="string_363" HPOS="874" VPOS="1178" WIDTH="37" HEIGHT="21" WC="0.97" CONTENT="der"/>
						</TextLine>
						<TextLine ID="line_37" HPOS="83" VPOS="1205" WIDTH="828" HEIGHT="28">
							<String ID="string_364" HPOS="83" VPOS="1205" WIDTH="76" HEIGHT="21" WC="0.96" CONTENT="endast"/><SP WIDTH="15" VPOS="1205" HPOS="159"/>
							<String ID="string_365" HPOS="174" VPOS="1207" WIDTH="26" HEIGHT="20" WC="0.93" CONTENT="67"/><SP WIDTH="16" VPOS="1207" HPOS="200"/>
							<String ID="string_366" HPOS="216" VPOS="1206" WIDTH="134" HEIGHT="27" WC="0.92" CONTENT="postkontor,"/><SP WIDTH="16" VPOS="1206" HPOS="350"/>
							<String ID="string_367" HPOS="366" VPOS="1213" WIDTH="48" HEIGHT="14" WC="0.93" CONTENT="men"/><SP WIDTH="17" VPOS="1213" HPOS="414"/>
							<String ID="string_368" HPOS="431" VPOS="1206" WIDTH="95" HEIGHT="21" WC="0.92" CONTENT="deremot"/><SP WIDTH="15" VPOS="1206" HPOS="526"/>
							<String ID="string_369" HPOS="541" VPOS="1207" WIDTH="39" HEIGHT="20" WC="0.93" CONTENT="132"/><SP WIDTH="12" VPOS="1207" HPOS="580"/>
							<String ID="string_370" HPOS="592" VPOS="1207" WIDTH="194" HEIGHT="26" WC="0.91" CONTENT="postexpeditioner"/><SP WIDTH="11" VPOS="1207" HPOS="786"/>
							<String ID="string_371" HPOS="797" VPOS="1206" WIDTH="39" HEIGHT="21" WC="0.97" CONTENT="och"/><SP WIDTH="13" VPOS="1206" HPOS="836"/>
							<String ID="string_372" HPOS="849" VPOS="1207" WIDTH="62" HEIGHT="25" WC="0.96" CONTENT="1,006"/>
						</TextLine>
						<TextLine ID="line_38" HPOS="83" VPOS="1235" WIDTH="828" HEIGHT="27">
							<String ID="string_373" HPOS="83" VPOS="1235" WIDTH="159" HEIGHT="26" WC="0.87" CONTENT="poststationer."/><SP WIDTH="30" VPOS="1235" HPOS="242"/>
							<String ID="string_374" HPOS="272" VPOS="1235" WIDTH="43" HEIGHT="21" WC="0.96" CONTENT="För"/><SP WIDTH="22" VPOS="1235" HPOS="315"/>
							<String ID="string_375" HPOS="337" VPOS="1235" WIDTH="134" HEIGHT="21" WC="0.96" CONTENT="närvarande"/><SP WIDTH="23" VPOS="1235" HPOS="471"/>
							<String ID="string_376" HPOS="494" VPOS="1235" WIDTH="61" HEIGHT="21" WC="0.96" CONTENT="torde"/><SP WIDTH="23" VPOS="1235" HPOS="555"/>
							<String ID="string_377" HPOS="578" VPOS="1235" WIDTH="62" HEIGHT="21" WC="0.96" CONTENT="dessa"/><SP WIDTH="23" VPOS="1235" HPOS="640"/>
							<String ID="string_378" HPOS="663" VPOS="1235" WIDTH="74" HEIGHT="27" WC="0.93" CONTENT="billiga"/><SP WIDTH="21" VPOS="1235" HPOS="737"/>
							<String ID="string_379" HPOS="758" VPOS="1235" WIDTH="153" HEIGHT="27" WC="0.92" CONTENT="inrättningars"/>
						</TextLine>
						<TextLine ID="line_39" HPOS="83" VPOS="1263" WIDTH="828" HEIGHT="28">
							<String ID="string_380" HPOS="83" VPOS="1263" WIDTH="58" HEIGHT="21" WC="0.90" CONTENT="antal"/><SP WIDTH="15" VPOS="1263" HPOS="141"/>
							<String ID="string_381" HPOS="156" VPOS="1264" WIDTH="70" HEIGHT="26" WC="0.92" CONTENT="uppgä"/><SP WIDTH="16" VPOS="1264" HPOS="226"/>
							<String ID="string_382" HPOS="242" VPOS="1264" WIDTH="32" HEIGHT="21" WC="0.93" CONTENT="till"/><SP WIDTH="16" VPOS="1264" HPOS="274"/>
							<String ID="string_383" HPOS="290" VPOS="1266" WIDTH="98" HEIGHT="18" WC="0.92" CONTENT="närmare"/><SP WIDTH="16" VPOS="1266" HPOS="388"/>
							<String ID="string_384" HPOS="404" VPOS="1264" WIDTH="71" HEIGHT="24" WC="0.96" CONTENT="2,000."/><SP WIDTH="21" VPOS="1264" HPOS="475"/>
							<String ID="string_385" HPOS="496" VPOS="1264" WIDTH="32" HEIGHT="21" WC="0.93" CONTENT="De"/><SP WIDTH="16" VPOS="1264" HPOS="528"/>
							<String ID="string_386" HPOS="544" VPOS="1266" WIDTH="84" HEIGHT="19" WC="0.93" CONTENT="senaste"/><SP WIDTH="16" VPOS="1266" HPOS="628"/>
							<String ID="string_387" HPOS="644" VPOS="1264" WIDTH="111" HEIGHT="27" WC="0.96" CONTENT="uppgifter,"/><SP WIDTH="13" VPOS="1264" HPOS="755"/>
							<String ID="string_388" HPOS="768" VPOS="1264" WIDTH="38" HEIGHT="27" WC="0.93" CONTENT="jag"/><SP WIDTH="15" VPOS="1264" HPOS="806"/>
							<String ID="string_389" HPOS="821" VPOS="1264" WIDTH="47" HEIGHT="21" WC="0.93" CONTENT="haft"/><SP WIDTH="12" VPOS="1264" HPOS="868"/>
							<String ID="string_390" HPOS="880" VPOS="1267" WIDTH="31" HEIGHT="18" WC="0.97" CONTENT="att"/>
						</TextLine>
						<TextLine ID="line_40" HPOS="83" VPOS="1292" WIDTH="828" HEIGHT="28">
							<String ID="string_391" HPOS="83" VPOS="1292" WIDTH="66" HEIGHT="26" WC="0.91" CONTENT="tillgä,"/><SP WIDTH="24" VPOS="1292" HPOS="149"/>
							<String ID="string_392" HPOS="173" VPOS="1294" WIDTH="38" HEIGHT="20" WC="0.91" CONTENT="äro"/><SP WIDTH="23" VPOS="1294" HPOS="211"/>
							<String ID="string_393" HPOS="234" VPOS="1293" WIDTH="105" HEIGHT="26" WC="0.93" CONTENT="nämligen"/><SP WIDTH="25" VPOS="1293" HPOS="339"/>
							<String ID="string_394" HPOS="364" VPOS="1292" WIDTH="100" HEIGHT="21" WC="0.92" CONTENT="hemtade"/><SP WIDTH="23" VPOS="1292" HPOS="464"/>
							<String ID="string_395" HPOS="487" VPOS="1293" WIDTH="46" HEIGHT="21" WC="0.92" CONTENT="frän"/><SP WIDTH="21" VPOS="1293" HPOS="533"/>
							<String ID="string_396" HPOS="554" VPOS="1293" WIDTH="91" HEIGHT="21" WC="0.93" CONTENT="svenska"/><SP WIDTH="15" VPOS="1293" HPOS="645"/>
							<String ID="string_397" HPOS="660" VPOS="1294" WIDTH="164" HEIGHT="26" WC="0.90" CONTENT="puststyrelsens"/><SP WIDTH="16" VPOS="1294" HPOS="824"/>
							<String ID="string_398" HPOS="840" VPOS="1292" WIDTH="71" HEIGHT="22" WC="0.93" CONTENT="ärsbe-"/>
						</TextLine>
						<TextLine ID="line_41" HPOS="83" VPOS="1320" WIDTH="829" HEIGHT="28">
							<String ID="string_399" HPOS="83" VPOS="1320" WIDTH="87" HEIGHT="22" WC="0.93" CONTENT="rättelse"/><SP WIDTH="22" VPOS="1320" HPOS="170"/>
							<String ID="string_400" HPOS="192" VPOS="1321" WIDTH="32" HEIGHT="21" WC="0.96" CONTENT="för"/><SP WIDTH="23" VPOS="1321" HPOS="224"/>
							<String ID="string_401" HPOS="247" VPOS="1321" WIDTH="23" HEIGHT="21" WC="0.95" CONTENT="är"/><SP WIDTH="23" VPOS="1321" HPOS="270"/>
							<String ID="string_402" HPOS="293" VPOS="1323" WIDTH="60" HEIGHT="24" WC="0.96" CONTENT="1874,"/><SP WIDTH="17" VPOS="1323" HPOS="353"/>
							<String ID="string_403" HPOS="370" VPOS="1321" WIDTH="27" HEIGHT="21" WC="0.96" CONTENT="dä"/><SP WIDTH="20" VPOS="1321" HPOS="397"/>
							<String ID="string_404" HPOS="417" VPOS="1322" WIDTH="101" HEIGHT="26" WC="0.93" CONTENT="samtliga"/><SP WIDTH="14" VPOS="1322" HPOS="518"/>
							<String ID="string_405" HPOS="532" VPOS="1322" WIDTH="164" HEIGHT="26" WC="0.92" CONTENT="postanstalters"/><SP WIDTH="16" VPOS="1322" HPOS="696"/>
							<String ID="string_406" HPOS="712" VPOS="1322" WIDTH="58" HEIGHT="20" WC="0.94" CONTENT="antal"/><SP WIDTH="16" VPOS="1322" HPOS="770"/>
							<String ID="string_407" HPOS="786" VPOS="1322" WIDTH="75" HEIGHT="21" WC="0.93" CONTENT="endast"/><SP WIDTH="16" VPOS="1322" HPOS="861"/>
							<String ID="string_408" HPOS="877" VPOS="1324" WIDTH="35" HEIGHT="18" WC="0.91" CONTENT="ut-"/>
						</TextLine>
						<TextLine ID="line_42" HPOS="83" VPOS="1350" WIDTH="828" HEIGHT="27">
							<String ID="string_409" HPOS="83" VPOS="1350" WIDTH="73" HEIGHT="26" WC="0.91" CONTENT="gjorde"/><SP WIDTH="18" VPOS="1350" HPOS="156"/>
							<String ID="string_410" HPOS="174" VPOS="1350" WIDTH="67" HEIGHT="26" WC="0.96" CONTENT="1,215."/><SP WIDTH="20" VPOS="1350" HPOS="241"/>
							<String ID="string_411" HPOS="261" VPOS="1350" WIDTH="74" HEIGHT="21" WC="0.96" CONTENT="Denna"/><SP WIDTH="16" VPOS="1350" HPOS="335"/>
							<String ID="string_412" HPOS="351" VPOS="1350" WIDTH="81" HEIGHT="21" WC="0.93" CONTENT="snabba"/><SP WIDTH="16" VPOS="1350" HPOS="432"/>
							<String ID="string_413" HPOS="448" VPOS="1350" WIDTH="86" HEIGHT="21" WC="0.91" CONTENT="tillväxt"/><SP WIDTH="15" VPOS="1350" HPOS="534"/>
							<String ID="string_414" HPOS="549" VPOS="1350" WIDTH="99" HEIGHT="21" WC="0.93" CONTENT="härleder"/><SP WIDTH="15" VPOS="1350" HPOS="648"/>
							<String ID="string_415" HPOS="663" VPOS="1350" WIDTH="32" HEIGHT="27" WC="0.93" CONTENT="sig"/><SP WIDTH="16" VPOS="1350" HPOS="695"/>
							<String ID="string_416" HPOS="711" VPOS="1350" WIDTH="64" HEIGHT="26" WC="0.92" CONTENT="deraf,"/><SP WIDTH="17" VPOS="1350" HPOS="775"/>
							<String ID="string_417" HPOS="792" VPOS="1353" WIDTH="32" HEIGHT="19" WC="0.96" CONTENT="att"/><SP WIDTH="16" VPOS="1353" HPOS="824"/>
							<String ID="string_418" HPOS="840" VPOS="1357" WIDTH="47" HEIGHT="14" WC="0.96" CONTENT="man"/><SP WIDTH="18" VPOS="1357" HPOS="887"/>
							<String ID="string_419" HPOS="905" VPOS="1350" WIDTH="6" HEIGHT="20" WC="0.96" CONTENT="i"/>
						</TextLine>
						<TextLine ID="line_43" HPOS="83" VPOS="1378" WIDTH="828" HEIGHT="28">
							<String ID="string_420" HPOS="83" VPOS="1378" WIDTH="85" HEIGHT="26" WC="0.93" CONTENT="Sverige"/><SP WIDTH="16" VPOS="1378" HPOS="168"/>
							<String ID="string_421" HPOS="184" VPOS="1379" WIDTH="108" HEIGHT="20" WC="0.90" CONTENT="utvecklat"/><SP WIDTH="11" VPOS="1379" HPOS="292"/>
							<String ID="string_422" HPOS="303" VPOS="1379" WIDTH="40" HEIGHT="21" WC="0.93" CONTENT="den"/><SP WIDTH="11" VPOS="1379" HPOS="343"/>
							<String ID="string_423" HPOS="354" VPOS="1379" WIDTH="108" HEIGHT="21" WC="0.93" CONTENT="ordinarie"/><SP WIDTH="11" VPOS="1379" HPOS="462"/>
							<String ID="string_424" HPOS="473" VPOS="1381" WIDTH="75" HEIGHT="24" WC="0.93" CONTENT="posten"/><SP WIDTH="12" VPOS="1381" HPOS="548"/>
							<String ID="string_425" HPOS="560" VPOS="1379" WIDTH="39" HEIGHT="21" WC="0.93" CONTENT="och"/><SP WIDTH="11" VPOS="1379" HPOS="599"/>
							<String ID="string_426" HPOS="610" VPOS="1379" WIDTH="85" HEIGHT="21" WC="0.88" CONTENT="afhällit"/><SP WIDTH="11" VPOS="1379" HPOS="695"/>
							<String ID="string_427" HPOS="706" VPOS="1379" WIDTH="32" HEIGHT="27" WC="0.93" CONTENT="sig"/><SP WIDTH="10" VPOS="1379" HPOS="738"/>
							<String ID="string_428" HPOS="748" VPOS="1379" WIDTH="46" HEIGHT="21" WC="0.92" CONTENT="frän"/><SP WIDTH="12" VPOS="1379" HPOS="794"/>
							<String ID="string_429" HPOS="806" VPOS="1379" WIDTH="105" HEIGHT="27" WC="0.92" CONTENT="palliativ-"/>
						</TextLine>
						<TextLine ID="line_44" HPOS="83" VPOS="1406" WIDTH="829" HEIGHT="29">
							<String ID="string_430" HPOS="83" VPOS="1406" WIDTH="106" HEIGHT="28" WC="0.95" CONTENT="åtgärder."/><SP WIDTH="31" VPOS="1406" HPOS="189"/>
							<String ID="string_431" HPOS="220" VPOS="1407" WIDTH="112" HEIGHT="21" WC="0.94" CONTENT="Utskottet"/><SP WIDTH="19" VPOS="1407" HPOS="332"/>
							<String ID="string_432" HPOS="351" VPOS="1408" WIDTH="100" HEIGHT="26" WC="0.96" CONTENT="upplyser"/><SP WIDTH="16" VPOS="1408" HPOS="451"/>
							<String ID="string_433" HPOS="467" VPOS="1409" WIDTH="32" HEIGHT="19" WC="0.93" CONTENT="att"/><SP WIDTH="15" VPOS="1409" HPOS="499"/>
							<String ID="string_434" HPOS="514" VPOS="1407" WIDTH="155" HEIGHT="27" WC="0.92" CONTENT="häradsposten"/><SP WIDTH="16" VPOS="1407" HPOS="669"/>
							<String ID="string_435" HPOS="685" VPOS="1414" WIDTH="75" HEIGHT="21" WC="0.96" CONTENT="genom"/><SP WIDTH="17" VPOS="1414" HPOS="760"/>
							<String ID="string_436" HPOS="777" VPOS="1414" WIDTH="25" HEIGHT="15" WC="0.93" CONTENT="en"/><SP WIDTH="16" VPOS="1414" HPOS="802"/>
							<String ID="string_437" HPOS="818" VPOS="1408" WIDTH="94" HEIGHT="26" WC="0.92" CONTENT="Konglig"/>
						</TextLine>
						<TextLine ID="line_45" HPOS="83" VPOS="1436" WIDTH="828" HEIGHT="27">
							<String ID="string_438" HPOS="83" VPOS="1436" WIDTH="126" HEIGHT="26" WC="0.91" CONTENT="kungörelse"/><SP WIDTH="23" VPOS="1436" HPOS="209"/>
							<String ID="string_439" HPOS="232" VPOS="1436" WIDTH="24" HEIGHT="20" WC="0.96" CONTENT="af"/><SP WIDTH="21" VPOS="1436" HPOS="256"/>
							<String ID="string_440" HPOS="277" VPOS="1436" WIDTH="24" HEIGHT="20" WC="0.96" CONTENT="är"/><SP WIDTH="26" VPOS="1436" HPOS="301"/>
							<String ID="string_441" HPOS="327" VPOS="1436" WIDTH="53" HEIGHT="21" WC="0.93" CONTENT="1873"/><SP WIDTH="16" VPOS="1436" HPOS="380"/>
							<String ID="string_442" HPOS="396" VPOS="1436" WIDTH="70" HEIGHT="21" WC="0.92" CONTENT="blifvit"/><SP WIDTH="15" VPOS="1436" HPOS="466"/>
							<String ID="string_443" HPOS="481" VPOS="1436" WIDTH="103" HEIGHT="26" WC="0.91" CONTENT="upphäfd."/><SP WIDTH="31" VPOS="1436" HPOS="584"/>
							<String ID="string_444" HPOS="615" VPOS="1436" WIDTH="43" HEIGHT="21" WC="0.96" CONTENT="Det"/><SP WIDTH="15" VPOS="1436" HPOS="658"/>
							<String ID="string_445" HPOS="673" VPOS="1438" WIDTH="24" HEIGHT="19" WC="0.93" CONTENT="är"/><SP WIDTH="15" VPOS="1438" HPOS="697"/>
							<String ID="string_446" HPOS="712" VPOS="1436" WIDTH="64" HEIGHT="21" WC="0.92" CONTENT="ocksä"/><SP WIDTH="16" VPOS="1436" HPOS="776"/>
							<String ID="string_447" HPOS="792" VPOS="1436" WIDTH="119" HEIGHT="27" WC="0.96" CONTENT="egentligen"/>
						</TextLine>
						<TextLine ID="line_46" HPOS="83" VPOS="1464" WIDTH="827" HEIGHT="28">
							<String ID="string_448" HPOS="83" VPOS="1464" WIDTH="55" HEIGHT="20" WC="0.96" CONTENT="blott"/><SP WIDTH="20" VPOS="1464" HPOS="138"/>
							<String ID="string_449" HPOS="158" VPOS="1464" WIDTH="47" HEIGHT="21" WC="0.96" CONTENT="från"/><SP WIDTH="15" VPOS="1464" HPOS="205"/>
							<String ID="string_450" HPOS="220" VPOS="1465" WIDTH="132" HEIGHT="20" WC="0.96" CONTENT="sistnämnda"/><SP WIDTH="15" VPOS="1465" HPOS="352"/>
							<String ID="string_451" HPOS="367" VPOS="1464" WIDTH="30" HEIGHT="25" WC="0.96" CONTENT="är,"/><SP WIDTH="17" VPOS="1464" HPOS="397"/>
							<String ID="string_452" HPOS="414" VPOS="1471" WIDTH="44" HEIGHT="15" WC="0.96" CONTENT="som"/><SP WIDTH="18" VPOS="1471" HPOS="458"/>
							<String ID="string_453" HPOS="476" VPOS="1465" WIDTH="98" HEIGHT="27" WC="0.93" CONTENT="Sveriges"/><SP WIDTH="16" VPOS="1465" HPOS="574"/>
							<String ID="string_454" HPOS="590" VPOS="1465" WIDTH="152" HEIGHT="27" WC="0.91" CONTENT="postanstalter"/><SP WIDTH="16" VPOS="1465" HPOS="742"/>
							<String ID="string_455" HPOS="758" VPOS="1466" WIDTH="79" HEIGHT="26" WC="0.92" CONTENT="begynt"/><SP WIDTH="16" VPOS="1466" HPOS="837"/>
							<String ID="string_456" HPOS="853" VPOS="1466" WIDTH="57" HEIGHT="20" WC="0.96" CONTENT="ökas."/>
						</TextLine>
						<TextLine ID="line_47" HPOS="83" VPOS="1492" WIDTH="713" HEIGHT="28">
							<String ID="string_457" HPOS="83" VPOS="1492" WIDTH="82" HEIGHT="21" WC="0.96" CONTENT="Endast"/><SP WIDTH="15" VPOS="1492" HPOS="165"/>
							<String ID="string_458" HPOS="180" VPOS="1494" WIDTH="24" HEIGHT="20" WC="0.96" CONTENT="är"/><SP WIDTH="16" VPOS="1494" HPOS="204"/>
							<String ID="string_459" HPOS="220" VPOS="1494" WIDTH="56" HEIGHT="20" WC="0.93" CONTENT="1874"/><SP WIDTH="16" VPOS="1494" HPOS="276"/>
							<String ID="string_460" HPOS="292" VPOS="1494" WIDTH="119" HEIGHT="20" WC="0.89" CONTENT="tillkommo"/><SP WIDTH="18" VPOS="1494" HPOS="411"/>
							<String ID="string_461" HPOS="429" VPOS="1494" WIDTH="37" HEIGHT="21" WC="0.96" CONTENT="der"/><SP WIDTH="17" VPOS="1494" HPOS="466"/>
							<String ID="string_462" HPOS="483" VPOS="1494" WIDTH="40" HEIGHT="21" WC="0.96" CONTENT="647"/><SP WIDTH="18" VPOS="1494" HPOS="523"/>
							<String ID="string_463" HPOS="541" VPOS="1500" WIDTH="40" HEIGHT="20" WC="0.93" CONTENT="nya"/><SP WIDTH="17" VPOS="1500" HPOS="581"/>
							<String ID="string_464" HPOS="598" VPOS="1494" WIDTH="198" HEIGHT="26" WC="0.92" CONTENT="postinrättningar."/>
						</TextLine>
					</TextBlock>
				</ComposedBlock>
				<ComposedBlock ID="cblock_3" HPOS="820" VPOS="1534" WIDTH="21" HEIGHT="17">
					<TextBlock ID="block_3" HPOS="820" VPOS="1534" WIDTH="21" HEIGHT="17">
						<TextLine ID="line_48" HPOS="820" VPOS="1534" WIDTH="21" HEIGHT="17">
							<String ID="string_465" HPOS="820" VPOS="1534" WIDTH="21" HEIGHT="17" WC="0.96" CONTENT="17"/>
						</TextLine>
					</TextBlock>
				</ComposedBlock>
			</PrintSpace>
		</Page>
	</Layout>
</alto>
