1103 1781
200 101 42 19 350
425 106 179 21 Borgareständet
618 107 53 17 1877.
696 108 26 16 23
735 107 61 17 Mars.

198 175 97 22 kommer
311 175 36 21 det
363 177 32 19 att
411 175 75 26 pröfva
502 176 38 21 och
556 176 82 27 afgöra,
662 182 33 15 om
719 175 204 28 petitionsförslaget
939 176 54 20 skall
1009 174 22 21 af

198 204 161 21 vederbörande
382 205 83 20 utskott
488 205 117 20 behandlas
628 205 39 21 och
690 211 35 14 om
746 205 106 20 utskottet
875 204 53 21 skall
951 208 49 22 taga
1023 204 5 19 i

199 233 156 27 Öfvervägande
377 233 113 26 förslagets
513 233 164 27 nödvändighet,
701 233 47 21 dess
768 233 125 26 lämplighet
909 233 38 20 och
964 235 65 18 sättet

198 261 54 21 huru
276 262 119 21 detsamma
419 261 53 21 skall
497 261 133 22 formuleras.
661 262 33 21 Då
718 263 35 20 det
775 264 24 19 är
814 261 24 21 af
851 262 50 26 vigt,
919 263 32 19 att
966 261 61 22 Stän-

199 290 66 21 derna
287 290 40 21 och
351 290 62 21 deras
435 291 83 21 utskott
541 291 79 20 handla
644 291 5 20 i
673 297 110 20 noggrann
808 290 221 21 öfverensstämmelse

198 319 48 21 med
262 319 99 25 gällande
386 319 220 26 Landtdagsordning,
629 320 32 20 till
677 319 62 21 hvars
755 320 24 20 51
798 319 40 21 och
854 321 26 19 52
897 319 23 27 $$
934 319 37 26 jag
986 319 42 20 till-

198 347 46 21 äter
260 348 43 25 mig
319 347 94 24 hänvisa,
429 348 24 20 sä
468 348 76 25 skulle,
560 348 129 21 ätminstone
705 348 67 26 enligt
788 348 48 21 mitt
853 348 103 25 omdöme,
967 347 61 21 Stän-

198 377 67 20 derna
281 377 44 20 låta
341 383 26 14 en
384 376 49 21 fullt
447 377 93 26 befogad
556 377 140 26 anmärkning
713 377 62 20 träffa
791 377 55 23 dem,
864 383 33 14 om
909 375 120 22 Ständerna

197 405 27 26 på
241 405 40 20 den
297 407 47 24 väg,
369 405 79 26 hvarpå
471 405 101 27 förslaget
588 412 27 14 nu
633 405 68 21 blifvit
726 406 62 20 väckt
810 405 40 20 och
869 405 111 20 inkommit
995 404 32 21 till

199 434 61 20 deras
276 433 107 28 pröfning,
401 433 67 21 skulle
479 434 73 21 bifalla
563 434 223 21 Ekonomiutskottets
798 433 162 27 ifrågavarande
970 433 57 20 hem-

199 463 84 20 ställan.
313 463 42 26 Jag
376 462 81 21 tillåter
480 463 42 26 mig
546 463 83 20 derföre
647 463 77 20 föreslå
740 465 32 18 att
787 462 180 27 Borgareståndet
982 461 46 21 icke

198 491 69 20 skulle
290 491 69 20 lemna
381 491 32 20 sin
437 491 127 21 medverkan
581 492 33 20 till
631 491 35 21 det
682 491 89 21 sålunda
794 491 121 26 föreslagna
931 491 97 26 tillägget

198 520 32 20 till
248 520 62 21 deras
331 519 145 26 underdåniga
498 527 47 14 svar
560 521 7 20 i
582 521 73 24 saken,
677 520 39 20 och
730 520 36 27 jag
782 520 69 20 håller
867 519 45 21 före
927 522 32 18 att
975 519 52 20 Bor-

197 549 139 25 gareståndet
352 549 23 20 så
391 549 83 26 mycket
501 549 72 22 hellre,
596 549 61 20 äfven
682 555 34 14 om
733 549 179 25 Borgareståndet
928 548 34 21 må
977 554 50 14 vara

198 577 54 20 huru
269 577 141 20 intresseradt
431 577 39 21 och
492 577 91 26 benäget
606 577 32 21 för
661 581 32 17 att
716 578 94 20 erkänna
832 578 116 20 utskottets
973 576 54 21 både

199 605 65 28 afsigt
281 605 38 21 och
335 605 62 27 syfte,
414 606 82 21 ändock
512 607 41 20 kan
570 606 4 20 i
592 606 138 21 förevarande
746 606 36 21 fall
796 606 139 20 underkänna
945 605 82 21 utskot-

198 637 43 18 tets
269 634 129 25 förfarande,
425 641 43 14 som
496 635 36 20 det
557 637 24 18 är
607 637 64 24 öppet
697 635 40 20 och
765 634 101 27 obetaget
891 635 33 20 för
949 633 78 21 enhvar

199 663 170 26 landtdagsman,
397 669 42 14 som
452 670 78 21 ,anser
556 664 69 20 denna
651 663 60 24 fråga
741 663 91 27 förtjena
857 666 31 17 att
914 662 112 26 behjertas,

199 694 31 18 att
254 692 5 20 i
284 692 115 26 anledning
422 691 23 21 af
467 692 35 21 det
525 692 71 21 beslut
620 693 35 20 det
679 692 67 21 Stånd
770 693 40 19 han
835 692 73 21 tillhör
932 691 95 20 kommer

199 723 32 18 att
254 720 55 21 fatta
334 721 109 26 angående
467 721 145 26 föreliggande
635 721 77 25 nådiga
736 721 138 26 proposition,
901 720 66 21 väcka
992 726 35 19 pe-

199 749 61 20 tition
286 749 56 21 inom
366 749 38 20 vitt
429 749 73 25 Stånd,
524 749 85 21 hvilken
632 750 89 26 petition
742 749 90 21 Ståndet
848 749 70 24 sedan,
935 754 32 15 om
985 748 41 24 det,

199 778 70 20 såsom
293 777 37 27 jag
355 778 129 21 åtminstone
509 778 32 21 för
567 779 42 20 min
633 778 32 21 del
689 778 69 21 håller
788 778 51 25 före,
863 777 67 21 finner
953 777 72 24 frågan

199 806 182 27 behjertansvärd,
406 807 41 20 kan
471 807 113 26 hänskjuta
608 807 32 20 till
656 807 160 20 vederbörande
837 807 88 20 utskott.
957 805 69 22 Sedan

200 835 59 20 detta
282 835 84 20 utskott
388 835 112 21 inkommit
522 836 47 20 med
590 838 30 17 ett
641 835 102 21 särskildt
766 835 135 21 betänkande
922 835 6 20 i
949 836 77 22 ämnet,

198 864 72 20 kunna
294 863 119 22 Ständerna
437 864 72 21 förena
530 864 32 26 sig
586 871 33 14 om
642 864 122 26 petitionen.
796 864 50 20 Men
867 863 26 21 då
912 863 115 20 utskottets

198 892 129 26 tillgörande
346 892 131 21 beträffande
494 893 12 26 $
523 894 10 19 2
550 893 6 20 i
573 893 241 26 författningsförslaget
836 891 191 26 omisskänneligen

198 921 40 20 har
262 921 32 20 sin
318 921 69 26 grund
409 921 39 21 och
468 922 62 20 orsak
546 922 7 19 i
570 922 35 20 det
622 922 67 20 beslut
710 921 86 21 hvartill
813 921 105 21 utskottet
933 920 95 25 kommit,

198 949 133 21 beträffande
348 950 40 21 den
412 950 144 27 underdäniga
579 950 134 25 hemställan,
737 950 88 21 hvarom
842 956 28 14 nu
885 951 24 19 är
925 948 64 27 fråga,
1005 949 24 20 sä

197 985 62 14 anser
280 979 37 26 jag
341 979 36 20 det
401 985 49 14 vara
466 979 7 20 i
488 979 31 20 sin
543 979 90 25 ordning
652 981 31 18 att
699 979 89 20 ärendet
812 978 168 21 återremitteras
996 977 31 20 till

197 1007 213 21 Ekonomiutskottet
421 1007 48 21 med
484 1008 156 20 underrättelse
656 1008 77 21 derom,
746 1010 32 18 att
788 1007 180 26 Borgareståndet
979 1006 46 21 icke

197 1035 82 21 kunnat
295 1035 72 21 bifalla
383 1036 181 26 önskningsmålet
582 1037 40 20 och
639 1037 46 20 med
701 1036 106 21 anmodan
824 1036 32 20 till
873 1035 105 21 utskottet
994 1037 32 18 att

196 1065 23 20 åt
233 1065 15 26 &
263 1066 10 19 2
291 1071 53 19 egna
368 1065 39 20 den
430 1067 97 18 närmare
550 1065 105 26 pröfning,
678 1071 45 14 som
742 1065 22 20 af
779 1068 31 17 ett
826 1065 76 20 sådant
926 1063 99 22 Ständets

196 1093 53 20 eller
265 1093 131 21 Ständernas
420 1093 68 21 beslut
511 1093 99 27 möjligen
635 1094 40 20 kan
699 1093 128 21 föranledas.
860 1093 31 20 Då
914 1093 35 20 det
965 1093 60 20 torde

196 1128 51 14 vara
263 1122 24 20 af
301 1123 44 26 vigt
360 1122 54 21 både
438 1122 32 20 för
492 1123 105 20 utskottet
612 1123 40 20 och
671 1122 32 21 för
717 1123 120 20 Ständerna
853 1123 37 21 att,
907 1128 34 14 om
958 1121 68 20 denna

196 1151 42 20 min
255 1151 84 20 erinran
363 1151 73 21 vinner
460 1151 64 25 bifall,
541 1151 189 26 återförvisningen
748 1151 103 21 omfattar
868 1150 47 21 hela
931 1150 94 21 ärendet,

196 1183 51 16 utan
264 1182 32 18 att
312 1179 89 21 Ståndet
417 1181 56 19 ännu
488 1179 60 28 ingår
564 1180 6 20 i
586 1180 68 25 någon
674 1179 152 27 hufvudsaklig
848 1179 98 26 pröfning
961 1178 24 21 af
999 1179 26 26 $$

198 1209 8 19 1
225 1208 40 21 och
282 1210 19 20 3,
318 1208 23 21 sä
357 1208 67 21 skulle
437 1209 37 26 jag
490 1209 5 20 i
512 1208 52 21 strid
580 1209 48 20 med
645 1211 167 22 reservanterne,
829 1208 81 20 hvilkas
926 1207 55 26 äsigt
989 1207 37 26 jag

196 1237 6 19 i
219 1237 64 25 öfrigt
300 1237 176 27 hufvudsakligen
498 1237 68 26 gillar,
584 1237 78 21 föreslå
677 1239 32 19 att
725 1237 49 21 hela
791 1237 60 21 detta
866 1237 77 20 ärende
960 1235 66 21 måtte

195 1266 145 20 återförvisas.
372 1265 110 22 Utskottet
507 1266 68 20 blefve
599 1266 27 20 dä
649 1267 5 19 i
679 1266 83 21 tillfälle
785 1268 32 18 att
840 1265 75 27 pröfva
938 1264 87 21 ärendet

196 1294 5 20 i
213 1294 50 20 hela
279 1296 48 19 dess
343 1294 92 25 omfång,
452 1294 39 22 och
503 1294 119 22 Ständerna
633 1295 84 20 komme
728 1295 66 21 sedan
806 1296 33 19 att
850 1294 83 26 åtnjuta
945 1300 81 14 samma

195 1322 90 22 förmon.
317 1323 49 21 Man
391 1323 38 21 bör
447 1323 82 21 således
545 1324 47 20 icke
608 1326 55 18 ännu
680 1324 55 20 fatta
751 1324 65 25 något
832 1322 107 21 bindande
955 1322 71 21 beslut

196 1352 110 26 angående
323 1352 23 26 $$
366 1354 7 18 1
391 1352 39 20 och
446 1352 19 25 3,
480 1355 50 17 utan
555 1352 44 20 låta
622 1352 39 21 den
687 1352 147 24 vexelverkan,
858 1358 44 14 som
926 1351 38 21 bör
987 1357 39 20 ega

196 1386 45 14 rum
259 1380 90 21 emellan
366 1380 41 21 alla
424 1380 22 27 $$
463 1381 5 20 i
486 1387 24 14 en
527 1380 126 28 författning
676 1381 48 21 fullt
743 1383 53 25 göra
812 1381 32 25 sig
860 1380 103 27 gällande,
980 1380 45 20 der-

196 1409 85 26 igenom
297 1410 32 20 att
344 1415 48 15 man
409 1409 128 21 förbehåller
552 1410 54 20 både
622 1410 111 20 Utskottet
748 1410 40 21 och
806 1409 119 21 Ständerna
936 1409 40 20 den
1011 1410 3 8 nö

197 1438 49 26 diga
262 1438 109 21 förmonen
389 1440 32 18 att
435 1438 27 26 på
478 1444 79 14 samma
579 1438 56 27 gång
657 1438 71 21 kunna
744 1438 77 27 pröfva
845 1436 180 27 författningsför-

196 1466 69 26 slaget
281 1466 32 21 till
329 1466 48 21 hela
393 1466 47 21 dess
456 1467 90 26 omfång.
