1103 1781
194 103 42 21 234
442 108 179 21 Borgareständet
634 108 54 18 1877.
713 109 12 16 6
738 109 61 16 Mars.

195 177 87 26 funnits,
306 179 51 19 utan
381 180 32 18 att
437 177 25 22 de
486 177 56 21 varit
566 178 99 27 olagliga.
696 178 33 21 Dä
752 177 82 22 således
854 177 105 21 utskottet
974 177 46 21 icke

195 206 90 21 kommit
309 207 32 20 till
365 207 69 26 någon
456 206 62 21 säker
534 206 140 27 öfvertygelse
691 213 41 18 om,
749 207 53 20 huru
818 205 202 28 fraktpenningarna

194 235 65 21 hafva
282 235 131 26 tillkommit,
437 241 46 14 men
508 235 95 21 deremot
626 235 54 21 hade
702 236 32 25 sig
749 235 85 25 bekant,
851 237 32 18 att
899 235 46 20 från
962 235 58 20 äldre

194 264 57 21 tider
272 264 204 26 fraktpenningarna
491 263 103 22 utbetalts
606 264 67 26 jemte
689 264 26 21 de
731 264 73 26 anslag
820 269 44 15 som
881 263 46 21 från
946 263 74 21 krono-

194 293 124 25 spanmålen
341 293 105 26 utgifvits,
469 292 38 21 och
524 293 35 20 det
575 293 120 26 åberopade
710 291 275 27 Kammarkollegiibrefvet
1000 291 21 21 af

195 321 39 21 den
253 322 10 20 2
280 321 59 21 Mars
358 321 52 21 1785
427 321 114 26 ingalunda
556 321 66 26 gifver
635 322 111 24 tillkänna,
762 323 32 18 att
804 321 101 26 anslagen
915 321 45 20 icke
969 321 51 20 böra

194 349 52 27 utgå
268 350 33 20 för
325 350 39 20 den
385 349 32 21 till
441 350 106 20 särskilda
567 350 98 21 ändamål
681 349 140 27 disponerade
838 350 61 19 delen
915 349 24 20 af
952 349 68 20 frakt-

194 379 152 26 penningarna,
370 381 51 18 utan
438 378 74 21 endast
528 381 31 18 att
576 378 176 27 fraktpenningar
767 379 52 20 böra
835 378 96 26 erläggas
947 378 32 20 för
995 377 25 20 de

195 407 172 27 räntepersedlar
390 413 44 14 som
450 409 36 18 äro
503 407 87 20 Kronan
608 407 104 25 behållna,
729 408 23 20 så
768 407 76 26 drager
860 409 104 18 utskottet
980 406 39 20 den

195 436 115 21 slutsatsen
326 438 39 23 att,
382 435 73 21 såvida
470 435 86 21 Kronan
573 436 83 26 uppbär
671 436 177 26 fraktpenuingar
863 435 28 26 på
906 435 39 20 den
958 441 61 20 span-

194 464 42 21 mål
253 471 44 14 som
315 465 20 20 in
352 467 75 18 natura
444 465 104 20 levereras
564 465 39 20 och
620 465 78 20 räknar
707 465 31 26 sig
747 464 89 27 tillgodo
846 464 174 26 fraktpenningar

194 493 62 21 äfven
273 494 27 25 på
316 493 39 20 den
372 493 33 20 del
422 499 43 14 som
482 493 46 20 icke
544 495 22 18 är
582 493 105 22 behållen,
704 494 22 20 så
743 493 37 20 bör
796 493 86 20 Kronan
893 493 62 20 också
963 492 57 26 gifva

193 523 24 20 ut
233 523 22 19 ät
271 522 187 26 anslagstagarene
474 521 174 28 fraktpenningar
663 522 28 26 pä
706 523 40 20 den
762 522 20 20 in
796 524 77 18 natura
888 521 23 20 af
924 521 95 20 kommu-

193 557 40 14 nen
259 551 112 26 uppburna
394 550 38 21 och
456 551 30 20 till
504 551 46 20 dem
567 551 122 20 levererade
705 551 130 26 spanmälen.
854 562 24 3 —
895 550 38 25 Då,
950 550 68 20 såsom

193 579 69 26 sagdt,
287 579 105 21 utskottet
416 579 45 20 icke
484 579 80 21 kunnat
584 580 85 20 komma
685 579 31 20 till
734 579 68 26 nägon
819 579 84 20 absolut
919 578 78 21 visshet
1013 579 6 20 i

194 608 69 20 denna
279 607 66 27 fräga,
363 607 38 20 har
417 608 103 20 ntskottet
536 608 46 21 icke
598 611 54 18 trott
666 608 33 25 sig
715 608 52 20 böra
783 607 63 21 träda
861 607 39 21 den
913 607 106 20 enskildes

193 638 44 19 rätt
253 636 32 21 för
301 638 38 19 när
354 643 75 19 genom
446 639 31 18 att
495 636 97 27 fräntaga
608 637 76 20 honom
697 643 25 14 en
732 637 149 24 löneinkomst,
889 642 45 15 som
944 642 74 21 genom

194 665 51 20 häfd
269 665 40 20 fått
333 665 38 20 sitt
393 665 154 25 berättigande.
578 665 128 27 Billigheten
730 665 84 21 fordrar
838 665 131 26 visserligen,
987 666 32 19 att

193 694 60 21 dessa
273 693 174 27 fraktpenningar
463 694 97 26 upphöra
576 694 26 21 dä
617 694 87 21 Kronan
721 694 67 20 afstär
804 693 46 21 frän
867 693 53 25 dem,
930 699 46 15 men
983 693 36 26 jag

194 722 92 25 befarar,
309 725 33 18 att
365 729 34 14 om
423 729 46 14 man
486 723 6 20 i
508 723 117 20 allmänhet
640 723 67 20 skulle
723 723 51 25 följa
790 721 135 22 föreskriften
941 722 6 20 i
967 723 52 19 1868

193 751 34 20 års
250 751 123 26 förordning
396 751 108 25 angående
527 751 58 21 löner
607 751 161 21 tillkommande
791 751 126 26 tjenstemän
937 750 82 21 hvilkas

193 780 90 25 tjenster
306 779 68 21 blifvit
397 780 108 25 indragna,
529 780 51 21 eller
603 781 40 20 den
666 781 7 20 i
694 780 69 20 denna
785 779 124 26 förordning
924 779 95 21 uttalade

193 808 90 26 princip,
298 809 23 20 så
337 808 69 21 skulle
421 815 48 14 man
485 809 47 20 icke
547 809 79 25 kunna,
643 811 110 24 presterna
769 808 88 25 ohörda,
867 807 97 27 fråntaga
972 808 47 20 dem

193 837 62 20 dessa
272 837 180 26 fraktpenningar.

263 894 56 21 Herr
334 894 142 21 Höckert:
493 895 40 25 Jag
549 895 81 20 crinrar
646 895 41 26 mig
702 895 47 20 icke
764 896 32 19 att
812 893 48 21 mitt
874 893 99 27 yttrande
982 893 36 21 föll

193 923 31 26 sig
241 923 24 20 så
278 925 31 19 att
324 923 62 20 dessa
402 923 174 26 fraktpenningar
592 923 67 21 skulle
675 923 67 21 sakna
758 923 46 20 stöd
820 923 4 20 i
841 922 40 27 lag.
905 923 41 25 Jag
961 922 58 25 afsåg

193 954 33 18 att
241 951 79 21 betona
336 954 32 18 att
384 951 25 21 de
425 951 45 21 icke
486 952 81 25 grunda
583 952 32 25 sig
630 953 27 25 på
672 953 69 24 någon
758 951 94 22 skrifven
868 951 41 26 lag,
920 951 99 20 hvarföre

190 980 37 26 jag
243 980 5 20 i
267 981 58 20 detta
341 980 99 20 afseende
456 980 37 21 ber
523 983 18 18 att
557 980 23 21 få
592 981 109 25 korrigera
717 981 47 20 mitt
780 980 109 26 yttrande;
903 979 38 21 och
955 979 64 26 något

193 1009 126 26 uttryckligt
335 1009 152 26 lagstadgande
502 1009 6 20 i
524 1011 72 18 ämnet
611 1009 39 20 har
665 1009 5 20 i
687 1009 132 27 tillgängliga
830 1008 189 26 författningssam-

193 1037 70 26 lingar
279 1037 18 27 ej
315 1038 81 20 kunnat
411 1037 116 25 igenfinnas
564 1038 41 26 Jag
621 1037 105 22 betonade
743 1038 65 21 redan
824 1043 49 20 nyss
889 1039 32 18 att
937 1037 24 20 de
974 1043 45 14 som

193 1066 96 25 uppbära
294 1061 10 36 :
311 1068 159 25 prostetunnor,
486 1066 97 25 vederlag
600 1066 38 21 och
654 1067 68 20 andra
738 1066 106 21 likartade
861 1066 78 25 anslag,
956 1065 63 20 hafva

193 1093 69 22 blifvit
285 1094 122 21 försäkrade
431 1101 33 14 om
488 1095 61 20 dessa
570 1095 74 26 anslag
665 1095 6 20 i
688 1095 104 26 spanmål,
808 1101 47 14 men
872 1094 17 26 ej
906 1100 33 15 om
956 1094 63 26 något

193 1123 200 26 penningetillskott
415 1123 75 26 dertill,
513 1126 32 18 att
567 1123 51 26 utgå
632 1123 46 21 från
695 1123 192 26 räntespanmålen,
904 1129 43 14 som
964 1122 56 21 leve-

193 1158 60 14 reras
269 1153 23 20 af
305 1152 99 21 Kronans
419 1152 147 27 räntegifvare.
588 1152 66 21 Deraf
668 1152 66 27 följer,
750 1155 32 18 att
792 1152 61 20 dessa
862 1152 157 25 anslagstagare

193 1180 60 21 skola
271 1181 81 20 erhålla
368 1181 39 20 den
424 1181 95 25 spanmål
536 1180 86 21 hvarom
640 1181 24 21 de
679 1181 71 21 blifvit
762 1180 132 21 försäkrade.
925 1180 48 21 Men
989 1181 32 19 att

193 1209 70 20 denna
287 1209 95 27 spanmål
399 1210 107 20 dessutom
522 1210 54 20 skall
592 1209 85 27 åtföljas
693 1209 23 22 af
729 1209 176 26 fraktpenningar
920 1209 52 20 eller
987 1215 33 14 er-

193 1238 96 27 sättning
311 1238 77 26 derför,
402 1238 36 21 det
454 1239 40 20 kan
508 1238 36 27 jag
560 1238 111 27 omöjligen
687 1239 58 20 finna
761 1244 51 15 vara
828 1237 82 27 tydligt,
927 1239 92 19 tvärtom

193 1266 35 21 vill
246 1267 35 21 det
297 1273 64 21 synas
376 1273 44 15 som
438 1267 66 27 dylikt
520 1266 92 22 tillskott
628 1267 84 21 utöfver
728 1268 40 20 den
782 1266 102 26 anslagna
897 1266 122 26 spanmålen

193 1295 18 26 ej
236 1295 40 21 bör
299 1296 85 20 komma
405 1296 47 20 dem
474 1296 94 26 tillgodo.
599 1296 30 20 På
645 1296 68 20 denna
728 1296 70 26 grund
815 1295 38 20 har
866 1295 37 26 jag
919 1294 102 27 tillstyrkt

193 1324 173 26 propositionens
383 1325 124 25 antagande.

263 1382 56 20 Herr
343 1381 156 22 Molander:
522 1382 40 26 Jag
586 1382 32 20 för
642 1382 41 20 min
700 1382 34 20 del
750 1382 86 20 förenar
852 1381 41 25 mig
909 1381 47 21 med
972 1380 49 20 herr

193 1410 98 26 Ignatius
314 1410 39 21 och
378 1410 48 21 herr
448 1411 112 24 'Törnroth,
584 1410 73 21 hvilka
672 1410 54 21 efter
741 1410 43 21 min
801 1410 56 26 äsigt
872 1410 63 20 hafva
951 1408 70 22 anfört

193 1439 82 25 ganska
299 1438 127 26 tillräckliga
449 1439 45 21 skäl
510 1438 33 22 för
559 1439 39 21 den
615 1438 77 27 nådiga
707 1438 173 28 propositionens
895 1437 125 27 antagande.

194 1468 63 20 Emot
274 1467 49 21 herr
338 1467 82 21 Kurtén
437 1468 48 20 ville
498 1468 36 26 jag
549 1468 101 20 anmärka
665 1470 32 18 att
712 1468 35 26 jag
762 1470 47 18 tror
826 1467 54 21 1868
897 1466 124 25 författning

193 1496 117 26 ingalunda
329 1496 61 26 lägga
406 1496 64 27 något
486 1496 74 21 hinder
576 1496 6 21 i
598 1498 65 25 vägen
680 1496 34 21 för
729 1496 216 26 fraktpenningarnas
961 1494 60 28 aflyf-
