1103 1781
200 103 44 21 334
425 108 179 22 Borgareståndet
618 109 56 17 1877.
699 110 27 16 20
739 110 62 17 Mars.

271 177 34 22 Då
328 177 63 28 ingen
415 178 24 21 af
460 177 100 23 Ståndets
582 178 140 21 medlemmar
738 177 72 22 vidare
825 177 72 22 anhöll
912 184 35 15 om
963 177 71 27 ordet,

201 205 135 23 förklarades
353 207 148 21 diskussionen
519 206 100 27 afslutad,
636 207 39 21 och
692 207 49 21 herr
761 206 187 22 Talmannen
968 207 64 21 fram-

201 235 70 22 stälde
288 235 94 27 följande

271 303 148 28 Proposition:
450 304 38 26 De,
504 310 46 15 som
570 304 82 21 direkte
668 303 51 28 vilja
734 304 114 26 godkänna
863 304 115 22 utskottets
993 304 38 21 be-

201 333 110 21 tänkande
326 333 7 20 i
350 332 69 21 första
433 339 64 14 mom.
512 334 59 19 rösta
584 333 32 26 ja;
632 333 75 20 vinner
719 333 41 26 nej,
772 332 96 22 kommer
878 334 31 20 att
920 335 113 23 omröstas,

200 361 85 21 hvilket
300 361 23 21 af
337 361 26 21 de
378 361 68 21 under
462 361 147 21 diskussionen
624 361 126 21 framstälda
766 361 151 27 motförslagen
933 361 54 22 skall
998 361 32 21 till

201 390 214 27 kontraproposition
431 392 57 19 emot
503 390 117 21 utskottets
636 390 136 21 betänkande
788 392 95 25 antagas.

271 458 164 27 Propositionen
455 459 127 21 besvarades
602 459 49 21 med
671 459 157 26 öfvervägande
846 459 32 26 ja;
894 458 38 22 och
952 458 79 22 förkla-

201 487 64 21 rades
284 487 28 27 på
331 487 70 27 grund
422 487 63 21 häraf
501 487 117 22 utskottets
634 487 136 22 betänkande
786 487 6 21 i
809 487 69 21 denna
893 487 34 21 del
942 494 51 15 vara
1008 487 25 21 af

203 515 92 22 Ståndet
311 518 94 25 antaget.

269 579 66 21 Mom.
353 580 11 19 2
381 579 40 21 och
437 581 11 19 3
464 578 122 27 godkändes
602 581 51 19 utan
670 579 128 21 diskussion.

271 647 103 22 Härefter
389 650 106 25 upptogos
511 648 26 21 de
552 648 106 21 särskilda
673 648 69 21 under
755 654 63 15 mom.
830 649 14 20 4
856 647 121 28 föreslagna
987 647 46 27 lag-

201 676 177 27 förändringarne
401 677 33 20 till
456 677 135 26 granskning,
614 677 89 21 hvarvid
726 676 151 22 öfverskriften
896 677 32 20 till
950 678 5 19 3
971 676 55 27 Kap.

201 705 20 22 J.
237 705 26 21 B.
279 707 56 19 samt
353 707 8 18 1
379 705 40 21 och
435 707 11 19 2
463 705 27 27 $$
506 705 45 22 deri
567 707 51 19 utan
634 705 121 22 diskussion
771 705 69 21 blefvo
856 707 99 24 antagna.

270 773 80 22 Likaså
365 773 123 27 godkändes
504 775 50 19 utan
570 773 148 27 skiljaktighet
734 775 11 19 2
763 774 12 26 $
791 775 13 19 4
819 773 48 27 kap.
883 774 20 21 J.
919 773 31 26 B.,
961 773 70 21 öfver-

201 801 91 22 skriften
307 802 34 21 till
357 803 12 20 5
385 801 48 28 kap.
447 802 19 21 J.
484 802 23 21 B.
522 802 65 27 jemte
604 805 9 18 1
632 802 39 21 och
687 803 12 20 7
715 803 28 26 88
759 801 61 22 deraf
834 802 107 21 äfvensom
959 803 9 20 1
985 802 15 27 8
1016 804 15 19 6

200 831 51 26 kap.
267 831 24 21 af
304 837 81 14 samma
399 831 60 20 Balk.

271 899 102 21 Deremot
394 899 93 27 uppstod
508 899 132 21 beträffande
662 901 12 19 3
696 899 11 28 $
723 899 7 21 i
746 899 133 21 sistnämnda
894 899 80 27 kapitel
991 899 42 21 föl-

197 928 67 27 jande
280 928 127 21 diskussion.

270 996 56 21 Herr
344 997 138 26 Procopé:
518 997 64 20 Emot
604 997 41 20 den
668 995 24 22 af
713 996 107 21 utskottet
844 995 119 28 föreslagna
987 995 45 22 för-

199 1025 119 28 ändringen
341 1025 21 21 af
384 1025 160 27 ifrågavarande
567 1025 29 27 $:s
619 1025 80 27 lydelse
723 1025 81 26 nödgas
818 1024 37 27 jag
869 1026 52 26 göra
937 1025 40 21 den
993 1031 37 14 an-

200 1054 120 27 märkning,
343 1056 32 19 att
397 1053 151 28 Lagutskottet
571 1054 37 21 der
630 1053 99 22 uteslutit
751 1053 74 27 hvarje
845 1053 134 28 bestämning
995 1059 33 15 om

199 1083 56 21 huru
279 1083 92 21 förfaras
391 1082 61 25 skall,
468 1083 26 20 då
516 1082 114 21 bördemän
647 1084 37 19 äro
700 1081 57 26 flere,
773 1088 45 15 som
835 1082 66 21 börda
916 1082 57 27 vilja,
989 1082 40 21 och

199 1112 41 21 den
263 1111 53 21 börd
338 1111 156 21 underkastade
511 1111 77 27 jorden
610 1111 30 21 tål
656 1113 33 19 att
703 1111 78 21 skiftas
797 1111 47 21 dem
860 1111 96 21 emellan.
987 1111 42 27 Jag

199 1139 69 22 skulle
284 1139 73 22 derför
373 1140 77 21 föreslå
466 1142 31 19 att
513 1140 39 21 den
568 1139 66 22 första
650 1140 112 27 meningen
778 1139 7 21 i
801 1140 70 20 denna
885 1141 12 24 $
913 1139 68 21 skulle
996 1146 33 15 er-

200 1169 59 21 hålla
281 1168 94 27 följande
391 1168 89 27 lydelse:
496 1170 48 25 ,äro
560 1168 117 21 bördemän
693 1168 58 27 flere,
767 1174 46 15 som
829 1168 67 21 börda
911 1168 56 27 vilja,
984 1167 49 22 löse

199 1197 54 22 hvar
269 1198 33 21 sin
317 1197 58 22 lott".

268 1267 56 21 Herr
349 1266 158 22 Molander:
538 1267 70 21 Jemte
632 1266 36 21 det
689 1266 39 28 jag
750 1266 87 22 förenar
858 1266 44 26 mig
924 1272 34 15 om
978 1266 54 21 herr

197 1295 109 27 Procopés
321 1295 148 27 anmärkning,
485 1294 68 22 skulle
566 1295 37 27 jag
618 1295 69 21 önska
702 1297 33 19 att
750 1295 95 27 lydelsen
856 1294 24 22 af
889 1294 143 22 förevarande

197 1325 12 25 S
224 1324 49 21 icke
297 1324 68 21 blefve
388 1323 84 28 afgjord
487 1324 72 20 förrän
576 1324 25 20 de
616 1324 79 26 nådiga
710 1323 186 27 propositionerna
911 1323 116 27 angående,

197 1352 66 22 bland
279 1355 71 23 annat,
367 1352 89 28 ändring
472 1352 22 21 af
507 1359 28 14 nu
551 1352 97 27 gällande
663 1352 80 27 lagbud
759 1358 34 16 om
810 1352 34 21 arf
858 1352 55 21 efter
923 1352 105 21 landsrätt

197 1381 38 19 och
253 1381 66 19 oäkta
334 1381 64 19 barns
414 1381 86 20 arfsrätt
516 1381 101 20 förevarit
633 1381 32 20 till
677 1381 138 27 behandling,
827 1382 51 20 enär
887 1380 140 22 redaktionen

197 1410 23 21 af
234 1410 71 21 denna
320 1409 12 28 $
348 1410 66 27 enligt
430 1410 42 20 min
488 1409 56 28 åsigt
559 1410 69 20 måste
644 1410 7 20 i
667 1412 31 19 ett
712 1409 52 22 eller
775 1411 66 19 annat
852 1409 100 21 afseende
962 1408 66 22 blifva

197 1438 117 26 bristfällig
337 1444 34 16 om
396 1439 41 20 den
459 1440 94 25 antages,
576 1438 63 21 innan
663 1444 49 16 man
734 1438 82 21 känner
832 1438 36 21 det
883 1438 95 26 resultat,
995 1438 33 21 till

197 1467 84 22 hvilket
304 1467 119 21 Ständerne
445 1467 88 21 kommit
556 1468 48 20 med
626 1467 100 21 afseende
748 1467 13 21 å
784 1467 26 21 de
826 1467 91 21 nämnda
933 1466 97 27 proposi-

196 1496 106 22 tionerna.
