1103 1781
307 119 177 20 Borgareständot
497 119 53 16 1877.
575 119 12 16 6
600 118 61 17 Mars.
860 113 40 20 249

73 187 59 26 talet,
149 193 37 15 var
201 189 32 19 att
249 193 48 15 man
313 187 94 21 saknade
420 187 114 26 tillräcklig
545 187 120 21 erfarenhet
677 187 6 21 i
697 189 77 19 ämnet.
795 186 35 21 Nu
841 193 60 14 mera

73 216 73 26 tyckes
161 216 132 26 Regeringen
309 222 50 15 anse
375 215 113 27 tillräcklig
504 216 122 21 erfarenhet
641 222 50 14 vara
707 222 90 18 vunnen,
814 215 40 21 och
862 216 39 25 jag

74 245 41 20 kan
132 244 83 21 derföre
230 245 46 20 icke
293 244 108 21 föreställa
416 245 42 26 mig
473 247 38 23 att,
525 245 121 26 derigenom
658 246 32 19 att
701 244 120 21 Ständerna
831 243 69 22 skulle

74 273 50 26 vilja
139 273 104 26 begränsa
258 273 101 26 beloppet
374 273 33 20 till
422 274 75 20 endast
512 273 45 27 fyra
573 275 94 24 procent,
684 273 131 26 Regeringen
831 272 70 21 skulle

74 301 57 22 finna
146 302 69 27 nägon
230 302 61 26 giltig
307 302 113 26 anledning
435 303 31 20 att
482 304 65 25 vägra
562 301 99 22 sanktion
676 302 27 26 pä
715 301 59 21 detta
786 301 61 20 deras
858 303 41 24 ytt-

74 331 66 20 rande
155 330 6 21 i
177 330 70 21 saken.

144 399 55 21 Herr
215 399 152 20 Snellman:
397 398 42 26 Jag
454 405 62 14 anser
532 398 36 21 det
581 405 51 14 vara
642 398 77 27 tydligt
728 400 32 19 att
773 399 40 20 den
824 404 77 20 propo-

74 428 63 21 sition
153 434 44 15 som
209 427 112 27 föreligger
333 427 75 22 endast
421 427 66 27 gäller
497 427 96 26 grunden
607 427 33 20 för
652 427 94 25 tolagens
758 427 142 25 beräknande,

75 456 82 21 således
178 457 46 20 icke
247 456 75 26 sjelfva
342 456 167 26 tolagsafgiften.
546 455 89 22 Derföre
656 456 61 20 torde
738 456 35 21 det
789 455 45 22 icke
851 461 50 14 vara

75 485 69 25 någon
165 485 44 20 risk
232 487 31 18 att
285 485 118 20 bestämma
424 491 25 14 en
464 485 42 20 viss
522 485 30 20 tid
568 484 33 21 för
616 484 84 21 hvilken
716 484 40 21 den
770 484 69 27 grund
856 490 45 15 som

75 514 96 20 kommer
186 515 33 19 att
233 515 89 24 antagas
337 513 69 21 skulle
421 513 63 26 gälla.
515 513 41 26 Jag
571 519 63 14 anser
649 513 65 20 ocksä
728 515 32 18 att
776 519 25 15 en
818 513 41 20 viss
870 513 31 20 tid

76 549 44 14 som
137 542 105 21 utskottet
258 542 5 20 i
278 542 48 21 dess
337 548 27 15 nu
375 542 143 26 föreliggande
529 541 134 22 betänkande
674 541 102 27 tillstyrkt
787 541 115 26 ingalunda

76 573 24 18 är
115 570 86 27 lämplig
216 571 5 20 i
239 571 122 24 allmänhet,
377 570 42 21 fast
435 571 38 20 den
491 570 79 21 kanske
587 570 67 21 under
669 577 28 14 nu
710 570 127 21 kommande
848 570 53 21 fem-

75 599 108 27 &rsperiod
199 599 41 21 kan
257 605 50 15 vara
323 599 36 21 det
375 599 133 26 lämpligaste
524 605 44 15 som
585 599 41 20 kan
640 598 72 22 finnas.
734 599 88 21 Derföre
833 599 69 21 skulle

73 629 36 26 jag
125 627 33 21 för
174 628 41 20 min
231 628 34 21 del
281 634 51 15 anse
348 630 31 19 att
395 628 116 21 utskottets
526 628 80 26 förslag
622 627 65 21 borde
703 629 88 25 antagas
802 628 48 20 med
861 628 40 20 den

75 656 129 21 reservation
223 663 46 14 som
288 657 22 20 af
328 656 106 26 ätskilliga
453 657 116 20 utskottets
584 656 117 21 ledamöter
718 656 70 21 blifvit
804 656 97 26 afgifven.

145 725 69 21 Sedan
237 725 147 22 diskussionen
406 725 87 21 härmed
512 725 106 25 afslutats,
640 725 122 21 framstälde
784 725 49 20 herr
848 725 53 20 Tal-

75 761 104 14 mannen
196 755 47 20 med
259 755 122 20 afseendeä
397 754 26 21 de
439 754 57 21 olika
511 754 79 27 äsigter
605 760 45 15 som
666 754 68 21 blifvit
751 753 95 22 uttalade
862 753 40 21 föl-

73 783 64 26 jande
153 783 164 26 propositioner:

144 851 177 27 Proposition
337 851 46 21 N:o
401 851 20 20 1:
453 851 31 21 De
500 857 44 15 som
558 851 82 20 direkte
652 851 49 26 vilja
712 851 113 26 godkänna
835 851 67 20 första

75 882 116 19 momentet
207 880 21 21 af
242 881 115 20 utskottets
373 879 80 26 förslag
469 880 31 21 till
516 880 70 21 beslut
599 879 108 27 behagade
719 881 58 19 rösta
785 879 32 26 ja;
829 879 73 20 vinner

75 909 40 26 nej,
139 909 95 20 kommer
257 911 32 18 att
312 910 111 24 omröstas,
446 909 104 20 huruvida
571 909 40 20 den
632 908 78 26 nädiga
733 908 169 26 propositionens

76 937 134 26 bestämning
225 938 6 20 i
248 937 68 21 denna
332 937 34 21 del
381 937 52 20 eller
449 937 49 21 herr
513 937 81 26 Berghs
610 937 78 26 förslag
703 936 55 21 skall
774 936 31 21 till
816 937 86 20 kontra-

75 966 159 26 propositionen
251 968 94 25 antagas.

144 1034 163 27 Propositionen
336 1035 128 21 besvarades
490 1035 47 20 med
561 1035 105 20 blandade
687 1035 22 25 ja
732 1034 39 21 och
794 1034 33 26 nej
851 1035 51 19 utan

76 1063 99 21 märkbar
197 1063 112 27 öfvervigt;
332 1063 85 21 hvarför
439 1064 131 25 omröstning
590 1063 102 26 begärdes
709 1063 38 21 och
764 1062 138 26 verkstäldes,

75 1092 88 21 hvarvid
180 1093 26 20 19
219 1092 22 27 ja
257 1093 40 20 och
314 1093 27 20 23
357 1092 32 27 nej
407 1092 82 21 utföllo.

143 1161 194 26 Proposition
358 1161 47 20 N:o
421 1161 22 20 2:
475 1161 31 20 De
528 1167 44 14 som
589 1161 49 26 vilja
659 1160 69 21 såsom
747 1160 155 26 kontrapropo-

76 1189 64 21 sition
161 1191 56 19 emot
232 1189 69 21 första
315 1195 63 15 mom.
395 1189 22 21 af
431 1189 116 21 utskottets
562 1189 80 27 förslag
658 1189 31 21 till
705 1189 69 21 beslut
788 1189 115 26 godkänna

75 1218 41 21 den
131 1218 78 26 nådiga
219 1218 171 27 propositionens
402 1218 157 25 bestämningar
574 1217 6 21 i
592 1218 68 21 denna
671 1218 33 20 del
716 1223 61 15 svara
785 1218 31 25 ja;
828 1217 75 20 vinner

76 1247 33 26 nej
125 1252 61 16 anses
201 1246 51 22 herr
267 1246 81 26 Berghs
361 1247 80 26 förslag
453 1254 51 14 vara
515 1247 31 21 till
559 1246 209 27 kontraproposition
779 1247 94 25 antaget.

143 1321 76 21 Denna
241 1321 131 27 proposition
397 1321 126 21 besvarades
546 1320 55 22 efter
620 1320 107 22 verkstäld
744 1320 94 26 votering
854 1320 48 20 med

77 1350 24 21 18
115 1349 23 27 ja
153 1349 40 21 och
209 1350 26 20 24
252 1350 41 26 nej.

142 1418 178 27 Proposition
336 1418 45 21 N:o
398 1419 22 20 3:
452 1418 32 21 De
496 1424 46 15 som
552 1418 50 26 vilja
613 1418 68 21 såsom
693 1417 209 27 kontraproposition

74 1449 58 19 emot
153 1447 68 21 första
243 1454 62 14 mom.
328 1447 22 21 af
365 1447 116 21 utskottets
497 1447 79 26 förslag
592 1446 31 22 till
641 1447 68 21 beslut
725 1447 113 25 godkänna
854 1446 49 20 herr

73 1475 82 27 Berghs
178 1475 80 28 förslag
278 1482 63 14 svara
357 1475 33 28 ja;
412 1476 74 21 vinner
502 1476 34 26 nej
552 1482 62 14 anses
629 1475 115 21 utskottets
759 1475 79 26 förslag
854 1474 48 21 med

74 1504 36 21 det
120 1504 75 26 tillägg
206 1504 49 22 herr
263 1504 107 27 Wallgren
382 1504 92 28 påyrkat
485 1511 49 15 vara
545 1504 32 21 till
588 1504 209 27 kontraproposition
808 1505 93 25 antaget.
