1103 1781
196 108 26 20 14
413 112 179 21 Borgareständet
605 113 54 17 1877.
684 114 26 16 29
723 113 93 17 Januari.

264 180 200 28 Proposition:
495 181 69 22 Anser
586 181 91 22 Ståndet
701 183 33 20 att
750 183 31 20 ett
797 181 69 22 direkt
881 180 108 23 uttalande
1005 180 24 22 af

194 209 87 22 ståndet
303 210 39 21 bör
358 217 39 20 ega
415 216 52 20 rum,
484 210 104 21 huruvida
603 210 45 21 vice
663 210 130 21 Talmannen
810 209 39 22 bör
863 209 88 28 inväljas
965 211 7 20 i
988 210 39 21 tal-

194 238 203 22 manskonferensen
420 238 52 22 eller
495 239 25 26 ej.
552 239 47 21 Den
623 239 36 21 det
684 239 43 26 vill,
750 245 61 15 svare
825 239 31 26 ja;
874 239 39 21 den
929 239 35 20 det
979 238 49 22 icke

194 267 42 25 vill,
253 273 61 16 svare
329 267 40 26 nej.

264 341 133 22 Besvarades
413 341 47 22 med
477 341 105 22 obestridt
597 341 155 27 öfvervägande
768 341 41 27 nej.

264 409 64 22 Valet
351 409 107 28 anstäldes
481 409 52 22 härå
554 411 28 26 på
597 412 43 19 sätt
656 410 58 21 förut
728 410 104 21 bestämts
848 412 55 19 samt
918 409 60 22 utföll
993 410 33 21 så-

195 438 66 21 lunda
283 441 32 18 att
337 438 50 21 herr
407 437 111 28 Öhrnberg
534 439 66 20 erhöll
617 439 33 25 33,
665 439 52 20 herr
732 439 108 26 Wallgren
856 439 33 26 32,
906 439 49 21 herr
970 438 57 21 Kur-

195 469 35 19 tén
256 468 32 25 15,
312 467 49 21 herr
384 467 94 21 Höckert
494 468 19 25 8,
528 467 50 21 herr
594 467 99 22 Lindelöf
708 469 18 24 7,
742 467 50 22 herr
806 467 95 27 Procopé
917 468 19 25 6,
952 467 76 22 herrar

195 495 114 22 Lindblom
333 495 40 22 och
395 495 123 26 Tengström
542 495 105 22 hvardera
670 497 19 25 5,
712 496 50 21 herr
788 495 110 22 Molander
918 496 19 26 3,
953 495 74 22 herrar

195 524 92 21 Jansson
304 524 39 21 och
359 523 88 22 Masalin
463 524 105 21 hvardera
584 525 12 20 2
612 527 55 18 samt
682 525 76 20 herrar
768 524 92 27 Nybom,
870 524 77 27 Bergh,
958 524 68 22 Snell-

195 559 57 19 man,
276 553 81 26 Olsoni,
379 552 104 26 Boström,
498 553 131 27 Borgström,
646 553 120 28 Chydenius
783 553 39 21 och
837 553 94 27 Ignatius
947 553 80 22 enhvar

196 583 9 19 1
223 583 52 19 röst.

263 649 42 22 Till
327 649 118 28 ledamöter
470 651 6 20 i
492 649 233 22 talmanskonferensen
741 650 55 21 hade
812 650 81 21 således
908 649 68 22 blifvit
991 652 36 19 ut-

195 678 66 21 sedde
280 678 75 21 herrar
370 678 111 27 Öhrnberg
496 679 39 21 och
551 678 108 27 Wallgren
675 679 40 21 och
731 679 32 21 till
779 679 112 26 suppleant
906 679 49 21 herr
970 679 55 21 Kur-

195 707 42 21 tén.
261 707 82 21 Härom
358 707 68 22 skulle
436 707 138 22 medstånden
585 713 75 21 genom
674 707 199 27 protokollsutdrag
883 707 142 22 underrättas.

263 867 50 21 Med
336 867 114 26 anledning
466 867 22 22 af
502 867 12 27 $
531 868 26 20 70
572 867 8 21 i
595 867 232 27 landtdagsordningen
844 866 116 23 hemstälde
975 867 53 21 herr

193 895 163 27 Talmannen,
373 895 102 22 huruvida
490 896 86 21 ståndet
590 895 47 22 icke
652 895 55 26 ville,
724 896 6 21 i
743 895 68 22 likhet
824 896 47 21 med
884 895 55 22 hvad
947 895 78 27 jemväl

194 924 35 21 vid
249 925 128 26 föregående
393 924 126 27 landtdagar
534 924 55 21 varit
605 924 64 26 öfligt,
685 924 107 21 fastställa
808 931 25 14 en
850 924 175 26 ordningsstadga

194 952 33 22 för
235 953 92 21 Ståndet
337 953 33 21 för
381 953 83 21 dennna
474 953 107 26 landtdag.
600 953 58 21 Herr
667 953 74 21 Talm
751 959 53 14 ann
812 959 28 15 en
851 953 97 26 uppläste
957 952 68 21 tillika

195 981 40 21 den
258 982 81 25 stadga,
356 987 44 16 som
416 982 6 21 i
439 981 75 22 sådant
529 981 99 22 afseende
644 981 55 22 varit
715 981 34 22 vid
767 982 55 20 1872
838 981 35 22 års
887 981 102 27 landtdag
1005 981 24 21 af

193 1010 183 49 Porgareständet
401 1012 89 25 antagen
516 1010 38 21 och
576 1010 92 26 hvilken,
690 1010 40 21 här
752 1009 122 25 afskrifven,
897 1009 62 28 lydde
979 1015 46 16 som

203 1045 62 20 öljer:

577 1091 23 26 »S
618 1091 18 20 1.

262 1148 87 25 Anslag,
364 1147 140 22 hvarmedelst
520 1147 89 22 Ståndet
624 1147 69 21 kallas
706 1147 32 21 till
751 1147 163 26 sammanträde,
925 1147 37 21 bör
975 1153 50 15 vara

193 1176 13 21 å
222 1175 152 28 anslagstaflan
391 1178 85 25 uppsatt
492 1176 67 27 dagen
575 1175 57 22 förut
646 1178 72 19 senast
727 1175 92 22 klockan
830 1177 24 20 12
856 1175 169 28 middagstiden.

586 1262 12 28 s
614 1263 18 20 2.

262 1320 31 21 På
311 1321 69 20 utsatt
403 1319 83 27 timslag
509 1319 51 21 eller
575 1319 57 21 inom
649 1319 80 21 femton
745 1318 93 22 minuter
854 1318 91 22 derefter
961 1318 65 22 äskar

193 1348 91 22 Talman
297 1348 54 28 ljud
373 1348 39 21 och
434 1354 117 20 uppmanar
574 1348 95 21 ståndets
693 1348 139 21 medlemmar
845 1350 32 18 att
890 1348 74 26 intaga
978 1348 47 20 sina

193 1378 69 19 säten.
293 1377 30 21 Är
346 1377 68 26 någon
437 1376 27 21 då
486 1378 51 19 utan
554 1376 96 21 anmäldt
665 1376 70 21 förfall
751 1376 123 26 uteblifven,
890 1375 84 27 erlägge
989 1376 36 20 två

193 1404 73 27 mark;
290 1404 90 22 infinner
401 1404 40 22 han
467 1404 31 28 sig
520 1405 48 21 icke
588 1406 56 20 inom
669 1411 25 15 en
711 1404 45 22 haif
771 1404 74 22 timme
860 1404 98 26 derefter,
973 1404 52 22 eller

193 1434 130 21 försummar
344 1434 42 21 han
407 1434 87 21 sålunda
517 1434 48 20 hela
587 1434 175 25 sammanträdet,
785 1434 85 26 erlägge
892 1432 45 28 fyra
957 1432 67 22 mark.

193 1462 115 27 Aflägsnar
331 1462 42 21 han
395 1462 32 26 sig
444 1462 54 21 efter
514 1464 106 25 uppropet
636 1462 52 22 eller
703 1462 70 22 under
788 1462 116 26 påstående
919 1467 108 15 samman-

193 1492 68 26 träde,
278 1497 49 15 vare
343 1490 35 27 lag
393 1491 68 21 såsom
476 1491 39 21 sist
530 1492 111 26 upptogs."
