1103 1781
226 106 28 21 30
434 112 180 21 Borgareståndet
626 112 55 17 1877.
706 113 24 17 31
743 112 93 17 Januari.

266 180 56 21 Herr
344 180 116 28 Nybom:
490 180 40 28 Jag
546 181 48 21 ville
610 180 63 25 blott,
694 181 6 21 i
716 182 90 20 motsats
822 180 33 22 till
870 180 49 22 herr
935 181 90 27 Kurtén,

197 209 134 21 beträffande
347 209 149 28 lämpligheten
512 211 34 20 att
560 209 86 26 vidtaga
661 210 70 25 någon
748 209 88 27 ändring
852 209 5 21 i
869 209 36 21 vår
916 210 109 26 ordnings-

197 238 82 26 stadga,
303 239 68 20 såsom
393 238 37 27 jag
450 238 72 26 tyckte
541 240 33 19 att
590 239 65 20 orden
672 238 58 27 föllo,
747 240 77 19 nämna
839 240 33 19 att
887 238 36 21 det
937 238 48 21 icke
1001 240 24 19 är

197 267 69 26 någon
283 267 95 26 ändring,
394 269 51 18 utan
462 269 30 18 ett
508 267 80 26 tillägg,
604 267 40 21 och
660 267 80 21 sådana
756 267 74 26 tillägg
845 266 34 21 må
889 267 34 20 väl
935 266 90 22 Ståndet

197 295 72 21 kunna
291 297 52 24 göra
366 297 39 19 när
426 301 45 15 som
494 295 62 21 helst.
588 295 61 21 Hvad
672 295 50 21 herr
743 295 100 22 Lindelöf
857 301 48 20 nyss
921 295 51 21 sade
987 295 38 26 gaf

197 323 42 26 mig
260 323 113 27 anledning
395 327 40 20 tro,
453 325 33 20 att
500 324 42 20 han
558 323 48 22 icke
621 324 64 21 fattat
701 324 103 26 förslaget
819 323 69 22 såsom
905 323 48 22 herr
969 323 55 28 Chy-

197 353 74 20 denius
287 352 39 21 har
340 354 69 25 yttrat
424 353 41 20 det.
496 352 60 21 Fans
572 353 84 26 mening
672 353 72 20 kunde
759 353 33 20 väl
807 353 47 20 icke
870 359 49 14 vara
935 353 40 20 den
991 354 33 19 att

197 381 73 26 hvarje
286 380 60 28 åsigt,
361 381 74 26 hvarje
450 383 102 19 tournure
568 381 6 20 i
590 383 31 19 ett
636 381 130 21 framställdt
781 381 79 26 förslag
876 381 67 20 skulle
959 381 64 20 blifva

197 409 90 21 föremål
311 409 32 21 för
366 410 138 26 proposition,
528 411 51 19 utan
603 410 76 21 endast
700 411 32 20 ett
754 410 106 21 bestämdt
876 409 85 26 förslag,
977 415 46 15 som

197 437 71 27 någon
290 444 77 20 person
382 438 114 21 framställt
512 438 68 21 tillika
596 439 48 20 med
660 439 25 20 de
702 439 172 20 amendementer
890 444 44 15 som
951 437 71 22 dertill

197 466 70 21 blifvit
283 467 80 26 gjorda.
394 467 64 21 Detta
474 468 24 19 är
512 467 116 26 någonting
644 469 65 19 annat
725 469 25 18 än
767 469 32 19 att
814 467 118 21 framställa
944 467 80 26 förslag

198 501 34 15 om
247 495 76 26 sjelfva
339 495 146 21 diskussionen
502 495 38 21 och
557 495 81 21 diverse
653 495 121 27 yttranden.
805 495 48 21 Men
870 495 35 21 det
920 495 41 21 kan
977 495 47 21 icke

198 526 65 18 annat
286 525 26 19 än
335 524 104 27 betydligt
462 524 123 21 underlätta
607 523 147 22 diskussionen
770 526 32 19 att
818 524 110 21 bestämda
943 523 81 27 förslag

199 552 103 27 föreligga
325 553 38 20 och
385 554 32 19 att
437 553 178 25 amendementer,
632 554 38 19 när
685 553 81 21 sådana
782 553 137 24 förekomma,
935 554 37 19 äro
988 552 36 21 be-

198 581 80 20 stämdt
293 581 147 21 formulerade.
471 581 33 21 Då
519 583 34 18 vet
568 587 50 14 man
634 581 56 21 klart
706 581 39 21 och
762 581 75 26 tydligt
854 581 53 20 hvad
923 587 45 15 som
984 581 39 20 bör

198 615 50 15 vara
263 609 90 21 föremål
369 609 32 21 för
417 610 124 26 diskussion,
558 610 36 21 det
610 609 41 21 blir
667 610 84 26 mycket
767 611 77 20 lättare
859 611 32 19 att
906 611 56 25 yttra
975 609 49 27 sig
1013 605 14 36 i

197 638 65 21 saken
279 638 39 21 och
333 638 121 21 talmannen
471 638 95 27 beredes,
582 644 45 15 som
643 639 35 25 jag
693 639 67 20 redan
773 639 57 24 sade,
841 639 88 26 mycken
940 638 83 21 lättnad

198 667 34 20 vid
249 666 170 22 framställandet
434 667 22 21 af
470 667 191 26 propositionerna.

268 724 56 21 Herr
339 723 141 27 Ignatius:
511 724 32 20 Då
558 723 50 22 herr
623 724 83 21 Kurtén
722 723 99 22 framhöll
837 723 100 20 hurusom
953 723 71 26 praxis

199 752 66 21 borde
282 752 64 21 blifva
362 753 47 24 den,
425 755 31 18 att
471 753 129 24 talmannen,
617 752 54 21 efter
683 753 71 20 slutad
767 752 125 25 diskussion,
903 751 66 21 skulle
982 751 41 20 till-

199 781 60 25 fråga
279 781 92 24 ståndet,
393 787 34 14 om
443 781 69 26 någon
528 781 148 26 understödjer
693 781 40 20 den
750 781 51 20 eller
818 781 39 20 den
874 780 87 27 åsigten,
977 786 45 14 som

198 809 47 21 icke
267 809 58 21 förut
346 809 23 21 af
387 809 67 26 någon
476 809 96 26 biträdts,
589 811 55 19 samt
661 811 32 20 att
709 810 69 20 denna
794 809 60 26 åsigt,
872 815 33 14 om
921 809 40 20 den
976 808 47 21 icke

198 838 67 21 heller
282 838 27 21 då
324 838 159 26 understöddes,
500 838 68 21 skulle
584 838 85 21 förfalla
684 838 40 21 och
740 838 46 21 icke
802 837 85 21 komma
902 837 67 20 under
979 843 44 14 om-

198 866 103 27 röstning,
325 867 23 21 så
371 869 24 18 är
417 867 35 20 det
467 867 6 20 i
489 866 73 27 sjelfva
578 867 73 20 verket
667 867 36 20 det
719 873 80 14 samma
815 873 44 14 som
875 865 34 26 jag
925 865 96 27 påyrkat.

198 895 40 26 Jag
261 901 62 14 anser
343 895 103 26 nemligen
462 895 68 26 någon
548 896 96 25 votering
659 895 46 21 icke
722 895 53 21 böra
790 895 85 20 komma
890 895 6 20 i
912 894 59 26 fråga
987 894 35 21 be-

198 923 105 21 träffande
319 924 84 26 åsigter,
420 930 43 15 som
480 924 46 21 icke
541 924 74 21 vunnit
630 924 124 25 understöd,
772 923 38 21 och
826 923 85 20 förenar
923 923 42 26 mig
977 923 46 20 der-

198 951 46 22 före
268 953 48 20 med
339 952 49 21 herr
411 953 87 23 Kurtén,
522 953 88 20 emedan
630 953 36 20 det
681 955 24 18 är
722 953 55 20 blott
792 952 7 21 i
814 951 82 22 formen
912 957 45 15 som
973 951 51 21 våra

197 981 109 26 yrkanden
322 981 61 26 skilja
399 982 37 25 sig,
453 981 79 20 hvilket
547 983 24 18 är
586 981 22 20 af
622 981 60 26 ringa
698 982 49 25 vigt.

267 1038 56 21 Herr
337 1038 173 26 Tengström:
542 1038 38 21 Om
598 1038 89 21 Ståndet
703 1039 108 26 begynner
827 1039 31 19 att
873 1038 6 20 i
891 1037 73 26 förväg
976 1043 47 20 reg-

197 1066 117 21 lementera
336 1067 72 26 hvarje
431 1067 163 26 omständighet,
618 1067 73 26 hvarje
715 1067 74 25 detalj,
811 1073 45 14 som
873 1067 66 20 under
954 1066 70 21 landt-

197 1095 79 25 dagens
300 1095 49 26 lopp
370 1095 42 21 kan
428 1095 160 26 ifrågakomma,
605 1095 23 21 så
644 1096 41 20 blir
701 1096 37 20 det
754 1095 67 25 aldrig
837 1095 42 20 slut
894 1095 47 20 med
958 1094 65 26 regle-

197 1124 159 25 menterandet;
385 1124 18 20 vi
426 1124 84 21 komma
534 1124 67 25 aldrig
628 1124 31 21 till
688 1124 154 21 hufvudsaken.
880 1123 9 21 I
918 1123 35 21 det
985 1123 37 20 fall

197 1158 45 15 som
265 1152 160 27 ifrägakommit
446 1153 68 20 skulle
536 1153 35 26 jag
591 1159 51 14 anse
663 1153 36 21 det
715 1159 52 14 vara
783 1152 129 26 tillräckligt,
929 1153 31 20 att
975 1151 50 21 herr

197 1181 122 20 talmannen
345 1181 50 26 ,har
420 1181 60 26 lagen
505 1181 39 21 och
568 1181 128 26 profeterna,
720 1181 51 26 följe
794 1182 69 19 dem".
892 1180 132 27 Landtdags-

197 1209 117 26 ordningen
337 1209 67 27 gifver
427 1210 72 21 härvid
524 1209 112 27 tillräcklig
658 1210 92 27 ledning,
768 1210 39 21 och
823 1209 67 21 sunda
906 1209 119 20 förståndet

197 1239 62 25 säger
282 1240 77 24 resten;
381 1244 47 15 men
445 1241 31 19 ett
492 1238 76 22 sådant
583 1239 204 25 reglementerande,
804 1245 45 14 som
866 1239 68 20 denna
950 1237 74 21 omtvi-

196 1266 61 22 stade
273 1266 40 21 bör
326 1267 47 21 icke
384 1273 39 20 ega
430 1274 52 14 rum.
500 1268 41 20 Det
550 1267 66 21 finnes
626 1267 54 21 blott
690 1270 32 18 ett
730 1268 44 25 fall,
782 1267 38 21 där
830 1274 25 14 en
865 1267 89 25 mening,
964 1266 21 20 af
993 1268 32 19 att

196 1296 63 20 vinna
271 1295 105 27 afseende,
391 1296 52 20 skall
452 1302 50 15 vara
510 1296 131 21 understödd
650 1296 22 20 af
681 1302 24 15 en
712 1302 82 15 annans
802 1296 39 20 och
851 1296 58 20 detta
917 1297 24 19 är
950 1295 6 20 i
965 1294 59 27 fråga

199 1329 33 15 om
243 1323 90 27 förnyad
349 1324 160 27 bordläggning.
525 1324 36 21 Uti
577 1325 67 21 andra
660 1326 92 20 ärenden
769 1327 24 18 är
809 1324 76 20 sådant
900 1324 46 20 icke
957 1323 67 25 fallet,

197 1355 51 18 utan
271 1352 38 21 har
327 1352 74 27 frågan
417 1353 57 21 förut
489 1353 89 27 afgjorts
594 1360 75 19 genom
686 1354 53 20 aftal
756 1353 39 21 och
811 1352 214 22 öfverenskommelse

197 1381 91 20 emellan
312 1382 122 20 talmannen
458 1382 38 20 och
512 1382 40 20 den
568 1388 44 14 som
629 1382 115 21 framställt
760 1382 110 24 yrkandet.
901 1381 30 21 På
944 1386 81 16 samma

196 1410 43 20 sätt
256 1410 39 20 bör
311 1410 36 21 det
362 1410 60 21 äfven
437 1410 113 21 framdeles
565 1410 33 26 gå.

266 1467 57 21 Herr
345 1468 137 20 Höckert:
512 1468 41 20 Jag
575 1468 85 21 förenar
680 1468 43 21 mig
744 1468 6 20 i
770 1468 42 21 allo
830 1468 47 20 med
893 1467 49 21 herr
958 1466 66 22 Teng-

540 1485 12 9 g
709 1484 13 10 g
1002 1484 12 10 3

195 1497 67 19 ström
279 1496 40 21 och
336 1496 63 26 begär
415 1496 136 27 proposition.
