1103 1781
195 101 41 20 260
432 106 181 21 Borgareståndet
626 106 54 17 1877.
705 107 13 16 9
731 107 61 16 Mars.

194 174 41 26 Jag
254 174 39 21 ber
309 174 70 22 derför
395 176 32 20 att
441 174 21 22 få
478 175 74 21 förena
567 176 44 26 mig
626 175 7 21 i
650 176 40 21 den
706 176 62 27 åsigt,
784 176 117 21 utskottets
916 175 109 26 pluralitet

194 203 80 21 uttalat
289 203 41 22 och
345 203 113 28 tillstyrka,
476 206 32 19 att
523 204 137 27 inledningen
676 205 66 20 måtte
758 204 24 21 af
796 204 91 21 Ståndet
902 207 96 24 antagas.

265 261 56 20 Herr
342 261 160 21 Molander:
534 261 74 21 Ehuru
628 261 37 27 jag
680 261 47 22 icke
742 261 130 27 fullkomligt
887 261 71 21 kunde
973 267 51 21 upp-

194 289 57 21 fatta
266 289 56 22 Herr
337 289 137 27 Tengströms
490 289 124 25 anförande,
630 290 84 27 tycktes
729 290 42 21 han
785 291 43 26 mig
839 290 54 21 dock
905 290 119 25 framhålla,

194 320 32 19 att
250 318 69 27 någon
336 319 144 26 oegentlighet
494 319 53 20 eller
563 319 42 20 risk
622 319 47 21 icke
685 319 47 26 låge
747 319 45 21 deri
809 320 31 20 att
856 319 169 20 administrativa

195 347 132 27 stadganden
343 347 86 27 inginge
444 347 6 20 i
467 353 25 15 en
508 347 132 27 författning,
653 354 46 14 som
715 348 67 27 begge
795 347 167 21 statsmakterna
972 347 53 27 egde

195 378 33 18 att
249 378 133 25 gemensamt
405 375 91 22 utfärda.
527 376 43 21 För
592 377 44 20 min
660 377 34 20 del
718 378 24 19 är
760 377 38 26 jag
816 376 23 21 af
854 382 25 15 en
894 375 131 26 fullkomligt

195 407 90 18 motsatt
306 405 63 26 åsigt.
401 405 132 27 Regeringen
557 405 39 20 har
618 405 7 20 i
648 404 51 21 flere
715 405 164 27 propositioner,
895 411 45 14 som
957 404 68 21 öfver-

194 433 91 21 lemnats
301 433 33 20 till
350 433 130 21 Ständernas
497 434 117 25 utlåtande,
628 433 143 28 uttryckligen
788 433 95 27 påkallat
894 433 130 22 Ständernas

194 462 130 21 medverkan
343 462 52 21 eller
410 461 116 27 utlåtande,
541 462 62 21 äfven
619 462 7 21 i
643 462 26 21 de
685 462 59 21 delar
760 462 36 21 det
811 463 53 20 stått
880 462 6 21 i
902 463 48 20 dess
965 461 60 22 makt

194 492 32 19 att
251 491 93 26 ensidigt
367 491 124 25 bestämma,
514 497 47 14 men
586 491 27 20 då
631 491 102 21 särskildt
748 491 6 21 i
771 491 139 20 förevarande
926 490 43 26 fall,
985 491 39 20 den

194 519 95 27 riktning
311 519 70 21 blifvit
401 520 87 20 anvisad
503 525 45 16 som
568 519 121 22 Ständerna
704 519 35 21 vid
756 519 131 27 afgifvandet
903 519 22 21 af
939 520 38 21 sitt
992 521 32 19 ut-

194 547 87 21 låtande
297 548 52 21 böra
365 548 57 27 följa,
439 548 67 21 finner
520 549 36 26 jag
572 548 36 21 det
624 548 152 27 besynnerligt,
793 555 34 14 om
844 548 118 21 Ständerna
978 548 46 21 icke

194 576 66 27 följde
277 577 69 20 denna
361 577 112 27 anvisning
488 577 40 21 och
543 577 101 27 åtskiljde
660 577 26 20 de
697 577 172 20 administrativa
880 576 145 26 stadgandena

195 605 47 20 från
265 605 47 20 dem
334 611 45 15 som
402 605 50 21 bero
474 605 27 27 på
516 606 84 26 Regent
615 605 40 22 och
670 606 98 26 Ständer,
784 606 66 26 något
865 611 45 15 som
926 605 98 27 föröfrigt

194 633 6 20 i
223 633 60 22 detta
304 633 36 22 fall
361 636 24 19 är
406 634 84 27 mycket
510 635 40 20 lätt
572 634 39 21 och
630 635 18 26 ej
665 634 67 21 heller
748 634 83 21 medför
846 633 65 28 något
927 641 54 18 men,
997 634 28 21 då

194 662 31 21 uti
242 662 242 28 författningsförslaget
499 663 26 21 de
540 669 37 15 sex
590 663 69 21 första
669 663 87 27 $$:erna
766 663 110 21 innehålla
887 663 136 27 stadganden,

195 697 44 14 som
256 691 51 21 bero
322 691 28 27 på
365 691 67 27 begge
447 691 177 22 statsmakternas
640 692 133 25 samverkan,
790 692 77 20 medan
883 691 46 21 åter
944 692 26 21 de
983 691 40 21 föl-

191 720 66 26 jande
273 720 87 21 tillhöra
375 727 25 14 en
417 720 155 21 administrativ
588 720 134 27 författning.
744 721 30 20 På
786 721 26 20 de
823 720 47 21 skäl
881 720 40 21 och
932 720 92 27 grunder

195 754 44 15 som
264 749 158 20 reservationen
438 749 98 27 föröfrigt
550 749 125 26 innehåller,
692 749 97 21 anhåller
802 749 37 27 jag
855 750 31 19 att
902 749 40 21 den
958 749 65 21 måtte

193 777 25 20 af
232 777 91 21 Ståndet
338 780 95 24 antagas.

263 834 56 21 Herr
343 833 150 22 Cronvall:
524 835 10 20 I
550 835 96 26 enlighet
661 835 48 20 med
725 835 56 20 hvad
797 834 49 21 herr
861 834 70 27 Bergh
947 834 77 21 uttalat

194 862 68 21 finner
285 862 61 21 äfven
365 863 37 26 jag
423 863 36 21 det
480 863 100 27 önskligt,
596 866 33 18 att
647 863 47 21 vårt
709 863 143 27 postväsende
867 863 68 20 skulle
951 863 23 20 så
989 865 35 18 ut-

193 891 82 27 vidgas,
291 894 32 19 att
338 891 154 27 häradsposten
509 892 68 21 blefve
594 891 130 28 öfverflödig.
751 892 49 21 Men
817 892 27 21 då
860 897 25 15 en
901 891 66 22 sådan
982 891 41 21 för-

194 920 91 27 ändring
300 920 46 21 icke
362 921 41 20 kan
419 921 37 20 ske
472 921 23 21 så
511 923 59 19 snart
586 923 32 18 att
634 927 26 14 en
675 921 43 21 viss
733 921 32 21 tid
781 921 70 20 skulle
867 920 70 21 derför
952 920 72 21 kunna

194 949 136 26 bestämmas,
353 949 23 20 så
397 949 39 21 har
451 949 214 22 Ekonomiutskottet
680 950 6 20 i
703 949 38 22 sitt
756 949 136 22 betänkande
908 949 116 21 framhållit

193 979 33 19 att
251 978 68 20 denna
337 978 123 27 förändring
476 978 132 27 småningom
624 977 71 22 kunde
711 978 127 21 verkställas
854 977 122 28 derigenom
992 980 32 18 att

193 1006 165 21 kommunernas
374 1007 78 20 ombud
468 1007 52 26 egde
536 1007 84 20 tillfälle
636 1009 32 19 att
683 1007 7 20 i
706 1007 86 21 samråd
807 1006 49 21 med
869 1006 155 21 kronofodarne

193 1035 76 26 pröfva
290 1035 99 21 behofvet
405 1035 22 21 af
443 1035 129 27 häradspost
590 1035 46 24 och,
653 1042 33 15 om
703 1038 31 19 ett
750 1036 77 21 sådant
843 1035 46 20 icke
905 1034 119 27 förefinnes,

193 1063 80 22 föreslå
289 1064 48 21 dess
352 1064 135 27 indragande.
508 1065 32 20 Då
556 1071 29 14 nu
600 1070 46 15 som
658 1064 62 27 sagdt
730 1065 37 20 det
778 1064 46 21 icke
835 1064 43 20 kan
889 1064 134 23 bestämmas,

193 1093 39 20 när
251 1092 156 27 häradsposten
422 1093 42 20 kan
480 1093 6 20 i
502 1093 49 21 hela
566 1093 73 21 landet
655 1093 66 21 blifva
736 1093 74 27 utbytt
826 1095 46 18 mot
886 1095 137 24 statsposten,

193 1127 48 14 men
265 1121 94 26 önskligt
381 1123 24 19 är
428 1123 32 20 att
482 1123 31 19 ett
535 1122 77 21 sådant
626 1122 76 27 utbyte
718 1121 68 22 skulle
800 1121 121 27 påskyndas
937 1127 44 15 mer
996 1123 27 18 än

193 1149 78 22 hittills
293 1150 64 25 skett,
379 1150 24 21 så
424 1150 36 21 vill
478 1150 37 27 jag
530 1151 74 20 förena
620 1151 42 26 mig
678 1157 34 14 om
728 1151 50 20 herr
793 1150 81 26 Berghs
889 1149 134 25 hemställan,

194 1178 72 21 derest
285 1185 49 14 man
350 1179 47 20 icke
411 1179 41 20 kan
468 1179 49 26 ingå
532 1179 33 20 till
580 1179 134 27 Regeringen
730 1180 49 20 med
795 1185 26 14 en
837 1179 90 26 petition
943 1179 5 20 i
965 1179 58 20 detta

193 1207 63 26 syfte.
287 1207 109 26 Föröfrigt
411 1207 95 21 ansluter
520 1207 36 27 jag
571 1208 45 27 mig
628 1209 6 19 i
646 1208 41 21 allo
699 1207 32 22 till
743 1208 26 21 de
780 1207 23 21 af
812 1207 106 21 utskottet
928 1207 96 21 uttalade

193 1236 82 27 åsigter
290 1236 39 22 och
345 1237 48 20 dess
407 1237 28 26 på
444 1237 69 26 grund
529 1236 61 21 deraf
603 1237 121 27 uppgjorda
740 1237 88 26 förslag.

263 1294 56 20 Herr
339 1294 135 21 Jansson:
504 1294 34 20 Då
556 1300 49 14 man
621 1294 68 21 under
704 1294 148 21 diskussionen
869 1294 95 26 uppstält
979 1299 45 21 ,re-

193 1322 147 21 servationen*
363 1324 58 19 emot
442 1322 117 22 utskottets
582 1322 85 26 förslag,
687 1322 39 22 ber
740 1322 37 27 jag
793 1324 31 19 att
840 1322 34 21 till
889 1322 135 21 undvikande

193 1350 24 21 af
235 1351 150 21 missförständ
407 1350 21 21 fä
448 1352 76 24 erinra,
544 1353 33 19 att
597 1352 159 20 reservationen
773 1351 120 27 egentligen
909 1350 115 22 innefattar

193 1382 78 18 tvenne
287 1380 105 20 särskilda
408 1380 160 21 reservationer.
600 1380 33 21 Då
649 1380 36 21 det
699 1380 108 26 nemligen
823 1380 7 20 i
846 1380 53 20 sista
911 1379 113 27 meningen

193 1408 45 21 står
255 1408 137 27 ytterligare
408 1409 80 27 nödgas
504 1408 26 24 vi,
546 1410 51 20 enär
612 1408 125 28 regeringen
753 1409 47 21 icke
812 1408 96 22 anhåller
918 1416 34 14 om
963 1408 62 21 Stän-

193 1437 78 21 dernas
293 1437 100 27 yttrande
416 1444 34 14 om
474 1438 25 20 de
521 1438 31 20 uti
576 1438 40 20 den
640 1438 77 26 nädiga
738 1438 162 26 propositionen
916 1439 109 24 upptagna

193 1465 102 27 frågorna
310 1472 19 14 o.
345 1472 16 14 s.
377 1466 38 26 v.",
426 1466 22 21 så
464 1466 62 21 berör
542 1466 60 21 detta
617 1466 122 27 pätagligen
756 1466 40 21 den
813 1466 23 21 af
849 1466 104 21 utskottet
970 1466 54 20 före-

193 1496 66 25 tagna
275 1495 182 27 omredigeringen
474 1494 22 22 af
510 1494 12 28 $
538 1497 19 19 7.
582 1495 42 26 Jag
640 1495 38 21 har
693 1496 79 20 önskat
788 1494 115 22 framhålla
919 1494 58 21 detta
990 1494 34 22 till
