1103 1781
181 92 41 20 262
422 96 179 21 Borgareständet
613 97 54 17 1877.
692 98 12 16 9
717 97 61 17 Mars.

181 164 100 33 pröfning
303 165 48 22 leda
371 166 33 21 till
426 166 141 21 helsosamma
589 165 149 28 förändringar
758 166 6 21 i
784 166 40 21 den
847 166 103 27 påtänkta
969 166 43 21 för-

181 194 125 27 ordningen.

251 251 56 21 Herr
328 251 155 26 Lindberg:
514 251 70 21 Jemte
604 252 36 20 det
658 252 37 27 jag
714 253 7 20 i
738 252 118 21 hufvudsak
872 251 83 22 förenar
971 251 41 24 mig

181 280 49 21 med
253 280 50 21 herr
327 280 70 26 Bergh
417 280 38 21 och
471 280 49 21 herr
535 281 102 25 Ignatius,
654 287 61 15 anser
728 281 37 26 jag
781 283 32 18 att
829 281 36 20 det
880 280 21 21 af
915 281 49 20 herr
979 279 33 26 Ig-

182 309 71 20 natius
269 309 134 20 framställda
418 309 94 26 yrkande
528 311 32 18 att
576 309 5 20 i
598 310 26 20 de
640 313 64 21 orter,
720 310 38 20 der
775 309 152 26 postanstalter
938 309 74 22 finnas,

182 337 157 26 häradsposten
361 339 74 24 genast
457 337 65 21 borde
541 338 99 26 indragas
656 339 27 25 pä
698 337 51 22 flere
765 338 76 21 ställen
858 339 5 19 i
880 337 71 21 landet
967 336 45 21 icke

181 366 55 21 låter
251 366 116 21 verkställa
384 366 38 26 sig.
450 366 40 27 Jag
506 366 36 21 vill
559 367 128 26 exempelvis
703 369 84 22 nämna,
804 369 32 18 att
851 364 161 28 mängenstädes

181 395 54 20 höra
251 395 67 20 under
334 400 81 15 samma
431 395 194 21 länsmansdistrikt
637 395 50 21 flere
699 395 131 25 kommuner,
842 395 89 20 emellan
942 392 70 23 hvilka

181 423 62 20 äfven
265 429 34 15 om
320 430 25 13 en
362 423 168 27 postexpedition
547 424 6 20 i
570 424 107 21 distriktet
693 423 73 26 finnes,
783 427 75 23 posten
874 423 46 22 icke
935 423 41 21 kan
992 421 23 21 af

182 452 87 21 Kronan
287 451 120 26 befordras;
425 452 37 21 här
478 453 41 20 kan
535 453 47 20 icke
598 452 154 27 häradsposten
769 453 112 20 undvaras.
912 453 101 20 Deremot

182 487 63 14 anser
266 480 37 27 jag
325 483 33 18 att
381 481 36 20 det
439 481 112 25 missbruk,
576 487 44 14 som
640 487 27 14 nu
684 481 47 21 med
748 481 222 26 häradspostföringen
985 479 28 26 pä

183 509 77 26 många
276 509 75 21 ställen
369 509 111 26 bedrifves,
496 510 6 20 i
519 510 36 20 det
571 509 39 21 den
627 510 97 26 vanligen
736 510 122 25 nödvunget
868 509 67 21 måste
946 509 66 21 öfver-

182 538 54 20 lätas
260 537 23 21 ät
303 538 144 23 länsmannen,
470 538 102 21 undvikes
593 545 74 19 genom
690 539 36 20 det
746 538 6 21 i
775 539 12 26 $
804 539 11 20 2
832 538 22 21 af
869 537 144 22 betänkandet

182 566 115 21 förordade
313 568 50 22 sätt,
379 567 39 20 och
435 567 84 20 förenar
532 567 36 26 jag
584 567 42 26 mig
642 567 98 26 föröfrigt
756 567 47 21 med
817 569 167 18 reservanterne.

254 624 56 20 Herr
332 623 120 22 Kurtén:
480 624 41 27 Jag
544 625 105 20 erkänner
675 625 39 20 den
738 627 58 18 stora
821 625 70 25 vigten
917 624 22 20 af
963 624 50 20 herr

183 652 82 26 Berghs
291 653 34 20 vid
354 652 152 27 behandlingen
533 653 23 20 af
584 654 68 20 denna
679 653 61 26 fråga
766 653 77 26 gjorda
871 652 141 27 andragande.

184 681 47 20 Men
256 681 27 21 dä
303 681 36 27 jag
363 681 64 25 inser,
449 684 33 18 att
503 682 36 20 det
560 682 45 21 icke
627 682 68 21 skulle
715 682 47 20 leda
778 682 32 20 till
827 681 64 26 något
907 681 106 27 praktiskt

182 709 40 21 mål
236 711 34 19 att
281 709 36 21 det
329 716 45 14 som
391 710 30 20 uti
437 710 68 21 denna
521 711 81 26 ingress
611 711 86 20 försöka
706 711 105 25 inrymma
820 711 38 20 allt
868 711 35 20 det
912 716 45 15 som
972 709 40 20 han

183 738 78 23 anfört,
287 738 38 21 och
348 739 27 20 dä
401 738 72 26 frågan
502 739 65 20 redan
593 740 5 19 i
622 743 75 17 tvenne
724 739 66 21 Stånd
817 741 23 18 är
866 739 81 26 afgjord
974 738 39 21 och

184 767 48 20 dess
257 767 128 26 behandling
409 768 5 20 i
437 768 36 20 det
495 768 68 26 tredje
588 768 93 20 sanolikt
704 768 65 20 redan
790 767 98 26 afslutad,
905 767 67 20 skulle
987 773 26 14 en

183 795 123 21 äterremiss
327 796 33 20 till
376 796 104 21 utskottet
496 796 46 21 icke
558 797 48 20 leda
622 797 31 20 till
669 797 36 20 det
722 796 94 21 önskade
832 796 72 22 mälet;
923 796 38 21 och
977 801 36 14 an-

183 823 69 21 häller
273 824 36 26 jag
331 824 74 21 derför
427 825 80 23 endast,
532 827 30 18 att
586 825 91 21 Ständet
701 825 47 20 ville
765 825 74 20 förena
855 825 31 26 sig
902 825 47 20 med
965 823 48 21 herr

183 853 70 25 Bergh
270 853 79 25 derom,
367 855 31 18 att
414 859 25 14 en
455 853 91 21 särskild
562 854 89 26 petition
669 861 32 13 om
719 854 130 24 förbättring
864 853 21 21 af
898 853 46 20 värt
960 855 53 18 post-

183 881 92 20 väsende
299 882 65 20 mätte
388 882 159 26 ävägabringas,
572 883 38 20 och
635 889 107 20 uppmana
764 882 193 26 förslagsställaren
981 884 32 17 att

183 909 118 27 skriftligen
325 910 74 21 affatta
422 911 38 20 och
483 911 6 20 i
514 911 66 20 sinom
598 911 29 20 tid
644 911 31 20 till
692 911 90 21 Ständet
798 911 78 26 ingifva
892 911 121 20 densamma

183 938 32 21 för
230 941 34 18 att
280 939 119 21 remitteras
415 939 31 20 till
462 939 218 21 Ekonomiutskottet.
701 940 33 20 En
750 940 124 20 återremiss
887 940 6 19 i
905 939 35 20 det
952 939 60 26 syfte,

183 973 45 14 som
252 967 23 20 af
296 968 49 20 herr
367 968 69 26 Bergh
459 968 125 25 föreslagits,
608 968 67 21 skulle
699 969 46 20 icke
766 968 22 20 af
803 968 210 21 Ekonomiutskottet

184 996 95 25 beaktas,
295 997 88 20 emedan
399 997 73 26 frägan
489 997 64 20 redan
571 997 70 20 blifvit
657 997 22 21 af
693 997 26 20 de
735 997 67 26 öfriga
818 997 94 20 Ständen
928 996 24 21 till
971 995 42 22 slut

183 1024 129 21 behandlad.

253 1053 9 20 I
280 1054 35 20 det
332 1054 37 26 jag
384 1054 84 21 förenar
484 1054 42 26 mig
542 1054 47 21 med
606 1054 49 21 herr
671 1054 68 26 Bergh
756 1054 62 21 äfven
835 1054 79 24 derom,
931 1057 22 17 att
978 1053 36 20 det

183 1088 35 14 om
241 1082 82 26 möjligt
347 1083 29 20 uti
401 1083 106 25 ingressen
532 1083 114 26 inrymdes,
669 1083 36 20 det
729 1083 120 20 Ständerna
872 1089 50 14 anse
945 1082 69 20 denna

183 1110 126 28 författning
325 1111 75 20 endast
415 1112 68 19 såsom
500 1118 25 14 en
540 1111 230 27 interimsförfattning,
787 1111 39 21 och
842 1114 32 18 att
890 1111 43 20 deri
950 1110 63 21 fram-

183 1139 68 21 hölles
276 1140 184 25 nödvändigheten
476 1139 22 22 af
512 1142 32 19 att
561 1141 219 25 postinrättningarne
797 1140 4 20 i
819 1139 72 21 landet
907 1139 67 21 blefve
991 1139 22 20 så

183 1167 79 21 talrika
286 1171 32 18 att
340 1169 152 26 häradsposten
516 1169 69 20 skulle
601 1169 72 20 kunna
689 1169 113 24 undvaras,
820 1168 79 21 hvilket
915 1167 98 22 amende-

183 1199 58 18 ment
255 1197 36 26 jag
307 1200 46 17 tror
368 1197 62 20 äfven
445 1198 6 19 i
467 1198 25 20 de
508 1197 66 24 öfrige
588 1197 93 21 Stånden
694 1197 68 21 blifvit
773 1197 94 20 uttaladt
878 1197 38 21 och
928 1197 6 20 i
946 1197 68 20 denna

183 1225 84 27 ingress
283 1226 102 26 indraget,
401 1232 62 15 anser
476 1227 36 26 jag
527 1226 6 20 i
550 1226 147 21 hufvudsaken
709 1228 31 19 att
751 1226 117 21 utskottets
879 1225 134 21 betänkande

185 1254 64 21 borde
266 1254 22 21 af
302 1254 91 22 Ståndet
407 1257 95 24 antagas.

254 1312 55 20 Herr
329 1312 158 21 Ahlström:
518 1312 70 21 Jemte
604 1312 35 21 det
652 1313 37 25 jag
705 1312 37 21 ber
758 1314 32 20 att
806 1312 21 20 få
839 1312 73 20 förena
926 1311 42 26 mig
979 1317 34 15 om

184 1340 48 21 herr
249 1340 81 26 Berghs
347 1341 39 21 och
402 1341 76 26 Ignatii
494 1342 151 24 andraganden
661 1344 31 18 att
707 1341 153 25 författningen
876 1347 33 14 om
927 1340 86 20 härads-

183 1372 76 23 posten
276 1370 67 20 skulle
360 1372 88 24 antagas
464 1370 75 20 endast
554 1370 34 20 för
602 1370 42 20 fem
661 1370 29 23 är,
704 1364 38 36 vill
757 1370 32 26 jag
825 1375 44 15 såsom
881 1370 47 20 stöd
940 1368 73 21 härför

183 1398 76 21 anföra
275 1400 32 19 att
323 1404 34 15 om
373 1398 157 26 propositionen
548 1398 38 21 och
603 1398 48 21 dess
667 1398 5 20 i
689 1398 51 26 följd
757 1399 22 21 af
794 1398 106 26 häradspo:
1006 1410 7 2 -

184 1429 99 22 varande,
301 1426 69 21 såsom
394 1427 158 27 propositionen
568 1427 61 21 äfven
646 1426 124 26 framhållit,
787 1426 85 27 mycket
887 1426 127 26 bristfälliga

183 1455 60 21 skick
265 1455 140 21 framkallade
426 1456 69 26 regler
516 1456 32 20 för
568 1456 47 20 dess
634 1456 110 21 ordnande
760 1458 95 23 antagas,
872 1455 69 21 denna
955 1457 58 24 post-

183 1483 70 27 föring
269 1484 40 20 blir
324 1484 34 21 för
374 1484 152 22 kommunerna
542 1484 84 27 mycket
642 1491 44 14 mer
702 1484 135 27 betungande
853 1486 26 18 än
893 1483 64 21 förut.
980 1483 33 21 Då

800 1376 8 14 Pe
