1103 1781
182 109 40 21 392
411 114 179 22 Borgareständet
603 115 54 17 1877.
681 116 26 16 27
719 116 63 16 Mars.

251 183 205 28 Proposition
481 184 46 22 N:o
551 186 23 19 4:
620 185 39 24 De,
689 191 46 14 som
759 184 114 27 godkänna
896 185 115 20 utskottets

181 212 144 25 betänkande,
349 213 58 21 rösta
420 213 30 26 ja;
468 213 73 21 vinner
557 213 39 27 nej,
613 219 61 15 anses
687 213 180 26 Borgareståndet
882 213 33 21 för
930 213 31 21 sin
977 212 33 21 del

181 241 64 21 hafva
261 241 87 21 beslutit
370 243 31 20 att
424 241 160 27 ifrågavarande
608 242 87 26 petition
720 242 46 21 icke
782 241 54 22 skall
852 241 32 22 till
900 241 69 27 någon
980 241 31 22 åt-

182 270 53 26 gärd
251 270 47 21 från
315 270 127 21 Ständernes
458 270 45 21 sida
519 269 115 22 föranleda.

252 332 34 22 Då
307 335 70 19 svaret
399 333 53 21 härå
474 333 62 21 utföll
559 333 47 20 med
622 332 104 22 blandade
740 333 22 26 ja
778 332 39 21 och
835 333 39 26 nej,
889 332 75 21 skreds
980 332 31 21 till

183 361 103 26 votering,
309 361 87 21 hvarvid
419 361 94 25 afgåfvos
535 361 27 21 25
578 363 69 19 röster
662 361 32 21 för
709 361 33 26 nej
760 361 38 22 och
816 363 12 19 8
843 361 33 21 för
889 361 33 26 ja;
938 361 6 20 i
959 361 52 26 följd

183 389 75 50 k
287 389 116 27 petitionen
437 389 133 22 förklarades
602 389 61 22 hafva
689 389 69 22 blifvit
786 389 22 21 af
831 389 180 27 Borgareständet

183 417 80 27 afböjd.

253 572 40 21 Till
310 572 128 27 behandling
453 573 93 26 företogs
562 572 94 21 härefter
671 573 224 20 Ekonomiutskottets
911 573 31 20 till
957 573 3 20 i
971 572 41 27 dag

184 601 120 26 bordlagda
327 601 133 21 betänkande
484 601 18 23 ,i
519 601 113 26 anledning
648 601 23 21 af
684 603 31 19 ett
728 601 31 21 till
780 601 136 21 Hedervärda
931 601 82 21 Bonde-

185 629 86 21 ståndet
299 629 116 22 inlemnadt
437 629 211 27 petitionsmemoria]
675 631 91 20 rörande
788 629 103 22 särskilda
914 629 100 27 åtgärder

185 657 132 22 beträffande
333 658 217 26 kronoskogsmarker
566 658 40 21 och
622 658 116 27 kronotorp
754 658 57 21 inom
828 658 128 25 desamma",
973 658 40 21 och

185 686 104 27 begärdes
305 687 61 20 ordet
381 687 73 21 härvid
470 687 23 20 af

254 755 57 20 Herr
331 755 187 27 Tengström,
539 761 45 15 som
600 755 92 26 yttrade:
724 755 213 21 Ekonomiutskottet
953 755 38 20 har
1008 755 5 20 i

185 783 37 20 sitt
238 783 135 21 betänkande
388 784 6 20 i
410 783 111 26 anledning
537 783 23 21 af
574 783 40 21 den
631 783 138 22 förevarande
785 784 116 26 petitionen
911 783 102 26 tillstyrkt

185 813 32 19 att
233 812 124 21 densamma
372 813 69 20 såsom
456 812 147 21 innefattande
622 814 73 19 trenne
711 812 105 21 särskilda
832 812 46 21 från
893 812 121 21 hvarandra

185 840 115 21 afvikande
323 841 99 25 ärenden,
445 841 46 21 icke
514 841 68 20 skulle
604 841 30 20 till
651 841 67 26 någon
736 841 76 26 åtgärd
828 840 115 21 föranleda.
973 841 41 26 Jag

185 875 62 14 anser
263 871 33 19 att
318 869 105 21 utskottet
439 869 31 21 till
486 876 24 14 en
527 869 65 21 sådan
610 869 119 27 tillstyrkan
745 869 47 21 icke
808 869 46 21 haft
869 869 66 26 några
949 875 65 20 grun-

185 897 56 21 dade
257 898 52 25 skäl,
326 900 51 19 utan
393 900 32 19 att
440 898 69 21 denna
525 900 92 19 tvärtom
633 900 24 19 är
672 898 109 21 stridande
798 900 56 19 emot
870 898 35 20 det
920 897 94 27 verkliga

185 925 151 25 förhållandet,
353 927 38 20 och
406 927 36 26 jag
457 927 67 20 skulle
540 927 61 20 äfven
618 926 70 21 derför
703 926 65 21 hafva
784 926 108 26 föreslagit
903 928 32 19 att
947 926 67 27 petio-

185 961 40 14 nen
242 954 49 21 bort
307 955 31 21 till
361 955 105 21 utskottet
488 955 144 26 återförvisas,
649 961 33 15 om
695 955 38 27 jag
749 955 46 21 icke
811 954 21 22 af
847 955 103 20 särskilda
961 954 52 26 skäl,

186 983 71 21 hvilka
277 983 37 27 jag
337 984 78 20 önskar
437 983 81 26 anföra,
540 983 56 22 hade
618 984 89 21 kommit
730 983 32 22 till
786 985 30 19 ett
839 985 64 19 annat
918 984 95 20 resultat.

184 1011 122 22 Petitionen
330 1012 65 26 angår
418 1014 30 19 ett
472 1013 37 20 och
532 1019 81 14 samma
634 1014 68 23 ämne,
719 1012 105 26 nemligen
840 1012 91 21 kronans
947 1012 66 21 öfver-

185 1040 120 27 loppsjord;
329 1041 48 20 dess
399 1041 152 26 fränskiljande
575 1041 38 21 och
637 1041 127 27 utbrytande
786 1041 46 20 frän
848 1040 94 21 enskilde
955 1040 58 27 jord-

185 1075 75 20 egares
277 1069 86 21 område
381 1072 62 23 utgör
459 1076 25 14 en
500 1070 34 21 del
550 1069 20 21 af
585 1070 85 25 frågan;
687 1076 25 15 en
729 1075 70 16 annan
815 1069 34 21 del
866 1071 23 19 är
904 1070 46 20 åter
966 1069 47 20 kro-

185 1097 129 22 nomarkens
337 1098 134 26 förvaltning,
491 1098 38 21 och
546 1098 31 21 till
593 1098 156 27 förvaltningen
766 1098 39 21 hör
821 1098 98 21 markens
935 1097 78 28 bebyg-

185 1127 70 26 gande
279 1127 39 20 och
340 1127 114 26 besittning
470 1127 106 20 äfvensom
594 1127 141 26 beskattning.
767 1127 120 20 Petitionen
903 1126 112 21 afhandlar

185 1154 92 22 sälunda
292 1155 55 21 blott
363 1157 31 19 ett
409 1157 61 19 ämne
484 1155 38 21 och
539 1155 53 21 hade
609 1155 70 21 derför
691 1155 49 21 bort
756 1155 22 21 af
792 1155 106 21 utskottet
915 1155 32 20 till
966 1157 48 18 när-

185 1189 59 15 mare
269 1184 115 26 beredning
399 1186 109 25 upptagas.
540 1185 38 20 Att
591 1184 37 26 jag
644 1184 62 21 likväl
722 1184 46 21 icke
785 1184 118 25 tillstyrker
918 1189 25 16 en
959 1183 55 21 äter-

185 1212 76 21 remiss
278 1213 48 20 sker
342 1212 76 25 derför,
435 1215 31 18 att
480 1213 35 26 jag
530 1219 63 14 anser
609 1213 127 26 petitionens
752 1212 94 21 innehäll
862 1212 59 21 äfven
933 1213 6 20 i
951 1212 64 26 öfrigt

185 1247 51 15 vara
252 1241 83 26 sädant,
351 1243 32 19 att
399 1241 36 21 det
450 1241 46 21 icke
512 1242 38 20 bör
566 1241 109 21 föranleda
690 1242 69 26 nägon
775 1241 82 26 ätgärd.
883 1241 60 21 Hvad
959 1247 56 15 nem-

186 1269 55 27 ligen
265 1270 53 21 först
342 1271 66 25 angär
431 1270 137 27 utbrytandet
583 1270 23 20 af
620 1270 92 21 kronans
729 1270 174 26 öfverloppsjord,
919 1269 24 21 sä
958 1269 56 21 inne-

185 1298 57 21 hålla
266 1299 145 21 landtmäteri-
434 1299 38 21 och
492 1298 290 27 storskiftsförfattningarna
802 1305 25 14 en
844 1298 112 26 tillräcklig
971 1297 44 22 led-

185 1327 51 26 ning
259 1327 39 21 och
321 1327 110 27 anvisning
450 1327 54 21 huru
520 1328 118 20 verkstäldt
653 1327 109 21 storskifte
779 1326 54 22 skall
850 1327 70 20 kunna
933 1326 82 27 jemkas

185 1355 40 21 och
249 1355 100 26 regleras.
377 1356 33 20 En
433 1356 65 20 sådan
520 1356 112 26 jemkning
656 1356 37 20 och
710 1356 106 26 reglering
832 1356 41 20 kan
888 1355 46 21 icke
950 1354 66 28 enligt

185 1384 63 21 dessa
271 1384 152 26 författningar
443 1384 91 21 erhållas
550 1384 133 21 annorlunda
699 1386 25 20 än
755 1384 41 21 efter
812 1384 91 20 särskild
918 1384 98 26 pröfning

185 1412 22 21 ai
227 1412 75 28 hvarje
325 1412 102 22 särskildt
444 1413 42 21 fall.
518 1413 33 21 Då
572 1413 95 21 deremot
689 1418 53 22 petit
821 1418 37 16 rnc
874 1418 28 15 nu
916 1412 53 27 yrka
984 1414 33 18 att

185 1440 42 22 alla
245 1441 124 21 verkstälda
385 1441 147 27 utbrytningar
547 1441 23 21 af
583 1442 93 20 kronans
687 1441 169 27 öfverloppsjord
867 1440 46 22 från
922 1440 94 22 enskilde

183 1469 126 27 jordegares
331 1470 87 21 omräde
437 1470 60 21 skola
519 1472 51 18 utan
586 1471 108 25 undantag
710 1470 96 26 undergä
821 1471 46 25 nytt
882 1469 70 25 skifte,
969 1475 47 15 men

186 1498 78 26 många
287 1498 123 22 storskiften
434 1499 64 21 redan
521 1499 117 26 försiggätt,
661 1498 67 22 skulle
744 1498 82 22 kanske
842 1497 49 22 flere
907 1498 110 20 hundrade
