1103 1781
316 102 179 21 Borgareståndet
508 103 54 17 1877.
588 102 12 17 9
612 102 62 17 Mars.
873 96 41 20 279

153 171 215 27 Proposition:
399 171 32 22 De
452 178 45 15 som
522 170 114 28 godkänna
657 170 12 28 &
690 170 13 21 5
727 170 7 21 i
752 170 94 26 enlighet
866 170 49 21 med

83 201 119 20 utskottets
224 200 135 21 betänkande
381 199 110 28 behagade
514 202 60 19 rösta
596 199 32 27 ja;
650 199 74 21 vinner
739 199 41 26 nej,
794 199 121 20 återremit-

84 232 59 18 teras
164 230 46 25 S:en
233 229 32 21 till
288 229 212 21 Ekonomiutskottet
524 228 47 21 med
584 228 106 21 anmodan
706 229 32 19 att
754 227 107 21 utskottet
876 227 38 20 be-

83 257 106 22 träffande
205 258 36 21 det
256 263 75 15 senare
346 259 116 20 momentet
476 257 66 22 måtte
557 257 87 26 vidtaga
660 257 40 20 den
713 255 95 26 rättelse,
818 257 34 20 att
862 255 53 21 hän-

84 287 108 25 visningen
215 286 32 21 till
271 286 26 21 de
319 285 221 22 straffbestämmelser
558 291 45 16 som
620 287 36 19 äro
673 284 125 22 meddelade
814 291 34 14 om
864 284 49 21 kro-

85 315 147 26 nopostförare
248 315 68 26 utgår,
333 314 39 21 och
385 315 105 21 utskottet
506 314 119 21 inkommer
640 314 47 21 med
704 313 86 26 förslag,
806 313 107 26 tilllämp-

83 343 44 27 liga
150 343 246 26 ansvarsbestämningar
419 343 33 21 för
476 343 25 21 de
525 343 57 21 olika
598 343 46 26 slag
660 341 21 22 af
695 341 163 22 öfverträdelser
874 341 39 22 och

81 372 161 21 försummelser
257 378 44 15 som
317 372 6 20 i
339 374 116 19 momentet
470 371 68 22 finnas
554 373 113 25 upptagna.

153 440 162 27 Propositionen
331 440 128 21 besvarades
475 441 48 21 med
539 440 155 27 öfvervägande
709 439 35 27 nej
760 440 4 20 i
771 439 57 27 följd
839 439 77 32 hvaraf

84 469 12 27 8
111 469 13 20 6
139 469 68 22 skulle
223 469 32 21 till
271 469 213 22 Ekonomiutskottet
499 469 168 21 återremitteras
681 469 7 20 i
704 468 98 21 afseende
818 467 13 22 å
846 467 68 22 vidta-

84 498 68 26 gande
169 497 22 22 af
205 498 40 21 den
257 497 90 27 ändring
362 498 240 27 kontrapropositionen
618 497 124 21 innehåller.

158 561 33 21 Dä
213 561 49 20 herr
284 561 71 21 Vice
371 561 177 25 Talmannen,
571 561 47 21 med
635 560 114 27 anledning
770 560 24 21 af
814 560 26 21 de
856 559 57 22 olika

83 589 87 26 Äsigter,
193 595 45 15 som
260 590 67 21 under
348 589 40 22 den
411 589 127 27 föregående
554 589 146 21 diskussionen
718 589 88 21 uttalats
821 588 92 21 rörande

83 617 132 22 Ständernas
233 617 126 28 befogenhet
374 620 33 19 att
422 618 78 27 afgifva
515 618 99 27 yttrande
631 617 90 22 rörande
737 618 26 21 de
778 617 135 22 äterstäende

85 646 94 27 $S:erna,
203 647 92 21 härefter
317 647 117 21 hemstälde
457 647 33 21 till
511 647 96 26 Ständet,
623 647 104 20 huruvida
742 646 89 21 Ständet
847 645 66 22 borde

84 675 50 27 ingä
149 675 6 21 i
171 675 98 27 pröfning
283 675 23 22 af
319 675 130 27 densamma,
466 676 86 27 yttrade
567 676 32 26 sig

154 744 56 21 Herr
225 744 24 21 E.
265 744 102 27 Bergh:
398 744 44 21 För
464 745 43 20 min
530 744 33 21 del
586 744 42 21 kan
642 744 36 27 jag
691 743 45 22 icke
752 743 60 26 fatta,
827 743 86 21 hvarför

81 772 50 21 icke
147 772 119 21 Ständerna
285 773 61 21 äfven
362 773 72 21 kunde
449 773 94 27 granska
559 773 26 21 de
600 773 58 27 S$:er
673 779 45 14 som
734 774 38 19 äro
788 772 22 21 af
824 772 88 21 admini-

81 801 80 21 strativ
177 801 144 22 beskaffenhet
337 801 39 22 och
393 801 59 22 öfver
468 803 110 20 desamma
590 801 79 27 afgifva
684 801 38 21 sitt
738 801 116 21 utlätande.
871 801 42 20 Det

84 829 43 22 kan
139 829 25 27 ju
186 829 71 22 hända
273 832 32 19 att
319 830 7 21 i
342 831 62 20 dessa
420 831 60 26 88:er
495 831 61 26 ingår
571 831 65 26 något
651 836 44 15 som
712 829 46 22 icke
774 829 68 22 skulle
858 835 55 15 sam-

84 860 142 19 manstämma
241 859 47 20 med
305 859 25 20 de
345 859 130 26 föregäende
491 859 23 22 af
527 859 83 26 Regent
621 859 39 21 och
676 859 91 20 Ständer
782 860 131 25 gemensamt

81 889 96 24 antagna
192 887 93 28 &$:erna.

153 944 56 21 Herr
224 945 33 20 W.
272 945 118 26 Nystön:
421 945 34 20 Då
471 945 94 20 hvarken
582 945 30 20 uti
629 944 132 27 inledningen
777 943 33 22 till
821 944 39 21 den
876 944 37 21 nä-

83 972 51 27 diga
156 973 158 26 propositionen
338 973 51 21 eller
412 973 6 21 i
435 973 76 27 sjelfva
526 973 102 26 förslaget
643 973 32 21 för
691 973 64 26 öfrigt
770 973 143 21 förekommer

84 1001 69 26 nägon
177 1002 92 26 antydan
292 1002 80 24 derom,
395 1003 34 20 att
451 1002 133 27 Regeringen
601 1002 67 21 skulle
684 1003 80 20 emotse
780 1002 64 25 nägot
860 1001 53 21 utlä-

82 1029 66 22 tande
163 1030 24 21 af
200 1030 125 27 Ständerna,
343 1030 133 21 beträffande
492 1031 26 20 de
533 1031 170 20 administrativa
718 1030 194 26 bestämningarna,

82 1058 26 21 sä
130 1065 62 20 synes
215 1059 36 20 det
273 1059 41 26 mig
337 1065 52 14 vara
410 1059 132 26 fullkomligt
564 1059 129 26 opäkalladt,
709 1061 33 19 att
756 1059 65 26 nägot
836 1058 77 21 sädant

81 1087 102 26 yttrande
199 1087 68 21 skulle
283 1087 23 21 af
320 1087 122 21 Ständerna
458 1087 95 28 afgifvas.
577 1088 42 21 Det
634 1087 67 22 mäste
718 1087 122 27 visserligen
856 1087 57 21 med-

80 1115 78 27 gifvas,
173 1118 33 19 att
221 1116 27 21 dä
263 1116 7 21 i
286 1116 120 27 lagförslag,
423 1123 46 14 som
487 1117 69 20 blifvit
578 1116 115 27 förelagda,
709 1115 53 22 slika
778 1115 135 21 föreskrifter

82 1144 75 27 ingätt,
177 1145 100 26 yttrande
299 1145 58 20 öfver
379 1145 125 21 densamma
523 1145 67 21 blifvit
605 1144 92 27 afgifvet,
714 1151 46 14 men
776 1145 7 20 i
798 1145 62 20 dessa
875 1144 38 21 fall

82 1173 41 20 har
139 1173 130 21 Ständernas
283 1173 100 26 yttrande
399 1173 143 27 uttryckligen
558 1173 118 26 affordrats,
698 1173 22 21 sä
736 1175 24 18 är
773 1173 140 21 förevarande

81 1201 229 28 författningsförslags
325 1202 172 21 administrativa
513 1202 157 26 bestämningar
685 1202 46 21 icke
746 1201 68 22 fallet.

151 1258 57 22 Herr
222 1259 63 21 Vice
299 1259 179 21 Talmannen
495 1259 124 22 framstälde
631 1259 53 21 härå
699 1259 93 27 följande

151 1316 214 27 Proposition:
396 1316 33 22 De
445 1323 45 15 som
508 1323 50 15 anse
574 1319 32 19 att
622 1316 89 22 Ståndet
726 1316 38 22 bör
775 1316 49 26 ingå
835 1316 7 20 i
854 1315 58 27 pröf-

82 1344 52 27 ning
157 1344 23 21 af
201 1346 48 20 7:de
265 1345 38 21 och
319 1344 94 27 följande
429 1344 61 30 S&:er
505 1346 6 20 i
526 1346 145 26 Regeringens
687 1345 79 27 förslag
782 1344 33 22 till
830 1344 81 22 förord-

81 1373 52 27 ning
155 1373 109 27 angående
285 1374 275 26 häradspostinrättningen
584 1374 108 26 bebagade
716 1376 58 19 rösta
790 1374 33 26 ja;
840 1373 73 21 vinner

82 1402 42 26 nej,
139 1408 62 15 anses
217 1408 24 15 en
258 1402 65 21 sädan
339 1402 78 27 ätgärd
432 1403 48 21 frän
496 1402 130 22 Ständernas
642 1402 46 22 sida
703 1403 46 21 icke
764 1402 71 26 nödig.

151 1458 162 28 Propositionen
328 1458 130 22 besvarades
474 1460 48 21 med
539 1459 154 27 öfvervägande
708 1459 46 27 nej;
771 1458 39 22 och
827 1458 86 22 anteck-

81 1486 67 22 nades
168 1487 8 21 i
196 1487 93 27 enlighet
309 1488 89 21 härmed
420 1488 73 21 såsom
515 1488 101 22 Ständets
632 1488 75 25 beslut,
724 1490 32 19 att
770 1487 143 22 Ständerna
899 1482 18 36 i
