1103 1781
278 115 178 23 Borgareståndet
469 118 55 16 1877.
550 118 26 16 27
587 117 93 17 Januari.
881 112 24 20 11

144 185 40 21 6:0.
215 185 115 26 Angående
351 185 123 27 förändring
496 185 23 22 af
541 186 26 21 de
587 185 49 22 med
651 185 116 27 Kuusamo,
783 186 125 21 Kemiträsk

75 213 41 22 och
132 213 122 28 Kuolajärvi
270 213 133 22 sockneboar
418 214 103 21 afslutade
538 214 189 21 knektekontrakt.

146 243 40 20 7:0.
217 242 116 26 Angående
348 243 122 26 inteckning
485 243 7 20 i
508 243 96 21 enskilda
617 242 259 27 jernvägsanläggningar.

146 273 39 19 8:0.
216 271 115 26 Angäende
355 271 127 27 anläggning
504 271 40 22 och
567 271 138 26 beskattning
728 271 22 21 af
764 271 143 26 mjölkvarnar

77 299 40 22 och
132 299 184 26 sädesstampverk
332 300 49 21 med
396 306 68 15 annan
481 299 100 22 drifkraft
597 302 26 19 än
639 302 79 19 vatten.

145 329 40 20 9:0.
216 328 116 26 Angående
355 328 114 21 förändrad
492 328 80 27 lydelse
591 329 23 20 af
627 329 27 20 53
670 328 11 27 &
697 328 6 21 i
719 329 138 26 legostadgan
874 328 34 22 för

77 356 122 22 husbönder
214 357 39 21 och
269 357 134 27 tjenstehjon,
419 357 68 26 gifven
504 357 40 22 den
560 357 27 22 30
600 357 85 26 januari
702 357 60 21 1865.

147 386 52 21 10:0.
230 385 41 22 Om
292 385 90 26 ändring
397 385 22 21 af
433 387 12 19 7
461 387 13 25 $
491 387 26 20 17
533 385 49 28 kap.
598 385 25 22 R.
639 385 31 28 B.,
686 385 110 26 angående
812 385 95 22 enskilde

77 413 92 27 tjenares
182 413 104 28 jäfvighet
301 416 32 19 att
349 414 74 21 vittna.

147 443 52 20 11:0.
230 442 116 27 Angäende
372 443 118 21 ordnandet
514 443 24 21 af
560 442 190 27 skjutshällningen
780 443 39 21 och
850 444 57 25 gäst-

76 470 134 27 gifverierna.

146 499 53 22 12:0.
230 499 116 26 Angående
369 499 119 28 beviljande
510 499 23 22 af
554 499 74 27 anslag
648 499 32 22 till
696 499 155 28 hushällnings-
868 499 39 22 och

77 527 248 28 landtbrukssällskapen
341 528 6 21 i
362 527 78 22 landet.

147 557 53 21 18:0.
231 557 114 26 Angående
361 557 123 21 lösdrifvare
500 557 39 21 och
556 557 62 22 deras
632 556 136 27 behandling.

147 586 53 20 14:0.
230 585 115 26 Angående
361 585 119 22 ordnandet
495 585 23 22 af
526 586 272 27 häradspostinrättningen
809 585 6 21 i
826 585 79 22 landet.

145 614 54 21 15:0.
230 614 115 26 Angäende
368 620 26 15 en
415 614 129 27 förordning,
568 614 146 21 innefattande
733 614 73 27 tillägg
822 614 32 21 till
869 615 37 20 nä-

77 642 49 27 diga
148 642 151 27 förordningen
321 649 34 14 om
377 643 251 26 kommunalförvaltning
644 643 27 27 pä
686 643 78 25 landet,
780 643 69 26 gifven
865 643 40 21 den

77 671 13 20 6
106 671 94 21 februari
217 671 62 21 1865.

148 700 53 21 16:0.
232 699 115 27 Angående
362 700 95 25 grunden
474 700 32 21 för
520 699 169 27 tolagsafgiftens
705 699 143 22 beräknande.

147 729 52 20 17:0.
230 727 115 28 Angäende
360 728 89 27 ändring
464 729 7 20 i
486 729 146 26 stadgandena
648 735 35 15 om
698 728 54 21 börd
767 731 55 19 samt
837 728 68 21 vider-

77 756 94 22 boendes
186 757 39 21 och
242 757 66 21 nabos
323 757 144 26 lösningsrätt.

145 786 53 21 18:0.
229 785 116 26 Angående
368 785 122 28 förändring
512 786 8 21 i
543 787 71 26 lagens
637 785 131 27 stadganden
791 791 34 16 om
841 785 64 22 oäkta

77 813 63 22 barns
156 813 93 23 arfsrätt.

145 843 54 20 19:0.
224 843 115 26 Angående
354 842 106 28 reglering
474 843 23 22 af
510 843 172 28 presterskapets
697 843 92 27 aflöning
804 843 7 20 i
821 842 85 21 landets

75 866 129 37 evangelisk-
207 859 111 33 Jutherska
333 871 153 27 församlingar.

143 900 55 21 20:0.
228 899 115 27 Angående
359 900 107 21 allmänna
481 900 150 27 fattigvården.

143 924 55 34 21:0.
229 917 116 38 Angående
368 929 89 26 ändring
473 929 21 22 af
508 936 29 14 nu
552 929 97 26 gällande
664 929 78 26 lagbud
758 935 34 15 om
808 928 98 27 giftorätt

76 956 40 21 och
131 956 34 21 arf
179 957 53 21 efter
248 957 111 25 landsrätt,
375 959 55 20 samt
445 964 34 15 om
495 958 156 27 morgongåfva.

143 985 56 21 22:0.
230 985 114 27 Angående
360 986 162 27 tingsgästning.

144 1014 54 21 23:0.
228 1014 115 26 Angående
359 1014 163 22 häradsnämnd.

144 1043 53 20 24:0.
228 1043 114 26 Angäende
365 1049 26 15 en
413 1043 125 28 förordning
561 1050 34 15 om
618 1045 75 26 vägars
709 1043 39 22 och
764 1042 74 22 broars
854 1042 51 27 byg-

75 1070 70 27 gande
160 1071 40 21 och
215 1055 111 48 underhåll
341 1072 14 21 å
370 1071 79 24 landet,

143 1100 56 21 25:0.
230 1100 115 27 Angående
360 1100 124 27 förordning
500 1107 34 15 om
550 1100 133 27 näringarne.

143 1129 56 20 26:0.
225 1128 48 21 Med
290 1128 79 27 förslag
385 1129 32 21 till
432 1129 147 22 stambansnät
595 1129 33 21 för
641 1129 139 27 jernvägarne
791 1129 6 20 i
808 1127 97 22 Finland.

145 1185 57 22 Ifrån
218 1185 74 22 slottet
307 1185 64 28 begaf
384 1186 32 27 sig
432 1186 90 21 Ständet
537 1186 31 21 till
584 1186 38 21 sitt
637 1186 145 26 sessionsrum,
798 1191 48 16 men
858 1191 46 26 som

75 1213 67 27 nägra
165 1214 98 27 ärenden,
286 1214 71 21 hvilka
372 1221 28 14 nu
415 1214 67 22 borde
497 1215 137 27 handläggas,
649 1215 46 21 icke
710 1215 98 25 anmälts,
823 1213 83 27 ätskilj-

76 1242 37 22 des
129 1242 100 22 Ständets
245 1243 117 22 ledamöter
377 1243 139 22 omedelbart.
