1103 1781
319 103 181 21 Borgareståndet
512 104 55 17 1877.
593 104 23 16 16
630 104 62 16 Mars.
870 100 41 20 317

153 171 69 22 Sedan
243 171 147 22 diskussionen
413 171 88 22 härmed
517 171 98 22 afslutats
638 172 39 21 och
698 172 40 21 den
754 172 23 21 af
791 172 49 21 herr
856 173 55 21 Tal-

85 206 106 15 mannen
207 200 124 21 framstälda
347 201 156 26 propositionen
520 207 34 14 om
569 200 162 27 inbjudningens
746 201 120 26 antagande
874 201 37 21 be-

85 231 82 19 svarats
189 229 102 26 enhälligt
311 229 99 26 jakande,
432 229 131 21 förklarades
585 229 174 21 Statsutskottets
774 229 138 22 förenämnda

85 257 81 26 förslag
181 257 64 21 hafva
267 257 68 21 blifvit
358 257 22 21 af
401 257 92 22 Ständet
508 258 116 26 godkändt,
640 258 38 21 och
695 258 67 21 skulle
779 258 58 21 såväl
853 258 59 21 Med-

85 286 88 21 ständen
197 292 44 15 som
267 286 164 21 Statsutskottet
456 286 74 21 härom
557 292 76 20 genom
655 286 195 27 protokollsutdrag
874 293 37 14 un-

85 315 113 20 derrättas.

152 457 119 26 Föredrogs
293 457 108 21 allmänna
420 457 208 22 Besvärsutskottets
651 457 46 22 frän
712 457 127 27 föregäende
856 464 54 15 sam-

84 486 109 21 manträde
215 486 116 26 bordlagda
351 486 156 21 betänkande
497 482 15 35 i
530 487 113 26 anledning
663 487 22 20 af
704 493 25 14 en
751 487 56 20 inom
829 486 82 21 Bonde-

83 515 85 20 ständet
184 515 61 21 väckt
260 515 88 26 petition
365 521 34 15 om
415 515 122 21 inrättande
553 515 21 21 af
589 517 31 19 ett
632 515 94 26 apotek
717 511 13 35 i
740 515 76 21 Kittilä
826 515 84 21 socken.

152 571 67 22 Ordet
234 572 102 27 begärdes
351 572 74 21 härvid
441 572 23 21 af

151 629 56 21 Herr
227 629 145 27 Vallgrön,
390 636 44 15 som
450 630 97 27 yttrade:
579 630 33 21 Dä
625 630 37 26 jag
677 630 35 21 vid
725 632 83 19 senaste
825 629 84 27 plenum

83 657 93 22 önskade
199 658 160 26 ifrågavarande
375 659 145 20 betänkandes
540 658 160 27 bordläggning,
716 658 80 21 skedde
812 659 36 20 det
864 659 45 20 der-

83 685 32 22 för
137 689 32 18 att
189 687 37 26 jag
248 687 5 20 i
277 687 57 21 detta
355 689 61 19 ämne
439 687 47 21 ville
502 687 95 21 inhemta
613 688 68 25 någon
697 687 132 26 upplysning.
860 687 49 20 Man

82 715 40 20 har
137 721 28 15 nu
181 715 106 22 meddelat
302 716 43 26 mig
359 718 32 19 att
407 716 24 21 år
448 716 54 21 1870
519 716 97 26 beviljats
631 715 95 22 tillstånd
742 715 32 21 till
790 715 120 22 inrättande

82 743 23 21 af
125 750 25 15 en
166 744 139 27 apotekslåda
327 745 6 19 i
349 744 82 26 Kittilä,
448 745 37 20 och
503 747 32 18 att
551 745 35 20 det
602 745 107 20 dessutom
725 745 45 20 står
785 744 125 27 provincial-

82 772 86 21 läkaren
185 773 44 20 fritt
245 775 31 18 att
291 772 57 22 hålla
367 779 24 14 en
408 773 57 27 dylik
480 773 147 26 apotekslåda.
656 773 41 26 Jag
712 779 62 15 anser
790 773 34 21 det
840 773 70 20 derför

82 801 47 20 icke
151 807 50 16 vara
223 801 86 21 alldeles
331 802 97 26 omöjligt
449 802 32 21 för
503 802 154 21 innevånarene
679 802 6 20 i
700 801 78 22 Kittilä
796 803 32 20 att
843 801 21 21 få
879 804 31 18 ett

82 833 72 23 recept
178 830 109 21 derstädes
311 830 142 27 expedieradt.
483 831 33 20 Då
538 830 46 21 icke
606 837 25 14 en
648 830 136 27 apotekslåda
801 830 108 21 derstädes

82 858 73 26 tyckes
178 859 52 20 bära
253 859 31 26 sig
300 861 23 18 är
340 859 36 21 det
392 859 81 21 mindre
490 861 32 18 att
538 859 97 21 förmoda
652 860 35 20 det
702 861 32 19 ett
749 859 84 26 apotek,
848 858 61 21 äfven

82 887 49 20 med
154 887 36 21 det
212 887 59 26 ringa
292 887 81 26 anslag,
397 894 45 15 som
465 887 67 21 blifvit
556 888 95 25 begärdt,
675 887 67 22 skulle
761 889 51 24 göra
829 888 41 24 det,
886 888 23 20 så

81 915 64 21 framt
153 916 36 21 det
201 916 68 21 skulle
284 915 93 28 uppfylla
390 917 31 20 sin
434 917 96 25 verkliga
542 916 153 21 bestämmelse.
712 916 103 25 Orsaken,
824 915 86 22 hvarför

81 950 26 14 en
123 944 139 27 apotekslåda
277 945 6 20 i
299 945 76 20 Kittilä
389 945 46 21 icke
452 945 38 20 bär
503 945 38 26 sig,
554 945 74 26 tyckes
638 945 146 26 förnämligast
792 945 56 26 ligga
858 945 50 25 deri,

81 974 32 19 att
127 975 71 19 ortens
213 973 99 21 invånare
328 973 33 21 för
376 973 47 22 litet
439 974 65 20 anlita
517 973 80 26 läkare,
614 973 39 21 och
669 973 54 21 hvad
738 979 44 15 som
798 974 47 20 åter
861 973 48 20 här-

82 1001 33 20 till
138 1003 23 19 är
183 1002 96 25 orsaken,
302 1008 62 15 anser
384 1002 37 27 jag
440 1002 42 21 lika
498 1001 47 22 litet
561 1002 85 21 tillhöra
662 1002 41 26 mig
719 1004 31 18 att
765 1002 81 25 utreda,
864 1008 45 14 som

82 1029 37 21 det
142 1029 73 22 tillhör
237 1030 125 26 Ständerna,
386 1034 32 17 att
439 1031 67 21 under
520 1031 77 20 sådant
613 1030 131 21 förhållande
759 1030 128 27 petitionera
903 1031 5 19 i

82 1059 71 20 saken.
185 1059 40 26 Jag
241 1059 83 21 förenar
339 1059 43 26 mig
398 1059 82 21 således
496 1066 33 14 om
545 1059 116 21 utskottets
676 1059 85 26 förslag,
777 1061 32 19 att
824 1059 84 26 petitio-

83 1093 40 15 nen
139 1087 46 21 icke
201 1089 64 20 måtte
281 1088 109 21 föranleda
406 1089 68 25 någon
491 1088 83 26 åtgärd.

151 1145 55 20 Herr
221 1145 156 26 Ignatius:
409 1145 46 21 Den
476 1145 133 26 upplysning,
632 1145 50 20 herr
697 1145 100 26 Vallgren
813 1151 28 14 nu
857 1145 51 20 lem-

81 1175 44 24 nat,
148 1179 37 15 var
208 1174 41 25 mig
272 1173 121 27 visserligen
416 1173 56 21 förut
495 1174 46 21 icke
561 1174 85 25 bekant,
663 1180 46 14 men
726 1173 36 22 ber
776 1174 36 26 jag
826 1174 47 20 åter
888 1173 21 20 få

82 1203 76 19 nämna
182 1203 31 20 ett
227 1201 137 25 förhållande,
386 1208 45 15 som
444 1202 38 27 jag
497 1202 99 27 iakttagit
612 1203 33 20 vid
661 1203 157 26 genomgående
834 1201 22 21 af
870 1201 39 21 fin-

81 1230 38 21 ska
137 1230 211 28 Läkaresällskapets
357 1231 127 27 bandlingar
493 1231 38 21 och
541 1231 288 27 Medicinalöfverstyrelsens
838 1231 70 20 berät-

80 1259 66 21 telser
161 1260 67 20 under
244 1266 24 14 en
283 1260 50 26 följd
349 1260 24 20 år
389 1260 55 20 ända
459 1260 32 21 till
508 1260 39 21 och
558 1260 48 20 med
617 1260 25 20 de
651 1262 89 18 senaste.
756 1260 40 26 Jag
804 1260 39 20 har
851 1265 57 15 nem-

81 1287 56 26 ligen
155 1287 74 26 funnit,
252 1290 32 19 att
305 1288 31 21 uti
360 1288 73 26 hvarje
449 1288 23 22 af
487 1289 61 21 dessa
564 1288 126 22 berättelser
705 1287 203 28 provincialläkaren

81 1317 55 25 gång
157 1317 27 26 på
204 1317 55 26 gång
282 1317 89 21 anhållit
391 1319 33 19 att
440 1317 20 21 få
482 1320 31 18 ett
536 1317 78 27 apotek
630 1317 31 21 till
677 1317 155 27 Lappmarken,
848 1316 61 21 alltid

80 1345 153 21 framhällande
257 1346 39 20 den
324 1348 58 18 stora
398 1346 184 26 nödvändigheten
599 1346 62 20 häraf
675 1346 31 20 för
722 1346 69 21 denna
806 1345 101 21 landsort.

81 1374 38 20 Att
141 1376 30 18 ett
194 1374 77 26 apotek
293 1374 46 21 icke
361 1374 40 21 bär
422 1374 38 26 sig,
476 1377 24 19 är
515 1374 116 27 sjelffallet;
653 1380 49 15 vore
719 1375 58 20 detta
793 1374 65 26 fallet,
875 1374 34 20 be-

80 1402 63 21 höfde
162 1402 24 26 ju
208 1402 47 22 icke
279 1409 24 15 en
327 1403 90 26 petition
441 1404 67 20 riktas
531 1403 31 21 till
584 1403 81 21 landets
681 1403 102 27 regering,
799 1404 51 20 utan
865 1402 43 26 just

81 1430 70 22 derför
173 1433 32 19 att
228 1434 31 18 ett
275 1431 77 27 apotek
367 1431 47 21 icke
431 1432 109 21 derstädes
556 1432 39 20 bär
610 1432 38 26 sig,
663 1432 101 21 behöfver
779 1432 37 20 det
831 1430 77 22 under-

80 1459 55 25 stöd,
159 1460 39 20 och
221 1460 27 20 då
270 1461 121 26 upprepade
407 1461 143 25 påminnelser
564 1460 46 21 icke
626 1460 44 21 ledt
685 1460 33 21 till
733 1461 65 25 något
812 1460 95 25 resultat,

79 1494 64 15 anser
162 1488 36 27 jag
213 1491 32 19 att
261 1489 83 21 landets
360 1488 91 22 Ständer
468 1490 46 21 icke
530 1489 66 21 borde
611 1489 111 21 underlåta
738 1491 31 19 att
785 1489 55 21 fästa
855 1488 53 22 afse-
