1103 1781
172 100 41 20 156
394 105 179 21 Borgareståndet
586 106 56 18 1877.
665 107 23 16 13
700 106 106 17 Februari.

173 174 78 22 bibana
275 174 55 22 hade
353 177 33 19 att
402 174 126 22 framskaffa.
558 175 10 22 I
584 175 88 26 sanning
689 174 68 22 blefve
772 174 122 28 betydelsen
911 174 60 22 deraf
985 174 17 26 ej

175 203 82 21 mindre
281 205 25 19 än
330 203 130 27 sidospärets
483 204 31 21 till
538 203 104 27 Vesijärvi
663 204 33 20 vid
720 203 80 22 Lahtis.
830 203 50 21 Man
903 203 101 21 invänder

175 232 82 21 kanske
274 234 31 19 att
321 232 146 26 afkastningen
484 233 21 20 at
522 232 70 22 Saima
608 232 64 21 kanal
687 233 83 20 komme
782 233 32 20 att
826 232 122 25 härigenom
960 232 43 21 lida

176 260 87 21 afbräck
281 261 38 21 och
336 263 32 18 att
384 261 120 20 densamma
520 263 22 19 är
558 261 109 26 päräknad
683 261 32 20 för
728 260 277 25 kommunikationsfonden,

172 289 40 21 och
238 289 129 26 riktigheten
390 289 21 21 af
425 296 24 14 en
466 290 64 20 sådan
547 289 128 27 invändning
691 290 41 21 kan
749 290 45 21 icke
810 289 112 20 bestridas.
952 289 48 20 Men

171 317 48 21 med
235 318 120 21 kännedom
373 317 70 22 derom
459 318 55 21 huru
530 318 94 21 rörelsen
640 318 6 21 i
662 318 70 21 denna
747 318 106 27 pulsäder,
870 318 23 20 är
908 317 55 20 ifrän
976 317 24 21 är

171 346 66 27 stigit,
260 347 39 20 och
323 349 31 18 att
370 346 122 21 densamma
508 353 28 14 nu
551 347 65 20 redan
633 347 47 20 nätt
696 347 40 20 den
753 346 49 27 höjd
818 348 32 19 att
867 346 132 21 farkosterna

172 374 44 21 ofta
231 375 44 20 lida
291 374 22 22 af
326 375 94 26 trängsel
436 375 5 20 i
457 375 97 25 kanalen,
571 375 39 20 bör
626 381 47 15 man
689 378 51 18 utan
753 375 44 21 fara
810 375 32 20 för
852 375 67 26 irring
930 374 70 21 kunna

172 403 56 21 sluta
247 403 31 21 till
295 405 32 19 att
343 403 143 27 minskningen
504 404 62 20 innan
583 403 49 22 kort
648 406 90 19 ersättes
754 403 22 21 af
790 409 24 15 en
831 403 56 21 ökad
905 402 96 21 tillförsel

171 432 29 26 på
222 438 81 15 samma
326 434 43 19 sätt
392 438 45 15 som
460 432 36 21 det
516 432 77 26 tillgått
613 432 3 21 i
632 433 65 20 andra
713 433 79 24 länder,
808 432 37 20 der
860 431 87 21 kanaler
963 431 38 22 och

169 460 114 27 Jernvägar
306 461 83 26 anlagts
412 461 5 20 i
439 461 65 21 bredd
528 461 47 20 med
599 461 131 23 hvarandra;
747 461 38 21 och
801 460 32 21 för
849 460 62 27 öfrigt
926 461 38 26 går
977 461 24 26 ju

173 489 69 21 denna
265 489 156 21 trafikinkomst
444 489 39 22 alls
506 489 46 21 icke
574 489 100 26 förlorad,
694 493 51 18 utan
764 489 52 21 skall
834 489 23 21 sä
872 491 59 19 snart
943 489 58 27 jern-

172 517 70 21 banan
267 518 96 21 kommer
385 518 32 21 till
437 519 67 24 ständ,
521 518 115 21 äterfinnas
652 518 64 21 bland
732 518 122 21 intraderna
870 518 31 20 för
917 518 83 21 landets

169 546 122 26 jernvägar.
321 546 100 22 Sistlidne
443 547 24 21 är
490 547 98 26 utgjorde
610 547 71 21 Saima
704 547 74 20 kanals
799 547 94 20 inkomst
909 547 92 23 675,900

172 575 60 20 mark
255 577 59 18 netto
336 587 27 2 —
379 581 33 15 om
429 575 102 26 nemligen
548 575 26 20 de
590 577 56 19 ännu
662 575 45 21 icke
724 575 70 21 kända
809 575 115 25 utgifterna
940 578 60 24 tagas

171 603 45 20 lika
231 603 47 21 med
295 603 26 21 de
337 604 125 25 föregäende
479 605 56 20 ären.
559 597 53 28 Äret
628 604 56 21 förut
699 603 91 27 uppgick
806 604 40 20 den
863 604 64 25 nägot
943 604 58 21 öfver

172 632 64 25 sagde
259 638 82 15 summa
365 633 38 20 och
425 633 24 20 är
474 633 53 20 1874
550 633 31 20 till
600 639 44 14 mer
660 635 25 18 än
703 633 92 22 725.000
811 632 66 25 mark,
894 632 38 21 allt
947 632 54 21 efter

173 660 74 27 afdrag
263 660 22 21 af
299 661 120 26 utgifterna.
444 661 76 21 Denna
535 661 93 21 inkomst
644 661 37 20 har
697 662 27 25 pä
740 661 25 21 de
781 661 51 21 sista
850 662 24 19 15
891 661 51 20 åren
957 661 43 21 för-

173 689 100 21 dubblats
295 689 39 21 och
358 689 38 21 har
411 689 37 21 ailt
464 689 63 21 sedan
543 690 101 21 kanalens
661 689 134 26 anläggning,
811 695 28 15 nu
854 689 31 20 för
901 689 59 27 tjugu
977 690 23 21 är

173 717 72 26 sedan,
270 718 81 26 utgjort
365 718 6 20 i
387 718 99 21 medeltal
502 718 78 26 årligen
597 719 91 26 491,000
704 718 66 26 mark,
786 718 149 21 motsvarande
951 719 7 20 4
972 719 27 26 %/,

173 745 21 22 af
209 746 25 21 de
251 746 40 21 tolf
305 746 97 26 miljoner
417 747 59 20 mark
492 747 154 26 anläggningen
657 749 87 24 antages
756 747 62 20 hafva
829 747 76 20 kostat.
926 747 73 21 Såsom

172 774 81 21 bekant
269 775 130 26 upplänades
415 775 67 21 medel
499 775 71 21 härtill
587 777 57 19 emot
659 777 62 19 ränta
736 775 22 21 af
772 776 41 26 33/;
821 775 27 27 9/,
863 775 55 21 inom
929 776 71 21 landet

173 803 39 21 och
235 803 84 21 säledes
342 803 38 21 har
402 803 118 22 inkomsten
544 804 88 21 betäckt
654 806 76 19 räntan
754 804 39 21 och
813 803 79 21 lemnat
907 806 31 19 ett
953 804 46 21 icke

172 831 60 26 ringa
257 832 117 21 öfverskott
397 832 31 21 till
451 832 113 27 kapitalets
583 833 135 26 amortering.
750 833 38 20 Att
803 832 89 21 kanalen
909 832 92 21 indirekt

172 866 76 20 genom
272 861 85 26 stegrad
374 861 94 27 välmäga
484 861 5 20 i
506 867 25 15 en
548 861 116 21 vidsträckt
680 861 102 24 landsdel,
798 861 140 25 tullintrader,
954 861 46 28 säg-

173 889 64 24 skatt,
258 889 153 21 hammarskatt
427 890 46 20 med
489 889 50 22 flere
556 890 82 20 direkta
654 890 39 21 och
709 890 105 21 indirekta
830 889 82 22 skatter
928 891 72 26 mäng-

172 917 53 21 faldt
248 917 108 27 inbringat
375 918 32 21 till
430 919 72 20 landet
524 918 48 21 hela
588 918 242 27 anläggningskapitalet
846 919 38 20 bör
900 919 17 25 ej
934 919 65 21 heller

172 945 144 27 förglömmas,
333 947 28 20 dä
375 947 40 20 den
432 947 76 21 tanken
525 947 67 26 Jigger
607 949 53 19 nära
675 947 32 20 till
723 947 67 21 hands
806 949 32 19 att
854 953 25 14 en
890 947 109 25 anvisning

171 974 29 26 pä
221 975 185 21 kanalinkomsten
429 975 13 22 &
466 976 90 25 120,000
576 976 60 20 mark
653 975 86 27 årligen,
755 982 45 15 som
817 975 134 22 erfordrades
967 976 32 21 till

170 1003 122 21 annuiteter
314 1003 33 22 för
371 1004 38 21 den
431 1010 81 15 summa
534 1004 161 26 ifrägavarande
709 1005 89 26 jernväg
813 1008 48 23 toge
877 1005 6 20 i
899 1005 99 26 anspräk,

170 1037 50 15 vore
236 1032 60 27 billig
311 1032 39 21 och
366 1033 80 21 rättvis.

242 1060 11 21 I
269 1061 56 26 hopp
342 1063 31 18 att
389 1067 74 20 genom
480 1061 61 22 dessa
557 1062 27 25 pä
599 1061 57 27 längt
673 1064 39 19 när
722 1061 45 22 icke
779 1061 136 26 fullständiga
925 1061 70 22 siffror

170 1088 64 21 hafva
250 1089 6 20 i
274 1089 41 21 min
332 1090 59 26 ringa
407 1091 47 20 män
470 1090 114 26 ädagalagt
599 1093 32 18 att
648 1091 38 20 den
699 1091 33 20 vid
748 1090 141 26 anläggandet
899 1089 22 22 af
933 1090 63 21 Riihi-

169 1117 120 22 mäki—S:t
312 1118 129 27 Petersburg
455 1119 86 26 jernväg
562 1119 149 26 projekterade
728 1119 90 20 bibanan
836 1118 161 22 Simola
920 1113 13 37 —
945 1118 52 22 Vill-

169 1147 125 20 manstrand
317 1149 23 18 är
355 1148 68 20 säsoin
440 1150 30 18 ett
486 1148 123 25 produktivt
624 1147 81 27 företag
722 1154 26 14 en
764 1147 127 26 anläggning
907 1147 90 22 rörande

169 1174 48 21 hela
241 1175 73 21 landet
337 1175 39 21 och
399 1176 45 21 icke
467 1176 75 21 endast
562 1176 21 21 af
598 1175 107 28 betydelse
722 1176 31 21 för
770 1176 25 21 de
812 1178 57 19 orter
883 1182 45 15 som
945 1176 52 21 höra

169 1202 32 21 till
225 1203 72 22 Saima
320 1206 158 25 vattensystem,
501 1204 97 27 tillägger
616 1205 36 26 jag
674 1207 57 18 ännu
754 1206 32 19 att
805 1204 119 27 byggandet
941 1204 60 21 deraf

169 1232 70 21 säsom
256 1233 70 26 privat
343 1233 54 21 bana
412 1233 44 21 icke
473 1233 54 21 läter
542 1233 32 27 sig
589 1235 58 25 göra,
663 1234 89 20 emedan
768 1233 167 21 Villmanstrand
950 1233 48 21 sak-

169 1266 39 15 nar
224 1260 115 27 förmägor,
353 1268 45 14 som
415 1262 48 21 ville
478 1262 62 21 ställa
556 1262 32 26 sig
603 1262 6 20 i
621 1265 83 23 spetsen
718 1262 32 21 för
760 1262 105 26 företaget
876 1262 38 20 och
926 1262 74 21 förena

169 1289 55 25 dem,
241 1295 45 15 som
303 1290 60 20 deraf
378 1292 36 19 äro
431 1291 145 26 intresserade,
593 1297 48 15 men
658 1291 25 21 bo
700 1291 44 21 vidt
760 1290 148 26 kringspridda
923 1290 39 22 och
978 1290 19 26 ej

169 1317 73 21 kunna
267 1321 49 23 taga
337 1318 118 27 initiativet,
472 1322 54 18 samt
542 1322 30 18 att
588 1319 13 21 å
616 1318 69 22 banan
701 1319 31 21 till
748 1326 26 14 en
791 1319 80 25 början,
887 1325 28 15 nu
931 1319 26 21 dä
973 1319 26 21 de

170 1346 108 22 ordinarie
294 1347 62 26 tågen
373 1348 26 26 pä
415 1348 124 20 stambanan
563 1350 68 18 mötas
654 1348 5 20 i
676 1348 109 25 närheten,
802 1347 46 21 icke
865 1354 44 14 mer
924 1349 27 19 än
967 1349 31 19 ett

169 1374 37 27 tåg
229 1381 35 15 om
287 1375 67 27 dagen
378 1376 52 21 fram
454 1376 38 21 och
508 1377 46 20 åter
571 1376 90 21 behöfde
677 1376 54 26 afgä.
748 1388 27 4 —
792 1376 44 21 Och
853 1376 96 21 anhåller
961 1376 37 26 jag

169 1403 99 27 slutligen
284 1406 33 19 att
331 1404 21 21 få
367 1405 137 26 understödja
519 1405 49 21 herr
584 1405 117 26 Lindbergs
718 1406 181 26 petitionsförslag
914 1405 39 21 och
966 1408 33 18 att

169 1431 59 22 detta
253 1432 48 21 mitt
324 1433 132 21 vördsamma
479 1434 98 26 yttrande
600 1434 55 26 finge
677 1434 6 20 i
706 1433 197 27 protokollsutdrag
939 1433 60 27 åtfölja

168 1461 103 21 remissen
288 1461 30 21 till
333 1461 211 27 jernvägsutskottet.
