1103 1781
191 102 41 20 140
401 107 179 22 Borgareståndet
592 108 55 17 1877.
672 109 24 16 10
708 108 106 18 Februari.

421 170 95 28 Import
532 170 27 23 af
572 171 66 22 smör
653 170 10 22 i
677 170 111 29 lispund.

190 233 43 21 För
241 232 84 23 Torneå
334 233 100 22 medeltal
445 235 110 20 1871—75
564 235 61 24 4,571
636 234 39 21 £&
683 234 100 22 medeltal
793 235 112 20 1866—70
911 235 62 26 8,037
983 234 38 21 £&

204 278 9 10 »
236 261 64 22 Kemi
374 278 11 8 ”
488 279 9 10 »
564 264 88 26 1,342,
732 279 11 8 si
937 275 68 12 m

846 279 9 10 ”

205 307 9 10 »
237 290 110 28 Uleåborg
372 307 11 8 ,
484 308 10 8 N
560 291 62 23 8,316
640 307 10 9 ,,
731 307 11 9 »
848 308 8 10 ä
917 293 59 24 7,652
993 309 11 6 ,

205 335 8 7 »
236 319 121 21 Brahestad
374 335 9 9 ,
482 336 10 8 »
545 320 77 25 28517
639 336 11 9 ,
730 337 10 7 N
847 337 9 9 »
902 321 75 24 25,883
993 337 12 8 ,

204 364 9 10 »
230 347 168 28 Gamlakarleby
482 365 11 8 i
546 351 75 22 11,046
638 365 10 8 ,
730 365 10 8 e
842 344 13 34 ja
915 350 62 24 6,858
994 365 11 7 ,

205 392 11 9 »
230 377 122 21 Jakobstad
373 393 10 8 ,,
484 393 10 8 »
547 379 76 24 12,268
640 394 10 8 ,,
727 393 11 9 »
846 393 10 11 5
916 379 60 25 7,769
993 393 11 9 v

206 420 11 9 »
229 405 125 28 Nykarleby
372 423 10 10 ,
483 423 10 8 -
560 407 62 24 3,212
640 422 10 8 ,,
726 422 10 8 5
843 422 11 8 s
915 407 62 24 2,223
994 421 11 8 ,,

205 450 9 9 »
230 433 136 22 Nikolaistad
376 451 9 9 ,
484 451 10 8 »
520 430 16 35 =
546 435 77 23 46,585
639 451 9 10 ,
724 450 11 9 »
842 451 10 8 »
900 435 77 26 383,547
995 451 9 10 ,

205 479 9 9 »
230 462 85 27 Kuopio
375 479 11 8 6
486 479 10 8 »
524 460 12 34 =
546 465 76 24 78,335
639 479 11 9 »
726 480 10 7 =
843 478 11 9 »
879 459 16 35 =
905 463 76 26 51,063
997 479 10 8 ,

205 507 10 10 »
230 491 88 27 Nyslott
374 507 9 12 N
486 508 10 8 M
560 493 64 21 8,260
640 509 10 8 ,
726 508 11 9 äv
844 507 11 9 -
919 493 62 24 5,384

261 543 85 26 Kuopio
363 543 59 20 stads
438 545 133 24 smörexport
587 544 55 20 1875
658 543 99 26 utgjorde
774 544 76 23 87,797
866 543 45 21 £%&.

262 571 62 21 Smör
340 571 96 21 utfördes
452 572 45 21 från
512 572 49 21 hela
576 572 73 21 landet
664 571 33 22 för
716 571 125 26 10,196,855
858 572 66 20 mark.

265 629 62 20 Anm.
358 624 69 25 Äfven
450 629 24 20 af
494 629 36 20 det
553 631 63 24 smör,
640 635 43 15 som
707 629 97 20 utfördes
820 628 46 21 från
881 629 84 26 Kuopio
981 628 39 21 och

191 657 100 27 Nyslotts
307 658 78 25 städer,
402 657 156 22 tullbehandlas
574 658 108 27 betydliga
697 657 130 27 gvantiteter
842 657 7 20 i
865 657 93 27 Wiborg.

263 714 56 21 Herr
335 714 108 21 Kurtén
460 714 71 21 anhöll
548 721 33 14 om
598 715 99 20 ärendets
710 714 162 27 bordläggning,
883 714 84 21 hvarför
976 715 45 20 det-

191 748 84 15 samma
291 743 113 21 bordlades
419 743 33 21 till
468 743 175 21 nästkommande
659 743 81 27 fredag.

264 857 104 27 Slutligen
390 858 97 27 uppläste
509 857 49 22 herr
581 853 118 32 Öhberg
722 860 30 19 ett
774 857 23 21 af
816 857 78 21 honom
917 857 39 21 och
973 857 48 21 herr

193 885 158 28 Lindberg
367 887 167 21 undertecknadt
550 887 183 26 petitionsförslag
748 886 24 21 af
786 885 92 28 följande
893 886 106 21 innehåll:

423 971 40 22 Till
478 971 113 28 Vällofliga
605 971 189 28 Borgareståndet.

262 1033 33 21 Då
319 1040 48 14 man
389 1033 34 22 vid
440 1034 58 21 detta
510 1034 151 25 ständermöte,
679 1034 66 27 enligt
760 1034 39 21 vår
814 1033 143 28 uppfattning,
973 1034 47 21 allt-

191 1061 34 22 för
247 1062 137 21 uteslutande
405 1063 38 20 och
466 1063 92 26 ensidigt
579 1063 107 20 framstält
701 1063 116 26 petitioner
832 1062 109 26 angående
956 1063 66 20 inrät-

190 1090 77 21 tandet
291 1091 22 20 af
336 1091 97 21 läroverk
456 1091 47 21 med
526 1091 83 21 finskan
628 1091 33 21 till
677 1091 227 27 undervisningsspråk
920 1091 39 21 och
975 1091 47 21 icke

190 1125 37 15 ens
243 1119 50 22 låtit
309 1120 32 27 sig
357 1120 85 21 dermed
458 1121 54 26 nöja,
529 1123 51 18 utan
594 1121 6 20 i
616 1120 32 21 sin
665 1120 120 26 språkifver
800 1121 47 26 gått
862 1120 55 20 ända
933 1120 87 25 derhän,

189 1149 34 20 att
247 1154 49 15 man
320 1148 117 27 föreslagit,
458 1151 31 18 att
512 1149 36 20 det
570 1149 72 26 gamla
663 1149 151 21 fäderneärfda
838 1148 184 27 bildningstungo-

189 1176 75 26 målet,
279 1177 104 21 Finlands
399 1183 38 15 ena
454 1177 98 22 ofticiella
568 1178 70 26 språk,
656 1178 112 25 svenskan,
786 1177 82 21 hvilket
883 1177 38 21 allt
936 1179 49 18 ännu
999 1177 22 21 af

188 1205 86 22 landets
289 1205 86 22 bildade
392 1206 90 26 familjer
497 1206 128 21 allmännast
640 1207 114 26 begagnas,
771 1206 67 21 måtte
854 1206 68 20 såsom
939 1206 78 21 under-

188 1234 163 27 visningsspråk
367 1234 44 22 helt
427 1235 38 21 och
481 1235 65 21 hållet
562 1235 46 21 från
625 1235 125 21 läroverken
767 1235 7 21 i
789 1235 49 21 hela
854 1236 57 20 östra
927 1234 90 21 Finland

188 1264 114 23 uteslutas,
318 1263 58 21 finna
395 1264 169 20 undertecknade
580 1264 33 27 sig
628 1264 91 20 manade
734 1266 34 19 att
783 1264 39 20 hos
838 1263 180 26 Borgareståndet

187 1292 112 20 vördsamt
323 1292 84 24 föreslå,
423 1294 31 19 att
470 1292 180 27 Borgareståndet
665 1292 111 27 behagade
792 1292 70 21 såsom
878 1292 31 20 sin
925 1294 94 24 upptaga

188 1326 27 14 en
237 1320 135 28 underdånig
392 1321 89 26 petition
504 1322 79 25 derom,
608 1324 32 18 att
656 1321 17 27 ej
691 1321 91 21 allenast
799 1321 26 21 de
840 1320 179 27 svenskspråkiga

188 1348 276 28 undervisningsanstalter,
487 1349 71 21 hvilka
582 1350 33 21 för
640 1350 35 20 det
694 1350 135 20 närvarande
855 1350 69 20 redan
941 1348 69 22 finnas

189 1378 60 28 östra
273 1378 62 20 delen
351 1378 23 21 af
394 1378 78 27 landet,
487 1378 119 21 tillsvidare
622 1379 67 20 måtte
705 1378 126 26 bibehållas,
847 1380 51 18 utan
914 1377 62 21 äfven
992 1380 31 18 ett

188 1407 138 26 fullständigt
338 1408 81 25 lyceum
431 1408 48 20 med
487 1408 86 20 svenskt
583 1406 228 28 undervisningsspråk
820 1409 91 19 inrättas
926 1406 3 21 i
938 1406 84 26 Kuopio

188 1435 55 25 stad,
262 1435 37 21 der
315 1435 101 21 behofvet
432 1435 144 21 afettsådant
585 1436 94 21 läroverk
692 1436 57 27 gjort
756 1436 34 26 sig
803 1436 27 26 på
839 1438 31 18 ett
881 1435 91 21 känbart
980 1436 43 20 sätt

187 1463 111 27 gällande,
322 1464 136 21 alldenstund
473 1464 79 21 hälften
570 1464 22 21 af
606 1464 97 21 eleverna
719 1465 6 20 i
742 1464 36 21 det
794 1464 69 21 finska
878 1464 81 26 lyceum
975 1463 49 21 der-

187 1492 75 21 städes
278 1492 41 21 har
334 1492 105 22 svenskan
454 1493 32 21 till
502 1493 128 21 modersmål
639 1493 38 21 och
685 1493 69 27 någon
766 1492 75 28 publik
852 1492 172 28 undervisnings-
