1103 1781
177 98 42 21 278
411 102 179 21 Borgareständet
602 103 55 17 1877.
681 103 13 17 9
706 103 63 17 Mars.

179 177 70 16 annan
273 171 59 28 dylik
355 177 78 21 person
456 170 54 23 skall
532 171 92 26 granska
647 171 133 26 fullmakten,
796 170 41 22 blir
853 170 36 22 det
903 170 58 22 svärt
976 171 32 20 att

177 201 80 25 fordra,
282 202 33 20 att
339 201 69 20 denna
423 206 77 21 person
516 200 55 21 skall
586 200 72 21 känna
673 199 43 22 alla
728 200 55 25 dem,
799 199 72 21 hvilka
885 199 73 22 kunna
971 199 36 21 be-

177 235 81 21 gagnas
281 229 34 22 till
337 229 90 21 vittnen.
446 241 28 4 —
490 228 32 21 Då
538 229 32 21 för
586 229 64 26 öfrigt
665 228 49 21 hela
730 229 45 26 $:ns
791 228 112 21 redaktion
918 229 24 20 är
957 234 50 20 gan-

178 258 39 21 ska
239 258 136 26 egendomlig
396 257 50 22 ville
466 258 37 26 jag
525 257 93 25 anhälla,
641 259 32 19 att
693 257 212 21 Ekonomiutskottet
927 256 55 27 finge
1001 256 6 21 i

178 286 99 27 uppdrag
292 288 32 19 att
339 287 29 26 pä
383 293 81 14 samma
479 287 56 26 gång
550 285 135 27 inledningen
703 285 121 22 omarbetas
839 285 56 27 gifva
909 285 70 21 denna
994 285 13 27 &

179 321 26 16 en
220 321 59 15 mera
294 315 69 27 tydlig
379 315 39 21 och
433 315 96 26 sakenlig
544 315 118 21 redaktion.

247 389 11 21 I
273 389 115 26 anledning
404 389 23 21 af
440 387 50 23 herr
504 389 112 21 Boströms
630 389 100 27 yttrande
745 388 124 22 framstälde
884 388 49 22 herr
948 388 59 21 Tal-

178 424 100 15 mannen
313 417 93 27 följande

248 485 216 28 Proposition:
495 485 31 22 De
542 492 45 15 som
602 486 114 26 godkänna
736 486 116 21 utskottets
874 485 79 27 förslag
976 485 32 22 till

179 514 140 27 formulering
342 514 23 21 af
379 515 12 26 $
407 516 13 19 4
436 514 109 27 behagade
568 517 59 19 rösta
640 514 35 27 ja;
697 515 74 21 vinner
792 514 34 27 nej
842 514 166 21 återremitteras

179 543 47 26 &:en
243 543 33 21 till
291 543 213 22 Ekonomiutskottet
519 543 32 21 för
566 545 32 20 att
614 543 143 27 omredigeras
772 543 7 21 i
795 543 36 21 det
844 543 53 26 syfte
907 543 50 21 herr
967 543 41 21 Bo-

179 573 67 20 ström
262 571 117 28 föreslagit.

248 639 163 28 Propositionen
427 640 125 22 besvarades
568 641 47 22 med
632 641 154 27 öfvervägande
800 641 34 27 ja;
851 641 6 21 i
870 640 51 27 följd
935 640 76 22 hvaraf

179 669 12 26 $
207 669 13 20 4
236 669 130 21 oförändrad
381 669 67 21 blifvit
463 669 104 27 godkänd.

249 743 13 27 8
279 743 12 21 5
308 745 77 26 antogs
401 743 127 22 oförändrad

571 876 11 27 s
598 877 20 20 6.

249 955 58 21 Herr
330 955 137 21 Höckert:
496 955 41 26 Jag
558 961 62 15 anser
643 955 43 27 mig
701 955 53 22 böra
767 955 57 21 fästa
839 955 100 22 Ståndets
955 961 54 20 upp-

181 983 147 21 märksamhet
351 983 27 27 på
399 990 26 15 en
448 984 164 26 omständighet,
631 983 86 22 hvilken
731 984 37 27 jag
784 984 108 21 förmodar
907 985 32 20 att
954 983 56 22 Eko-

183 1012 168 21 nomiutskottet
366 1012 34 21 vid
415 1013 155 26 granskningen
587 1012 23 21 af
624 1013 39 20 den
676 1013 78 26 nådiga
770 1013 159 26 propositionen
944 1012 66 21 förbi-

179 1042 52 19 sett.
262 1041 11 20 1
289 1047 62 15 mom.
369 1041 12 20 2
397 1041 22 21 af
433 1042 68 20 denna
516 1041 18 28 $,
550 1041 63 21 hvars
629 1042 120 25 antagande
765 1041 129 22 oförändrad
906 1041 104 21 utskottet

180 1069 126 27 tillstyrker,
329 1069 142 22 förekommer
485 1070 112 26 anvisning
612 1069 32 22 till
660 1070 82 21 sådana
758 1069 252 22 ansvarsbestämmelser

181 1104 44 15 som
242 1097 34 22 för
290 1098 108 25 ,kronans
413 1098 119 27 postförare
548 1099 6 20 i
570 1101 22 24 ty
607 1098 38 21 fall
661 1099 101 26 stadgadt
775 1099 43 20 är".
849 1098 48 21 Men
911 1099 26 20 dä
949 1098 60 21 dessa

179 1126 134 27 stadganden
337 1127 115 21 äterfinnas
475 1127 6 21 i
504 1133 25 15 en
550 1128 28 25 pä
593 1127 157 22 administrativ
766 1129 42 24 väg
823 1127 40 21 den
879 1129 12 19 8
907 1127 104 21 Februari

183 1155 53 21 1817
253 1155 101 21 utfärdad
371 1155 64 27 nädig
452 1155 123 27 förordning
590 1156 39 21 och
646 1156 35 21 det
696 1156 96 21 hvarken
808 1157 24 19 är
847 1155 97 27 lämpligt
959 1155 52 22 eller

180 1184 75 26 rigtigt
271 1187 32 18 att
318 1184 31 21 uti
365 1190 26 15 en
406 1185 122 26 ständerlag
543 1186 93 25 upptaga
652 1185 151 26 hänvisningar
814 1184 30 21 till
857 1184 153 21 straffbestäm-

180 1212 77 27 ningar
281 1219 44 15 som
341 1213 117 26 igenfinnas
474 1213 5 20 i
496 1219 24 14 en
543 1213 28 27 pä
593 1213 156 22 administrativ
765 1215 42 24 väg
822 1212 131 22 tillkommen
968 1213 43 21 för-

180 1240 99 28 fattning,
302 1247 63 16 anser
383 1241 37 27 jag
442 1242 42 26 mig
504 1241 52 22 böra
572 1241 84 27 föreslä,
671 1244 32 19 att
720 1243 60 20 detta
796 1247 63 16 mom.
876 1241 39 21 bör
929 1241 33 21 till
977 1243 35 19 ut-

180 1270 83 21 skottet
279 1270 168 22 äterremitteras
462 1271 48 21 med
525 1271 112 25 anmodan,
653 1273 32 19 att
700 1270 80 22 föreslä
796 1270 104 21 särskilda
915 1276 97 15 ansvars-

180 1298 161 27 bestämningar
364 1299 33 21 för
420 1300 25 20 de
468 1299 56 21 olika
539 1299 46 26 slag
603 1299 23 21 af
640 1299 148 21 försummelse
804 1298 52 22 eller
871 1299 140 23 värdslöshet,

180 1326 33 22 till
238 1326 73 22 hvilka
333 1327 198 27 häradspostförare
554 1328 72 21 kunna
647 1330 53 24 göra
724 1328 31 26 sig
778 1328 108 26 skyldiga;
909 1328 32 20 till
959 1327 52 27 följd

180 1355 77 22 hvaraf
272 1356 152 27 hänvisningen
439 1356 33 22 till
487 1356 54 22 hvad
558 1363 33 15 om
602 1357 190 27 kronopostförare
800 1358 24 19 är
837 1356 100 26 stadgadt
947 1356 66 21 borde

180 1384 59 18 ntgå.

251 1454 50 22 Med
317 1454 99 21 afseende
431 1454 12 21 å
458 1454 50 21 herr
522 1454 106 22 Höckerts
643 1454 96 27 yrkande
749 1454 127 22 framstälde
886 1453 50 22 herr
949 1453 63 22 Vice

179 1482 187 22 Talmannen
381 1482 94 28 följande
