1103 1781
302 108 177 22 Borgareständet
492 109 54 17 1877.
574 109 26 16 23
613 108 62 16 Mars.
868 103 41 21 363

80 180 43 25 Jag
138 179 41 20 kan
196 177 32 22 för
245 177 42 22 min
304 178 33 20 del
353 177 46 21 icke
415 176 57 22 finna
488 179 32 19 att
536 177 133 27 Regeringen
685 176 35 21 vid
737 176 76 21 sådant
828 176 82 22 förhål-

81 207 63 22 lande
165 207 53 20 skall
235 207 72 20 kunna
323 206 55 21 fästa
394 205 65 28 något
475 206 100 21 afseende
591 206 35 21 vid
643 205 129 22 Ständernas
787 205 122 27 petitioner.

150 263 55 22 Herr
230 263 160 21 Ahlström:
421 263 62 21 Flere
504 263 69 21 talare
594 262 65 21 hafva
681 262 73 21 anfört
776 264 32 19 att
832 263 36 20 det
885 264 24 19 är

79 293 43 20 den
143 292 110 26 fattigaste
275 292 61 21 delen
357 291 23 21 af
399 291 159 27 befolkningen,
579 298 45 14 som
641 292 52 20 lider
709 291 23 21 af
746 291 162 26 qvarnskatten;

81 327 50 14 men
147 321 68 20 denna
231 321 58 20 skatt
304 322 63 25 utgör
383 327 25 14 en
425 320 23 21 så
464 320 110 27 obetydlig
589 321 34 20 del
640 320 22 21 af
677 320 83 27 mjölets
776 320 44 26 pris
832 322 33 19 att
873 319 36 27 jag

81 349 49 21 fullt
147 349 38 21 och
202 349 43 21 fast
260 352 45 18 tror
321 351 32 18 att
369 355 33 15 om
419 349 39 20 den
475 349 108 25 afskaffas,
600 349 24 20 så
640 349 95 21 kommer
751 349 81 20 vinsten
849 348 62 21 deraf

79 380 34 19 att
136 378 85 21 tillfalla
244 378 75 21 endast
343 384 150 20 gvarnegaren.
524 378 42 21 Det
588 379 25 19 är
635 378 97 26 vanligen
755 383 25 14 en
796 377 70 27 kappe
881 377 28 26 på

81 410 80 17 tunnan
181 413 44 14 som
246 407 81 20 betalas
344 407 21 20 åt
383 413 145 20 qvarnegaren
545 406 6 21 i
567 407 50 24 tull;
633 409 88 24 antager
736 412 48 14 man
800 407 66 26 priset
881 406 28 27 på

80 438 81 18 tunnan
185 437 14 18 t.
223 441 31 14 ex.
275 435 32 20 till
332 436 24 20 18
377 435 67 27 mark,
460 435 85 21 komme
561 435 66 21 tullen
644 435 82 20 således
742 436 32 19 att
789 437 77 24 utgöra
881 436 27 19 60

81 464 63 26 penni
160 470 37 20 per
210 466 72 18 tunna.
313 463 9 21 I
339 464 35 20 det
390 463 121 27 föreslagna
527 464 129 26 stadgandet
671 464 128 20 bestämmes
815 465 32 19 att
858 463 51 27 ång-

80 499 92 20 qvarnar
194 493 69 20 skulle
285 493 109 20 beskattas
412 493 48 20 med
483 492 63 27 högst
572 494 24 19 10
618 495 89 24 procent
730 492 22 21 af
768 492 31 21 sin
816 492 93 21 inkomst

81 521 39 21 och
142 521 123 26 härigenom
286 521 68 21 skulle
370 521 84 21 skatten
471 521 27 26 på
514 521 73 26 hvarje
604 523 65 18 tunna
684 521 86 21 komma
785 522 32 19 att
832 522 77 25 utgöra

80 551 12 19 6
109 550 68 26 penni.

149 578 40 27 Jag
213 580 23 19 är
258 578 127 27 fullkomligt
409 579 124 26 öfvertygad
557 579 73 20 derom
647 580 31 19 att
694 577 133 27 qvarntullen
844 578 5 20 i
866 577 42 21 alla

81 607 112 21 händelser
203 607 68 20 skulle
283 607 85 20 komma
379 609 31 18 att
419 607 86 26 qvarstå
517 607 33 20 till
560 607 38 21 sitt
610 607 122 20 nuvarande
743 606 76 27 belopp
828 606 40 21 och
876 608 32 19 att

82 635 82 21 således
176 635 124 21 differensen
313 635 67 21 skulle
391 635 26 26 gå
428 636 32 20 till
472 642 157 20 qvarnegarens
640 635 173 21 skattkammare.
833 635 74 21 Staten

79 664 69 21 skulle
164 664 123 26 härigenom
303 664 78 21 förlora
397 671 25 14 en
439 664 93 21 inkomst
548 664 22 21 af
584 666 77 23 80,000
675 664 12 21 å
698 665 76 23 90,000
786 664 60 20 mark
857 666 50 19 utan

80 695 33 18 att
135 693 62 20 dessa
219 693 69 20 medel
310 693 25 26 på
357 693 76 20 minsta
448 695 44 18 sätt
506 693 68 21 skulle
591 693 85 21 komma
692 693 40 20 den
748 692 108 26 fattigaste
872 692 35 21 be-

79 721 122 27 folkningen
218 721 94 26 tillgodo.
342 721 41 27 Jag
398 723 23 19 är
437 728 129 20 qvarnegare
582 721 50 27 sjelf
646 722 38 20 och
700 724 35 17 vet
750 723 32 18 att
798 722 36 19 det
846 721 62 20 alltid

80 751 24 19 är
119 750 81 26 vanligt
220 752 32 19 att
268 750 27 20 då
310 750 107 26 qvarntull
434 752 86 25 utgöres
535 751 7 20 i
559 751 90 20 kontant
665 751 122 20 densamma
802 749 83 21 betalas
901 749 6 20 i

76 779 73 26 jemna
173 779 60 20 tiotal
257 779 23 20 så
295 782 32 17 att
343 781 14 18 t.
374 785 31 15 ex.
422 779 5 20 i
443 779 74 21 stället
532 779 33 20 för
580 781 28 19 43
624 779 51 20 eller
692 780 26 19 53
734 779 51 20 eller
801 779 26 20 55
843 778 64 27 penni

80 807 81 21 betalas
183 807 67 26 jemnt
273 809 27 19 40
323 808 52 20 eller
393 808 26 21 50
435 815 19 19 p.
486 808 73 26 Några
574 808 74 20 vidare
663 807 74 26 afdrag
752 807 32 20 för
800 807 40 21 den
856 807 51 20 obe-

79 835 81 27 tydliga
181 836 158 26 gvarnskatten,
355 837 70 20 derest
449 837 40 20 den
505 836 69 21 skulle
590 836 65 21 blifva
671 835 92 28 aflyftad,
779 835 68 21 skulle
862 835 45 21 helt

79 864 73 21 säkert
174 865 46 20 icke
243 865 85 20 komma
347 865 6 20 i
368 865 66 26 fräga.
466 865 45 20 Den
528 865 74 26 fattige
618 865 68 20 skulle
702 865 82 20 säledes
799 864 108 26 ingenting

80 893 69 25 vinna,
172 899 47 15 men
243 893 33 20 väl
299 899 151 21 gvarnegaren,
474 893 111 22 hvaremot
604 893 74 22 Staten
694 893 68 21 skulle
780 893 80 20 förlora
875 892 32 21 sin

80 921 99 22 inkomst.
201 922 42 21 För
260 922 42 20 min
319 922 32 21 del
367 922 36 21 vill
417 922 37 27 jag
470 922 82 21 säledes
568 922 27 27 pä
612 923 35 20 det
663 922 125 26 kraftigaste
800 921 107 27 tillstyrka

79 952 33 19 att
127 950 145 27 Regeringens
288 951 131 26 proposition
435 951 67 21 mätte
518 953 90 24 antagas
623 951 6 20 i
646 951 39 20 den
703 951 53 20 form
769 950 85 21 hvaruti
866 950 41 21 den

80 985 28 14 nu
124 981 23 18 är
163 979 101 26 förelagd.

148 1035 57 21 Herr
226 1036 133 21 Jansson
381 1035 101 22 förenade
504 1036 32 27 sig
555 1042 34 15 om
606 1036 40 21 den
662 1035 21 22 af
698 1038 160 19 reservanterne
874 1037 33 19 ut-

79 1063 70 22 talade
165 1065 61 26 äsigt.

147 1121 57 20 Herr
225 1121 159 21 Ahlström:
415 1122 42 26 Jag
478 1122 84 25 glömde
579 1121 27 22 dä
619 1121 36 27 jag
671 1121 54 21 hade
741 1121 67 25 ordet,
825 1123 32 19 att
872 1121 34 21 be-

79 1151 58 20 möta
159 1150 50 21 herr
232 1150 135 26 Borgströms
390 1150 123 27 pästäende,
536 1153 32 18 att
591 1151 88 20 emedan
697 1150 152 26 gvarnskatten
865 1150 41 20 för-

79 1178 63 27 dyrar
165 1179 123 26 spanmälen
311 1179 6 20 i
341 1179 78 23 landet,
440 1179 25 20 sä
488 1179 67 20 måste
571 1185 48 14 man
636 1179 116 26 importera
767 1179 63 26 ryska
846 1178 61 27 mjöl-

78 1209 87 18 mattor.
186 1207 41 26 Jag
242 1207 97 21 betviflar
355 1210 31 18 att
401 1207 39 21 hos
457 1214 33 14 oss
502 1207 67 21 finnes
580 1207 69 27 nägon
660 1207 23 21 sä
694 1207 81 21 inriden
786 1207 120 26 spekulant,

78 1241 51 20 som,
153 1235 71 22 derest
247 1237 151 25 gvarnskatten
415 1236 119 21 bibehölles
551 1236 39 21 och
609 1237 35 20 det
660 1236 109 21 inhemska
784 1236 74 26 mjölet
873 1235 33 21 sä-

78 1264 64 21 lunda
164 1265 69 21 skulle
256 1264 131 22 fortfarande
410 1264 100 22 förblifva
532 1266 12 20 6
568 1265 64 26 penni
650 1265 76 27 dyrare
742 1267 25 19 än
784 1265 36 20 det
836 1264 70 21 kunde

78 1295 89 24 antagas
190 1293 64 21 blifva
276 1300 75 20 genom
370 1294 69 20 denna
455 1294 97 20 skattens
567 1294 122 26 aflyftande,
705 1294 68 20 skulle
789 1293 32 21 för
837 1292 70 22 denna

78 1324 12 18 6
106 1322 75 26 pennis
203 1322 55 21 vinst
280 1322 60 27 börja
355 1322 116 26 importera
487 1322 131 27 mjölmattor
634 1322 45 21 frän
695 1322 99 26 Rysland.
826 1322 42 20 Det
883 1323 24 19 är

77 1350 47 21 icke
145 1351 152 25 gvarnskatten
322 1353 51 19 utan
399 1352 77 20 sädens
501 1357 53 20 egen
578 1351 146 21 beskaffenhet
746 1357 44 15 som
813 1352 39 24 gör
874 1352 33 18 att

77 1379 38 21 vär
137 1379 111 21 inhemska
271 1386 50 14 vara
343 1380 73 20 ställer
439 1380 33 26 sig
491 1380 75 26 dyrare
582 1380 40 20 och
638 1380 111 26 möjliggör
764 1380 105 26 importen
886 1379 22 20 af

77 1408 60 26 ryskt
152 1408 58 26 mjöl.

146 1465 56 21 Herr
222 1466 24 20 E.
268 1465 102 27 Bergh:
402 1464 50 22 Med
476 1466 114 26 anledning
613 1465 21 21 af
656 1466 48 20 herr
727 1465 121 21 Ahlströms
870 1470 36 14 an-

76 1493 108 27 dragande
202 1494 68 21 skulle
283 1494 37 27 jag
336 1494 103 21 anmärka
455 1496 33 19 att
504 1494 35 21 det
555 1494 46 21 icke
617 1496 24 18 är
657 1494 95 20 skattens
767 1493 77 27 belopp
860 1499 45 15 som
