1103 1781
294 110 178 21 Borgareståndet
485 111 53 16 1877.
563 110 27 17 29
602 110 93 17 Januari.
882 105 28 21 15

146 178 61 22 Efter
228 179 68 26 någon
319 178 119 22 diskussion
461 179 104 21 huruvida
587 178 67 22 första
676 185 62 15 mom.
760 179 6 20 i
785 179 10 27 8
811 180 12 20 2
840 179 68 22 borde

79 207 140 22 oförändradt
241 207 123 27 godkännas
387 207 53 22 eller
461 207 78 22 ändras
562 207 80 22 derhän
658 209 31 20 att
707 207 87 22 Talman
810 209 68 25 precis
894 209 13 20 &

79 237 68 20 utsatt
169 236 85 26 timslag
275 236 52 21 eller
342 236 67 27 precis
425 242 25 15 en
466 238 63 25 gvart
542 236 92 21 derefter
649 236 65 21 borde
730 236 51 21 äska
797 236 51 27 ljud,
864 236 45 21 blef

79 263 150 28 ofvanintagna
248 265 181 26 ordningsstadga,
445 265 66 21 sådan
528 265 39 20 den
584 265 34 21 vid
635 265 54 21 1872
705 265 35 21 års
755 265 101 26 landtdag
872 271 35 16 va-

79 293 28 21 rit
121 293 103 26 gällande,
241 293 126 21 oförändrad
383 293 21 22 af
419 293 89 22 Ständet
524 296 97 24 antagen.

148 345 56 20 Herr
219 344 164 27 Chydenius
398 345 118 21 hemstälde
531 344 105 22 huruvida
651 344 46 22 icke
712 345 27 26 pä
754 345 37 21 det
801 345 34 21 vid
847 345 59 21 kom-

79 373 76 22 mande
177 373 126 27 landtdagar
325 373 109 27 upprepad
457 373 119 22 diskussion
602 379 34 15 om
658 379 25 16 en
706 373 39 22 och
768 379 80 15 samma
866 373 39 22 sak

79 402 67 21 måtte
161 402 110 26 undvikas,
287 401 88 22 Ständet
391 402 70 21 kunde
477 402 102 21 förordna
594 404 32 19 att
642 401 61 22 dessa
714 408 28 15 nu
753 404 92 25 antagna
856 402 48 21 otd-

79 431 155 27 ningsstadgar,
258 431 54 20 intill
332 431 47 20 dess
395 431 72 20 derom
484 431 132 20 annorlunda
632 430 99 26 beslutes,
747 430 98 22 förblifva
860 431 43 26 gäl-

79 459 62 21 lande
164 459 60 21 äfven
245 459 31 21 för
291 459 126 21 kommande
433 459 127 26 landtdagar
576 461 46 19 med
639 459 25 21 de
679 459 114 27 ändringar
808 459 40 22 och
863 459 41 21 till-

79 487 56 27 lägg,
151 493 46 16 som
213 487 110 22 framdeles
339 488 23 21 af
376 487 89 22 Ständet
480 488 73 21 kunna
569 488 135 21 bestämmas.

146 545 64 20 Emot
230 545 57 21 detta
302 545 49 21 herr
367 544 102 28 Chydenii
485 544 78 27 förslag
579 545 122 21 anmärktes
716 544 21 21 af
751 545 104 21 särskilde
870 547 34 19 ta-

77 573 44 21 lare
144 573 17 26 ej
185 573 56 21 blott
263 575 32 19 att
317 573 124 22 tidsvinsten
457 573 68 22 blefve
541 573 22 21 af
577 573 83 22 mindre
674 573 114 27 betydelse,
805 575 51 20 enär
872 580 31 15 er-

76 601 124 22 farenheten
222 602 113 27 ädagalagt
357 604 32 19 att
411 601 90 22 Ständet
524 603 26 20 de
573 602 66 21 första
656 602 93 26 dagarna
764 602 54 21 efter
833 602 70 21 landt-

77 631 78 26 dagens
178 631 111 26 öppnande
304 630 63 21 hafva
383 631 133 26 temmeligen
532 631 52 26 godt
597 637 35 14 om
648 631 37 25 tid,
701 637 48 14 men
765 631 87 21 framför
864 631 39 21 allt

76 661 32 19 att
130 659 127 22 kommande
279 659 126 26 landtdagar
427 659 46 21 icke
496 665 50 16 vore
569 659 87 21 bundna
678 661 33 19 att
726 659 129 22 underkasta
870 659 32 26 sig

75 687 187 26 reglementariska
277 687 239 28 ordningsstadganden,
532 694 34 15 om
582 687 83 22 hvilkas
680 687 146 22 fastställande
842 688 25 21 de
883 688 18 26 ej

75 717 55 20 varit
149 717 53 20 med.
232 716 45 21 Och
292 723 44 15 som
353 717 100 25 förslaget
468 717 46 20 icke
531 717 69 20 blifvit
616 716 21 22 af
651 716 69 27 nägon
736 716 165 22 ständsmedlem

75 745 126 21 understödt
216 745 119 22 förklarade
351 745 48 21 herr
415 745 174 26 Talmannen,
606 745 54 22 efter
673 745 35 21 det
718 745 144 22 diskussionen
871 745 31 20 af-

75 773 82 27 slutats,
174 774 117 21 detsamma
306 773 62 22 hafva
383 773 93 22 förfallit.

143 830 70 22 Sedan
228 831 90 21 Ståndet
333 831 52 21 härå
401 831 93 21 beslutat
510 833 32 19 att
558 833 62 19 nästa
636 831 92 27 plenum,
745 831 47 21 med
801 831 102 21 afseende

74 859 51 22 derå
147 861 32 20 att
202 859 56 22 valet
283 860 22 21 af
324 859 106 22 elektorer
452 860 68 21 måste
546 866 60 15 anses
623 859 139 27 brådskande,
779 860 67 21 skulle
862 866 38 20 ega

74 895 46 14 rum
137 888 65 21 redan
217 888 7 21 i
240 888 40 27 dag
293 888 27 21 kl.
333 889 12 20 5
359 887 173 28 eftermiddagen,
544 889 109 26 upplöstes
663 889 166 21 sammanträdet
840 888 27 21 kl.
881 890 18 19 1.

690 945 21 17 In
724 945 61 18 fidem:

658 974 38 21 Th.
722 975 108 27 Wegelius.

271 1111 156 34 Måndagen
446 1111 55 26 den
522 1111 36 26 29
576 1111 123 27 Januari

71 1179 28 21 kl.
117 1180 12 21 5
145 1179 166 28 eftermiddagen
326 1180 172 21 sammanträdde
514 1181 181 26 Borgareståndet
709 1181 47 21 åter
764 1181 31 21 till
806 1181 91 27 plenum,

71 1208 72 21 dervid
159 1208 34 21 vid
209 1209 94 21 anstäldt
317 1215 82 20 upprop
415 1209 99 26 samtlige
530 1209 100 22 Ståndets
644 1209 136 22 medlemmar
794 1210 104 21 befunnos

69 1236 188 22 tillstädeskomne.

139 1293 41 33 Till
195 1293 104 27 justering
314 1294 108 28 upplästes
437 1296 32 20 ett
485 1295 77 27 utdrag
577 1302 26 14 ur
618 1296 190 26 Borgareståndets
823 1297 73 25 proto-

69 1322 43 21 koll
127 1321 32 22 för
174 1328 7 14 i
197 1322 41 27 dag
253 1322 124 28 förmiddag,
394 1323 108 27 angående
520 1324 58 21 valet
594 1324 20 21 af
631 1324 117 22 ledamöter
760 1324 38 22 och
809 1330 25 15 en
846 1330 49 21 sup-

69 1350 72 26 pleant
156 1350 6 21 i
179 1351 236 22 talmanskonferensen.

135 1464 88 22 Jemlikt
246 1465 99 23 Ständets
368 1466 33 22 vid
417 1467 158 22 sammanträde
599 1468 6 20 i
628 1468 41 26 dag
686 1467 119 27 förmiddag
820 1467 74 22 derom

67 1492 80 23 fattade
164 1493 69 22 beslut
249 1494 73 22 skreds
338 1501 27 15 nu
381 1494 32 22 till
428 1495 33 22 val
478 1495 22 22 af
516 1496 25 21 18
558 1496 111 22 elektorer.
