<?xml version="1.0" encoding="UTF-8"?>
<alto xmlns="http://www.loc.gov/standards/alto/ns-v3#" xmlns:xlink="http://www.w3.org/1999/xlink" xmlns:xsi="http://www.w3.org/2001/XMLSchema-instance" xsi:schemaLocation="http://www.loc.gov/standards/alto/ns-v3# http://www.loc.gov/alto/v3/alto-3-0.xsd">
	<Description>
		<MeasurementUnit>pixel</MeasurementUnit>
		<sourceImageInformation>
			<fileName>/tmp/tess_iag4xigz_input.PNG</fileName>
		</sourceImageInformation>
		<OCRProcessing ID="OCR_0">
			<ocrProcessingStep>
				<processingSoftware>
					<softwareName>tesseract 5.3.4</softwareName>
				</processingSoftware>
			</ocrProcessingStep>
		</OCRProcessing>
	</Description>
	<Layout>
		<Page WIDTH="1103" HEIGHT="1781" PHYSICAL_IMG_NR="0" ID="page_0">
			<PrintSpace HPOS="0" VPOS="0" WIDTH="1103" HEIGHT="1781">
				<ComposedBlock ID="cblock_0" HPOS="303" VPOS="103" WIDTH="620" HEIGHT="25">
					<TextBlock ID="block_0" HPOS="303" VPOS="103" WIDTH="620" HEIGHT="25">
						<TextLine ID="line_0" HPOS="303" VPOS="103" WIDTH="620" HEIGHT="25">
							<String ID="string_0" HPOS="303" VPOS="108" WIDTH="179" HEIGHT="20" WC="0.91" CONTENT="Borgareständet"/><SP WIDTH="14" VPOS="108" HPOS="482"/>
							<String ID="string_1" HPOS="496" VPOS="108" WIDTH="54" HEIGHT="18" WC="0.96" CONTENT="1877."/><SP WIDTH="25" VPOS="108" HPOS="550"/>
							<String ID="string_2" HPOS="575" VPOS="108" WIDTH="25" HEIGHT="17" WC="0.96" CONTENT="27"/><SP WIDTH="12" VPOS="108" HPOS="600"/>
							<String ID="string_3" HPOS="612" VPOS="108" WIDTH="106" HEIGHT="17" WC="0.96" CONTENT="Februari."/><SP WIDTH="165" VPOS="108" HPOS="718"/>
							<String ID="string_4" HPOS="883" VPOS="103" WIDTH="40" HEIGHT="21" WC="0.96" CONTENT="189"/>
						</TextLine>
					</TextBlock>
				</ComposedBlock>
				<GraphicalElement ID="cblock_1" HPOS="96" VPOS="136" WIDTH="827" HEIGHT="6"></GraphicalElement >
				<ComposedBlock ID="cblock_2" HPOS="97" VPOS="176" WIDTH="826" HEIGHT="51">
					<TextBlock ID="block_1" HPOS="97" VPOS="176" WIDTH="826" HEIGHT="51">
						<TextLine ID="line_1" HPOS="166" VPOS="176" WIDTH="757" HEIGHT="29">
							<String ID="string_5" HPOS="166" VPOS="177" WIDTH="65" HEIGHT="21" WC="0.92" CONTENT="Detta"/><SP WIDTH="15" VPOS="177" HPOS="231"/>
							<String ID="string_6" HPOS="246" VPOS="177" WIDTH="134" HEIGHT="22" WC="0.92" CONTENT="betänkande"/><SP WIDTH="16" VPOS="177" HPOS="380"/>
							<String ID="string_7" HPOS="396" VPOS="176" WIDTH="44" HEIGHT="22" WC="0.92" CONTENT="blef"/><SP WIDTH="13" VPOS="176" HPOS="440"/>
							<String ID="string_8" HPOS="453" VPOS="178" WIDTH="27" HEIGHT="25" WC="0.93" CONTENT="pä"/><SP WIDTH="16" VPOS="178" HPOS="480"/>
							<String ID="string_9" HPOS="496" VPOS="178" WIDTH="72" HEIGHT="21" WC="0.92" CONTENT="derom"/><SP WIDTH="16" VPOS="178" HPOS="568"/>
							<String ID="string_10" HPOS="584" VPOS="176" WIDTH="111" HEIGHT="22" WC="0.92" CONTENT="framstäld"/><SP WIDTH="11" VPOS="176" HPOS="695"/>
							<String ID="string_11" HPOS="706" VPOS="177" WIDTH="94" HEIGHT="26" WC="0.93" CONTENT="begäran"/><SP WIDTH="11" VPOS="177" HPOS="800"/>
							<String ID="string_12" HPOS="811" VPOS="176" WIDTH="112" HEIGHT="29" WC="0.93" CONTENT="bordlagdt"/>
						</TextLine>
						<TextLine ID="line_2" HPOS="97" VPOS="206" WIDTH="572" HEIGHT="21">
							<String ID="string_13" HPOS="97" VPOS="206" WIDTH="33" HEIGHT="21" WC="0.92" CONTENT="till"/><SP WIDTH="16" VPOS="206" HPOS="130"/>
							<String ID="string_14" HPOS="146" VPOS="207" WIDTH="166" HEIGHT="20" WC="0.92" CONTENT="sammanträdet"/><SP WIDTH="16" VPOS="207" HPOS="312"/>
							<String ID="string_15" HPOS="328" VPOS="207" WIDTH="40" HEIGHT="20" WC="0.96" CONTENT="den"/><SP WIDTH="16" VPOS="207" HPOS="368"/>
							<String ID="string_16" HPOS="384" VPOS="207" WIDTH="13" HEIGHT="20" WC="0.93" CONTENT="6"/><SP WIDTH="16" VPOS="207" HPOS="397"/>
							<String ID="string_17" HPOS="413" VPOS="206" WIDTH="176" HEIGHT="21" WC="0.92" CONTENT="nästkommande"/><SP WIDTH="16" VPOS="206" HPOS="589"/>
							<String ID="string_18" HPOS="605" VPOS="206" WIDTH="64" HEIGHT="21" WC="0.96" CONTENT="Mars."/>
						</TextLine>
					</TextBlock>
				</ComposedBlock>
				<ComposedBlock ID="cblock_3" HPOS="97" VPOS="348" WIDTH="826" HEIGHT="84">
					<TextBlock ID="block_2" HPOS="97" VPOS="348" WIDTH="826" HEIGHT="84">
						<TextLine ID="line_3" HPOS="167" VPOS="348" WIDTH="756" HEIGHT="27">
							<String ID="string_19" HPOS="167" VPOS="349" WIDTH="191" HEIGHT="26" WC="0.90" CONTENT="Borgareständets"/><SP WIDTH="23" VPOS="349" HPOS="358"/>
							<String ID="string_20" HPOS="381" VPOS="348" WIDTH="96" HEIGHT="21" WC="0.69" CONTENT="enskilda"/><SP WIDTH="22" VPOS="348" HPOS="477"/>
							<String ID="string_21" HPOS="499" VPOS="348" WIDTH="186" HEIGHT="21" WC="0.89" CONTENT="Besvärsutskotts"/><SP WIDTH="24" VPOS="348" HPOS="685"/>
							<String ID="string_22" HPOS="709" VPOS="348" WIDTH="134" HEIGHT="21" WC="0.96" CONTENT="betänkande"/><SP WIDTH="17" VPOS="348" HPOS="843"/>
							<String ID="string_23" HPOS="860" VPOS="348" WIDTH="6" HEIGHT="21" WC="0.89" CONTENT="i"/><SP WIDTH="19" VPOS="348" HPOS="866"/>
							<String ID="string_24" HPOS="885" VPOS="355" WIDTH="38" HEIGHT="14" WC="0.89" CONTENT="an-"/>
						</TextLine>
						<TextLine ID="line_4" HPOS="97" VPOS="373" WIDTH="826" HEIGHT="42">
							<String ID="string_25" HPOS="97" VPOS="377" WIDTH="86" HEIGHT="27" WC="0.96" CONTENT="ledning"/><SP WIDTH="16" VPOS="377" HPOS="183"/>
							<String ID="string_26" HPOS="199" VPOS="377" WIDTH="23" HEIGHT="21" WC="0.93" CONTENT="af"/><SP WIDTH="14" VPOS="377" HPOS="222"/>
							<String ID="string_27" HPOS="236" VPOS="378" WIDTH="63" HEIGHT="20" WC="0.92" CONTENT="väckt"/><SP WIDTH="15" VPOS="378" HPOS="299"/>
							<String ID="string_28" HPOS="314" VPOS="377" WIDTH="79" HEIGHT="26" WC="0.96" CONTENT="förslag"/><SP WIDTH="15" VPOS="377" HPOS="393"/>
							<String ID="string_29" HPOS="408" VPOS="383" WIDTH="33" HEIGHT="14" WC="0.93" CONTENT="om"/><SP WIDTH="17" VPOS="383" HPOS="441"/>
							<String ID="string_30" HPOS="458" VPOS="377" WIDTH="110" HEIGHT="26" WC="0.92" CONTENT="tryckning"/><SP WIDTH="16" VPOS="377" HPOS="568"/>
							<String ID="string_31" HPOS="584" VPOS="377" WIDTH="22" HEIGHT="20" WC="0.93" CONTENT="af"/><SP WIDTH="10" VPOS="377" HPOS="606"/>
							<String ID="string_32" HPOS="616" VPOS="377" WIDTH="190" HEIGHT="26" WC="0.92" CONTENT="Borgareständets"/><SP WIDTH="10" VPOS="377" HPOS="806"/>
							<String ID="string_33" HPOS="816" VPOS="373" WIDTH="107" HEIGHT="42" WC="0.90" CONTENT="protokoll"/>
						</TextLine>
						<TextLine ID="line_5" HPOS="97" VPOS="405" WIDTH="594" HEIGHT="27">
							<String ID="string_34" HPOS="97" VPOS="405" WIDTH="34" HEIGHT="22" WC="0.93" CONTENT="för"/><SP WIDTH="14" VPOS="405" HPOS="131"/>
							<String ID="string_35" HPOS="145" VPOS="406" WIDTH="142" HEIGHT="21" WC="0.92" CONTENT="innevarande"/><SP WIDTH="17" VPOS="406" HPOS="287"/>
							<String ID="string_36" HPOS="304" VPOS="406" WIDTH="112" HEIGHT="26" WC="0.92" CONTENT="Landtdag"/><SP WIDTH="16" VPOS="406" HPOS="416"/>
							<String ID="string_37" HPOS="432" VPOS="405" WIDTH="110" HEIGHT="27" WC="0.92" CONTENT="föredrogs"/><SP WIDTH="16" VPOS="405" HPOS="542"/>
							<String ID="string_38" HPOS="558" VPOS="405" WIDTH="24" HEIGHT="21" WC="0.93" CONTENT="sä"/><SP WIDTH="10" VPOS="405" HPOS="582"/>
							<String ID="string_39" HPOS="592" VPOS="405" WIDTH="99" HEIGHT="27" WC="0.92" CONTENT="lydande:"/>
						</TextLine>
					</TextBlock>
				</ComposedBlock>
				<ComposedBlock ID="cblock_4" HPOS="94" VPOS="462" WIDTH="830" HEIGHT="1058">
					<TextBlock ID="block_3" HPOS="97" VPOS="462" WIDTH="827" HEIGHT="113">
						<TextLine ID="line_6" HPOS="167" VPOS="462" WIDTH="756" HEIGHT="27">
							<String ID="string_40" HPOS="167" VPOS="463" WIDTH="92" HEIGHT="21" WC="0.90" CONTENT="Medelst"/><SP WIDTH="23" VPOS="463" HPOS="259"/>
							<String ID="string_41" HPOS="282" VPOS="463" WIDTH="77" HEIGHT="26" WC="0.96" CONTENT="utdrag"/><SP WIDTH="24" VPOS="463" HPOS="359"/>
							<String ID="string_42" HPOS="383" VPOS="469" WIDTH="26" HEIGHT="14" WC="0.91" CONTENT="ur"/><SP WIDTH="24" VPOS="469" HPOS="409"/>
							<String ID="string_43" HPOS="433" VPOS="462" WIDTH="193" HEIGHT="27" WC="0.82" CONTENT="Borgareständets"/><SP WIDTH="21" VPOS="462" HPOS="626"/>
							<String ID="string_44" HPOS="647" VPOS="462" WIDTH="107" HEIGHT="27" WC="0.96" CONTENT="protokoll"/><SP WIDTH="23" VPOS="462" HPOS="754"/>
							<String ID="string_45" HPOS="777" VPOS="463" WIDTH="33" HEIGHT="20" WC="0.96" CONTENT="för"/><SP WIDTH="22" VPOS="463" HPOS="810"/>
							<String ID="string_46" HPOS="832" VPOS="463" WIDTH="40" HEIGHT="20" WC="0.96" CONTENT="den"/><SP WIDTH="26" VPOS="463" HPOS="872"/>
							<String ID="string_47" HPOS="898" VPOS="463" WIDTH="25" HEIGHT="20" WC="0.96" CONTENT="16"/>
						</TextLine>
						<TextLine ID="line_7" HPOS="97" VPOS="491" WIDTH="827" HEIGHT="27">
							<String ID="string_48" HPOS="97" VPOS="492" WIDTH="80" HEIGHT="21" WC="0.92" CONTENT="dennes"/><SP WIDTH="16" VPOS="492" HPOS="177"/>
							<String ID="string_49" HPOS="193" VPOS="491" WIDTH="39" HEIGHT="21" WC="0.93" CONTENT="har"/><SP WIDTH="15" VPOS="491" HPOS="232"/>
							<String ID="string_50" HPOS="247" VPOS="492" WIDTH="105" HEIGHT="21" WC="0.92" CONTENT="utskottet"/><SP WIDTH="16" VPOS="492" HPOS="352"/>
							<String ID="string_51" HPOS="368" VPOS="491" WIDTH="86" HEIGHT="21" WC="0.92" CONTENT="erhällit"/><SP WIDTH="15" VPOS="491" HPOS="454"/>
							<String ID="string_52" HPOS="469" VPOS="492" WIDTH="7" HEIGHT="20" WC="0.93" CONTENT="i"/><SP WIDTH="16" VPOS="492" HPOS="476"/>
							<String ID="string_53" HPOS="492" VPOS="491" WIDTH="95" HEIGHT="27" WC="0.91" CONTENT="uppdrag"/><SP WIDTH="16" VPOS="491" HPOS="587"/>
							<String ID="string_54" HPOS="603" VPOS="493" WIDTH="33" HEIGHT="19" WC="0.93" CONTENT="att"/><SP WIDTH="15" VPOS="493" HPOS="636"/>
							<String ID="string_55" HPOS="651" VPOS="491" WIDTH="78" HEIGHT="26" WC="0.93" CONTENT="afgifva"/><SP WIDTH="11" VPOS="491" HPOS="729"/>
							<String ID="string_56" HPOS="740" VPOS="491" WIDTH="133" HEIGHT="21" WC="0.92" CONTENT="betänkande"/><SP WIDTH="11" VPOS="491" HPOS="873"/>
							<String ID="string_57" HPOS="884" VPOS="491" WIDTH="40" HEIGHT="21" WC="0.96" CONTENT="och"/>
						</TextLine>
						<TextLine ID="line_8" HPOS="98" VPOS="519" WIDTH="825" HEIGHT="28">
							<String ID="string_58" HPOS="98" VPOS="521" WIDTH="79" HEIGHT="25" WC="0.96" CONTENT="förslag"/><SP WIDTH="23" VPOS="521" HPOS="177"/>
							<String ID="string_59" HPOS="200" VPOS="520" WIDTH="6" HEIGHT="21" WC="0.96" CONTENT="i"/><SP WIDTH="23" VPOS="520" HPOS="206"/>
							<String ID="string_60" HPOS="229" VPOS="521" WIDTH="112" HEIGHT="26" WC="0.96" CONTENT="anledning"/><SP WIDTH="22" VPOS="521" HPOS="341"/>
							<String ID="string_61" HPOS="363" VPOS="519" WIDTH="23" HEIGHT="22" WC="0.96" CONTENT="af"/><SP WIDTH="19" VPOS="519" HPOS="386"/>
							<String ID="string_62" HPOS="405" VPOS="522" WIDTH="32" HEIGHT="19" WC="0.96" CONTENT="ett"/><SP WIDTH="20" VPOS="522" HPOS="437"/>
							<String ID="string_63" HPOS="457" VPOS="520" WIDTH="39" HEIGHT="21" WC="0.93" CONTENT="hos"/><SP WIDTH="21" VPOS="520" HPOS="496"/>
							<String ID="string_64" HPOS="517" VPOS="520" WIDTH="182" HEIGHT="26" WC="0.91" CONTENT="Borgareständet"/><SP WIDTH="15" VPOS="520" HPOS="699"/>
							<String ID="string_65" HPOS="714" VPOS="520" WIDTH="63" HEIGHT="20" WC="0.96" CONTENT="väckt"/><SP WIDTH="17" VPOS="520" HPOS="777"/>
							<String ID="string_66" HPOS="794" VPOS="519" WIDTH="79" HEIGHT="28" WC="0.96" CONTENT="förslag"/><SP WIDTH="16" VPOS="519" HPOS="873"/>
							<String ID="string_67" HPOS="889" VPOS="526" WIDTH="34" HEIGHT="15" WC="0.96" CONTENT="om"/>
						</TextLine>
						<TextLine ID="line_9" HPOS="97" VPOS="548" WIDTH="721" HEIGHT="27">
							<String ID="string_68" HPOS="97" VPOS="549" WIDTH="112" HEIGHT="26" WC="0.92" CONTENT="tryckning"/><SP WIDTH="15" VPOS="549" HPOS="209"/>
							<String ID="string_69" HPOS="224" VPOS="549" WIDTH="21" HEIGHT="20" WC="0.93" CONTENT="af"/><SP WIDTH="15" VPOS="549" HPOS="245"/>
							<String ID="string_70" HPOS="260" VPOS="549" WIDTH="99" HEIGHT="20" WC="0.92" CONTENT="Ständets"/><SP WIDTH="16" VPOS="549" HPOS="359"/>
							<String ID="string_71" HPOS="375" VPOS="549" WIDTH="107" HEIGHT="26" WC="0.92" CONTENT="protokoll"/><SP WIDTH="16" VPOS="549" HPOS="482"/>
							<String ID="string_72" HPOS="498" VPOS="548" WIDTH="32" HEIGHT="21" WC="0.93" CONTENT="för"/><SP WIDTH="16" VPOS="548" HPOS="530"/>
							<String ID="string_73" HPOS="546" VPOS="549" WIDTH="142" HEIGHT="20" WC="0.92" CONTENT="innevarande"/><SP WIDTH="14" VPOS="549" HPOS="688"/>
							<String ID="string_74" HPOS="702" VPOS="549" WIDTH="116" HEIGHT="26" WC="0.90" CONTENT="Landtdag."/>
						</TextLine>
					</TextBlock>
					<TextBlock ID="block_4" HPOS="96" VPOS="577" WIDTH="828" HEIGHT="599">
						<TextLine ID="line_10" HPOS="168" VPOS="577" WIDTH="755" HEIGHT="26">
							<String ID="string_75" HPOS="168" VPOS="577" WIDTH="9" HEIGHT="21" WC="0.95" CONTENT="I"/><SP WIDTH="24" VPOS="577" HPOS="177"/>
							<String ID="string_76" HPOS="201" VPOS="577" WIDTH="66" HEIGHT="21" WC="0.95" CONTENT="likhet"/><SP WIDTH="22" VPOS="577" HPOS="267"/>
							<String ID="string_77" HPOS="289" VPOS="578" WIDTH="47" HEIGHT="20" WC="0.96" CONTENT="med"/><SP WIDTH="20" VPOS="578" HPOS="336"/>
							<String ID="string_78" HPOS="356" VPOS="577" WIDTH="26" HEIGHT="21" WC="0.93" CONTENT="de"/><SP WIDTH="16" VPOS="577" HPOS="382"/>
							<String ID="string_79" HPOS="398" VPOS="577" WIDTH="218" HEIGHT="25" WC="0.90" CONTENT="ständsmedlemmar,"/><SP WIDTH="16" VPOS="577" HPOS="616"/>
							<String ID="string_80" HPOS="632" VPOS="577" WIDTH="77" HEIGHT="25" WC="0.96" CONTENT="hvilka,"/><SP WIDTH="18" VPOS="577" HPOS="709"/>
							<String ID="string_81" HPOS="727" VPOS="577" WIDTH="26" HEIGHT="21" WC="0.93" CONTENT="dä"/><SP WIDTH="15" VPOS="577" HPOS="753"/>
							<String ID="string_82" HPOS="768" VPOS="577" WIDTH="102" HEIGHT="26" WC="0.96" CONTENT="förslaget"/><SP WIDTH="14" VPOS="577" HPOS="870"/>
							<String ID="string_83" HPOS="884" VPOS="577" WIDTH="39" HEIGHT="20" WC="0.96" CONTENT="hos"/>
						</TextLine>
						<TextLine ID="line_11" HPOS="99" VPOS="605" WIDTH="824" HEIGHT="26">
							<String ID="string_84" HPOS="99" VPOS="605" WIDTH="89" HEIGHT="22" WC="0.92" CONTENT="Ständet"/><SP WIDTH="15" VPOS="605" HPOS="188"/>
							<String ID="string_85" HPOS="203" VPOS="606" WIDTH="92" HEIGHT="25" WC="0.91" CONTENT="väcktes,"/><SP WIDTH="16" VPOS="606" HPOS="295"/>
							<String ID="string_86" HPOS="311" VPOS="609" WIDTH="69" HEIGHT="18" WC="0.92" CONTENT="varmt"/><SP WIDTH="15" VPOS="609" HPOS="380"/>
							<String ID="string_87" HPOS="395" VPOS="606" WIDTH="114" HEIGHT="21" WC="0.92" CONTENT="förordade"/><SP WIDTH="17" VPOS="606" HPOS="509"/>
							<String ID="string_88" HPOS="526" VPOS="606" WIDTH="123" HEIGHT="22" WC="0.92" CONTENT="detsamma,"/><SP WIDTH="11" VPOS="606" HPOS="649"/>
							<String ID="string_89" HPOS="660" VPOS="606" WIDTH="104" HEIGHT="20" WC="0.91" CONTENT="erkänner"/><SP WIDTH="11" VPOS="606" HPOS="764"/>
							<String ID="string_90" HPOS="775" VPOS="606" WIDTH="106" HEIGHT="21" WC="0.92" CONTENT="utskottet"/><SP WIDTH="10" VPOS="606" HPOS="881"/>
							<String ID="string_91" HPOS="891" VPOS="605" WIDTH="32" HEIGHT="21" WC="0.96" CONTENT="till"/>
						</TextLine>
						<TextLine ID="line_12" HPOS="98" VPOS="633" WIDTH="826" HEIGHT="28">
							<String ID="string_92" HPOS="98" VPOS="634" WIDTH="52" HEIGHT="21" WC="0.91" CONTENT="fullo"/><SP WIDTH="16" VPOS="634" HPOS="150"/>
							<String ID="string_93" HPOS="166" VPOS="637" WIDTH="74" HEIGHT="24" WC="0.90" CONTENT="nyttän"/><SP WIDTH="16" VPOS="637" HPOS="240"/>
							<String ID="string_94" HPOS="256" VPOS="635" WIDTH="38" HEIGHT="20" WC="0.93" CONTENT="och"/><SP WIDTH="17" VPOS="635" HPOS="294"/>
							<String ID="string_95" HPOS="311" VPOS="635" WIDTH="147" HEIGHT="26" WC="0.92" CONTENT="önskligheten"/><SP WIDTH="12" VPOS="635" HPOS="458"/>
							<String ID="string_96" HPOS="470" VPOS="635" WIDTH="22" HEIGHT="20" WC="0.97" CONTENT="af"/><SP WIDTH="14" VPOS="635" HPOS="492"/>
							<String ID="string_97" HPOS="506" VPOS="637" WIDTH="32" HEIGHT="18" WC="0.93" CONTENT="att"/><SP WIDTH="13" VPOS="637" HPOS="538"/>
							<String ID="string_98" HPOS="551" VPOS="634" WIDTH="191" HEIGHT="26" WC="0.92" CONTENT="Borgareständets"/><SP WIDTH="12" VPOS="634" HPOS="742"/>
							<String ID="string_99" HPOS="754" VPOS="633" WIDTH="90" HEIGHT="22" WC="0.92" CONTENT="likasom"/><SP WIDTH="12" VPOS="633" HPOS="844"/>
							<String ID="string_100" HPOS="856" VPOS="634" WIDTH="68" HEIGHT="26" WC="0.92" CONTENT="öfriga"/>
						</TextLine>
						<TextLine ID="line_13" HPOS="99" VPOS="662" WIDTH="825" HEIGHT="28">
							<String ID="string_101" HPOS="99" VPOS="663" WIDTH="77" HEIGHT="21" WC="0.92" CONTENT="Ständs"/><SP WIDTH="17" VPOS="663" HPOS="176"/>
							<String ID="string_102" HPOS="193" VPOS="663" WIDTH="238" HEIGHT="27" WC="0.90" CONTENT="diskussionsprotokoll"/><SP WIDTH="16" VPOS="663" HPOS="431"/>
							<String ID="string_103" HPOS="447" VPOS="663" WIDTH="65" HEIGHT="21" WC="0.93" CONTENT="blifva"/><SP WIDTH="16" VPOS="663" HPOS="512"/>
							<String ID="string_104" HPOS="528" VPOS="663" WIDTH="6" HEIGHT="20" WC="0.96" CONTENT="i"/><SP WIDTH="16" VPOS="663" HPOS="534"/>
							<String ID="string_105" HPOS="550" VPOS="663" WIDTH="61" HEIGHT="26" WC="0.93" CONTENT="tryck"/><SP WIDTH="16" VPOS="663" HPOS="611"/>
							<String ID="string_106" HPOS="627" VPOS="663" WIDTH="86" HEIGHT="26" WC="0.92" CONTENT="utgifne."/><SP WIDTH="23" VPOS="663" HPOS="713"/>
							<String ID="string_107" HPOS="736" VPOS="663" WIDTH="46" HEIGHT="20" WC="0.96" CONTENT="Den"/><SP WIDTH="11" VPOS="663" HPOS="782"/>
							<String ID="string_108" HPOS="793" VPOS="662" WIDTH="131" HEIGHT="27" WC="0.96" CONTENT="offentlighet"/>
						</TextLine>
						<TextLine ID="line_14" HPOS="98" VPOS="691" WIDTH="826" HEIGHT="27">
							<String ID="string_109" HPOS="98" VPOS="691" WIDTH="23" HEIGHT="21" WC="0.96" CONTENT="af"/><SP WIDTH="14" VPOS="691" HPOS="121"/>
							<String ID="string_110" HPOS="135" VPOS="692" WIDTH="26" HEIGHT="20" WC="0.93" CONTENT="de"/><SP WIDTH="16" VPOS="692" HPOS="161"/>
							<String ID="string_111" HPOS="177" VPOS="692" WIDTH="136" HEIGHT="25" WC="0.92" CONTENT="lagstiftande"/><SP WIDTH="21" VPOS="692" HPOS="313"/>
							<String ID="string_112" HPOS="334" VPOS="692" WIDTH="186" HEIGHT="26" WC="0.92" CONTENT="församlingarnes"/><SP WIDTH="16" VPOS="692" HPOS="520"/>
							<String ID="string_113" HPOS="536" VPOS="691" WIDTH="166" HEIGHT="26" WC="0.92" CONTENT="förhandlingar,"/><SP WIDTH="16" VPOS="691" HPOS="702"/>
							<String ID="string_114" HPOS="718" VPOS="697" WIDTH="44" HEIGHT="15" WC="0.93" CONTENT="som"/><SP WIDTH="17" VPOS="697" HPOS="762"/>
							<String ID="string_115" HPOS="779" VPOS="692" WIDTH="67" HEIGHT="21" WC="0.92" CONTENT="mäste"/><SP WIDTH="16" VPOS="692" HPOS="846"/>
							<String ID="string_116" HPOS="862" VPOS="697" WIDTH="62" HEIGHT="15" WC="0.96" CONTENT="anses"/>
						</TextLine>
						<TextLine ID="line_15" HPOS="97" VPOS="719" WIDTH="826" HEIGHT="28">
							<String ID="string_117" HPOS="97" VPOS="722" WIDTH="76" HEIGHT="25" WC="0.96" CONTENT="utgöra"/><SP WIDTH="16" VPOS="722" HPOS="173"/>
							<String ID="string_118" HPOS="189" VPOS="723" WIDTH="30" HEIGHT="18" WC="0.93" CONTENT="ett"/><SP WIDTH="15" VPOS="723" HPOS="219"/>
							<String ID="string_119" HPOS="234" VPOS="721" WIDTH="103" HEIGHT="20" WC="0.93" CONTENT="lifsvilkor"/><SP WIDTH="15" VPOS="721" HPOS="337"/>
							<String ID="string_120" HPOS="352" VPOS="721" WIDTH="31" HEIGHT="20" WC="0.96" CONTENT="för"/><SP WIDTH="16" VPOS="721" HPOS="383"/>
							<String ID="string_121" HPOS="399" VPOS="721" WIDTH="36" HEIGHT="20" WC="0.93" CONTENT="det"/><SP WIDTH="15" VPOS="721" HPOS="435"/>
							<String ID="string_122" HPOS="450" VPOS="720" WIDTH="176" HEIGHT="21" WC="0.91" CONTENT="konstitutionela"/><SP WIDTH="16" VPOS="720" HPOS="626"/>
							<String ID="string_123" HPOS="642" VPOS="719" WIDTH="188" HEIGHT="27" WC="0.87" CONTENT="samhällsskicket,"/><SP WIDTH="10" VPOS="719" HPOS="830"/>
							<String ID="string_124" HPOS="840" VPOS="721" WIDTH="24" HEIGHT="19" WC="0.93" CONTENT="är"/><SP WIDTH="12" VPOS="721" HPOS="864"/>
							<String ID="string_125" HPOS="876" VPOS="720" WIDTH="47" HEIGHT="21" WC="0.96" CONTENT="icke"/>
						</TextLine>
						<TextLine ID="line_16" HPOS="97" VPOS="749" WIDTH="826" HEIGHT="26">
							<String ID="string_126" HPOS="97" VPOS="749" WIDTH="135" HEIGHT="26" WC="0.92" CONTENT="fullständigt"/><SP WIDTH="15" VPOS="749" HPOS="232"/>
							<String ID="string_127" HPOS="247" VPOS="755" WIDTH="83" HEIGHT="15" WC="0.92" CONTENT="vunnen"/><SP WIDTH="16" VPOS="755" HPOS="330"/>
							<String ID="string_128" HPOS="346" VPOS="749" WIDTH="86" HEIGHT="20" WC="0.92" CONTENT="dermed"/><SP WIDTH="16" VPOS="749" HPOS="432"/>
							<String ID="string_129" HPOS="448" VPOS="752" WIDTH="32" HEIGHT="18" WC="0.96" CONTENT="att"/><SP WIDTH="15" VPOS="752" HPOS="480"/>
							<String ID="string_130" HPOS="495" VPOS="752" WIDTH="31" HEIGHT="18" WC="0.93" CONTENT="ett"/><SP WIDTH="13" VPOS="752" HPOS="526"/>
							<String ID="string_131" HPOS="539" VPOS="749" WIDTH="111" HEIGHT="20" WC="0.92" CONTENT="inskränkt"/><SP WIDTH="15" VPOS="749" HPOS="650"/>
							<String ID="string_132" HPOS="665" VPOS="749" WIDTH="58" HEIGHT="20" WC="0.92" CONTENT="antal"/><SP WIDTH="11" VPOS="749" HPOS="723"/>
							<String ID="string_133" HPOS="734" VPOS="749" WIDTH="88" HEIGHT="20" WC="0.92" CONTENT="ähörare"/><SP WIDTH="12" VPOS="749" HPOS="822"/>
							<String ID="string_134" HPOS="834" VPOS="749" WIDTH="89" HEIGHT="20" WC="0.91" CONTENT="beredes"/>
						</TextLine>
						<TextLine ID="line_17" HPOS="97" VPOS="777" WIDTH="825" HEIGHT="26">
							<String ID="string_135" HPOS="97" VPOS="777" WIDTH="83" HEIGHT="21" WC="0.88" CONTENT="tillfälle"/><SP WIDTH="16" VPOS="777" HPOS="180"/>
							<String ID="string_136" HPOS="196" VPOS="781" WIDTH="32" HEIGHT="18" WC="0.93" CONTENT="att"/><SP WIDTH="17" VPOS="781" HPOS="228"/>
							<String ID="string_137" HPOS="245" VPOS="780" WIDTH="88" HEIGHT="18" WC="0.90" CONTENT="närvara"/><SP WIDTH="17" VPOS="780" HPOS="333"/>
							<String ID="string_138" HPOS="350" VPOS="778" WIDTH="34" HEIGHT="20" WC="0.93" CONTENT="vid"/><SP WIDTH="17" VPOS="778" HPOS="384"/>
							<String ID="string_139" HPOS="401" VPOS="777" WIDTH="105" HEIGHT="22" WC="0.93" CONTENT="Ständens"/><SP WIDTH="16" VPOS="777" HPOS="506"/>
							<String ID="string_140" HPOS="522" VPOS="778" WIDTH="171" HEIGHT="20" WC="0.92" CONTENT="sammanträden"/><SP WIDTH="16" VPOS="778" HPOS="693"/>
							<String ID="string_141" HPOS="709" VPOS="780" WIDTH="55" HEIGHT="18" WC="0.96" CONTENT="samt"/><SP WIDTH="15" VPOS="780" HPOS="764"/>
							<String ID="string_142" HPOS="779" VPOS="779" WIDTH="32" HEIGHT="19" WC="0.93" CONTENT="att"/><SP WIDTH="10" VPOS="779" HPOS="811"/>
							<String ID="string_143" HPOS="821" VPOS="777" WIDTH="101" HEIGHT="26" WC="0.92" CONTENT="tidnings-"/>
						</TextLine>
						<TextLine ID="line_18" HPOS="97" VPOS="805" WIDTH="824" HEIGHT="28">
							<String ID="string_144" HPOS="97" VPOS="812" WIDTH="93" HEIGHT="20" WC="0.92" CONTENT="pressen,"/><SP WIDTH="16" VPOS="812" HPOS="190"/>
							<String ID="string_145" HPOS="206" VPOS="807" WIDTH="69" HEIGHT="20" WC="0.91" CONTENT="sävidt"/><SP WIDTH="14" VPOS="807" HPOS="275"/>
							<String ID="string_146" HPOS="289" VPOS="809" WIDTH="105" HEIGHT="24" WC="0.92" CONTENT="utrymme"/><SP WIDTH="13" VPOS="809" HPOS="394"/>
							<String ID="string_147" HPOS="407" VPOS="806" WIDTH="117" HEIGHT="27" WC="0.92" CONTENT="medgifver"/><SP WIDTH="12" VPOS="806" HPOS="524"/>
							<String ID="string_148" HPOS="536" VPOS="806" WIDTH="40" HEIGHT="21" WC="0.96" CONTENT="och"/><SP WIDTH="14" VPOS="806" HPOS="576"/>
							<String ID="string_149" HPOS="590" VPOS="807" WIDTH="40" HEIGHT="20" WC="0.93" CONTENT="den"/><SP WIDTH="12" VPOS="807" HPOS="630"/>
							<String ID="string_150" HPOS="642" VPOS="806" WIDTH="49" HEIGHT="27" WC="0.92" CONTENT="sjelf"/><SP WIDTH="8" VPOS="806" HPOS="691"/>
							<String ID="string_151" HPOS="699" VPOS="806" WIDTH="41" HEIGHT="21" WC="0.96" CONTENT="kan"/><SP WIDTH="12" VPOS="806" HPOS="740"/>
							<String ID="string_152" HPOS="752" VPOS="806" WIDTH="56" HEIGHT="21" WC="0.96" CONTENT="finna"/><SP WIDTH="10" VPOS="806" HPOS="808"/>
							<String ID="string_153" HPOS="818" VPOS="805" WIDTH="103" HEIGHT="27" WC="0.96" CONTENT="lämpligt,"/>
						</TextLine>
						<TextLine ID="line_19" HPOS="97" VPOS="834" WIDTH="825" HEIGHT="27">
							<String ID="string_154" HPOS="97" VPOS="835" WIDTH="91" HEIGHT="26" WC="0.89" CONTENT="redogör"/><SP WIDTH="23" VPOS="835" HPOS="188"/>
							<String ID="string_155" HPOS="211" VPOS="835" WIDTH="33" HEIGHT="20" WC="0.92" CONTENT="för"/><SP WIDTH="22" VPOS="835" HPOS="244"/>
							<String ID="string_156" HPOS="266" VPOS="835" WIDTH="185" HEIGHT="26" WC="0.92" CONTENT="förhandlingarne"/><SP WIDTH="24" VPOS="835" HPOS="451"/>
							<String ID="string_157" HPOS="475" VPOS="835" WIDTH="34" HEIGHT="20" WC="0.96" CONTENT="vid"/><SP WIDTH="16" VPOS="835" HPOS="509"/>
							<String ID="string_158" HPOS="525" VPOS="835" WIDTH="62" HEIGHT="20" WC="0.93" CONTENT="dessa"/><SP WIDTH="15" VPOS="835" HPOS="587"/>
							<String ID="string_159" HPOS="602" VPOS="835" WIDTH="178" HEIGHT="20" WC="0.92" CONTENT="sammanträden."/><SP WIDTH="31" VPOS="835" HPOS="780"/>
							<String ID="string_160" HPOS="811" VPOS="835" WIDTH="41" HEIGHT="20" WC="0.93" CONTENT="Det"/><SP WIDTH="16" VPOS="835" HPOS="852"/>
							<String ID="string_161" HPOS="868" VPOS="834" WIDTH="54" HEIGHT="21" WC="0.93" CONTENT="före-"/>
						</TextLine>
						<TextLine ID="line_20" HPOS="97" VPOS="863" WIDTH="826" HEIGHT="27">
							<String ID="string_162" HPOS="97" VPOS="863" WIDTH="62" HEIGHT="21" WC="0.89" CONTENT="faller"/><SP WIDTH="23" VPOS="863" HPOS="159"/>
							<String ID="string_163" HPOS="182" VPOS="863" WIDTH="65" HEIGHT="21" WC="0.96" CONTENT="också"/><SP WIDTH="22" VPOS="863" HPOS="247"/>
							<String ID="string_164" HPOS="269" VPOS="863" WIDTH="6" HEIGHT="21" WC="0.93" CONTENT="i"/><SP WIDTH="22" VPOS="863" HPOS="275"/>
							<String ID="string_165" HPOS="297" VPOS="863" WIDTH="42" HEIGHT="27" WC="0.96" CONTENT="hög"/><SP WIDTH="22" VPOS="863" HPOS="339"/>
							<String ID="string_166" HPOS="361" VPOS="864" WIDTH="53" HEIGHT="26" WC="0.93" CONTENT="grad"/><SP WIDTH="23" VPOS="864" HPOS="414"/>
							<String ID="string_167" HPOS="437" VPOS="864" WIDTH="115" HEIGHT="25" WC="0.95" CONTENT="oegentligt"/><SP WIDTH="16" VPOS="864" HPOS="552"/>
							<String ID="string_168" HPOS="568" VPOS="866" WIDTH="38" HEIGHT="23" WC="0.96" CONTENT="att,"/><SP WIDTH="17" VPOS="866" HPOS="606"/>
							<String ID="string_169" HPOS="623" VPOS="864" WIDTH="64" HEIGHT="20" WC="0.95" CONTENT="sedan"/><SP WIDTH="16" VPOS="864" HPOS="687"/>
							<String ID="string_170" HPOS="703" VPOS="870" WIDTH="48" HEIGHT="14" WC="0.96" CONTENT="man"/><SP WIDTH="16" VPOS="870" HPOS="751"/>
							<String ID="string_171" HPOS="767" VPOS="863" WIDTH="34" HEIGHT="20" WC="0.93" CONTENT="väl"/><SP WIDTH="15" VPOS="863" HPOS="801"/>
							<String ID="string_172" HPOS="816" VPOS="863" WIDTH="107" HEIGHT="26" WC="0.91" CONTENT="uppoffrat"/>
						</TextLine>
						<TextLine ID="line_21" HPOS="96" VPOS="891" WIDTH="827" HEIGHT="28">
							<String ID="string_173" HPOS="96" VPOS="892" WIDTH="84" HEIGHT="26" WC="0.96" CONTENT="mycket"/><SP WIDTH="16" VPOS="892" HPOS="180"/>
							<String ID="string_174" HPOS="196" VPOS="892" WIDTH="119" HEIGHT="27" WC="0.93" CONTENT="betydande"/><SP WIDTH="16" VPOS="892" HPOS="315"/>
							<String ID="string_175" HPOS="331" VPOS="898" WIDTH="93" HEIGHT="15" WC="0.92" CONTENT="summor"/><SP WIDTH="16" VPOS="898" HPOS="424"/>
							<String ID="string_176" HPOS="440" VPOS="892" WIDTH="27" HEIGHT="26" WC="0.93" CONTENT="pä"/><SP WIDTH="15" VPOS="892" HPOS="467"/>
							<String ID="string_177" HPOS="482" VPOS="892" WIDTH="200" HEIGHT="21" WC="0.92" CONTENT="ästadkommandet"/><SP WIDTH="16" VPOS="892" HPOS="682"/>
							<String ID="string_178" HPOS="698" VPOS="892" WIDTH="22" HEIGHT="20" WC="0.96" CONTENT="af"/><SP WIDTH="10" VPOS="892" HPOS="720"/>
							<String ID="string_179" HPOS="730" VPOS="894" WIDTH="31" HEIGHT="19" WC="0.93" CONTENT="ett"/><SP WIDTH="10" VPOS="894" HPOS="761"/>
							<String ID="string_180" HPOS="771" VPOS="891" WIDTH="152" HEIGHT="26" WC="0.92" CONTENT="stenografiskt"/>
						</TextLine>
						<TextLine ID="line_22" HPOS="97" VPOS="920" WIDTH="825" HEIGHT="27">
							<String ID="string_181" HPOS="97" VPOS="920" WIDTH="244" HEIGHT="27" WC="0.91" CONTENT="diskussionsprotokoll,"/><SP WIDTH="25" VPOS="920" HPOS="341"/>
							<String ID="string_182" HPOS="366" VPOS="921" WIDTH="59" HEIGHT="20" WC="0.93" CONTENT="detta"/><SP WIDTH="23" VPOS="921" HPOS="425"/>
							<String ID="string_183" HPOS="448" VPOS="921" WIDTH="94" HEIGHT="21" WC="0.91" CONTENT="derefter"/><SP WIDTH="22" VPOS="921" HPOS="542"/>
							<String ID="string_184" HPOS="564" VPOS="921" WIDTH="54" HEIGHT="20" WC="0.93" CONTENT="skall"/><SP WIDTH="24" VPOS="921" HPOS="618"/>
							<String ID="string_185" HPOS="642" VPOS="921" WIDTH="110" HEIGHT="26" WC="0.92" CONTENT="begrafvas"/><SP WIDTH="24" VPOS="921" HPOS="752"/>
							<String ID="string_186" HPOS="776" VPOS="921" WIDTH="6" HEIGHT="20" WC="0.96" CONTENT="i"/><SP WIDTH="22" VPOS="921" HPOS="782"/>
							<String ID="string_187" HPOS="804" VPOS="923" WIDTH="31" HEIGHT="18" WC="0.96" CONTENT="ett"/><SP WIDTH="22" VPOS="923" HPOS="835"/>
							<String ID="string_188" HPOS="857" VPOS="920" WIDTH="65" HEIGHT="25" WC="0.96" CONTENT="arkiv,"/>
						</TextLine>
						<TextLine ID="line_23" HPOS="97" VPOS="948" WIDTH="826" HEIGHT="29">
							<String ID="string_189" HPOS="97" VPOS="949" WIDTH="111" HEIGHT="26" WC="0.92" CONTENT="begrafvas"/><SP WIDTH="21" VPOS="949" HPOS="208"/>
							<String ID="string_190" HPOS="229" VPOS="951" WIDTH="51" HEIGHT="24" WC="0.93" CONTENT="säga"/><SP WIDTH="20" VPOS="951" HPOS="280"/>
							<String ID="string_191" HPOS="300" VPOS="950" WIDTH="26" HEIGHT="25" WC="0.96" CONTENT="vi,"/><SP WIDTH="21" VPOS="950" HPOS="326"/>
							<String ID="string_192" HPOS="347" VPOS="952" WIDTH="22" HEIGHT="25" WC="0.97" CONTENT="ty"/><SP WIDTH="16" VPOS="952" HPOS="369"/>
							<String ID="string_193" HPOS="385" VPOS="950" WIDTH="36" HEIGHT="20" WC="0.93" CONTENT="det"/><SP WIDTH="15" VPOS="950" HPOS="421"/>
							<String ID="string_194" HPOS="436" VPOS="949" WIDTH="84" HEIGHT="21" WC="0.93" CONTENT="fordras"/><SP WIDTH="19" VPOS="949" HPOS="520"/>
							<String ID="string_195" HPOS="539" VPOS="951" WIDTH="6" HEIGHT="19" WC="0.93" CONTENT="i"/><SP WIDTH="16" VPOS="951" HPOS="545"/>
							<String ID="string_196" HPOS="561" VPOS="949" WIDTH="90" HEIGHT="26" WC="0.92" CONTENT="sanning"/><SP WIDTH="15" VPOS="949" HPOS="651"/>
							<String ID="string_197" HPOS="666" VPOS="955" WIDTH="25" HEIGHT="15" WC="0.93" CONTENT="en"/><SP WIDTH="16" VPOS="955" HPOS="691"/>
							<String ID="string_198" HPOS="707" VPOS="949" WIDTH="94" HEIGHT="26" WC="0.92" CONTENT="ovanligt"/><SP WIDTH="15" VPOS="949" HPOS="801"/>
							<String ID="string_199" HPOS="816" VPOS="949" WIDTH="41" HEIGHT="26" WC="0.96" CONTENT="god"/><SP WIDTH="15" VPOS="949" HPOS="857"/>
							<String ID="string_200" HPOS="872" VPOS="948" WIDTH="51" HEIGHT="27" WC="0.95" CONTENT="vilja"/>
						</TextLine>
						<TextLine ID="line_24" HPOS="97" VPOS="977" WIDTH="825" HEIGHT="28">
							<String ID="string_201" HPOS="97" VPOS="977" WIDTH="52" HEIGHT="21" WC="0.90" CONTENT="eller"/><SP WIDTH="22" VPOS="977" HPOS="149"/>
							<String ID="string_202" HPOS="171" VPOS="980" WIDTH="31" HEIGHT="19" WC="0.90" CONTENT="ett"/><SP WIDTH="15" VPOS="980" HPOS="202"/>
							<String ID="string_203" HPOS="217" VPOS="978" WIDTH="133" HEIGHT="27" WC="0.93" CONTENT="synnerligen"/><SP WIDTH="16" VPOS="978" HPOS="350"/>
							<String ID="string_204" HPOS="366" VPOS="979" WIDTH="118" HEIGHT="26" WC="0.91" CONTENT="trängande"/><SP WIDTH="15" VPOS="979" HPOS="484"/>
							<String ID="string_205" HPOS="499" VPOS="978" WIDTH="66" HEIGHT="21" WC="0.92" CONTENT="behof"/><SP WIDTH="13" VPOS="978" HPOS="565"/>
							<String ID="string_206" HPOS="578" VPOS="978" WIDTH="34" HEIGHT="21" WC="0.96" CONTENT="för"/><SP WIDTH="15" VPOS="978" HPOS="612"/>
							<String ID="string_207" HPOS="627" VPOS="981" WIDTH="33" HEIGHT="18" WC="0.93" CONTENT="att"/><SP WIDTH="14" VPOS="981" HPOS="660"/>
							<String ID="string_208" HPOS="674" VPOS="978" WIDTH="68" HEIGHT="21" WC="0.93" CONTENT="förmä"/><SP WIDTH="15" VPOS="978" HPOS="742"/>
							<String ID="string_209" HPOS="757" VPOS="978" WIDTH="69" HEIGHT="25" WC="0.92" CONTENT="nägon"/><SP WIDTH="16" VPOS="978" HPOS="826"/>
							<String ID="string_210" HPOS="842" VPOS="979" WIDTH="32" HEIGHT="19" WC="0.97" CONTENT="att"/><SP WIDTH="15" VPOS="979" HPOS="874"/>
							<String ID="string_211" HPOS="889" VPOS="977" WIDTH="33" HEIGHT="21" WC="0.96" CONTENT="för"/>
						</TextLine>
						<TextLine ID="line_25" HPOS="97" VPOS="1005" WIDTH="824" HEIGHT="28">
							<String ID="string_212" HPOS="97" VPOS="1006" WIDTH="137" HEIGHT="21" WC="0.91" CONTENT="anskaffande"/><SP WIDTH="16" VPOS="1006" HPOS="234"/>
							<String ID="string_213" HPOS="250" VPOS="1007" WIDTH="20" HEIGHT="20" WC="0.96" CONTENT="af"/><SP WIDTH="15" VPOS="1007" HPOS="270"/>
							<String ID="string_214" HPOS="285" VPOS="1007" WIDTH="151" HEIGHT="26" WC="0.96" CONTENT="upplysningar"/><SP WIDTH="11" VPOS="1007" HPOS="436"/>
							<String ID="string_215" HPOS="447" VPOS="1013" WIDTH="25" HEIGHT="14" WC="0.93" CONTENT="ur"/><SP WIDTH="12" VPOS="1013" HPOS="472"/>
							<String ID="string_216" HPOS="484" VPOS="1007" WIDTH="106" HEIGHT="21" WC="0.92" CONTENT="Ständens"/><SP WIDTH="11" VPOS="1007" HPOS="590"/>
							<String ID="string_217" HPOS="601" VPOS="1006" WIDTH="238" HEIGHT="27" WC="0.92" CONTENT="diskussionsprotokoll"/><SP WIDTH="11" VPOS="1006" HPOS="839"/>
							<String ID="string_218" HPOS="850" VPOS="1006" WIDTH="6" HEIGHT="20" WC="0.93" CONTENT="i"/><SP WIDTH="11" VPOS="1006" HPOS="856"/>
							<String ID="string_219" HPOS="867" VPOS="1005" WIDTH="54" HEIGHT="21" WC="0.92" CONTENT="före-"/>
						</TextLine>
						<TextLine ID="line_26" HPOS="96" VPOS="1035" WIDTH="826" HEIGHT="26">
							<String ID="string_220" HPOS="96" VPOS="1035" WIDTH="128" HEIGHT="21" WC="0.92" CONTENT="kommande"/><SP WIDTH="15" VPOS="1035" HPOS="224"/>
							<String ID="string_221" HPOS="239" VPOS="1035" WIDTH="36" HEIGHT="21" WC="0.93" CONTENT="fall"/><SP WIDTH="16" VPOS="1035" HPOS="275"/>
							<String ID="string_222" HPOS="291" VPOS="1036" WIDTH="68" HEIGHT="20" WC="0.92" CONTENT="vända"/><SP WIDTH="16" VPOS="1036" HPOS="359"/>
							<String ID="string_223" HPOS="375" VPOS="1035" WIDTH="30" HEIGHT="26" WC="0.96" CONTENT="sig"/><SP WIDTH="12" VPOS="1035" HPOS="405"/>
							<String ID="string_224" HPOS="417" VPOS="1035" WIDTH="32" HEIGHT="21" WC="0.93" CONTENT="till"/><SP WIDTH="13" VPOS="1035" HPOS="449"/>
							<String ID="string_225" HPOS="462" VPOS="1035" WIDTH="131" HEIGHT="21" WC="0.92" CONTENT="Ständernas"/><SP WIDTH="12" VPOS="1035" HPOS="593"/>
							<String ID="string_226" HPOS="605" VPOS="1035" WIDTH="60" HEIGHT="21" WC="0.96" CONTENT="arkiv"/><SP WIDTH="11" VPOS="1035" HPOS="665"/>
							<String ID="string_227" HPOS="676" VPOS="1035" WIDTH="39" HEIGHT="21" WC="0.96" CONTENT="och"/><SP WIDTH="12" VPOS="1035" HPOS="715"/>
							<String ID="string_228" HPOS="727" VPOS="1036" WIDTH="37" HEIGHT="20" WC="0.96" CONTENT="der"/><SP WIDTH="11" VPOS="1036" HPOS="764"/>
							<String ID="string_229" HPOS="775" VPOS="1037" WIDTH="51" HEIGHT="18" WC="0.96" CONTENT="utan"/><SP WIDTH="11" VPOS="1037" HPOS="826"/>
							<String ID="string_230" HPOS="837" VPOS="1035" WIDTH="85" HEIGHT="26" WC="0.96" CONTENT="ledning"/>
						</TextLine>
						<TextLine ID="line_27" HPOS="96" VPOS="1063" WIDTH="827" HEIGHT="27">
							<String ID="string_231" HPOS="96" VPOS="1063" WIDTH="24" HEIGHT="20" WC="0.95" CONTENT="af"/><SP WIDTH="21" VPOS="1063" HPOS="120"/>
							<String ID="string_232" HPOS="141" VPOS="1065" WIDTH="89" HEIGHT="24" WC="0.95" CONTENT="register"/><SP WIDTH="22" VPOS="1065" HPOS="230"/>
							<String ID="string_233" HPOS="252" VPOS="1064" WIDTH="6" HEIGHT="20" WC="0.96" CONTENT="i"/><SP WIDTH="21" VPOS="1064" HPOS="258"/>
							<String ID="string_234" HPOS="279" VPOS="1066" WIDTH="31" HEIGHT="19" WC="0.93" CONTENT="ett"/><SP WIDTH="15" VPOS="1066" HPOS="310"/>
							<String ID="string_235" HPOS="325" VPOS="1064" WIDTH="201" HEIGHT="26" WC="0.91" CONTENT="konceptprotokoll"/><SP WIDTH="16" VPOS="1064" HPOS="526"/>
							<String ID="string_236" HPOS="542" VPOS="1070" WIDTH="34" HEIGHT="15" WC="0.93" CONTENT="om"/><SP WIDTH="16" VPOS="1070" HPOS="576"/>
							<String ID="string_237" HPOS="592" VPOS="1064" WIDTH="66" HEIGHT="26" WC="0.92" CONTENT="nägra"/><SP WIDTH="15" VPOS="1064" HPOS="658"/>
							<String ID="string_238" HPOS="673" VPOS="1063" WIDTH="83" HEIGHT="21" WC="0.92" CONTENT="hundra"/><SP WIDTH="16" VPOS="1063" HPOS="756"/>
							<String ID="string_239" HPOS="772" VPOS="1064" WIDTH="38" HEIGHT="20" WC="0.93" CONTENT="ark"/><SP WIDTH="16" VPOS="1064" HPOS="810"/>
							<String ID="string_240" HPOS="826" VPOS="1063" WIDTH="97" HEIGHT="26" WC="0.92" CONTENT="uppsöka"/>
						</TextLine>
						<TextLine ID="line_28" HPOS="97" VPOS="1091" WIDTH="824" HEIGHT="34">
							<String ID="string_241" HPOS="97" VPOS="1092" WIDTH="26" HEIGHT="20" WC="0.96" CONTENT="de"/><SP WIDTH="14" VPOS="1092" HPOS="123"/>
							<String ID="string_242" HPOS="137" VPOS="1098" WIDTH="56" HEIGHT="27" WC="0.87" CONTENT="uppg"/><SP WIDTH="-5" VPOS="1098" HPOS="193"/>
							<String ID="string_243" HPOS="188" VPOS="1092" WIDTH="64" HEIGHT="24" WC="0.65" CONTENT="rifter,"/><SP WIDTH="16" VPOS="1092" HPOS="252"/>
							<String ID="string_244" HPOS="268" VPOS="1099" WIDTH="49" HEIGHT="14" WC="0.93" CONTENT="man"/><SP WIDTH="15" VPOS="1099" HPOS="317"/>
							<String ID="string_245" HPOS="332" VPOS="1093" WIDTH="108" HEIGHT="20" WC="0.92" CONTENT="ästundar."/><SP WIDTH="31" VPOS="1093" HPOS="440"/>
							<String ID="string_246" HPOS="471" VPOS="1093" WIDTH="43" HEIGHT="20" WC="0.96" CONTENT="För"/><SP WIDTH="16" VPOS="1093" HPOS="514"/>
							<String ID="string_247" HPOS="530" VPOS="1093" WIDTH="46" HEIGHT="24" WC="0.96" CONTENT="den,"/><SP WIDTH="16" VPOS="1093" HPOS="576"/>
							<String ID="string_248" HPOS="592" VPOS="1099" WIDTH="45" HEIGHT="14" WC="0.96" CONTENT="som"/><SP WIDTH="17" VPOS="1099" HPOS="637"/>
							<String ID="string_249" HPOS="654" VPOS="1092" WIDTH="94" HEIGHT="21" WC="0.94" CONTENT="befinner"/><SP WIDTH="15" VPOS="1092" HPOS="748"/>
							<String ID="string_250" HPOS="763" VPOS="1093" WIDTH="31" HEIGHT="25" WC="0.96" CONTENT="sig"/><SP WIDTH="16" VPOS="1093" HPOS="794"/>
							<String ID="string_251" HPOS="810" VPOS="1091" WIDTH="27" HEIGHT="26" WC="0.96" CONTENT="pä"/><SP WIDTH="15" VPOS="1091" HPOS="837"/>
							<String ID="string_252" HPOS="852" VPOS="1097" WIDTH="69" HEIGHT="15" WC="0.96" CONTENT="annan"/>
						</TextLine>
						<TextLine ID="line_29" HPOS="96" VPOS="1121" WIDTH="826" HEIGHT="26">
							<String ID="string_253" HPOS="96" VPOS="1123" WIDTH="34" HEIGHT="18" WC="0.96" CONTENT="ort"/><SP WIDTH="15" VPOS="1123" HPOS="130"/>
							<String ID="string_254" HPOS="145" VPOS="1122" WIDTH="26" HEIGHT="19" WC="0.96" CONTENT="än"/><SP WIDTH="17" VPOS="1122" HPOS="171"/>
							<String ID="string_255" HPOS="188" VPOS="1121" WIDTH="46" HEIGHT="24" WC="0.96" CONTENT="den,"/><SP WIDTH="18" VPOS="1121" HPOS="234"/>
							<String ID="string_256" HPOS="252" VPOS="1121" WIDTH="36" HEIGHT="21" WC="0.93" CONTENT="der"/><SP WIDTH="16" VPOS="1121" HPOS="288"/>
							<String ID="string_257" HPOS="304" VPOS="1121" WIDTH="82" HEIGHT="21" WC="0.92" CONTENT="arkivet"/><SP WIDTH="15" VPOS="1121" HPOS="386"/>
							<String ID="string_258" HPOS="401" VPOS="1121" WIDTH="102" HEIGHT="26" WC="0.92" CONTENT="förvaras,"/><SP WIDTH="17" VPOS="1121" HPOS="503"/>
							<String ID="string_259" HPOS="520" VPOS="1123" WIDTH="36" HEIGHT="19" WC="0.92" CONTENT="äro"/><SP WIDTH="17" VPOS="1123" HPOS="556"/>
							<String ID="string_260" HPOS="573" VPOS="1121" WIDTH="62" HEIGHT="21" WC="0.93" CONTENT="dessa"/><SP WIDTH="15" VPOS="1121" HPOS="635"/>
							<String ID="string_261" HPOS="650" VPOS="1121" WIDTH="131" HEIGHT="26" WC="0.91" CONTENT="svärigheter"/><SP WIDTH="15" VPOS="1121" HPOS="781"/>
							<String ID="string_262" HPOS="796" VPOS="1123" WIDTH="57" HEIGHT="18" WC="0.96" CONTENT="ännu"/><SP WIDTH="11" VPOS="1123" HPOS="853"/>
							<String ID="string_263" HPOS="864" VPOS="1126" WIDTH="58" HEIGHT="15" WC="0.96" CONTENT="mera"/>
						</TextLine>
						<TextLine ID="line_30" HPOS="96" VPOS="1149" WIDTH="161" HEIGHT="27">
							<String ID="string_264" HPOS="96" VPOS="1149" WIDTH="161" HEIGHT="27" WC="0.90" CONTENT="afskräckande."/>
						</TextLine>
					</TextBlock>
					<TextBlock ID="block_5" HPOS="94" VPOS="1177" WIDTH="830" HEIGHT="343">
						<TextLine ID="line_31" HPOS="164" VPOS="1177" WIDTH="759" HEIGHT="27">
							<String ID="string_265" HPOS="164" VPOS="1177" WIDTH="69" HEIGHT="22" WC="0.81" CONTENT="Afven"/><SP WIDTH="16" VPOS="1177" HPOS="233"/>
							<String ID="string_266" HPOS="249" VPOS="1178" WIDTH="7" HEIGHT="20" WC="0.96" CONTENT="i"/><SP WIDTH="15" VPOS="1178" HPOS="256"/>
							<String ID="string_267" HPOS="271" VPOS="1179" WIDTH="66" HEIGHT="20" WC="0.96" CONTENT="andra"/><SP WIDTH="16" VPOS="1179" HPOS="337"/>
							<String ID="string_268" HPOS="353" VPOS="1179" WIDTH="74" HEIGHT="20" WC="0.96" CONTENT="länder"/><SP WIDTH="15" VPOS="1179" HPOS="427"/>
							<String ID="string_269" HPOS="442" VPOS="1179" WIDTH="60" HEIGHT="20" WC="0.96" CONTENT="torde"/><SP WIDTH="17" VPOS="1179" HPOS="502"/>
							<String ID="string_270" HPOS="519" VPOS="1179" WIDTH="26" HEIGHT="20" WC="0.93" CONTENT="de"/><SP WIDTH="13" VPOS="1179" HPOS="545"/>
							<String ID="string_271" HPOS="558" VPOS="1179" WIDTH="168" HEIGHT="25" WC="0.93" CONTENT="representativa"/><SP WIDTH="10" VPOS="1179" HPOS="726"/>
							<String ID="string_272" HPOS="736" VPOS="1178" WIDTH="187" HEIGHT="26" WC="0.92" CONTENT="församlingarnes"/>
						</TextLine>
						<TextLine ID="line_32" HPOS="96" VPOS="1205" WIDTH="828" HEIGHT="28">
							<String ID="string_273" HPOS="96" VPOS="1206" WIDTH="239" HEIGHT="27" WC="0.91" CONTENT="diskussionsprotokoll"/><SP WIDTH="22" VPOS="1206" HPOS="335"/>
							<String ID="string_274" HPOS="357" VPOS="1207" WIDTH="63" HEIGHT="26" WC="0.92" CONTENT="pläga"/><SP WIDTH="22" VPOS="1207" HPOS="420"/>
							<String ID="string_275" HPOS="442" VPOS="1207" WIDTH="6" HEIGHT="20" WC="0.95" CONTENT="i"/><SP WIDTH="23" VPOS="1207" HPOS="448"/>
							<String ID="string_276" HPOS="471" VPOS="1207" WIDTH="60" HEIGHT="26" WC="0.93" CONTENT="tryck"/><SP WIDTH="16" VPOS="1207" HPOS="531"/>
							<String ID="string_277" HPOS="547" VPOS="1207" WIDTH="97" HEIGHT="26" WC="0.92" CONTENT="utgifvas."/><SP WIDTH="31" VPOS="1207" HPOS="644"/>
							<String ID="string_278" HPOS="675" VPOS="1207" WIDTH="73" HEIGHT="21" WC="0.92" CONTENT="Sävidt"/><SP WIDTH="15" VPOS="1207" HPOS="748"/>
							<String ID="string_279" HPOS="763" VPOS="1207" WIDTH="106" HEIGHT="20" WC="0.92" CONTENT="utskottet"/><SP WIDTH="16" VPOS="1207" HPOS="869"/>
							<String ID="string_280" HPOS="885" VPOS="1205" WIDTH="39" HEIGHT="21" WC="0.97" CONTENT="har"/>
						</TextLine>
						<TextLine ID="line_33" HPOS="96" VPOS="1234" WIDTH="827" HEIGHT="29">
							<String ID="string_281" HPOS="96" VPOS="1235" WIDTH="33" HEIGHT="27" WC="0.93" CONTENT="sig"/><SP WIDTH="22" VPOS="1235" HPOS="129"/>
							<String ID="string_282" HPOS="151" VPOS="1235" WIDTH="85" HEIGHT="27" WC="0.92" CONTENT="bekant,"/><SP WIDTH="23" VPOS="1235" HPOS="236"/>
							<String ID="string_283" HPOS="259" VPOS="1235" WIDTH="62" HEIGHT="28" WC="0.90" CONTENT="ingär"/><SP WIDTH="23" VPOS="1235" HPOS="321"/>
							<String ID="string_284" HPOS="344" VPOS="1235" WIDTH="6" HEIGHT="21" WC="0.93" CONTENT="i"/><SP WIDTH="16" VPOS="1235" HPOS="350"/>
							<String ID="string_285" HPOS="366" VPOS="1236" WIDTH="92" HEIGHT="21" WC="0.92" CONTENT="Förenta"/><SP WIDTH="17" VPOS="1236" HPOS="458"/>
							<String ID="string_286" HPOS="475" VPOS="1235" WIDTH="111" HEIGHT="22" WC="0.93" CONTENT="Staternas"/><SP WIDTH="16" VPOS="1235" HPOS="586"/>
							<String ID="string_287" HPOS="602" VPOS="1235" WIDTH="141" HEIGHT="21" WC="0.92" CONTENT="konstitution"/><SP WIDTH="15" VPOS="1235" HPOS="743"/>
							<String ID="string_288" HPOS="758" VPOS="1237" WIDTH="31" HEIGHT="19" WC="0.93" CONTENT="ett"/><SP WIDTH="16" VPOS="1237" HPOS="789"/>
							<String ID="string_289" HPOS="805" VPOS="1234" WIDTH="118" HEIGHT="26" WC="0.93" CONTENT="stadgande"/>
						</TextLine>
						<TextLine ID="line_34" HPOS="95" VPOS="1263" WIDTH="828" HEIGHT="28">
							<String ID="string_290" HPOS="95" VPOS="1264" WIDTH="73" HEIGHT="20" WC="0.92" CONTENT="derom"/><SP WIDTH="15" VPOS="1264" HPOS="168"/>
							<String ID="string_291" HPOS="183" VPOS="1267" WIDTH="33" HEIGHT="18" WC="0.93" CONTENT="att"/><SP WIDTH="15" VPOS="1267" HPOS="216"/>
							<String ID="string_292" HPOS="231" VPOS="1266" WIDTH="140" HEIGHT="24" WC="0.93" CONTENT="kongressens"/><SP WIDTH="16" VPOS="1266" HPOS="371"/>
							<String ID="string_293" HPOS="387" VPOS="1264" WIDTH="239" HEIGHT="27" WC="0.91" CONTENT="diskussionsprotokoll"/><SP WIDTH="15" VPOS="1264" HPOS="626"/>
							<String ID="string_294" HPOS="641" VPOS="1264" WIDTH="54" HEIGHT="21" WC="0.93" CONTENT="skall"/><SP WIDTH="11" VPOS="1264" HPOS="695"/>
							<String ID="string_295" HPOS="706" VPOS="1265" WIDTH="90" HEIGHT="26" WC="0.91" CONTENT="tryckas."/><SP WIDTH="23" VPOS="1265" HPOS="796"/>
							<String ID="string_296" HPOS="819" VPOS="1263" WIDTH="10" HEIGHT="21" WC="0.93" CONTENT="I"/><SP WIDTH="11" VPOS="1263" HPOS="829"/>
							<String ID="string_297" HPOS="840" VPOS="1263" WIDTH="83" HEIGHT="21" WC="0.90" CONTENT="Frank-"/>
						</TextLine>
						<TextLine ID="line_35" HPOS="95" VPOS="1292" WIDTH="828" HEIGHT="28">
							<String ID="string_298" HPOS="95" VPOS="1292" WIDTH="46" HEIGHT="21" WC="0.93" CONTENT="rike"/><SP WIDTH="20" VPOS="1292" HPOS="141"/>
							<String ID="string_299" HPOS="161" VPOS="1292" WIDTH="78" HEIGHT="22" WC="0.91" CONTENT="införes"/><SP WIDTH="23" VPOS="1292" HPOS="239"/>
							<String ID="string_300" HPOS="262" VPOS="1292" WIDTH="258" HEIGHT="28" WC="0.92" CONTENT="nationalförsamlingens"/><SP WIDTH="15" VPOS="1292" HPOS="520"/>
							<String ID="string_301" HPOS="535" VPOS="1292" WIDTH="108" HEIGHT="27" WC="0.92" CONTENT="protokoll"/><SP WIDTH="16" VPOS="1292" HPOS="643"/>
							<String ID="string_302" HPOS="659" VPOS="1294" WIDTH="20" HEIGHT="20" WC="0.93" CONTENT="in"/><SP WIDTH="17" VPOS="1294" HPOS="679"/>
							<String ID="string_303" HPOS="696" VPOS="1296" WIDTH="85" HEIGHT="18" WC="0.92" CONTENT="extenso"/><SP WIDTH="16" VPOS="1296" HPOS="781"/>
							<String ID="string_304" HPOS="797" VPOS="1293" WIDTH="6" HEIGHT="20" WC="0.93" CONTENT="i"/><SP WIDTH="17" VPOS="1293" HPOS="803"/>
							<String ID="string_305" HPOS="820" VPOS="1292" WIDTH="103" HEIGHT="24" WC="0.91" CONTENT=",Journal"/>
						</TextLine>
						<TextLine ID="line_36" HPOS="95" VPOS="1320" WIDTH="826" HEIGHT="28">
							<String ID="string_306" HPOS="95" VPOS="1320" WIDTH="96" HEIGHT="22" WC="0.89" CONTENT="officiel&quot;."/><SP WIDTH="31" VPOS="1320" HPOS="191"/>
							<String ID="string_307" HPOS="222" VPOS="1322" WIDTH="11" HEIGHT="21" WC="0.90" CONTENT="I"/><SP WIDTH="20" VPOS="1322" HPOS="233"/>
							<String ID="string_308" HPOS="253" VPOS="1322" WIDTH="106" HEIGHT="26" WC="0.96" CONTENT="Tyskland"/><SP WIDTH="22" VPOS="1322" HPOS="359"/>
							<String ID="string_309" HPOS="381" VPOS="1322" WIDTH="60" HEIGHT="20" WC="0.91" CONTENT="torde"/><SP WIDTH="21" VPOS="1322" HPOS="441"/>
							<String ID="string_310" HPOS="462" VPOS="1322" WIDTH="136" HEIGHT="26" WC="0.96" CONTENT="protokollen"/><SP WIDTH="22" VPOS="1322" HPOS="598"/>
							<String ID="string_311" HPOS="620" VPOS="1322" WIDTH="84" HEIGHT="26" WC="0.96" CONTENT="tryckas"/><SP WIDTH="16" VPOS="1322" HPOS="704"/>
							<String ID="string_312" HPOS="720" VPOS="1321" WIDTH="100" HEIGHT="21" WC="0.96" CONTENT="särskildt"/><SP WIDTH="15" VPOS="1321" HPOS="820"/>
							<String ID="string_313" HPOS="835" VPOS="1321" WIDTH="33" HEIGHT="20" WC="0.96" CONTENT="för"/><SP WIDTH="15" VPOS="1321" HPOS="868"/>
							<String ID="string_314" HPOS="883" VPOS="1320" WIDTH="38" HEIGHT="27" WC="0.96" CONTENT="sig."/>
						</TextLine>
						<TextLine ID="line_37" HPOS="95" VPOS="1349" WIDTH="828" HEIGHT="27">
							<String ID="string_315" HPOS="95" VPOS="1349" WIDTH="10" HEIGHT="21" WC="0.96" CONTENT="I"/><SP WIDTH="15" VPOS="1349" HPOS="105"/>
							<String ID="string_316" HPOS="120" VPOS="1349" WIDTH="82" HEIGHT="27" WC="0.93" CONTENT="Norges"/><SP WIDTH="16" VPOS="1349" HPOS="202"/>
							<String ID="string_317" HPOS="218" VPOS="1350" WIDTH="109" HEIGHT="22" WC="0.91" CONTENT="Grundlov"/><SP WIDTH="16" VPOS="1350" HPOS="327"/>
							<String ID="string_318" HPOS="343" VPOS="1350" WIDTH="23" HEIGHT="20" WC="0.96" CONTENT="af"/><SP WIDTH="16" VPOS="1350" HPOS="366"/>
							<String ID="string_319" HPOS="382" VPOS="1351" WIDTH="54" HEIGHT="20" WC="0.93" CONTENT="1814"/><SP WIDTH="15" VPOS="1351" HPOS="436"/>
							<String ID="string_320" HPOS="451" VPOS="1351" WIDTH="87" HEIGHT="25" WC="0.96" CONTENT="stadgas"/><SP WIDTH="14" VPOS="1351" HPOS="538"/>
							<String ID="string_321" HPOS="552" VPOS="1352" WIDTH="32" HEIGHT="19" WC="0.93" CONTENT="att"/><SP WIDTH="11" VPOS="1352" HPOS="584"/>
							<String ID="string_322" HPOS="595" VPOS="1350" WIDTH="157" HEIGHT="26" WC="0.86" CONTENT=",Storthingets"/><SP WIDTH="11" VPOS="1350" HPOS="752"/>
							<String ID="string_323" HPOS="763" VPOS="1349" WIDTH="160" HEIGHT="26" WC="0.93" CONTENT="forhandlinger"/>
						</TextLine>
						<TextLine ID="line_38" HPOS="94" VPOS="1378" WIDTH="828" HEIGHT="28">
							<String ID="string_324" HPOS="94" VPOS="1378" WIDTH="129" HEIGHT="27" WC="0.92" CONTENT="kundgjöres"/><SP WIDTH="16" VPOS="1378" HPOS="223"/>
							<String ID="string_325" HPOS="239" VPOS="1380" WIDTH="39" HEIGHT="20" WC="0.93" CONTENT="ved"/><SP WIDTH="16" VPOS="1380" HPOS="278"/>
							<String ID="string_326" HPOS="294" VPOS="1379" WIDTH="104" HEIGHT="26" WC="0.90" CONTENT="Trykken,"/><SP WIDTH="17" VPOS="1379" HPOS="398"/>
							<String ID="string_327" HPOS="415" VPOS="1380" WIDTH="108" HEIGHT="26" WC="0.92" CONTENT="undtagen"/><SP WIDTH="15" VPOS="1380" HPOS="523"/>
							<String ID="string_328" HPOS="538" VPOS="1379" WIDTH="6" HEIGHT="20" WC="0.96" CONTENT="i"/><SP WIDTH="17" VPOS="1379" HPOS="544"/>
							<String ID="string_329" HPOS="561" VPOS="1380" WIDTH="25" HEIGHT="20" WC="0.93" CONTENT="de"/><SP WIDTH="16" VPOS="1380" HPOS="586"/>
							<String ID="string_330" HPOS="602" VPOS="1378" WIDTH="88" HEIGHT="26" WC="0.92" CONTENT="tilfälde,"/><SP WIDTH="12" VPOS="1378" HPOS="690"/>
							<String ID="string_331" HPOS="702" VPOS="1378" WIDTH="52" HEIGHT="22" WC="0.93" CONTENT="hvor"/><SP WIDTH="13" VPOS="1378" HPOS="754"/>
							<String ID="string_332" HPOS="767" VPOS="1379" WIDTH="36" HEIGHT="20" WC="0.93" CONTENT="det"/><SP WIDTH="18" VPOS="1379" HPOS="803"/>
							<String ID="string_333" HPOS="821" VPOS="1380" WIDTH="101" HEIGHT="18" WC="0.92" CONTENT="motsatte"/>
						</TextLine>
						<TextLine ID="line_39" HPOS="95" VPOS="1406" WIDTH="827" HEIGHT="27">
							<String ID="string_334" HPOS="95" VPOS="1407" WIDTH="102" HEIGHT="21" WC="0.92" CONTENT="besluttes"/><SP WIDTH="20" VPOS="1407" HPOS="197"/>
							<String ID="string_335" HPOS="217" VPOS="1408" WIDTH="40" HEIGHT="21" WC="0.93" CONTENT="ved"/><SP WIDTH="21" VPOS="1408" HPOS="257"/>
							<String ID="string_336" HPOS="278" VPOS="1407" WIDTH="190" HEIGHT="22" WC="0.73" CONTENT="Stemmeflerhed*."/><SP WIDTH="32" VPOS="1407" HPOS="468"/>
							<String ID="string_337" HPOS="500" VPOS="1408" WIDTH="46" HEIGHT="20" WC="0.93" CONTENT="Den"/><SP WIDTH="16" VPOS="1408" HPOS="546"/>
							<String ID="string_338" HPOS="562" VPOS="1409" WIDTH="84" HEIGHT="19" WC="0.96" CONTENT="senaste"/><SP WIDTH="16" VPOS="1409" HPOS="646"/>
							<String ID="string_339" HPOS="662" VPOS="1407" WIDTH="89" HEIGHT="21" WC="0.93" CONTENT="svenska"/><SP WIDTH="15" VPOS="1407" HPOS="751"/>
							<String ID="string_340" HPOS="766" VPOS="1406" WIDTH="156" HEIGHT="27" WC="0.90" CONTENT="Riksdagsord-"/>
						</TextLine>
						<TextLine ID="line_40" HPOS="94" VPOS="1435" WIDTH="828" HEIGHT="27">
							<String ID="string_341" HPOS="94" VPOS="1435" WIDTH="76" HEIGHT="27" WC="0.96" CONTENT="ningen"/><SP WIDTH="17" VPOS="1435" HPOS="170"/>
							<String ID="string_342" HPOS="187" VPOS="1436" WIDTH="22" HEIGHT="20" WC="0.96" CONTENT="af"/><SP WIDTH="15" VPOS="1436" HPOS="209"/>
							<String ID="string_343" HPOS="224" VPOS="1437" WIDTH="54" HEIGHT="21" WC="0.93" CONTENT="1865"/><SP WIDTH="16" VPOS="1437" HPOS="278"/>
							<String ID="string_344" HPOS="294" VPOS="1436" WIDTH="116" HEIGHT="21" WC="0.96" CONTENT="innehåller"/><SP WIDTH="15" VPOS="1436" HPOS="410"/>
							<String ID="string_345" HPOS="425" VPOS="1437" WIDTH="7" HEIGHT="20" WC="0.96" CONTENT="i"/><SP WIDTH="16" VPOS="1437" HPOS="432"/>
							<String ID="string_346" HPOS="448" VPOS="1436" WIDTH="49" HEIGHT="21" WC="0.96" CONTENT="dess"/><SP WIDTH="16" VPOS="1436" HPOS="497"/>
							<String ID="string_347" HPOS="513" VPOS="1437" WIDTH="27" HEIGHT="20" WC="0.93" CONTENT="82"/><SP WIDTH="16" VPOS="1437" HPOS="540"/>
							<String ID="string_348" HPOS="556" VPOS="1437" WIDTH="12" HEIGHT="25" WC="0.84" CONTENT="&amp;"/><SP WIDTH="17" VPOS="1437" HPOS="568"/>
							<String ID="string_349" HPOS="585" VPOS="1436" WIDTH="93" HEIGHT="26" WC="0.93" CONTENT="följande"/><SP WIDTH="16" VPOS="1436" HPOS="678"/>
							<String ID="string_350" HPOS="694" VPOS="1436" WIDTH="144" HEIGHT="26" WC="0.93" CONTENT="bestämning:"/><SP WIDTH="18" VPOS="1436" HPOS="838"/>
							<String ID="string_351" HPOS="856" VPOS="1435" WIDTH="44" HEIGHT="26" WC="0.91" CONTENT=",De"/><SP WIDTH="15" VPOS="1435" HPOS="900"/>
							<String ID="string_352" HPOS="915" VPOS="1435" WIDTH="7" HEIGHT="20" WC="0.95" CONTENT="i"/>
						</TextLine>
						<TextLine ID="line_41" HPOS="94" VPOS="1464" WIDTH="828" HEIGHT="27">
							<String ID="string_353" HPOS="94" VPOS="1464" WIDTH="114" HEIGHT="21" WC="0.92" CONTENT="kamrarne"/><SP WIDTH="21" VPOS="1464" HPOS="208"/>
							<String ID="string_354" HPOS="229" VPOS="1465" WIDTH="61" HEIGHT="21" WC="0.92" CONTENT="förda"/><SP WIDTH="22" VPOS="1465" HPOS="290"/>
							<String ID="string_355" HPOS="312" VPOS="1464" WIDTH="106" HEIGHT="27" WC="0.91" CONTENT="protokoll"/><SP WIDTH="22" VPOS="1464" HPOS="418"/>
							<String ID="string_356" HPOS="440" VPOS="1464" WIDTH="40" HEIGHT="22" WC="0.93" CONTENT="och"/><SP WIDTH="16" VPOS="1464" HPOS="480"/>
							<String ID="string_357" HPOS="496" VPOS="1464" WIDTH="69" HEIGHT="27" WC="0.92" CONTENT="öfriga"/><SP WIDTH="15" VPOS="1464" HPOS="565"/>
							<String ID="string_358" HPOS="580" VPOS="1464" WIDTH="223" HEIGHT="27" WC="0.91" CONTENT="riksdagshandlingar"/><SP WIDTH="16" VPOS="1464" HPOS="803"/>
							<String ID="string_359" HPOS="819" VPOS="1464" WIDTH="61" HEIGHT="20" WC="0.96" CONTENT="skola"/><SP WIDTH="15" VPOS="1464" HPOS="880"/>
							<String ID="string_360" HPOS="895" VPOS="1464" WIDTH="27" HEIGHT="26" WC="0.96" CONTENT="pä"/>
						</TextLine>
						<TextLine ID="line_42" HPOS="94" VPOS="1492" WIDTH="828" HEIGHT="28">
							<String ID="string_361" HPOS="94" VPOS="1494" WIDTH="81" HEIGHT="19" WC="0.93" CONTENT="statens"/><SP WIDTH="16" VPOS="1494" HPOS="175"/>
							<String ID="string_362" HPOS="191" VPOS="1493" WIDTH="126" HEIGHT="26" WC="0.92" CONTENT="bekostnad,"/><SP WIDTH="15" VPOS="1493" HPOS="317"/>
							<String ID="string_363" HPOS="332" VPOS="1494" WIDTH="23" HEIGHT="20" WC="0.93" CONTENT="sä"/><SP WIDTH="16" VPOS="1494" HPOS="355"/>
							<String ID="string_364" HPOS="371" VPOS="1493" WIDTH="64" HEIGHT="27" WC="0.93" CONTENT="tidigt"/><SP WIDTH="12" VPOS="1493" HPOS="435"/>
							<String ID="string_365" HPOS="447" VPOS="1494" WIDTH="39" HEIGHT="20" WC="0.92" CONTENT="ske"/><SP WIDTH="15" VPOS="1494" HPOS="486"/>
							<String ID="string_366" HPOS="501" VPOS="1494" WIDTH="49" HEIGHT="26" WC="0.96" CONTENT="kan,"/><SP WIDTH="16" VPOS="1494" HPOS="550"/>
							<String ID="string_367" HPOS="566" VPOS="1493" WIDTH="24" HEIGHT="21" WC="0.93" CONTENT="af"/><SP WIDTH="13" VPOS="1493" HPOS="590"/>
							<String ID="string_368" HPOS="603" VPOS="1493" WIDTH="84" HEIGHT="27" WC="0.91" CONTENT="trycket"/><SP WIDTH="15" VPOS="1493" HPOS="687"/>
							<String ID="string_369" HPOS="702" VPOS="1493" WIDTH="96" HEIGHT="27" WC="0.92" CONTENT="utgifvas,"/><SP WIDTH="13" VPOS="1493" HPOS="798"/>
							<String ID="string_370" HPOS="811" VPOS="1493" WIDTH="25" HEIGHT="21" WC="0.97" CONTENT="de"/><SP WIDTH="12" VPOS="1493" HPOS="836"/>
							<String ID="string_371" HPOS="848" VPOS="1492" WIDTH="74" HEIGHT="21" WC="0.96" CONTENT="senare"/>
						</TextLine>
					</TextBlock>
				</ComposedBlock>
			</PrintSpace>
		</Page>
	</Layout>
</alto>
