1103 1781
187 100 42 20 314
401 104 181 21 Borgareståndet
595 106 54 16 1877.
674 105 22 17 16
706 106 62 16 Mars.

256 173 104 28 Slutligen
377 174 151 25 tillkännagafs
544 176 32 19 att
592 174 99 21 Ståndets
707 173 107 27 protokoll
830 172 33 22 för
878 174 39 20 den
934 174 12 20 6
958 173 56 21 Mars

186 202 46 21 före
255 203 114 26 middagen
393 203 67 20 blifvit
483 203 113 26 framlagdt
618 203 31 21 till
664 203 104 26 justering
784 204 55 19 samt
855 205 32 18 att
902 202 112 27 liggetiden

185 231 34 21 för
234 231 132 26 protokollet
381 231 23 21 af
418 232 38 20 den
474 232 26 20 23
516 231 103 22 Februari
634 231 77 26 utgått.

256 288 174 21 Sammanträdet
444 289 53 20 slöts
513 289 90 20 klockan
620 289 27 26 !/,
663 289 12 19 2
692 288 54 21 efter
763 288 119 26 middagen.

412 591 146 34 Fredagen
576 591 56 26 den
650 591 32 26 16
700 591 85 26 Mars.

255 661 34 20 Kl.
303 661 23 19 11
339 661 45 20 före
395 660 109 26 middagen
514 661 172 21 sammanträdde
695 661 180 26 Borgareståndet
883 660 31 21 till
923 660 90 27 plenum.

185 689 41 21 Vid
251 689 93 21 anstäldt
369 695 81 20 upprop
467 689 103 21 befunnos
586 689 42 21 alla
645 689 67 27 öfriga
728 690 21 21 af
764 689 100 22 Ståndets
880 688 136 22 medlemmar

186 718 132 21 närvarande
339 717 92 22 förutom
454 718 73 21 herrar
542 718 58 21 Bade
617 717 39 22 och
671 717 111 25 Sanmark,
799 717 70 21 hvilka
884 717 33 21 för
932 717 31 26 sig
978 723 35 15 an-

187 746 52 21 mält
262 746 187 26 sjukdomsförfall,
465 746 63 23 Julin,
545 747 22 20 af
580 747 68 20 nedan
665 747 119 21 antecknad
806 746 69 25 orsak,
896 745 38 22 och
950 746 64 21 Lind-

186 775 58 26 berg,
262 781 45 15 som
324 775 66 20 likväl
406 775 48 21 kort
470 775 54 21 efter
539 779 105 23 uppropet
660 775 70 21 infann
747 776 37 25 sig.

256 831 56 22 Herr
335 831 178 22 Talmannen
537 832 140 27 tillkännagaf
699 834 33 19 att
753 832 75 21 herrar
849 832 25 21 E.
889 831 70 26 Bergh
975 831 38 21 och

186 861 93 26 Krogius
295 860 90 21 anhållit
401 867 33 14 om
450 861 100 20 Ståndets
566 860 95 21 tillstånd
680 863 32 18 att
727 861 32 20 för
775 861 78 26 vigtiga
869 860 93 21 enskilda
979 866 36 15 an-

185 889 152 26 gelägenheter
360 889 92 26 aflägsna
476 889 30 26 sig
530 889 45 21 från
598 890 179 23 sammanträdet;
800 889 39 21 och
861 889 48 21 fann
926 889 89 21 Ståndet

186 918 51 25 godt
261 917 92 22 berörda
375 917 99 22 anhållan
497 917 81 26 bifalla;
605 918 51 21 derå
681 918 73 21 herrar
775 918 70 26 Bergh
866 917 38 22 och
923 917 92 26 Krogius

185 945 105 22 afträdde.

256 1111 55 22 Herr
334 1112 128 21 Höckert
484 1112 104 25 anmälde,
606 1114 32 19 att
657 1112 49 21 herr
721 1112 58 21 Julin
795 1112 5 20 i
817 1112 104 21 anseende
937 1111 30 21 till
983 1113 32 19 ett

185 1141 58 20 svårt
265 1140 145 27 sjukdomsfall
433 1141 56 20 inom
510 1141 52 20 hans
578 1141 64 26 familj
660 1141 54 20 varit
729 1144 93 23 tvungen
837 1142 33 19 att
884 1141 7 20 i
906 1141 37 26 går
959 1146 56 15 mor-

185 1175 41 20 gon
250 1169 71 21 afresa
343 1169 31 21 till
417 1169 33 25 Åbo,
473 1172 55 18 samt
544 1172 32 19 att
592 1170 48 21 herr
655 1169 58 21 Julin
730 1170 90 20 medelst
835 1169 101 26 telegram
952 1169 6 20 i
975 1169 40 25 dag

185 1198 136 21 underrättat
336 1198 50 21 herr
407 1198 95 21 Höckert
517 1204 34 15 om
567 1201 32 18 att
614 1198 91 21 berörda
720 1198 98 26 sjukdom
835 1197 45 21 haft
896 1197 71 26 dödlig
982 1200 33 17 ut-

185 1227 62 25 gång,
265 1227 39 20 och
324 1227 6 20 i
346 1226 98 21 afseende
460 1227 70 20 dertill
546 1229 117 25 uppmanat
678 1226 50 21 herr
744 1227 94 20 Höckert
854 1228 31 19 att
901 1226 37 21 hos
954 1225 61 22 Stån-

185 1256 37 20 det
237 1255 85 21 anhålla
339 1262 33 14 om
389 1255 95 21 tillstånd
499 1255 32 21 för
546 1255 50 21 herr
610 1255 58 21 Julin
685 1258 32 18 att
732 1256 84 25 åtnjuta
826 1255 93 26 ledighet
930 1254 31 21 till
975 1254 39 21 den

185 1284 14 19 3
215 1284 66 26 April.
312 1284 75 21 Denna
403 1284 49 21 herr
466 1284 68 21 Julins
550 1284 99 21 anhållan
665 1284 43 21 blef
722 1284 22 21 af
759 1284 90 21 Ständet
865 1283 91 21 bifallen.

255 1460 40 22 Till
308 1461 105 27 justering
428 1461 107 27 upplästes
551 1461 105 21 särskilda
671 1462 76 26 utdrag
763 1461 21 21 af
796 1461 100 21 Ständets
909 1460 106 27 protokoll

184 1489 34 21 för
234 1490 41 21 den
292 1490 26 21 13
334 1490 6 20 i
357 1490 68 21 denna
440 1490 82 21 månad.
