1103 1781
283 109 180 21 Borgareståndet
476 109 52 17 1877.
554 110 24 16 10
591 109 104 17 Februari.
865 103 41 21 133

470 207 10 25 8
491 207 25 25 1.

146 262 168 27 Puheenjohtaja
341 263 92 26 ilmoitti,
457 264 45 19 että
525 262 109 22 valmistus
656 262 130 26 valiokunta,
810 262 95 27 jollenka

78 291 99 27 kysymys
200 291 64 21 ilman
287 291 110 26 palkintoa
418 293 64 19 antaa
506 294 71 18 maata
599 297 19 20 y.
635 298 26 14 m.
685 291 117 21 rautatietä
823 294 82 23 varten,

77 321 140 20 marraskuun
227 316 13 35 2
257 320 90 26 päivänä
363 321 27 20 oli
407 320 81 27 lykätty
504 320 156 26 tutkittavaksi,
677 320 80 21 asiassa
773 320 27 21 oli
816 322 89 19 antanut

77 349 50 21 näin
142 349 108 20 kuuluvan
266 349 97 20 lauseen:

146 406 118 24 Protokoll,
287 405 58 21 fördt
367 406 34 21 vid
418 406 208 26 Stadsfullmäktiges
644 406 6 21 i
666 406 83 26 Kuopio
765 405 140 27 Berednings-

77 435 95 21 utskotts
188 435 157 20 sammanträde
362 435 40 20 den
418 435 24 20 21
461 434 120 21 November
598 435 61 20 1876.

456 521 11 26 8
478 521 24 26 1.

146 577 115 26 Upplästes
277 583 26 15 en
319 577 109 22 skrifvelse
444 577 22 21 af
480 578 40 21 den
538 579 25 20 10
580 577 88 21 förliden
685 577 101 24 Oktober,
802 577 13 21 &
829 577 75 22 staden

78 605 31 21 S:t
125 605 88 22 Michels
235 607 80 25 vägnar
335 606 158 21 undertecknad
517 607 47 20 med
587 612 90 15 namnen
696 605 26 22 H.
739 605 123 27 Hällström,
880 606 23 21 C.

77 634 100 21 Carstens
193 634 39 21 och
248 635 24 20 A.
289 634 19 22 J.
325 635 112 26 Häyrynen
454 635 38 20 och
508 635 55 20 stäld
580 634 32 21 till
629 634 147 21 Ordföranden
792 634 33 21 för
832 635 73 21 Stads-

78 663 132 26 fullmäktige
234 663 5 20 i
263 663 91 26 Kuopio,
377 665 31 19 uti
432 663 84 21 hvilken
540 663 110 21 skrifvelse
671 663 79 21 uttalas
767 663 40 21 den
823 663 81 21 önskan

80 694 39 23 att,
141 692 27 21 dä
190 692 34 20 vid
255 692 142 21 instundande
421 692 102 27 landtdag
546 692 108 21 sannolikt
677 692 41 21 blir
739 691 60 27 fråga
821 698 34 15 om
877 698 27 20 ny

75 720 90 27 jernväg
187 721 6 20 i
209 721 79 24 landet,
311 721 47 20 med
381 721 122 26 sträckning
525 721 46 20 frän
586 721 130 21 Davidsstad
732 720 32 21 till
780 720 31 21 S:t
826 720 77 21 Michel

77 749 40 20 och
140 749 92 21 derifrän
257 749 57 21 såväl
330 749 32 21 till
379 749 133 21 Nikolaistad
528 748 58 22 öfver
601 749 115 27 Jyväskylä
732 755 45 15 som
792 749 32 21 till
840 749 63 21 Uleä-

79 778 52 27 borg
152 777 58 22 öfver
232 778 92 26 Kuopio,
348 777 196 27 Stadsfullmäktige
568 778 35 21 vid
620 778 110 27 utlysande
746 777 157 22 sammanträde

76 806 49 21 ville
138 806 33 21 för
187 807 38 20 den
242 807 101 20 händelse
358 809 32 18 att
400 807 164 26 jernvägslinien
581 807 75 25 droges
669 813 75 20 genom
752 806 84 27 Kuopio
844 807 59 20 stads

77 835 94 24 omräde,
197 835 32 21 för
252 835 105 26 företaget
381 835 58 21 anslä
455 835 66 27 gratis
537 835 59 21 mark
612 841 26 14 m.
656 842 34 17 m.,
706 841 45 14 som
768 835 70 21 kunde
853 841 50 15 vara

77 863 117 21 detsamma
217 863 33 21 till
266 865 66 25 nyttä,
349 864 39 21 och
404 864 69 21 beslöt
489 864 110 21 Utskottet
614 863 34 22 för
663 863 65 22 sädan
744 863 100 22 händelse
860 863 44 21 till-

76 892 73 27 styrka
172 892 140 27 erbjudandet
335 892 23 21 af
371 893 58 20 säväl
444 893 64 26 nödig
522 893 48 26 jord
586 899 46 14 som
648 893 92 25 sleepers
756 892 147 21 kostnadsfritt

75 921 33 20 för
123 921 86 20 stadens
224 921 159 27 underlydande
399 921 92 26 omräde,
507 927 49 14 vare
571 921 32 26 sig
614 923 32 19 att
655 921 248 26 ifrägakommande
852 917 54 35 jord

51 970 4 4 .
77 955 51 15 vore
143 949 63 21 odlad
222 950 51 20 eller
289 950 51 21 icke.
372 949 78 22 Tillika
465 950 95 21 uttalade
576 949 111 22 Utskottet
703 950 40 20 den
759 949 60 26 äsigt,
835 951 33 19 att
878 955 25 15 en

75 977 136 27 fortsättning
224 978 21 21 af
259 978 63 21 södra
338 979 124 20 stambanan
479 979 45 20 från
541 979 124 25 Davidstad,
689 979 51 20 eller
756 979 68 25 någon
834 984 69 15 annan

75 1006 88 27 lämplig
184 1007 74 26 punkt,
281 1007 58 20 öfver
362 1007 32 21 S:t
417 1007 76 21 Michel
516 1007 32 21 till
569 1007 83 26 Kuopio
669 1007 38 20 och
724 1007 92 20 derifrän
832 1007 71 21 vidare

76 1035 33 21 till
131 1035 112 26 Uleäborg,
264 1035 60 21 äfven
341 1042 33 15 om
391 1042 48 14 man
455 1038 60 23 tager
530 1036 7 20 i
552 1035 142 21 betraktande
706 1037 33 19 att
754 1035 76 26 mänga
845 1035 58 21 trak-

75 1066 34 19 ter
123 1063 61 26 kring
201 1064 68 21 denna
284 1064 50 21 linie
350 1066 55 19 ännu
421 1066 37 19 äro
474 1065 56 26 glest
545 1064 118 23 befolkade,
680 1064 64 21 likväl
760 1064 67 21 mäste
842 1069 61 16 anses

76 1093 69 20 säsom
170 1093 39 20 den
233 1093 33 20 för
290 1093 71 20 landet
384 1093 6 20 i
412 1093 47 21 dess
483 1093 71 21 helhet
580 1093 174 26 fördelaktigaste
778 1093 124 20 stambanan

76 1123 81 24 norrut,
181 1121 19 27 ej
223 1121 92 21 allenast
331 1122 82 21 derföre
429 1124 32 19 att
486 1122 123 20 densamma
632 1122 84 20 komme
739 1123 32 19 att
786 1121 26 26 gä
827 1123 76 19 nästan

77 1150 53 21 midt
152 1150 83 25 igenom
262 1151 72 20 landet
359 1151 39 20 och
424 1150 132 27 följaktligen
580 1151 67 26 draga
668 1150 32 21 till
723 1150 31 26 sig
776 1149 64 22 trafik
864 1149 39 21 och

76 1178 66 21 alster
158 1178 53 21 ifrån
227 1178 52 21 flera
295 1179 57 20 olika
368 1179 49 25 håll,
434 1182 50 18 utan
502 1179 38 20 ock
558 1179 47 20 med
620 1178 91 21 särskild
727 1179 80 26 hänsyn
818 1178 33 21 till
862 1178 41 21 den

76 1207 97 20 rikedom
189 1208 27 26 pä
232 1207 124 27 odlingsbar
370 1207 48 26 jord
435 1208 39 21 och
490 1207 137 25 vattenkraft,
643 1207 123 26 ladugärds-
782 1207 39 21 och
830 1207 72 26 skogs-

75 1235 125 27 produkter,
215 1236 137 27 jernmalmer
368 1236 39 22 och
423 1236 61 22 äfven
497 1236 67 21 andra
580 1235 127 25 mineralier,
722 1235 85 22 hvilken
824 1237 79 19 utmär-

76 1265 39 21 ker
137 1265 24 20 sä
184 1265 76 26 mänga
282 1266 81 20 trakter
387 1266 21 20 af
422 1265 102 21 Savolaks
540 1265 39 21 och
595 1271 45 15 som
656 1264 66 22 delvis
738 1264 74 22 endast
826 1270 76 20 genom

72 1293 230 27 jernvägsförbindelse
333 1294 41 20 kan
410 1294 153 26 =tillsodogöras
594 1295 56 19 samt
678 1293 135 22 tvifvelsutan
842 1293 6 20 i
876 1299 26 14 en

76 1322 47 22 icke
138 1322 92 26 aflägsen
246 1322 87 21 framtid
349 1322 68 21 mäste
432 1322 112 22 framkalla
552 1328 26 15 en
590 1322 206 27 aktningsbjudande
806 1322 96 20 industri.

145 1390 30 22 Pä
191 1390 244 27 beredningsutskottets
450 1392 80 26 vägnar

425 1453 25 22 G.
468 1454 101 20 Arellan.

628 1494 87 28 August
730 1494 103 21 Andelin.
