1103 1781
186 99 42 21 824
425 106 179 21 Borgareståndet
617 107 54 17 1877.
696 107 28 17 20
736 106 62 17 Mars.

186 173 23 22 af
223 174 79 21 allmän
318 174 119 27 värnepligt
451 175 7 21 i
474 175 98 26 Finland,
587 175 64 21 hvars
667 174 172 23 öfverlemnande
852 174 32 21 till
899 174 118 21 Ständerne

186 203 48 21 med
251 203 37 21 det
303 205 95 20 snaraste
413 210 50 15 vore
480 207 31 18 att
526 205 102 24 emotses;
644 204 40 21 och
697 203 118 22 hemstälde
826 203 50 21 herr
886 202 130 21 Talmannen

187 233 5 19 i
209 231 54 27 följd
285 232 60 21 deraf
364 232 33 21 till
419 232 96 26 Ståndet,
532 232 105 21 huruvida
652 233 47 20 icke
716 232 89 21 Ståndet
821 238 28 15 nu
865 231 65 21 redan
945 231 71 21 kunde

185 261 34 20 för
240 261 32 20 sin
294 261 34 20 del
350 261 55 20 fatta
424 261 71 21 beslut
516 267 34 15 om
569 261 144 21 tillsättandet
728 261 23 21 af
765 263 31 19 ett
811 260 83 21 utskott
910 261 6 20 i
932 259 85 22 anfördt

186 289 107 26 ändamål,
310 289 81 21 hvilket
405 290 83 21 utskott
503 289 123 28 lämpligast
642 291 61 20 torde
718 290 54 21 böra
787 289 60 21 bestå
862 289 23 21 af
899 289 46 26 fyra
959 288 58 21 leda-

187 319 69 20 möter
271 318 47 21 från
334 317 72 27 hvarje
421 318 68 21 Stånd
505 318 107 21 äfvensom
629 319 36 20 två
681 318 143 27 suppleanter.

256 375 41 20 Till
313 375 68 21 denna
397 375 155 27 framställning
567 375 59 21 biföll
642 375 182 27 Borgareståndet
840 375 32 20 för
887 374 32 21 sin
936 374 33 21 del
982 379 35 15 en-

187 403 84 27 hälligt;
293 404 40 21 och
355 404 145 26 uppmanades
520 404 6 21 i
546 405 52 26 följd
614 404 62 21 deraf
690 404 100 21 Ståndets
806 403 107 21 elektorer
928 404 33 20 att
975 402 42 21 for-

187 432 142 21 dersammast
345 433 72 20 skrida
432 433 31 20 till
480 433 36 21 det
531 433 13 21 å
559 434 47 20 dem
624 433 155 21 ankommande
795 432 64 21 valet.

257 575 79 21 Vidare
361 575 142 27 tillkännagaf
527 576 50 21 herr
602 576 165 21 Talmannen
794 577 34 20 att
850 575 166 21 talmanskonfe-

188 609 76 15 rensen
288 605 71 20 ansett
381 605 97 26 lämpligt
500 606 38 24 att,
556 605 88 20 emedan
668 604 101 26 Ständen,
786 605 6 20 i
812 605 105 20 anseende
940 604 32 21 till
987 604 31 21 in-

187 631 106 22 träffande
308 633 109 26 påskhelg,
433 633 47 21 icke
495 633 71 21 kunde
582 633 40 21 den
638 634 28 21 30
681 633 59 22 Mars
756 633 39 22 och
811 633 12 20 3
840 633 60 26 April
913 639 104 14 samman-

187 661 69 25 träda,
277 661 62 26 plena
361 661 68 22 skulle
451 663 93 20 utsättas
560 662 30 21 till
608 663 107 26 onsdagen
732 663 41 20 den
790 663 27 20 28
833 661 6 21 i
856 662 68 20 denna
940 661 76 21 månad

187 695 34 15 om
238 689 107 22 ärendena
365 690 76 21 sådant
459 691 68 20 skulle
543 690 67 25 forda,
626 691 39 20 och
681 693 33 18 att
729 691 35 21 det
780 691 68 20 första
863 690 85 27 plenum
964 689 53 22 efter

187 717 81 27 påsken
284 718 68 21 skulle
368 719 68 20 hållas
451 719 108 26 onsdagen
575 719 41 21 den
631 720 14 20 4
660 719 66 27 April.

257 861 41 21 Till
311 861 106 27 justering
433 863 107 26 upplästes
555 863 105 20 särskilda
672 863 78 26 utdrag
763 862 23 21 af
797 862 100 21 Ståndets
908 861 107 28 protokoll

188 889 33 21 för
236 889 41 21 den
295 891 25 20 16
337 890 57 21 Mars
407 891 65 26 jemte
487 891 105 26 utgående
608 891 111 21 skifvelser
734 891 23 21 af
770 897 82 15 samma
869 891 48 26 dag.

257 1033 40 21 Till
313 1033 101 22 Ståndets
429 1035 118 20 kännedom
564 1035 137 20 meddelades
714 1034 93 27 följande
819 1034 46 21 från
876 1033 139 22 Medstånden

186 1061 107 22 ankomna
309 1063 201 26 protokollsutdrag,
527 1064 115 27 nemligen:

257 1120 39 20 1:o.
326 1119 57 22 Från
403 1120 156 27 Ridderskapet
574 1121 39 21 och
630 1121 73 25 Adeln,
720 1121 43 20 alla
778 1120 22 21 af
815 1121 40 20 den
872 1120 26 21 13
914 1119 63 27 Mars,
994 1120 21 27 a)

185 1147 112 28 angäende
312 1148 101 21 Ständets
429 1149 69 21 beslut
514 1149 132 21 beträffande
662 1150 40 20 den
718 1149 78 26 nädiga
811 1148 159 28 propositionen
981 1155 35 15 om

186 1177 91 26 ändring
292 1177 23 20 af
328 1178 11 19 7
357 1178 12 25 $
387 1179 25 19 17
428 1177 48 27 kap.
492 1178 24 21 R.
532 1178 23 21 B.
572 1178 109 26 angående
697 1178 97 21 enskilda
809 1178 93 26 tjenares
913 1177 104 26 jäfvighet

186 1207 33 19 att
241 1206 79 25 vittna;
337 1205 22 26 b)
377 1206 144 21 innefattande
537 1207 101 20 Ständets
654 1207 70 21 beslut
740 1205 132 23 beträffande
887 1206 129 26 Lagutskot-

186 1236 42 19 tets
252 1234 135 22 betänkande
411 1235 5 21 i
440 1235 113 27 anledning
572 1235 22 21 af
608 1235 40 21 den
664 1235 77 27 nädiga
756 1235 162 27 propositionen
934 1241 34 15 om
984 1235 32 21 in-

185 1263 100 26 teckning
296 1263 7 21 i
314 1263 97 21 enskilda
419 1264 251 26 jernvägsanläggningar
679 1264 39 21 och
730 1265 19 26 c)
761 1264 146 20 innefattande
916 1263 100 21 Ständets

186 1291 71 21 beslut
275 1292 91 20 rörande
383 1292 106 21 allmänna
504 1293 208 21 Besvärsutskottets
728 1292 137 22 betänkande
880 1292 6 21 i
903 1292 113 26 anledning

185 1320 23 20 af
226 1322 78 19 tvenne
326 1321 56 20 inom
403 1321 159 21 Bondeständet
584 1322 76 20 väckta
682 1321 123 27 petitioner,
823 1321 40 21 den
879 1327 40 15 ena
935 1327 33 15 om
984 1321 32 20 in-

186 1349 110 20 rättandet
319 1349 22 20 af
363 1352 31 18 ett
417 1350 125 26 postkontor
563 1350 6 21 i
592 1350 76 21 Kittilä
691 1350 78 21 socken
786 1349 40 21 och
842 1350 41 21 den
899 1350 67 20 andra
981 1356 34 14 om

185 1377 133 21 inrättandet
333 1377 23 21 af
370 1380 31 19 ett
416 1379 93 26 apothek
524 1379 6 20 i
546 1385 81 15 samma
641 1381 39 19 ort.

256 1436 41 20 2:0.
329 1433 56 23 Frän
397 1436 166 25 Presteständet,
575 1436 42 20 alla
628 1436 23 21 af
660 1436 39 21 den
713 1438 24 19 13
749 1436 59 21 Mars
819 1436 40 21 och
869 1435 147 21 innefattande

185 1462 102 22 Ständets
304 1464 69 20 beslut
389 1463 129 22 beträffande
532 1464 92 27 följande
636 1465 100 25 ärenden,
748 1464 116 27 nemligen:
876 1465 21 25 a)
909 1464 107 21 allmänna

184 1491 210 22 Besvärsutskottets
409 1493 133 21 betänkande
558 1494 6 20 i
580 1493 113 27 anledning
709 1494 23 21 af
745 1495 32 20 ett
788 1494 58 20 inom
856 1493 160 21 Bondeständet
