1103 1781
285 120 179 21 Borgareståndet
477 121 53 17 1877.
556 121 20 17 10
588 120 105 18 Februari.
857 116 41 20 129

139 189 34 20 Då
188 189 60 21 Hans
271 189 120 26 Kejserliga
411 189 101 27 Majestät
528 189 117 26 förordnat,
660 191 33 20 att
708 190 60 21 Piilis
785 190 30 21 elf
828 191 70 20 skulle

72 217 133 22 kanaliseras
220 217 40 22 och
277 218 72 21 dertill
365 218 93 27 anslagit
474 219 115 24 2,635,000
605 219 60 20 mark
679 221 55 18 samt
745 219 89 21 sålunda
845 219 52 27 hug-

69 249 37 18 nat
124 246 93 21 Karelen
233 246 48 21 med
297 253 25 14 en
339 246 128 27 förbättring
482 247 7 20 i
505 247 48 20 dess
569 247 215 26 kommunikationer,
800 247 97 27 hvarige-

70 281 48 14 nom
142 275 60 21 detta
220 275 104 26 landskap
341 275 53 21 skall
418 275 78 21 skörda
512 276 26 20 de
553 275 81 21 rikaste
658 275 88 26 frukter,
770 277 60 20 torde
856 277 40 20 den

68 304 150 27 angränsande
239 303 60 21 delen
315 304 22 21 af
351 303 119 26 Uleåborgs
486 305 34 20 län
537 304 23 21 så
576 305 85 26 mycket
677 305 87 26 djupare
779 305 71 20 känna
865 305 32 21 sin

69 332 81 21 saknad
159 332 23 21 af
189 333 62 20 dessa
258 332 98 21 fördelar.
373 333 39 20 Om
421 333 20 20 vi
450 333 60 20 äfven
521 332 72 21 häruti
609 333 68 21 skulle
688 333 52 21 söka
748 339 25 15 en
783 334 115 27 anledning

69 361 33 21 till
126 361 144 26 befrämjande
293 361 22 20 af
337 361 35 21 det
394 361 185 27 petitionsförslag
601 362 20 20 vi
638 368 26 15 nu
680 362 27 26 gå
722 363 32 20 att
771 362 125 27 framställa,

70 390 69 21 räkna
161 390 19 20 vi
198 390 73 21 dervid
287 390 57 27 uppå
367 390 36 21 det
418 389 114 28 Vällofliga
547 390 193 27 Borgareståndets
756 391 94 21 erkända
866 391 30 20 in-

69 419 67 26 sigter
152 419 39 20 och
207 418 107 21 nitälskan
331 425 33 14 om
381 419 88 20 allmänt
484 419 40 25 väl,
542 422 55 17 samt
612 419 87 21 anhålla
715 419 83 22 derföre
814 419 82 27 ödmju-

71 447 49 21 kast
143 453 34 15 om
200 447 192 27 Borgareståndets
415 448 129 21 medverkan
568 448 32 21 till
617 454 25 15 en
659 448 132 27 underdånig
806 449 90 26 petition

70 476 79 25 derom,
166 477 43 20 att:

277 533 31 20 En
332 533 90 27 jernväg
448 533 90 21 emellan
567 533 118 28 Uleåborgs
710 535 47 20 stad
781 534 39 21 och
842 534 55 21 Uleä

210 561 67 21 Träsk
301 561 68 22 skulle
391 562 48 21 med
455 562 73 21 dertill
544 562 24 21 af
580 563 116 20 ständerna
712 563 100 21 anvisade
827 563 69 21 medel

207 590 33 21 för
263 592 80 19 statens
359 591 90 26 räkning
464 591 90 24 utföras,

277 647 51 21 eller
344 648 39 20 ock
407 649 37 24 att,
466 648 7 20 i
496 648 101 21 händelse
620 648 115 21 ständerna
758 649 100 26 möjligen
878 649 19 26 ej

207 675 68 21 skulle
298 676 57 21 finna
370 677 46 20 skäl
439 677 32 20 till
490 677 70 21 denna
575 677 67 20 banas
658 677 110 27 byggande
784 678 21 20 af
820 679 77 24 staten,

277 733 38 21 Ett
336 733 177 26 amorteringslån
528 734 14 21 å
557 736 31 19 tre
605 734 97 27 miljoner
718 734 66 26 mark,
800 735 28 26 på
843 735 54 20 billi-

207 763 61 26 gaste
284 762 71 21 vilkor
371 762 39 21 och
426 763 47 20 med
497 763 127 21 räntefrihet
639 763 67 21 under
721 763 176 27 byggnadstiden,

208 791 51 20 eller
281 797 69 14 annan
374 791 63 26 nödig
459 791 94 21 subsidie
576 791 68 21 skulle
663 791 87 28 beviljas
766 792 22 21 åt
804 792 93 21 enskildt

207 819 70 26 bolag,
295 825 44 15 som
357 819 62 27 åtoge
435 820 31 26 sig
478 820 122 27 byggandet
610 820 24 21 af
649 821 68 20 denna
729 821 96 26 jernväg.

138 876 27 21 Vi
189 876 72 27 bifoga
284 883 25 14 en
329 877 96 27 broskyr,
449 877 149 21 innehållande
614 877 183 28 kostnadsförslag
812 878 33 21 för
860 878 38 21 ba-

70 911 49 18 nan,
143 905 59 20 tablå
225 905 59 21 öfver
307 905 121 22 beräknade
451 905 184 22 trafikinkomster
659 907 39 20 och
722 907 88 27 utgifter
826 913 27 14 m.
870 913 27 15 m.

69 935 57 19 samt
149 933 120 21 förbehälla
291 940 41 21 oss,
355 937 32 18 att
411 935 32 20 till
460 935 213 26 jernvägsutskottet,
690 935 32 21 dit
738 936 18 20 vi
772 935 78 21 föreslå
866 937 33 20 att

70 961 182 27 Borgareständet
268 963 49 21 ville
333 963 32 20 till
381 969 25 15 en
423 963 73 27 början
512 963 7 21 i
533 963 39 22 och
588 963 32 21 för
631 965 98 20 närmare
739 964 160 27 undersökning

70 991 41 20 och
133 991 136 21 betänkande
291 991 111 22 remittera
425 992 124 27 petitionen,
571 992 93 21 inlemna
680 993 129 26 detaljerade
824 993 75 21 kartor

71 1019 60 21 öfver
154 1020 40 20 den
217 1020 110 21 allaredan
350 1021 67 20 under
439 1027 120 15 sommaren
578 1022 53 20 1875
647 1021 158 22 instrumentalt
820 1022 78 21 under-

70 1048 63 21 sökta
148 1048 72 21 linien.

139 1093 135 28 Helsingfors
290 1095 41 20 den
347 1095 12 21 8
375 1095 102 21 Februari
496 1095 60 22 1877.

139 1151 24 20 L.
183 1150 82 22 Olsoni.
624 1154 26 20 A.
670 1153 24 22 O.
710 1153 119 21 Snellman.

138 1203 69 25 Äfven
231 1208 60 21 detta
314 1209 79 22 ärende
408 1209 45 21 blef
468 1209 114 27 bordlagdt
598 1210 31 21 till
646 1211 166 21 sammanträdet
828 1210 70 21 freda-

69 1242 41 21 gen
126 1237 39 21 den
183 1237 25 21 16
226 1237 85 21 dennes.

138 1334 57 22 Herr
217 1335 166 27 Borgström
406 1336 132 22 framställde
563 1338 31 20 ett
616 1337 185 27 petitionsförslag
822 1336 23 22 af
858 1336 41 22 föl-

66 1362 65 28 jande
147 1363 104 21 innehäll:

299 1421 40 21 Till
354 1421 112 27 Vällofliga
482 1422 187 26 Borgareständet.

139 1476 69 23 Sedan
230 1477 81 27 förslag
333 1478 33 21 till
386 1479 89 25 petition
498 1479 7 21 i
528 1479 53 27 syfte
598 1482 32 19 att
654 1480 243 26 ingvarteringskostna-

69 1505 66 21 derna
158 1506 6 20 i
187 1506 74 21 landet
283 1506 69 22 skulle
375 1508 81 20 drabba
479 1508 73 21 landet
574 1508 6 20 i
597 1508 47 22 dess
663 1509 72 21 helhet
755 1508 69 22 blifvit
839 1509 57 21 inom

830 1548 11 17 9
