1103 1781
285 112 179 22 Borgareståndet
476 112 55 18 1877.
556 112 24 17 31
592 112 90 21 januari.
848 107 25 21 17

278 278 152 33 Onsdagen
448 278 55 26 den
522 277 33 27 31
573 277 128 27 Januari.

143 365 35 21 Kl.
188 366 24 19 11
223 365 44 21 före
275 363 112 28 middagen
395 364 172 21 sammanträdde
575 363 181 27 Borgareståndet
766 364 32 21 till
807 364 94 26 plenum;

75 394 39 21 och
137 393 103 22 befunnos
263 393 72 20 dervid
357 393 97 26 samtlige
477 393 67 26 öfrige
566 393 137 20 medlemmar
719 392 22 21 af
756 392 90 22 Ståndet
861 393 42 20 till-

75 423 148 21 städeskomne
239 423 58 20 utom
313 421 49 21 herr
377 421 96 26 Masalin,
490 427 46 16 som
552 421 80 21 anmält
648 421 185 26 sjukdomsförfall.

145 490 56 21 Herr
215 490 171 21 Talmannen
402 489 98 27 föredrog
516 489 75 22 främst
606 491 31 19 ett
652 489 22 21 af
688 489 146 22 sekreteraren
849 496 54 21 upp-

75 519 72 26 gjordt
167 519 78 26 förslag
264 518 32 21 till
318 519 193 20 sammansättande
533 518 23 21 af
575 518 101 21 Ståndets
698 517 67 22 kansli
781 518 34 21 vid
834 519 69 21 denna

75 547 108 26 landtdag,
199 547 80 26 gående
303 547 58 21 detta
383 547 79 26 förslag
487 549 23 19 ut
526 547 27 26 på
576 548 38 24 att,
636 547 91 20 förutom
748 547 154 27 sekreteraren,

75 576 85 21 hvilken
183 575 79 27 jemväl
284 575 66 21 borde
365 575 88 26 fungera
468 576 69 21 såsom
554 575 133 21 sekreterare
702 575 34 21 vid
752 575 100 22 Ståndets
868 582 34 15 en-

75 604 70 21 skilda
167 604 176 24 besvärsutskott,
367 604 38 21 der
429 604 75 21 sådant
528 603 68 22 blefve
619 603 34 22 vid
676 604 128 27 landtdagen
820 605 83 25 tillsatt,

76 633 67 21 skulle
160 633 33 21 vid
209 633 100 21 Ståndets
323 633 67 20 kansli
407 633 101 21 anställas
524 639 25 14 en
565 633 83 20 notarie
664 633 38 20 och
719 635 32 18 tre
767 633 136 26 stenografer,

77 662 25 21 de
118 668 80 19 senare,
216 661 21 21 af
253 661 70 21 hvilka
340 661 63 21 minst
419 663 75 19 tvenne
511 661 66 21 borde
593 661 33 20 vid
643 661 72 26 hvarje
732 661 98 21 Ståndets
846 668 55 15 sam-

77 691 110 20 manträde
208 691 27 26 på
251 696 80 15 samma
345 691 56 25 gång
415 690 124 26 tjenstgöra,
556 689 48 22 med
620 689 111 27 åliggande
747 692 32 19 att
794 689 6 21 i
815 691 41 25 god
873 690 30 21 tid

77 719 52 21 efter
152 719 71 26 hvarje
246 719 156 20 sammanträde
422 719 31 20 till
472 719 97 20 notarien
585 717 90 22 aflemna
691 718 42 21 alla
748 718 34 21 vid
798 725 106 15 samman-

76 748 71 21 trädet
162 747 77 26 afgifna
254 747 119 27 yttranden,
390 747 118 21 öfverförda
523 747 32 21 till
569 747 71 26 vanlig
656 747 61 20 skrift
732 749 55 19 samt
803 747 21 21 af
834 749 70 19 steno-

76 776 97 26 graferne
189 775 130 26 redigerade,
335 775 69 22 såvidt
419 776 57 20 tiden
492 775 117 27 medgifvit,
625 775 38 21 och
679 776 97 20 notarien
788 776 47 20 med
846 775 57 28 skyl-

77 804 72 27 dighet
171 806 32 19 att
224 804 19 27 ej
265 804 80 21 mindre
367 804 48 21 med
430 804 85 27 ledning
530 804 23 21 af
567 803 170 27 stenografernes
752 804 152 27 anteckningar

76 835 101 24 uppsätta
200 833 260 26 diskussionsprotokollet
482 833 48 21 med
553 833 45 21 deri
621 832 104 26 ingående
748 833 156 26 omröstningar

77 861 40 22 och
132 861 77 26 beslut,
225 863 26 19 än
268 861 5 20 i
290 861 99 21 händelse
405 861 20 21 af
441 861 67 22 förfall
526 861 32 21 för
573 861 154 26 sekreteraren,
738 861 115 21 tillsvidare
865 861 39 22 och

77 890 55 21 intill
148 890 47 21 dess
211 889 132 22 annorlunda
359 890 111 21 förordnas
485 890 77 25 kunde,
579 890 94 21 bestrida
689 890 25 21 de
730 890 12 20 å
758 890 147 21 sekreteraren

77 918 155 21 ankommande
247 918 130 26 åligganden.
409 918 40 21 Till
465 918 230 26 notariebefattningen
705 918 102 27 föreslogs
818 919 87 20 Senats-

77 947 104 26 kopisten,
203 947 243 26 Vicehäradshöfdingen
469 947 25 20 H.
512 947 25 21 K.
555 947 110 26 Sohlberg,
682 947 48 20 med
745 949 31 18 ett
791 947 78 21 arvode
885 947 21 21 af

77 975 116 26 sjuhundra
215 975 59 21 mark
297 976 6 20 i
319 975 110 25 månaden,
446 975 118 27 hvarjemte
580 975 109 27 upplystes
705 977 31 19 att
752 975 153 26 stenografiska

78 1004 124 26 föreningen
224 1004 115 25 härstädes,
360 1004 47 21 med
429 1004 84 21 hvilken
529 1004 147 21 sekreteraren
692 1004 51 21 stält
758 1004 32 26 sig
805 1004 6 20 i
826 1003 79 22 förbin-

77 1032 58 21 delse
155 1033 32 20 för
208 1032 121 21 erhållande
350 1033 21 20 af
386 1032 84 27 dugliga
486 1033 138 26 stenografer,
640 1032 6 21 i
661 1032 76 21 sådant
752 1032 98 22 afseende
866 1033 40 20 för-

77 1062 62 20 ordat
157 1061 133 26 Teknologen
307 1060 27 22 V.
350 1061 25 21 K.
392 1061 121 26 Lönnbeck,
529 1060 99 22 Filosofie
644 1061 115 26 Magistern
771 1061 24 21 A.
805 1061 17 21 L
838 1061 68 22 Sund-

77 1089 57 21 holm
157 1089 40 21 och
220 1089 145 22 Studeranden
389 1090 23 20 V.
435 1090 105 24 Ekelund,
560 1089 79 26 hvilka,
655 1089 32 21 för
703 1089 39 21 den
758 1089 100 22 händelse
874 1092 32 19 att

77 1119 86 20 ständet
182 1117 49 22 ville
255 1118 54 21 fästa
325 1118 46 21 dem
389 1118 34 21 vid
438 1119 38 20 sitt
491 1118 75 25 kansli,
582 1117 122 22 förbehällit
720 1118 31 27 sig
766 1118 140 21 tillsammans

78 1148 97 19 tvätusen
191 1147 59 20 mark
266 1147 6 20 i
288 1147 91 20 arvoden
395 1147 32 20 för
443 1147 105 21 mänaden
564 1149 56 19 samt
636 1147 121 20 derutöfver
768 1149 31 19 ett
810 1147 96 21 mänadt-

77 1175 40 26 ligt
132 1175 73 26 anslag
220 1175 22 21 af
257 1175 128 27 fyrahundra
401 1175 59 21 mark
476 1175 33 21 för
529 1175 168 26 dechiffrerings-
710 1175 38 21 och
760 1175 147 27 utskrifnings-

78 1203 96 22 biträden
191 1205 56 20 samt
262 1203 168 27 kollationering.

147 1266 143 21 Förestäende
309 1266 78 27 förslag
407 1266 47 26 blef,
477 1266 70 22 sävidt
563 1267 75 27 angick
654 1267 217 26 sammansättningen
887 1267 22 21 af

78 1295 92 21 kansliet
185 1295 39 21 och
236 1295 145 26 fördelningen
397 1296 22 20 af
433 1296 83 21 arbetet
532 1296 56 20 inom
598 1296 124 26 detsamma,
732 1295 21 21 af
760 1296 89 21 Ständet
857 1298 51 19 utan

81 1323 118 21 diskussion
215 1324 121 26 godkändt;
351 1324 50 21 derä
417 1324 31 20 till
472 1325 83 20 notarie
570 1326 76 24 antogs
661 1324 175 27 Senatskopisten
848 1324 60 22 Sohl-

78 1352 52 26 berg
146 1352 39 21 och
201 1352 32 21 till
249 1352 132 26 stenografer
396 1352 135 27 Teknologen
548 1352 121 26 Lönnbeck,
680 1353 100 21 Filosofie
793 1353 114 26 Magistern

78 1380 117 22 Sundholm
217 1381 39 21 och
276 1381 142 21 studeranden
442 1381 105 21 Ekelund.
579 1382 170 20 Vidkommande
772 1382 40 20 den
836 1382 72 21 veder-

78 1409 99 27 gällning,
201 1416 45 14 som
270 1409 65 21 borde
356 1410 101 21 Ständets
480 1410 134 21 sekreterare
638 1410 38 21 och
700 1411 48 21 dess
771 1416 27 15 nu
817 1412 92 24 antagna

79 1438 66 26 Ofrige
169 1437 128 27 tjenstemän
317 1438 181 26 tillgodokomma,
520 1440 104 20 stannade
645 1439 187 26 Borgareständet,
856 1439 53 21 efter

79 1465 164 28 Ofverläggning,
259 1467 105 21 derunder
373 1467 146 21 sekreteraren
536 1474 38 14 var
589 1467 91 27 afträdd,
697 1467 35 22 vid
748 1467 36 21 det
797 1467 69 22 beslut
877 1469 32 19 att

79 1494 34 21 för
127 1495 32 21 sin
175 1495 34 21 del
224 1496 90 21 utfästa:

826 1535 11 17 2
