1103 1781
305 129 181 20 Borgareständet
502 129 56 17 1877.
582 130 12 16 6
607 129 105 17 Februari.
887 130 27 20 67

87 197 127 27 föregående
230 197 132 27 landtdagar,
377 198 39 20 har
432 198 64 27 något
512 198 77 21 sådant
605 198 54 21 dock
674 200 56 19 ännu
746 199 19 25 ej
779 199 90 20 kommit
881 199 32 20 till

86 226 68 21 stånd.
185 227 29 20 Af
228 227 65 20 sådan
309 227 62 20 orsak
388 227 67 20 måste
471 227 39 20 den
523 227 200 26 bildningssökande
734 227 120 27 ungdomen
866 227 47 21 från

87 257 58 18 östra
168 255 60 21 delen
249 255 23 21 af
285 255 78 26 landet,
379 261 44 15 som
439 255 123 27 genomgått
578 256 95 21 Joensuu
689 256 126 27 fyrklassiga
831 256 80 27 lyceum

86 283 38 21 och
148 283 81 21 hvilket
252 284 67 20 under
340 290 75 15 senare
437 284 55 21 tider
515 284 61 21 torde
596 284 64 21 hafva
675 285 87 20 besökts
778 285 23 20 af
814 285 99 26 omkring

86 312 118 21 etthundra
219 312 71 21 elever
305 312 86 27 årligen,
409 312 33 21 för
457 315 32 18 att
504 313 72 20 kunna
593 313 63 20 vinna
671 313 82 21 inträde
765 313 34 21 vid
811 313 101 21 universi-

87 343 52 19 tetet
161 341 96 26 uppsöka
280 341 150 21 läroanstalter
452 341 48 21 med
523 341 32 27 sju
571 341 83 21 klasser
669 341 59 27 långt
743 342 54 21 ifrån
814 342 98 21 hemmen

86 370 27 26 på
135 369 51 22 flere
202 370 73 21 tiotals
291 370 48 20 mils
354 369 84 22 afstånd
455 369 46 22 från
518 370 116 25 desamma,
651 370 85 21 hvilken
753 370 159 27 omständighet

85 399 135 26 naturligtvis
235 398 75 21 verkat
326 399 39 20 och
381 399 38 20 allt
434 398 130 21 fortfarande
580 399 76 21 verkar
672 399 126 21 hämmande
815 399 33 21 för
860 405 52 20 upp-

85 427 122 27 lysningens
230 427 113 26 spridande
366 427 7 20 i
396 427 68 21 denna
487 427 131 21 vidsträckta
637 428 122 21 landsända.
791 428 42 21 För
848 427 63 22 nord-

86 458 70 19 vestra
179 455 60 21 delen
263 455 22 21 af
299 455 92 21 Karelen
407 455 67 22 finnes
489 456 34 20 väl
538 456 28 26 på
582 458 31 20 ett
628 456 18 27 ej
663 456 73 21 alltför
751 456 59 27 långt
825 456 86 21 afstånd

86 485 83 26 Kuopio
191 484 126 27 sjuklassiga
340 484 81 27 lyceum
444 487 32 18 att
498 484 68 27 tillgå,
590 491 47 14 men
661 485 39 21 den
724 485 68 26 öfriga
814 485 61 21 delen
891 485 23 21 af

85 513 92 21 Karelen
195 513 55 20 ända
266 513 55 20 intill
337 513 87 27 Ladoga
440 513 39 21 och
495 513 79 21 Finska
590 513 61 21 viken
667 516 56 18 samt
738 520 25 14 en
780 517 45 18 stor
841 513 33 22 del
889 513 24 21 af

86 541 31 22 S:t
139 541 89 22 Michels
250 541 34 21 län
300 542 74 25 måste,
391 543 50 20 enär
457 542 250 27 undervisningsspråket
723 542 6 21 i
746 542 31 21 S:t
793 542 79 21 Michel
887 544 24 19 är

85 570 92 24 svenskt,
194 571 69 20 vända
278 570 32 27 sig
325 571 100 26 antingen
441 571 32 20 till
488 571 122 26 Jyväskylä,
627 571 134 27 Helsingfors
776 571 52 21 eller
844 571 67 21 andra

85 599 68 21 finska
172 599 72 20 skolor
259 599 28 26 på
302 601 55 18 ännu
374 599 99 26 möjligen
489 599 119 26 aflägsnare
623 601 63 20 orter.
718 599 32 21 Då
766 600 89 21 rättvisa
871 599 39 22 och

85 627 98 27 billighet
198 627 119 21 emellertid
333 627 73 22 kräfva
422 630 31 19 att
466 628 79 27 jemväl
562 629 58 20 östra
635 628 91 21 Finland
743 628 65 21 borde
825 629 86 20 komma

84 657 6 19 i
106 656 126 26 åtnjutande
248 656 31 21 till
296 663 25 14 en
338 657 33 20 del
387 656 24 21 af
425 663 80 14 samma
521 657 115 26 förmåner,
653 657 75 20 hvaraf
741 657 71 27 öfriga
823 657 87 20 delarne

85 685 23 20 af
122 685 73 21 landet
211 685 64 20 redan
292 685 61 26 länge
369 685 70 27 dragit
455 688 66 24 nytta,
533 685 31 21 får
573 681 34 36 jag
616 686 155 20 vördsammast
780 685 86 21 anhålla
875 685 36 21 det

84 713 113 26 Vällofliga
212 713 180 27 Borgareståndet
407 714 49 21 ville
472 714 68 21 såsom
557 715 37 20 sitt
610 714 158 26 önskningsmål
784 716 78 25 antaga
878 716 33 19 att

85 742 35 21 det
135 742 6 21 i
157 744 94 19 centrum
268 742 23 21 af
305 744 58 19 östra
378 742 91 21 Finland
484 743 6 20 i
506 743 96 21 Joensuu
617 743 48 20 stad
681 743 90 26 belägna
782 743 128 26 fyrklassiga

84 771 67 26 lyceet
166 771 69 20 skulle
251 771 85 20 tillökas
352 771 48 21 med
416 773 73 19 trenne
505 771 66 27 högre
587 772 83 21 klasser
680 771 39 21 och
732 773 32 19 ett
775 771 135 27 fullständigt

83 799 216 22 elementarläroverk
321 800 52 21 eller
395 802 31 19 ett
447 806 15 14 s.
486 800 20 21 k.
523 800 123 27 sjuklassigt
663 801 79 26 lyceum
759 800 61 21 deraf
834 800 74 26 bildas,

83 828 138 27 hvarigenom
244 829 19 26 ej
283 829 92 20 allenast
389 829 103 20 Karelens
507 828 143 22 finsktalande
666 830 98 25 ungdom,
780 831 51 18 utan
847 829 61 20 äfven

84 857 39 20 den
145 857 204 26 bildningssökande
371 857 143 21 allmänheten
536 857 48 21 från
607 857 69 27 öfriga
699 857 86 21 delarne
808 857 23 20 af
851 859 59 19 östra

83 885 97 26 Finland,
204 885 85 22 hvilken
313 886 122 27 antagligen
458 886 84 21 komme
559 888 31 19 att
606 886 79 21 besöka
700 886 95 21 Joensuu
811 886 97 21 läroverk

83 915 68 20 såsom
169 915 36 20 det
221 913 32 22 för
269 915 40 20 den
325 916 95 19 närmast
435 915 96 26 belägna,
548 915 68 20 skulle
632 915 111 26 högeligen
760 915 102 26 betjenas.

151 943 10 20 I
184 942 101 21 händelse
309 943 59 21 detta
390 943 48 21 mitt
453 943 79 27 förslag
548 944 75 20 vinner
638 943 35 21 det
689 943 99 27 upplysta
803 943 105 26 Borgare-

83 971 96 21 ståndets
194 971 108 26 välvilliga
318 971 65 25 bifall,
399 972 86 21 hvarom
500 972 36 27 jag
552 975 45 18 tror
612 972 44 27 mig
666 972 47 20 med
726 972 100 21 säkerhet
836 972 73 20 kunna

82 999 88 27 hoppas,
193 1000 65 26 vågar
278 1000 37 27 jag
338 1001 154 20 vördsammast
516 1000 77 21 föreslå
615 1003 33 18 att
663 1000 181 28 Borgareståndet
859 1000 50 21 ville

82 1028 6 20 i
105 1028 169 27 underdånighet
290 1029 38 20 hos
344 1029 59 20 Hans
418 1029 119 27 Kejserliga
553 1029 101 26 Majestät
669 1029 128 26 petitionera
812 1029 7 20 i
834 1029 74 20 ofvan-

83 1057 86 20 berördt
185 1057 54 26 syfte
255 1061 55 17 samt
326 1057 86 27 inbjuda
429 1058 139 21 Medstånden
584 1058 32 20 till
630 1058 125 26 deltagande
767 1059 5 18 i
783 1057 124 27 petitionen.

82 1085 139 27 Helsingfors,
239 1086 39 21 den
295 1087 12 20 3
323 1086 102 21 Februari
443 1087 61 20 1877.

661 1143 21 21 J.
700 1143 26 21 A.
745 1143 91 28 Nysten.

309 1229 40 20 Till
366 1229 114 27 Vällofliga
496 1229 188 27 Borgareständet.

149 1286 45 22 Hos
210 1287 35 21 det
261 1286 112 27 Vällofliga
389 1287 181 27 Borgareständet
586 1286 96 21 anhäller
695 1286 37 28 jag
748 1287 108 21 vördsamt
872 1292 34 15 om

80 1314 94 28 välvillig
198 1316 187 26 uppmärksamhet
408 1316 22 20 ät
452 1322 26 14 en
499 1316 67 26 fräga,
582 1322 44 14 som
643 1316 6 20 i
665 1318 58 18 snart
739 1316 29 20 tio
785 1316 23 20 är
824 1315 83 27 utgjort

79 1344 89 20 föremål
191 1344 33 21 för
248 1344 39 21 den
311 1344 68 21 finska
399 1344 154 21 allmänhetens
568 1344 99 26 lifligaste
683 1344 90 21 intresse
788 1344 40 21 och
844 1343 61 21 äfven

79 1372 23 21 af
123 1372 84 22 landets
226 1372 33 21 vid
275 1375 84 19 senaste
376 1373 101 27 landtdag
493 1373 128 21 församlade
637 1372 91 22 Ständer
743 1373 39 21 hos
798 1372 108 27 Styrelsen

79 1404 70 18 varmt
171 1401 130 24 förordades,
326 1408 48 14 men
398 1408 44 14 som
464 1402 36 20 det
516 1402 89 20 oaktadt
620 1402 39 20 allt
675 1403 55 19 ännu
746 1403 76 19 väntar
837 1401 28 26 pä
880 1407 25 14 en

79 1430 198 21 tillfredsställande
300 1430 89 26 lösning,
412 1430 105 27 nemligen
530 1430 76 26 frägan
622 1436 34 14 om
671 1430 199 26 upprätthällandet
885 1429 22 21 af

79 1460 31 19 ett
133 1459 216 27 elementarläroverk
371 1459 47 21 med
440 1458 83 22 finskan
544 1459 32 20 till
592 1458 227 28 undervisningsspräk
835 1458 6 20 i
856 1458 50 20 Fin-

78 1487 61 21 lands
161 1487 135 21 hufvudstad.
327 1486 139 28 OÖfvertlödigt
488 1487 61 21 torde
573 1488 36 20 det
632 1487 21 21 få
668 1493 68 20 anses,
752 1489 32 19 att
799 1487 6 21 i
822 1493 25 15 en
864 1486 41 21 för-

77 1516 92 26 samling
191 1516 23 21 af
234 1515 68 22 finska
324 1516 79 21 folkets
426 1518 170 25 representanter
619 1516 76 21 betona
711 1522 26 14 en
752 1516 66 20 sädan
833 1515 72 21 skolas
