1103 1781
201 130 42 20 374
414 135 179 21 Borgareståndet
606 136 54 17 1877.
685 136 25 16 23
721 136 62 16 Mars.

203 204 46 21 icke
274 205 143 26 någonstädes
440 205 42 21 kan
505 211 61 15 anses
585 205 63 21 hafva
669 204 70 21 blifvit
759 204 97 27 stadgad,
875 204 106 21 nödsakas
994 204 36 26 jag

202 235 58 20 emot
282 233 104 22 Enskilda
408 233 210 22 Besvärsutskottets
640 233 154 22 ofvanstående
816 233 71 21 beslut
909 233 122 27 ödmjukast

202 262 85 21 anmäla
308 263 43 20 min
374 263 136 20 reservation.
541 262 41 27 Jag
606 268 63 15 anser
687 262 105 26 nemligen
812 261 36 22 det
863 268 50 15 vara
929 262 54 21 både
998 261 33 22 för

201 291 214 21 stadskommunerne
435 297 59 15 mera
516 291 144 26 betryggande
683 290 40 21 och
743 291 32 20 för
791 289 197 28 Stadsfullmäktige
1004 296 26 15 en

201 319 83 22 lättnad
307 319 7 21 i
337 319 62 22 deras
415 325 41 19 nog
472 321 58 20 stora
545 326 83 19 ansvar,
644 321 32 19 att
692 319 24 21 så
731 319 78 24 många
824 319 79 21 ombud
919 325 44 15 som
979 319 51 27 möj-

201 347 40 27 ligt
264 348 87 21 obetros
373 348 36 21 det
425 348 78 27 vigtiga
518 349 120 26 uppdraget
654 350 32 19 att
701 348 85 21 besluta
802 347 59 22 öfver
876 348 155 21 stadskommu-

201 382 78 15 nernas
295 377 179 26 angelägenheter
489 377 39 21 och
544 377 41 21 kan
602 377 18 26 ej
637 377 66 20 heller
720 377 84 20 derföre
820 379 64 18 annat
899 379 27 18 än
937 377 93 20 erkänna

201 405 41 20 den
258 411 78 20 mogna
351 405 107 26 omtanke,
474 411 44 16 som
534 405 88 21 förmätt
638 406 55 21 1872
709 405 35 21 års
760 405 92 21 Ständer
868 407 32 19 att
912 405 118 21 bestämma

202 433 210 27 Stadsfullmäktiges
434 435 57 20 antal
514 434 33 21 till
569 440 29 15 nu
620 434 98 27 gällande
741 434 86 26 belopp.
857 433 25 27 Ej
907 434 66 21 heller
987 433 42 21 kan

199 461 37 27 jag
256 462 71 21 känna
347 463 43 26 mig
405 463 123 26 öfvertygad
544 469 34 14 om
594 465 33 18 att
642 463 59 20 detta
717 463 59 20 antal
792 462 68 21 skulle
876 462 112 27 öfverstiga
1003 462 26 21 de

201 491 84 20 mindre
307 491 112 21 städernas
442 497 100 20 resurser,
566 491 27 21 då
608 491 7 20 i
632 491 46 21 dem
695 493 31 19 ett
742 491 23 21 så
781 491 61 26 ringa
856 491 59 21 antal
931 497 44 15 som
991 491 41 20 tolf

202 519 22 21 af
246 519 304 28 kommunalangelägenheter
572 520 143 21 intresserade
733 526 103 20 personer
851 521 98 25 nogsamt
964 520 65 21 borde

202 548 73 21 kunna
289 554 52 15 vara
357 551 32 18 att
409 548 65 27 tillgå,
490 549 122 26 isynnerhet
628 555 45 14 som
690 548 62 21 ofvan
770 548 121 27 åberopade
907 548 122 27 förordning

202 577 47 20 icke
265 579 68 18 sätter
348 577 76 21 hinder
440 579 56 19 emot
512 577 198 26 Stadsfullmäktige
726 579 32 19 att
770 577 70 21 tillika
851 583 50 15 vara
912 577 118 21 ledamöter

201 605 7 20 i
223 605 141 22 kommunens
379 605 158 22 verkställande
553 605 135 27 bestyrelser,
704 606 84 21 hvilkas
804 606 74 21 arbete
888 607 24 20 är
922 605 107 28 sjelffallet

201 633 83 22 mindre
304 634 24 26 ju
351 635 82 20 mindre
454 635 75 20 staden
552 637 31 18 är.
615 634 73 21 Skulle
709 635 47 20 åter
772 640 25 15 en
813 635 48 20 stad
878 641 49 14 vara
942 634 31 21 till
989 635 40 20 den

201 662 54 27 grad
277 663 111 21 vanlottad
411 663 28 26 på
460 663 71 21 dertill
554 663 98 27 lämplige
676 669 102 20 personer
794 665 32 19 att
842 663 39 21 den
897 663 46 21 icke
959 663 70 20 kunde

202 691 149 21 åstadkomma
373 694 32 19 ett
426 692 74 26 nödigt
526 693 58 20 antal
608 691 207 26 Stadsfullmäktige,
838 693 96 25 qvarstår
950 691 24 27 ju
998 691 32 21 för

203 719 62 22 dessa
284 720 73 21 städer
380 721 128 26 rättigheten
531 723 31 18 att
588 721 33 20 vid
648 720 182 21 Rådhusstämma
853 720 73 21 utöfva
948 720 31 21 sin
995 719 34 22 be-

202 748 150 22 slutanderätt.
383 749 41 26 Jag
440 749 64 26 vågar
520 749 84 21 derföre
618 749 157 21 vördsammast
791 749 79 21 föreslå
885 751 32 19 att

479 817 109 27 Välloflige
611 817 181 26 Borgareståndet
814 817 49 22 ville
883 817 93 22 förklara
1001 817 29 22 äf-

411 852 38 15 ven
474 845 49 22 herr
548 846 44 21 Eks
613 847 145 26 underdåniga
781 846 181 27 petitionsförslag
984 846 46 21 icke

410 875 72 20 kunna
497 877 95 25 antagas.

748 931 82 22 Robert
844 931 117 22 Rissanen.

271 1017 31 21 På
329 1017 23 21 af
376 1017 49 21 herr
448 1017 135 22 Höckert
609 1018 60 27 gjord
693 1018 101 21 anhållan
819 1017 45 22 blef
885 1018 145 21 betänkandet

201 1045 116 27 bordlagdt
333 1045 32 22 till
380 1045 67 22 första
463 1047 157 20 sammanträde
636 1047 53 21 efter
704 1047 137 26 påskhelgen.

271 1230 56 21 Herr
348 1230 185 22 Talmannen
556 1231 125 22 meddelade
701 1233 33 20 att
748 1231 33 21 till
799 1230 100 22 Ståndets
915 1231 68 21 kansli
1000 1230 30 22 öf-

201 1258 130 22 verlemnats
346 1261 31 19 ett
393 1260 57 20 antal
466 1260 84 26 tryckta
566 1260 107 26 exemplar
688 1260 22 21 af
724 1260 141 21 Direktörens
881 1260 33 21 för
929 1260 51 21 lots-
991 1259 40 22 och

201 1286 180 28 fyrinrättningen
404 1288 6 21 i
431 1288 91 22 Finland
544 1288 146 27 underdåniga
712 1289 116 21 berättelse
850 1295 33 15 om
902 1288 129 22 lotsverkets

201 1316 98 21 tillstånd
315 1316 39 22 och
371 1316 129 28 förvaltning
516 1317 66 21 under
598 1317 23 21 år
639 1318 60 21 1875.

271 1490 44 21 För
331 1490 90 21 Ståndet
436 1489 108 28 upplästes
560 1492 30 19 ett
607 1490 31 21 till
654 1490 84 26 plenum
750 1490 119 20 inlemnadt
881 1489 149 27 valprotokoll,

201 1517 23 21 så
240 1518 104 26 lydande:
