1103 1781
195 100 41 20 320
419 105 180 21 Borgareståndet
612 106 55 17 1877.
693 106 22 17 16
727 107 63 16 Mars.

193 174 35 21 vid
251 174 70 22 denna
346 174 89 27 petition
457 175 40 21 och
514 174 89 23 föreslår
618 175 89 22 sålunda
723 176 5 20 i
745 175 67 22 likhet
828 176 47 20 med
891 176 135 21 reservanten

194 203 50 21 herr
271 203 151 27 Björkenheim
446 207 32 18 att
501 204 143 27 petitionerna
665 204 47 21 icke
735 204 66 21 måtte
826 204 109 21 föranleda
958 204 68 27 någon

195 232 83 27 åtgärd.

263 289 56 21 Herr
342 289 163 26 Ohrnberg:
536 289 66 21 Afven
622 290 37 26 jag
682 290 78 21 önskar
784 289 77 22 föreslå
876 291 33 19 att
924 289 103 27 Borgare-

195 317 86 22 ståndet
303 318 74 26 skulle,
400 318 47 21 med
468 318 182 21 underkännande
664 319 23 20 af
700 319 106 20 allmänna
821 318 206 21 Besvärsutskottets

193 346 162 26 ifrågavarande
385 346 133 21 betänkande
550 347 114 26 godkänna
697 349 136 19 reservanten
864 347 49 20 herr
947 346 80 21 Robert

195 375 161 26 Björkenheims
380 375 84 25 mening
484 377 32 19 att
538 375 161 27 ifrågavarande
716 375 179 27 petitionsförslag
910 375 66 21 borde
996 375 32 28 till

195 403 50 21 hela
269 403 46 21 dess
332 403 49 21 vidd
397 403 90 22 förfalla.
519 404 41 21 Det
576 404 62 21 torde
654 404 45 21 icke
719 404 104 21 bestridas
838 407 32 18 att
885 403 74 27 sjelfva
976 403 51 26 peti-

195 431 162 27 tionsförslaget
380 432 106 21 äfvensom
510 433 116 20 utskottets
650 433 136 20 betänkande
808 433 6 20 i
832 432 143 27 föreliggande
991 431 36 21 fall

196 462 36 19 rör
255 460 32 27 sig
309 461 27 26 på
355 463 32 18 ett
405 461 92 26 område,
516 467 44 15 som
574 461 135 21 uteslutande
725 463 24 19 är
764 461 127 21 förbehållet
907 461 39 21 den
962 460 64 21 admi-

197 489 112 21 nistrativa
324 489 197 22 samhällsmaktens
537 489 109 22 ordnande
663 490 37 21 och
718 490 26 26 på
753 490 79 21 hvilket
841 490 42 26 just
892 489 68 22 denna
969 489 58 21 makt

197 518 73 20 säkert
287 518 47 21 med
351 518 39 21 den
407 518 60 21 bästa
482 518 111 27 framgång
608 518 42 21 kan
665 520 82 19 uträtta
763 519 71 26 något.
865 519 41 20 Det
921 518 106 21 förekom-

197 552 45 15 mer
266 547 48 25 mig,
337 553 45 14 som
400 553 33 14 om
456 546 118 22 Ständerne
590 547 118 26 sorgfälligt
724 547 66 21 borde
807 547 92 21 undvika
915 549 32 19 att
961 546 66 21 inlåta

197 575 31 26 sig
244 575 27 26 på
287 575 142 21 bedömandet
451 575 38 21 och
506 575 118 21 ordnandet
644 575 23 21 af
681 582 25 14 en
722 576 66 25 fråga,
805 575 83 21 hvilken
905 575 123 21 förutsätter

197 603 94 27 insigter,
315 603 47 21 dem
387 605 103 26 mängden
512 604 22 21 af
549 604 100 21 Ståndets
665 604 143 25 medlemmar,
825 604 109 21 deribland
950 604 77 21 åtmin-

197 635 62 17 stone
273 632 42 26 jag,
333 632 17 26 ej
367 638 56 20 eger.
453 633 179 20 Petitionärernes
648 632 180 27 hufvudsyftemål
844 635 32 18 att
891 633 54 20 fästa
961 633 66 24 Rege-

197 661 86 26 ringens
306 661 188 26 uppmärksamhet
512 662 26 25 på
554 662 60 20 detta
629 661 84 24 ärende,
730 661 62 21 hvars
808 661 43 26 vigt
867 661 39 21 och
922 661 106 26 betydelse

195 689 37 26 jag
248 689 46 21 icke
313 689 35 20 vill
372 689 93 24 förneka,
482 692 24 18 är
518 690 23 26 ju
558 696 81 14 vunnen
656 690 64 21 redan
738 690 121 25 derigenom
875 692 32 19 att
922 689 106 21 allmänna

198 717 197 22 Besvärsutskottet
419 718 95 21 deröfver
536 718 82 27 afgifvit
639 721 31 18 ett
692 718 116 26 utlåtande,
832 725 45 14 som
898 718 60 21 äfven
977 720 51 19 utan

198 745 69 26 någon
285 747 71 24 vidare
371 747 75 26 åtgärd
462 747 22 20 af
498 747 118 21 Ständerne
632 747 96 21 kommer
743 747 31 20 till
791 747 170 21 vederbörandes
977 747 51 20 kän-

199 775 76 20 nedom
299 775 38 20 och
357 775 64 26 enligt
438 775 54 21 hvad
505 776 37 25 jag
558 776 67 20 måste
641 778 33 18 tro
690 776 46 20 icke
753 776 73 20 vinner
838 775 45 26 just
899 781 56 15 mera
975 775 53 21 afse-

199 803 60 26 ende,
283 809 34 15 om
341 803 117 22 Ständerne
481 804 101 26 enhälligt
605 805 127 25 petitionera
751 805 6 19 i
773 806 77 19 ämnet.
881 804 40 25 Jag
937 806 44 18 tror
997 806 32 18 att

199 831 118 22 Ständerne
338 833 69 20 bättre
427 833 75 20 bevara
518 833 31 20 sin
571 833 100 26 ställning
687 833 6 20 i
709 833 47 20 vårt
771 833 166 24 samhällsskick,
953 839 34 14 om
1003 833 26 20 de

199 861 93 20 undvika
308 863 32 18 att
357 861 72 21 bifalla
445 861 115 21 utskottets
576 861 141 22 betänkande.

268 917 57 22 Herr
340 917 170 22 Molander:
541 918 41 27 Jag
598 918 38 21 har
652 918 68 21 blifvit
735 919 145 20 förekommen
897 917 21 22 af
929 917 25 22 de
963 918 65 26 begge

199 949 85 18 senaste
306 947 82 20 talarne
411 947 38 20 och
474 947 36 20 ber
533 949 31 19 att
586 947 21 21 få
623 947 72 21 förena
711 947 42 26 mig
770 947 7 20 i
794 947 62 20 deras
870 947 108 26 yrkanden
995 953 33 14 om

199 975 129 26 petitionens
344 975 144 21 förkastande.

269 1032 56 21 Herr
367 1035 126 18 Boström:
524 1033 74 20 Ehuru
614 1033 60 20 äfven
689 1033 36 26 jag
741 1033 17 26 cj
776 1033 41 20 kau
833 1035 66 18 annat
914 1035 25 18 än
956 1032 73 21 förena

198 1060 42 27 mig
257 1067 33 14 om
307 1061 163 26 reservationen,
486 1067 62 15 anser
561 1061 36 26 jag
613 1062 43 25 mig
671 1062 55 20 dock
742 1062 16 26 ej
774 1061 48 21 böra
833 1062 66 20 lemna
909 1061 119 26 oanmärkt,

199 1089 35 21 det
249 1089 36 26 jag
301 1090 128 21 åtminstone
444 1089 97 22 betviflar
556 1093 32 18 att
604 1090 156 21 instruktionen
776 1089 33 22 för
824 1089 205 27 provincialläkarne

199 1117 69 22 blifvit
285 1118 54 21 efter
355 1118 147 27 ordalydelsen
518 1119 24 20 så
558 1121 83 24 strängt
656 1119 51 26 följd
724 1125 44 15 som
786 1119 50 20 herr
851 1118 99 27 Vallgren
966 1119 63 20 fram-

199 1146 67 21 hållit.
297 1147 42 20 Det
355 1153 61 20 synes
432 1147 43 26 mig
490 1149 98 24 tvertom,
604 1154 45 15 som
665 1147 69 21 skulle
750 1147 215 26 provincialläkarnes
987 1150 43 17 sta-

199 1175 92 21 tionsort
314 1175 75 26 blifvit,
413 1176 129 21 åtminstone
558 1176 28 27 pä
601 1176 25 21 de
642 1178 83 19 senaste
740 1177 92 24 tiderna,
848 1175 121 25 förändrad,
985 1175 45 21 icke

199 1204 33 20 till
249 1210 55 21 gagn
320 1204 33 21 för
369 1204 39 21 den
425 1204 106 21 allmänna
544 1208 50 17 utan
611 1205 33 20 för
660 1205 38 20 den
716 1205 97 21 enskilda
829 1204 145 21 helsovården.
991 1204 39 21 Så-

198 1233 67 21 lunda
281 1233 45 25 har,
343 1233 27 21 då
392 1234 68 25 sågar,
482 1233 60 25 bruk,
568 1233 52 21 eller
643 1234 68 20 andra
734 1233 134 21 industriella
889 1233 141 26 inrättningar

199 1262 98 26 uppstått
319 1263 28 25 på
363 1262 68 26 någon
448 1264 39 23 ort,
503 1262 205 26 provincialläkaren
724 1262 44 21 ofta
786 1262 69 20 blifvit
870 1261 107 27 förflyttad
994 1262 36 22 dit,

198 1291 22 25 ja
236 1290 37 21 det
295 1290 39 21 har
355 1290 30 21 till
409 1290 39 21 och
470 1291 48 20 med
539 1291 67 21 händt
622 1293 32 19 att
670 1291 52 21 hans
738 1291 126 21 stationsort
880 1290 89 26 förlagts
985 1290 45 21 från

199 1318 55 21 fasta
270 1318 73 22 landet
359 1319 31 20 till
413 1319 82 21 holmar
511 1322 36 18 ute
562 1320 6 20 i
584 1319 79 24 hafvet,
679 1322 32 18 ett
726 1319 134 21 förhållande
876 1319 81 21 hvilket
972 1319 59 25 inga-

199 1347 66 21 lunda
288 1348 61 20 torde
373 1348 70 20 kunna
466 1354 60 15 anses
550 1348 62 21 hafva
628 1348 57 21 skett
701 1348 32 21 till
749 1354 55 20 gagn
820 1348 33 20 för
869 1348 39 20 den
925 1348 106 20 allmänna

199 1376 141 21 helsovården
356 1377 56 20 inom
429 1376 113 22 distriktet.

257 1433 71 22 Sedan
345 1434 145 21 diskussionen
506 1434 87 21 härmed
609 1434 114 22 förklarats
739 1434 99 26 afslutad,
852 1433 123 22 framstälde
982 1433 49 21 herr

199 1461 185 22 Talmannen
401 1462 31 21 till
449 1462 89 22 Ståndet
555 1462 93 27 följande
