1103 1781
199 98 42 20 268
444 102 179 21 Borgareständet
636 102 54 17 1877.
715 102 12 17 9
740 102 61 17 Mars.

269 170 163 27 Propositionen
458 170 126 22 besvarades
609 170 49 21 med
685 170 154 27 öfvervägande
870 170 41 27 nej;
943 170 84 22 hvarför

198 199 71 21 såsom
293 199 100 22 Ständets
417 199 69 22 beslut
509 199 149 26 antecknades,
681 202 32 18 att
735 199 31 21 uti
788 199 107 26 ingressen
917 199 33 21 till
965 199 61 21 Stän-

199 228 77 21 dernas
291 235 48 14 svar
355 228 27 26 på
397 228 40 21 den
453 228 77 27 nådiga
546 228 157 27 propositionen
720 227 68 22 skulle
803 228 82 26 intagas
901 228 36 20 det
947 227 79 27 tillägg,

198 257 239 26 kontrapropositionen
462 257 128 25 innehåller;
618 257 38 20 och
679 256 69 21 skulle
771 257 22 20 åt
816 257 212 20 Ekonomiutskottet

199 285 140 21 öfverlemnas
355 287 32 19 att
402 285 109 21 omarbeta
527 285 144 21 betänkandet
686 285 6 20 i
708 285 60 21 detta
782 285 60 26 syfte.

269 342 99 21 Härefter
384 342 98 27 föredrog
498 343 49 20 herr
562 342 72 21 Vice
657 342 164 21 Talmannen
844 343 13 25 $
876 344 8 19 1
902 342 5 20 i
924 342 35 21 det
975 343 52 20 före-

199 371 98 26 liggande
314 371 144 27 lagförslaget;
476 371 38 21 och
530 371 120 21 tilldelades
665 371 61 21 ordet
742 371 72 21 dervid
830 371 52 20 först
897 371 23 20 åt

269 428 56 21 Herr
340 428 172 27 Tengström
528 434 44 15 som
588 428 93 25 yttrade:
712 428 94 21 Oaktadt
822 427 203 27 häradspostinrätt-

198 457 77 26 ningen
292 458 24 19 är
332 457 23 20 af
369 457 127 26 provisionel
513 456 145 21 beskaffenhet
673 457 39 20 och
728 457 36 20 det
780 463 50 14 vore
842 456 92 27 önskligt
944 459 32 18 att
987 456 40 21 den

197 485 24 21 så
245 485 42 21 fort
309 491 44 15 som
377 485 80 27 möjligt
477 485 67 22 måtte
566 485 64 20 blifva
650 485 110 26 umbärlig,
781 491 62 15 anser
862 485 36 26 jag
919 485 53 21 dock
995 488 33 18 att

198 514 162 26 häradsposten,
376 514 86 27 sålänge
482 514 39 21 den
538 514 72 23 finnes,
627 514 39 21 bör
681 514 113 25 tillgodose
810 513 41 22 alla
868 514 25 20 de
909 513 63 22 behof
987 514 39 21 den

197 543 42 20 kan
265 542 59 27 fylla;
349 542 39 21 och
403 543 6 20 i
425 543 74 20 sådant
516 543 98 20 ändamål
630 542 68 21 skulle
712 543 36 26 jag
764 542 32 21 till
812 542 68 21 första
895 543 110 26 meningen
1021 543 5 20 i

198 571 70 21 denna
284 572 11 25 $
311 571 77 21 föreslå
404 573 31 19 ett
449 571 74 27 tillägg
538 571 6 20 i
561 571 73 26 frågan
651 577 34 15 om
702 571 26 21 de
743 571 126 26 tjenstemän
883 571 106 21 äfvensom
1002 571 27 21 de

197 599 106 26 ändamål,
327 599 71 21 hvilka
421 599 33 22 vid
477 600 125 27 pröfvandet
625 599 21 21 af
669 599 99 22 behofvet
790 599 21 21 af
829 606 25 14 en
871 599 156 27 häradspostin-

198 629 100 25 rättning,
320 628 53 21 böra
395 628 85 21 komma
499 629 6 20 i
526 628 146 21 betraktande.
703 628 41 27 Jag
765 628 69 21 skulle
856 628 104 26 nämligen
979 628 50 26 vilja

197 657 66 20 bland
279 657 62 20 dessa
352 659 77 18 nämna
439 657 45 21 icke
496 657 94 25 allenast,
603 657 69 21 såsom
684 657 65 21 redan
760 659 24 19 är
795 657 120 26 föreslaget,
928 657 99 24 ,,härads-

198 685 93 26 höfding,
307 685 130 27 kronofogde
457 686 39 21 och
512 685 108 21 länsman”
637 685 107 21 äfvensom
761 685 160 27 ,kungörelsers
936 685 39 21 och
991 685 37 21 all-

198 715 77 20 männä
305 713 82 27 påbuds
417 713 139 22 befordrande
579 714 31 21 till
637 714 38 21 och
700 714 46 21 från
775 715 79 26 kyrkor
882 715 27 26 pä
934 714 93 25 landet",

198 745 51 18 utan
275 742 61 21 äfven
362 743 64 20 bland
451 743 125 26 tjenstemän
602 743 172 26 ,presterskapot
800 742 39 21 och
865 743 163 20 kommunernas

199 771 164 26 myndigheter".
395 771 92 21 Fordom
510 771 54 21 hade
587 771 62 21 dessa
671 771 47 21 icke
741 771 64 21 behof
826 771 21 21 af
867 771 159 26 häradsposten.

198 799 49 21 Men
268 800 68 21 under
357 800 261 24 samhällsutvecklingens
638 800 56 26 gång
716 800 39 21 har
774 799 123 27 förändring
912 799 115 22 inträffat
1016 795 16 35 i

199 828 35 21 det
249 828 116 25 afseendet,
382 831 31 18 att
429 829 164 26 presterskapet,
610 835 44 14 som
670 828 58 21 förut
741 829 105 26 begagnat
858 828 32 27 sig
901 827 20 22 af
931 828 96 21 klockar-

198 859 83 24 posten,
306 863 28 14 nu
357 859 24 18 är
403 857 6 20 i
433 857 99 26 mistning
555 857 21 21 af
596 857 68 21 denna
680 856 68 22 fördel
764 863 75 20 genom
856 857 22 20 af
892 857 81 26 Regent
988 857 38 21 och

199 885 92 21 Ständer
314 888 90 24 antagen
429 893 26 20 ny
471 885 110 27 kyrkolag.
610 885 281 28 Kommunalmyndigheten
906 885 46 21 åter
968 885 60 21 fanns

199 914 46 21 icke
269 915 26 25 på
319 914 40 21 den
383 915 64 25 tiden,
472 915 24 20 då
521 915 271 26 häradspostinrättningen
810 913 44 22 blef
868 914 111 21 utvecklad
996 914 31 21 till

199 942 35 21 det
256 943 65 25 skick,
341 943 30 20 uti
392 943 79 20 hvilket
494 943 40 20 den
557 943 32 21 för
608 943 35 21 det
661 943 133 21 närvarande
810 942 95 21 befinner
920 943 37 26 sig.
987 943 41 25 Jag

199 977 62 15 anser
285 971 36 21 det
345 977 50 15 vara
418 972 103 26 påtagligt
542 973 31 19 att
589 972 159 26 presteskapets
764 971 131 21 embetsbref
909 973 36 19 äro
961 971 67 21 likaså

200 1000 118 25 angelägna
339 1006 44 14 som
404 1002 14 19 t.
440 1007 30 14 ex.
493 1000 149 21 länsmannens
658 1001 5 19 i
679 1001 77 25 många
772 1000 36 21 fall
825 1002 36 19 äro
879 1000 41 21 det.
951 1000 76 21 Likaså

200 1034 49 15 vore
274 1029 35 20 det
333 1028 143 27 besynnerligt
498 1035 33 14 om
555 1029 45 21 icke
617 1028 284 28 kommunalmyndighetens
918 1028 65 21 behof
997 1030 31 19 att

200 1057 20 20 få
243 1057 46 20 sina
311 1057 129 21 embetsbref
463 1057 125 21 befordrade
612 1058 46 21 med
683 1057 154 26 häradsposten
853 1057 74 21 skulle,
943 1057 32 20 vid
993 1057 35 20 be-

199 1086 144 20 stämmandet
364 1085 22 21 af
405 1092 24 15 en
445 1086 65 21 sådan
526 1086 123 27 inrättning,
665 1089 61 23 tagas
741 1087 6 20 i
764 1086 147 21 betraktande.
941 1085 40 27 Jag
997 1085 32 21 får

200 1113 71 22 derför
289 1114 76 21 föreslå
381 1121 25 14 en
422 1115 65 20 sådan
504 1115 123 26 förändring
642 1115 6 20 i
665 1115 39 20 den
721 1115 66 20 första
803 1115 111 25 meningen
930 1116 32 19 att
977 1115 51 20 den-

199 1149 81 14 samma
303 1143 67 20 skulle
392 1143 57 26 lyda:
476 1160 5 8 ,
482 1143 142 27 Häradspost
644 1143 53 21 skall
714 1143 169 26 vidmakthållas,
901 1143 36 20 der
953 1143 76 20 sådant

199 1171 68 21 finnes
288 1172 73 25 nödigt
381 1172 33 20 för
429 1171 151 22 fortskaffande
596 1172 21 21 af
632 1172 130 21 embetsbref
776 1171 45 22 från
838 1171 39 21 och
893 1171 32 21 till
941 1171 86 21 härads-

200 1199 93 27 höfding,
314 1199 136 28 kronofogde,
473 1201 101 25 länsman,
599 1201 136 26 presterskap
754 1200 40 21 och
810 1199 217 26 kommunalstyrelse,

200 1228 106 21 äfvensom
328 1229 31 20 för
375 1229 147 26 kungörelsers
538 1229 38 21 och
593 1229 106 21 allmänna
715 1229 81 27 påbuds
813 1229 112 20 befordran
942 1228 31 21 till
989 1229 40 20 och

199 1256 46 22 från
270 1258 107 26 kyrkorna
400 1258 26 26 på
448 1258 89 21 landet.*
567 1258 75 26 Någon
665 1258 149 26 hufvudsaklig
836 1258 123 25 förändring
978 1257 51 21 eller

200 1286 65 25 något
287 1286 99 26 uppehåll
410 1286 47 22 med
480 1287 47 21 dess
544 1286 104 22 blifvande
664 1286 144 26 umbärlighet
823 1286 68 21 skulle
907 1286 121 26 derigenom

199 1314 46 20 icke
261 1314 72 22 vållas.
354 1315 49 21 Men
416 1315 36 26 jag
468 1322 62 14 anser
545 1316 36 20 det
597 1322 49 14 vara
662 1316 132 25 nödvändigt
809 1317 33 19 att
857 1315 34 20 vid
905 1315 123 26 pröfningen

199 1342 23 21 af
236 1342 165 28 häradspostens
424 1343 127 27 behöflighet
574 1344 60 20 äfven
657 1344 170 26 presterskapets
843 1343 39 21 och
897 1343 132 21 kommunal-

199 1372 186 26 myndigheternas
401 1372 131 27 brefvexling
547 1375 60 24 tages
623 1373 6 20 i
645 1372 127 22 beaktande.

268 1428 57 22 Herr
345 1429 143 21 Boström:
509 1429 71 26 Enligt
595 1435 28 15 nu
638 1429 99 26 gällande
752 1428 201 27 postförfattningar
967 1430 62 24 göres

200 1457 115 27 uttrycklig
338 1457 83 21 skilnad
445 1458 89 21 emellan
557 1457 48 21 bref
620 1458 38 20 och
674 1458 66 21 andra
757 1457 198 27 postförsändelser,
971 1458 6 20 i
993 1457 36 21 det

200 1488 31 18 att
248 1486 47 21 med
312 1486 46 20 bref
372 1486 77 21 förstäs
465 1486 74 22 endast
554 1486 86 26 sädana,
657 1486 81 22 hvilkas
754 1486 45 26 vigt
815 1486 132 26 understiger
963 1486 12 21 8
987 1486 40 21 lod.
