1103 1781
192 108 40 20 364
424 112 179 21 Borgareståndet
615 113 54 17 1877.
693 113 26 17 23
732 113 62 16 Mars.

191 182 99 27 fördyrar
306 181 77 22 brödet
398 184 50 19 utan
466 182 38 21 den
521 182 193 27 omständigheten,
728 184 32 19 att
774 182 26 20 de
813 181 76 27 mänga
903 181 121 27 omgängar,

191 217 45 15 som
246 210 75 27 ätfölja
331 210 164 27 skattläggning,
504 211 111 20 förhindra
627 211 141 26 uppkomsten
780 210 24 21 af
812 210 123 27 tillräckligt
946 210 77 26 mänga

192 245 93 21 gvarnar
301 239 39 21 och
356 239 90 21 sålunda
461 239 129 21 förminskar
605 239 167 21 konkurrensen.
802 239 114 26 Borttages
931 239 93 25 skatten,

191 268 24 21 så
236 269 97 20 kommer
355 273 129 21 qvarnarnes
505 268 58 20 antal
578 270 31 18 att
627 267 76 22 föröka
718 268 38 26 sig,
774 274 25 14 en
815 268 59 20 stark
890 267 133 21 konkurrens

192 297 97 21 kommer
311 298 32 19 att
366 297 84 20 inträda
470 296 39 21 och
529 296 7 21 i
552 297 36 20 det
604 296 60 21 fallet
680 297 54 20 skall
750 298 51 19 utan
817 296 71 21 tvifvel
904 296 118 21 kostnaden

192 325 33 21 för
249 325 95 26 malning
367 325 65 21 blifva
454 325 102 26 betydligt
578 325 85 21 nedsatt
685 325 39 20 och
748 325 76 20 brödet
847 325 88 21 sålunda
957 325 66 21 blifva

192 354 105 27 billigare.
327 354 41 26 Jag
391 356 23 19 är
436 353 129 26 fullkomligt
588 353 22 22 af
631 354 50 21 herr
700 353 136 27 Borgströms
856 353 53 27 åsigt
929 356 32 19 att
981 354 41 20 den

192 383 49 26 låga
262 382 139 27 ståndpunkt,
424 382 27 27 på
473 382 84 21 hvilken
577 382 172 27 qvarnindustrin
766 382 39 21 hos
821 388 34 15 oss
871 383 49 24 står,
937 384 38 25 gör
991 384 31 18 att

193 411 35 21 det
244 411 63 27 ryska
323 411 74 26 mjölet
412 411 44 20 står
471 411 6 20 i
493 411 116 21 allmänhet
625 411 44 20 lika
684 411 44 26 lågt
742 417 45 15 som
799 411 39 20 den
850 411 96 21 omalade
959 417 64 20 span-

193 439 69 22 målen
278 440 57 20 inom
352 439 80 22 landet.

262 508 56 21 Herr
333 507 123 27 Nybom:
487 507 31 22 På
534 507 36 21 det
585 510 32 18 att
632 507 47 21 icke
695 507 36 21 det
748 507 30 21 tal
794 513 34 15 om
844 507 101 21 orättvisa
962 507 6 21 i
985 507 36 21 be-

194 537 115 26 skattning,
326 543 45 14 som
387 536 40 21 här
443 536 66 21 blifvit
524 537 63 24 fördt,
603 536 34 21 må
653 536 66 26 draga
734 535 122 26 anhängare
872 535 45 21 från
935 536 34 21 det
980 536 41 21 för-

193 565 45 26 slag
252 565 37 26 jag
306 565 37 20 ber
358 567 32 18 att
405 565 21 21 få
441 565 134 25 understöda,
592 565 37 20 ber
642 565 37 26 jag
694 567 39 21 att,
750 565 5 20 i
769 564 68 21 likhet
851 565 46 20 med
906 564 54 21 hvad
972 565 50 21 herr

193 594 25 21 E.
241 593 72 27 Bergh
335 594 66 20 redan
425 594 103 25 anmärkt,
552 593 20 21 få
588 594 83 25 påpeka
687 595 33 19 att
736 599 24 15 en
777 593 103 21 orättvisa
895 593 6 20 i
917 594 54 20 intet
985 593 37 21 fall

193 623 42 20 kan
255 622 112 21 undvikas.
397 623 49 20 Fria
469 622 91 21 kvarnar
581 622 86 21 komma
690 623 5 19 i
720 621 42 22 alla
782 621 36 22 fall
839 624 32 19 att
885 621 73 25 finnas,
973 622 48 21 med

193 651 73 20 hvilka
287 651 35 20 det
345 653 24 18 är
391 651 58 20 svårt
469 653 31 18 att
522 650 115 27 uppehålla
657 651 166 21 konkurrensen.
855 650 103 27 Pålägger
973 657 48 14 man

193 680 135 26 ångqvarnar
349 680 64 23 skatt,
437 680 23 20 så
476 679 70 21 kunna
562 679 25 21 de
604 679 46 21 icke
665 679 134 21 konkurrera
815 679 47 20 med
878 679 43 26 lågt
937 679 84 21 beskat-

193 708 50 21 tade
259 710 170 24 vattenqvarnar.
460 707 104 26 Pålägger
580 714 48 14 man
645 709 46 20 dem
708 709 47 20 åter
770 707 47 21 icke
832 708 63 22 skatt,
912 708 23 20 så
951 707 71 21 kunna

193 736 108 21 måhända
319 737 46 20 icke
384 743 37 14 ens
436 736 44 27 lågt
495 737 127 20 beskattade
639 739 167 24 vattenqvarnar
822 736 90 21 uthärda
927 736 94 21 konkur-

193 771 76 15 rensen
291 765 47 21 med
355 766 139 25 ångqvarnar.
525 765 93 21 Sålunda
642 765 41 21 blir
699 765 36 21 det
751 765 6 20 i
774 765 72 26 hvarje
862 764 36 21 fall
914 771 25 14 en
955 766 66 19 orätt-

194 793 57 26 visa;
275 794 39 21 den
338 793 73 22 kastas
434 794 54 20 blott
508 794 45 21 från
571 794 35 20 det
623 800 39 15 ena
678 793 32 21 till
727 794 35 21 det
779 793 66 21 andra
861 793 70 21 hållet.
962 793 10 21 I
987 794 34 20 så-

195 823 51 20 dant
270 822 36 21 fall
323 824 24 19 är
362 822 35 21 det
413 822 33 21 väl
462 822 69 21 bättre
548 825 32 18 att
595 822 108 21 bibehålla
720 823 40 20 den
776 822 104 21 orättvisa
895 828 44 15 som
956 822 64 21 redan

193 851 121 25 förefinnes,
331 851 5 20 i
353 851 71 20 stället
440 851 32 20 för
486 853 32 19 att
533 857 75 20 genom
625 853 31 19 att
672 854 50 23 taga
738 853 32 18 ett
786 852 57 19 orätt
861 853 46 23 steg
922 850 99 27 möjligen

194 879 97 22 förvärra
313 879 71 21 saken.
415 880 41 20 Det
478 879 40 21 blir
540 881 58 20 svårt
614 882 32 18 att
661 881 28 26 på
705 879 96 26 guldvigt
817 881 53 24 väga
885 879 52 20 hvar
953 879 69 21 denna

195 909 103 20 orättvisa
317 908 75 21 blifver
407 910 68 19 större
491 908 51 21 eller
558 908 87 21 mindre.
677 908 91 27 Mången
785 907 82 25 tänker,
884 907 27 21 då
927 908 35 20 det
978 907 43 27 gäl-

194 937 32 20 ler
241 937 120 21 införandet
377 936 22 21 af
413 943 25 14 en
454 937 83 24 reform,
554 939 31 18 att
600 937 161 21 förbållandena
778 936 53 21 efter
846 935 105 22 reformen
962 935 60 22 skola

194 965 66 21 blifva
271 965 148 24 oförändrade,
432 965 78 21 sådana
524 966 26 20 de
558 966 55 20 varit
621 965 63 26 förut,
697 965 39 21 och
748 966 24 20 så
783 965 72 26 tyckes
866 965 61 20 äfven
939 965 4 20 i
954 965 68 20 denna

194 993 59 27 fråga
276 994 51 21 herr
349 993 121 22 Ahlströms
490 995 55 25 åsigt
561 1000 55 15 vara.
649 994 47 21 Han
714 997 44 18 tror
775 996 32 18 att
822 993 133 27 qvarntullen
971 993 50 21 oak-

193 1023 48 20 tadt
264 1023 164 26 qvarnskattens
446 1022 113 26 aflyftande
578 1021 131 22 fortfarande
725 1022 69 21 skulle
810 1023 84 20 komma
909 1024 32 19 att
957 1022 66 21 blifva

194 1051 42 21 lika
258 1055 50 17 stor.
340 1051 49 21 Men
412 1051 30 21 låt
458 1051 54 21 blott
528 1051 68 21 denna
612 1051 58 21 skatt
685 1051 83 26 aflyftas
785 1051 39 20 och
841 1051 18 20 vi
875 1051 60 20 skola
951 1051 32 20 väl
999 1057 23 14 se

195 1085 33 15 om
251 1080 47 21 icke
322 1079 160 22 konkurrensen
505 1082 58 19 snart
587 1079 54 22 skall
665 1081 44 20 visa
731 1082 32 19 att
789 1079 48 21 herr
852 1079 107 21 Ahlström
976 1079 47 21 icke

194 1114 59 15 mera
277 1109 26 20 dä
326 1108 43 21 lika
391 1115 43 14 som
452 1115 27 14 nu
494 1108 54 21 skall
564 1109 72 20 kunna
652 1111 49 24 taga
716 1109 31 20 sin
764 1108 76 27 kappe.
872 1107 42 22 För
929 1109 42 20 min
989 1107 34 22 del

194 1136 69 21 tviflar
276 1137 37 26 jag
328 1137 47 21 icke
390 1137 27 26 pä
433 1137 53 20 huru
501 1137 87 21 härmed
604 1137 55 21 skall
674 1137 92 26 gestalta
782 1138 38 25 sig.

265 1205 55 22 Herr
343 1205 166 21 Ahlström:
540 1206 42 21 Det
598 1206 39 20 har
653 1205 68 22 blifvit
736 1205 91 22 nämndt
842 1208 32 18 att
890 1205 133 22 beskattnin-

194 1240 40 20 gen
259 1235 28 26 pä
310 1240 92 20 gvarnar
423 1234 79 26 utgjort
518 1237 31 19 ett
565 1234 75 22 hinder
655 1234 32 21 för
703 1237 32 19 att
750 1235 47 20 icke
813 1233 49 22 flere
878 1240 91 21 gvarnar
984 1234 26 21 ho

195 1269 33 15 oss
250 1264 104 26 uppstått.
385 1263 49 21 Men
457 1263 60 21 äfven
541 1270 32 14 om
598 1264 69 25 någon
687 1264 127 26 avarnskatt
829 1263 46 21 icke
890 1262 67 22 skulle
973 1269 51 14 vara

195 1291 85 27 pälagd,
296 1292 24 20 sä
335 1291 67 21 finnes
419 1292 35 20 det
470 1292 52 20 dock
538 1292 55 20 vissa
608 1292 148 25 formaliteter,
768 1298 46 15 som
826 1292 34 20 vid
870 1291 153 27 gvarnanlägg-

194 1320 51 26 ning
258 1321 67 20 mäste
341 1320 114 26 iakttagas,
472 1321 88 21 emedan
577 1321 39 20 den
634 1321 63 21 berör
712 1322 62 20 ofvan
791 1320 38 21 och
846 1321 68 20 nedan
930 1320 94 21 boendes

194 1350 49 19 rätt.
275 1349 66 20 Desse
364 1348 140 22 formaliteter
526 1350 66 20 mäste
613 1349 82 21 säledes
711 1350 6 20 i
733 1349 74 26 hvarje
823 1348 35 21 fall
874 1349 61 21 äfven
950 1348 74 22 fortfa-

193 1378 67 20 rande
277 1377 112 26 iakttagas.
420 1377 61 21 Hvad
497 1378 96 26 föröfrigt
609 1378 80 20 bristen
705 1379 28 25 pä
752 1384 92 20 gvarnar
859 1378 72 26 angår,
947 1379 24 20 sä
986 1377 38 21 fin-

194 1411 37 16 nes
254 1406 36 21 det
305 1406 80 20 sådana
401 1412 45 14 mer
460 1408 28 18 än
500 1406 124 26 tillräckligt
640 1407 38 21 och
695 1407 35 20 vid
746 1408 84 24 vanliga
845 1406 126 26 vattendrag
986 1408 37 18 äro

195 1434 25 21 de
243 1440 92 21 qvarnar
354 1434 18 20 vi
389 1434 61 21 hafva
465 1435 7 20 i
487 1435 61 21 stånd
565 1437 31 19 att
612 1435 56 21 mala
683 1436 29 20 60
727 1438 90 23 procent
832 1441 45 15 mer
892 1436 27 19 än
935 1434 35 21 det
985 1434 38 20 fin-

193 1468 38 15 nes
254 1463 63 21 mäld.
349 1463 42 21 Det
406 1465 24 19 är
445 1464 75 20 endast
535 1464 7 20 i
558 1464 26 20 de
600 1466 58 19 stora
673 1464 100 21 städerna
790 1470 45 14 som
852 1464 53 20 brist
921 1464 26 26 på
963 1469 60 20 qvar-

194 1496 38 16 nar
253 1491 123 26 förefinnes;
393 1498 47 14 men
458 1492 36 21 det
508 1492 32 20 lär
555 1492 34 20 väl
604 1492 47 21 icke
667 1498 50 15 vara
734 1492 46 21 skäl
798 1494 32 19 att
845 1491 32 22 för
893 1492 74 21 Staten
983 1491 41 21 till-
