1103 1781
258 119 180 21 Borgareståndet
450 120 54 17 1877.
530 120 22 16 13
566 120 105 17 Februari.

840 116 40 20 147

52 189 88 21 härmed
148 195 61 20 synes
218 195 51 14 vara
277 191 33 18 att
318 189 22 20 få
348 189 45 20 sina
402 189 78 26 åsigter
492 189 70 21 såsom
574 189 70 26 bilaga
660 189 20 20 in
696 188 7 21 i
715 189 35 20 det
765 189 114 26 protokoll,

53 224 44 15 som
120 217 95 21 kommer
237 219 32 19 att
291 217 98 21 afsändas
404 217 31 21 till
452 217 111 26 utskottet,
580 223 62 15 anser
656 217 35 26 jag
707 217 42 26 mig
765 217 64 21 också
844 217 36 21 be-

51 246 63 26 fogad
131 248 32 19 att
178 247 5 20 i
199 246 74 26 frågan
289 247 56 26 yttra
361 246 48 27 mig.

121 275 40 26 Jag
172 275 68 20 skulle
256 274 31 21 till
304 281 25 14 en
345 274 74 27 början
436 274 48 27 vilja
501 274 56 21 fästa
573 274 102 21 Ståndets
690 273 189 28 uppmärksamhet

53 302 78 26 dervid,
155 306 32 17 att
209 303 39 21 här
271 305 24 18 är
313 302 59 27 fråga
387 309 34 14 om
437 309 25 14 en
478 303 22 21 af
515 303 118 26 Uleåborgs
649 303 47 21 stad
712 303 60 27 gjord
788 303 90 26 petition

53 337 33 15 om
109 334 32 18 att
162 331 81 21 erhålla
265 338 24 14 en
313 331 66 22 skola.
410 332 38 20 Att
470 331 175 21 sammanblanda
661 331 40 21 den
716 331 49 21 med
780 338 26 14 en
822 331 58 27 dylik

52 360 89 27 petition
163 367 33 14 om
220 367 25 14 en
268 360 61 21 skola
349 360 6 21 i
376 360 118 21 Brahestad
510 366 62 15 anser
586 360 36 27 jag
637 361 6 20 i
660 360 68 21 likhet
742 360 48 21 med
806 366 73 20 repre-

52 391 112 19 sentanten
187 389 45 21 från
249 388 107 27 Uleåborg
371 395 52 14 vara
438 389 117 26 olämpligt.
586 389 111 20 Hvardera
712 389 116 26 petitionen
844 389 35 20 må

52 419 104 25 upptagas
177 417 65 22 skildt
261 417 34 21 för
315 417 36 26 sig.
383 417 60 21 Hvad
463 417 33 21 för
515 417 63 25 öfrigt
595 417 25 21 de
636 417 53 26 skäl,
705 423 44 15 som
766 417 113 26 åberopats

52 448 57 19 emot
131 446 40 21 den
192 445 147 26 Uleåborgska
354 446 116 26 petitionen
486 445 108 26 beträffar,
608 447 37 20 äro
661 446 26 21 de
703 445 21 22 af
740 446 39 21 den
795 445 83 22 beskaf-

51 475 73 20 fenhet
139 477 32 18 att
187 475 32 22 de,
234 475 54 20 efter
304 475 53 20 hvad
371 475 36 26 jag
423 475 41 20 kan
478 474 62 26 finna,
557 475 47 20 icke
620 474 63 21 hafva
694 475 68 26 någon
774 475 105 26 giltighet.

52 503 73 21 Skulle
148 503 25 20 de
197 503 24 21 af
241 503 50 20 herr
312 503 95 21 Höckert
422 503 90 21 anförda
527 503 52 25 skäl,
596 505 32 18 att
644 503 25 20 de
686 503 130 26 kommuner,
832 509 46 15 som

52 532 128 25 petitionera
196 538 32 15 om
245 531 161 27 ifrågavarande
422 532 104 26 läroverk,
543 532 75 20 endast
634 531 31 21 till
679 538 25 15 en
720 532 60 27 ringa
796 532 33 21 del
840 533 37 20 äro

52 560 99 21 försedda
166 561 47 20 med
229 560 123 25 folkskolor,
368 567 51 14 vara
434 561 80 26 giltiga,
531 561 23 20 så
564 561 65 20 borde
640 560 118 21 detsamma
769 560 110 27 naturligt-

52 589 31 20 vis
99 589 56 26 gälla
170 589 61 21 äfven
247 589 33 20 för
296 589 66 20 andra
377 589 35 20 län
427 591 26 18 än
463 589 118 26 Uleåborgs
590 589 47 25 län;
654 589 38 21 och
706 589 36 26 jag
758 589 48 21 ville
822 589 56 21 fästa

51 617 50 21 herr
123 617 105 22 Höckerts
245 617 187 27 uppmärksamhet
454 617 72 27 derpå,
543 620 32 18 att
590 617 69 21 skulle
675 624 25 14 en
716 618 66 21 sådan
796 618 82 27 princip

51 647 52 25 göra
118 646 32 26 sig
170 646 97 27 gällande
287 646 34 21 vid
337 646 111 21 skolornas
464 646 151 27 organisation,
632 646 23 21 så
671 645 68 22 tviflar
752 647 36 26 jag
803 647 27 26 på
846 648 32 19 att

51 676 16 19 t.
92 681 29 14 ex.
145 669 46 27 Åbo
215 675 39 20 och
269 675 143 27 Björneborgs
426 674 34 21 län
477 675 81 20 erhålla
580 681 37 15 ens
633 677 31 19 ett
679 675 55 21 enda
749 676 90 26 lyceum;
856 676 22 25 ty

51 705 32 19 ett
105 703 23 22 så
145 704 57 26 ringa
217 703 58 20 antal
291 703 118 21 folkskolor
424 703 64 21 hafva
504 704 37 20 der
557 703 116 22 tillsvidare
689 703 67 22 blifvit
772 704 106 26 organise-

51 732 58 25 rade,
133 734 33 19 att
187 732 36 21 det
241 732 57 20 antal
315 731 74 28 lyceer,
406 732 37 21 der
458 732 73 24 finnes,
547 732 46 21 icke
609 732 75 21 blifver
699 732 134 27 berättigadt.
850 745 28 2 —

51 761 62 20 Hvad
136 761 33 20 för
191 760 63 26 öfrigt
277 761 49 20 herr
349 760 97 21 Lindelöf
466 761 91 20 nämnde
580 761 79 26 derom,
675 763 35 20 att.
722 761 73 21 skolan
812 761 65 21 redan

51 795 26 15 ur
97 789 39 21 den
158 789 106 26 synpunkt
287 795 49 14 vore
356 789 100 27 olämplig
472 790 7 20 i
495 789 114 27 Uleåborg,
626 791 32 19 att
674 790 40 20 den
730 790 67 21 skulle
813 789 65 21 blifva

51 824 26 14 en
100 818 131 21 konkurrent
252 818 32 20 till
301 818 130 21 dervarande
447 819 113 23 realskola,
577 818 41 21 kan
632 818 36 27 jag
684 818 46 21 icke
745 818 132 21 annorlunda

50 846 68 21 förstå
141 847 66 24 detta,
229 849 27 18 än
278 849 32 18 att
331 846 49 21 herr
402 847 98 20 Lindelöf
522 847 46 20 icke
591 853 69 18 anser,
683 849 32 18 att
737 847 35 20 det
788 847 89 20 svenska

50 875 68 27 lyceet
140 877 63 24 utgör
225 876 67 25 någon
316 875 132 21 konkurrent
470 876 31 20 till
525 875 127 22 realskolan.
688 875 127 22 Realskolan
838 875 39 21 och

50 904 69 26 lyceet
141 903 69 22 skulle
232 903 89 22 sålunda
341 903 104 21 hvardera
464 904 77 21 beröra
556 904 45 21 helt
616 904 57 21 olika
689 904 188 21 samhällsklasser.

50 933 46 20 Den
117 931 69 22 finska
206 932 85 21 talande
313 932 149 26 befolkningen
482 932 69 21 skulle
567 932 62 21 hafva
645 933 32 20 för
692 933 37 20 sitt
745 933 64 21 behof
822 932 55 21 real-

49 961 75 21 skolan
141 961 39 20 och
197 961 39 20 den
253 961 78 21 svenka
347 961 85 20 talande
448 961 61 21 delen
527 961 75 26 lyceet.
628 961 32 21 En
676 961 66 22 sådan
755 961 122 27 separation

49 992 46 19 tror
113 989 37 26 jag
171 989 46 21 icke
239 989 90 22 behöfva
344 990 128 26 uppdragas.
488 1003 27 2 —
531 990 115 21 Dessutom
663 990 94 21 önskade
770 990 37 27 jag
822 990 55 21 fästa

49 1018 50 21 herr
114 1018 108 21 Lindelöfs
239 1018 186 27 uppmärksamhet
441 1018 71 27 derpå,
530 1020 32 19 att
578 1019 36 20 det
628 1018 90 21 faktiskt
734 1019 101 20 existerar
846 1020 32 19 ett

49 1047 70 26 privat
141 1046 64 21 finskt
227 1047 82 26 lyceum
331 1047 7 20 i
360 1047 115 26 Uleåborg.
506 1047 40 21 Om
569 1048 37 20 det
621 1049 24 18 är
660 1053 25 14 en
701 1047 131 21 konkurrent
844 1047 33 21 till

50 1075 36 21 det
98 1075 91 21 svenska
198 1075 67 27 lyceet
274 1076 51 21 eller
333 1075 31 21 till
380 1076 121 21 realskolan
518 1078 24 19 är
558 1082 25 15 en
599 1075 66 26 fråga,
681 1082 45 15 som
740 1076 36 26 jag
790 1076 46 21 icke
853 1077 24 19 är

49 1104 121 26 berättigad
192 1106 32 19 att
245 1104 79 26 afgöra
355 1104 48 21 Men
419 1111 34 14 om
470 1105 65 20 också
550 1111 26 14 en
592 1104 67 21 sådan
674 1105 132 20 konkurrens
822 1105 55 20 exis-

50 1134 64 24 terar,
134 1132 24 21 så
179 1132 66 27 ligger
260 1133 69 20 deruti
345 1133 44 21 icke
405 1133 66 26 något
486 1133 58 22 ondt.
576 1133 78 21 Kunna
669 1133 99 21 skolorna
783 1133 47 21 icke
842 1135 35 19 ut-

50 1161 67 21 härda
139 1161 132 22 konkurrens
294 1162 48 20 med
365 1161 126 27 hvarandra,
515 1162 24 21 så
558 1161 42 21 kan
616 1162 40 21 den
671 1162 24 20 af
709 1162 46 21 dem
770 1162 106 27 indragas,

49 1195 45 16 som
115 1190 56 21 visar
189 1190 32 27 sig
236 1196 50 15 vara
301 1190 105 27 obehöflig
422 1191 40 20 och
476 1191 47 21 icke
539 1191 73 20 stöder
627 1190 32 27 sig
673 1191 28 26 på
716 1190 160 27 befolkningens

50 1219 136 26 önskningar.

119 1276 56 20 Herr
197 1276 124 21 Höckert:
352 1276 39 26 Jag
413 1276 39 22 har
474 1276 70 22 blifvit
564 1276 136 21 misförstådd
722 1276 54 22 både
792 1276 22 21 af
828 1276 48 21 herr

48 1304 109 21 Ahlström
174 1304 39 22 och
229 1304 49 22 herr
293 1305 101 26 Ignatius.
409 1305 41 27 Jag
466 1305 88 27 började
570 1306 48 20 mitt
633 1306 99 26 yttrande
748 1304 85 22 dermed
844 1306 33 20 att

46 1334 37 25 jag
102 1333 46 21 icke
163 1333 60 26 afsåg
239 1336 32 18 att
286 1340 28 14 nu
329 1334 106 20 behandla
450 1334 76 26 sjelfva
542 1334 74 26 frågan
632 1334 6 20 i
654 1334 44 25 sak,
715 1336 50 18 utan
782 1334 26 21 då
823 1333 53 27 peti-

49 1362 121 20 tionärerne
185 1362 49 20 sökt
249 1364 31 19 ett
296 1363 47 20 stöd
360 1362 32 21 för
408 1363 31 20 sin
456 1363 90 25 petition
562 1363 6 20 i
585 1363 25 21 de
626 1369 38 20 par
680 1365 61 18 tusen
756 1362 40 21 och
810 1362 66 26 några

49 1390 110 21 hundrade
175 1391 226 26 namnteckningarne,
417 1391 24 21 så
456 1392 48 20 ville
520 1391 36 27 jag
573 1391 89 27 upplysa
673 1391 89 21 Ståndet
773 1398 33 14 om
821 1391 55 21 hvad

47 1419 58 26 slags
127 1420 48 20 stöd
188 1426 44 14 som
253 1420 69 20 deruti
339 1420 39 26 låg.
407 1420 40 26 Jag
463 1420 54 21 skall
534 1420 34 20 väl
583 1420 114 20 framdeles
712 1420 64 20 sedan
793 1419 83 21 blifva
866 1415 14 36 i

48 1447 84 21 tillfälle
154 1450 33 18 att
209 1450 57 24 yttra
284 1448 42 26 mig
344 1448 7 20 i
367 1448 72 26 saken,
454 1451 39 19 när
508 1448 73 26 frågan
597 1449 153 25 återkommer;
766 1455 47 15 men
830 1448 46 21 der-

48 1476 98 21 förinnan
163 1476 39 21 har
217 1477 35 27 jag
268 1477 17 26 ej
302 1479 53 19 trott
371 1478 42 26 mig
429 1478 53 20 böra
498 1479 52 24 göra
566 1477 41 21 det.
