1103 1781
187 126 25 20 72
400 129 178 22 Borgareständet
592 130 53 17 1877.
669 130 12 16 6
694 130 105 16 Februari.

188 199 105 25 häremot,
317 199 36 21 det
371 199 55 21 enda
441 199 79 21 medlet
536 200 32 19 att
583 198 101 22 förskaffa
700 199 61 21 dessa
776 197 88 23 effekter
880 204 24 15 en
920 197 96 22 inhemsk

187 227 103 22 marknad
307 233 50 16 vore
373 227 169 22 börsauktioner.

256 319 133 26 Helsingfors
406 319 38 21 den
461 319 13 20 6
490 318 102 21 Februari
610 319 60 20 1877.

794 403 54 21 Edv.
866 403 78 28 Bergh.

417 541 39 21 Till
472 541 113 26 Vällofliga
600 541 188 26 Borgareständet.

258 615 83 27 Nådiga
362 615 149 26 förordningen
535 615 22 21 af
579 615 39 21 den
635 617 11 19 9
663 615 51 21 Juni
731 616 54 21 1873
801 615 108 26 angående
925 614 92 22 tillverk-

187 645 57 26 ning,
268 644 131 27 försäljniog,
419 644 78 27 upplag
513 644 39 21 och
568 643 87 27 forsling
670 644 22 21 af
707 643 88 22 bränvin
811 644 137 21 tillerkänner
963 643 6 21 i
985 644 31 21 sin

188 675 26 19 47
240 673 13 27 &
276 674 154 21 kommunerna
452 673 103 26 rättighet
576 675 32 18 att
631 673 57 20 inom
712 673 32 26 sig
766 672 98 27 förbjuda
883 672 50 21 eller
949 672 68 21 tillåta

189 702 154 25 utminutering
367 701 22 21 af
411 702 67 21 denna
504 707 56 15 vara.
591 701 11 21 I
624 701 51 26 följd
697 701 22 21 af
741 701 164 21 kommunernas
927 702 43 19 rätt
985 703 32 18 att

189 731 90 20 sålunda
303 731 117 20 bestämma
442 729 178 26 utminuteringen
644 729 39 21 och
699 729 54 22 vaka
769 729 64 26 öfver,
849 731 32 19 att
897 729 122 21 densamma

187 759 47 21 icke
266 758 92 22 erhåller
381 759 33 20 för
436 760 45 19 stor
502 758 153 26 utsträckning,
678 758 63 21 hafva
763 757 51 22 flere
835 757 183 22 stadskommuner

189 787 140 21 öfverlemnat
354 787 135 21 uteslutande
516 786 267 27 utminuteringsrättighet
809 787 22 20 åt
855 786 67 25 bolag,
945 786 74 21 hvilka

188 815 69 22 bildat
272 816 38 26 sig,
326 817 51 20 utan
393 816 81 26 hänsyn
490 815 32 21 till
538 821 52 20 egen
606 815 61 26 vinst,
682 815 7 21 i
705 815 64 27 afsigt
782 817 32 19 att
825 815 115 20 inskränka
955 815 63 20 utmi-

189 844 212 27 nuteringsställenas
425 844 57 21 antal
505 843 38 22 och
564 843 131 22 förekomma
712 844 34 21 det
762 843 39 22 hos
817 843 95 21 enskilda
927 843 91 21 utminu-

189 875 72 19 terare
277 873 23 20 så
316 872 84 27 vanliga
416 873 38 20 och
471 873 105 26 naturliga
592 872 132 21 sträfvandet
740 875 31 18 att
787 872 87 21 försöka
890 871 21 22 af
926 873 40 20 den
977 871 41 22 far-

189 901 42 26 liga
255 907 65 15 varan
340 901 79 27 afyttra
441 901 23 21 så
486 901 83 26 mycket
592 907 44 14 som
661 901 87 26 möjligt.
779 901 49 21 Men
852 900 38 21 allt
905 900 53 21 efter
973 906 44 15 som

189 929 257 28 utminuteringsbolagen
468 930 49 21 sökt
540 929 82 21 minska
645 929 149 26 afsättningen,
818 929 62 21 hafva
901 929 117 26 spritfabri-

190 958 79 21 kernas
285 959 161 26 tillverkningar
460 958 92 27 uppsökt
568 958 66 21 andra
649 960 65 24 vägar
730 957 31 22 för
777 960 32 19 att
824 958 71 26 sprida
910 958 31 26 sig
955 957 63 21 bland

191 987 150 21 allmänheten.
362 987 49 21 Med
427 987 48 21 stöd
490 987 23 20 af
526 987 40 20 den
583 987 6 20 i
605 988 11 25 8
634 987 26 20 55
673 986 22 21 af
704 987 77 20 nämda
792 986 122 26 förordning
922 985 97 27 berörda,

191 1015 122 22 haudlande
334 1016 6 20 i
356 1016 98 21 städerne
471 1015 159 21 tillkommande
646 1017 44 19 rätt
705 1018 33 18 att
753 1015 86 27 försälja
854 1015 143 26 spritdrycker
1012 1015 6 20 i

191 1043 78 28 belopp
285 1044 22 21 af
322 1050 25 15 en
363 1043 112 28 fjerdedels
491 1044 69 21 kanna
576 1043 62 22 hafva
656 1043 24 21 de
696 1043 61 22 flesta
772 1045 80 19 smärre
864 1043 154 21 handelsbodar

190 1073 133 20 förvandlats
339 1073 31 20 till
387 1072 245 26 utminuteringsställen,
648 1072 37 21 der
701 1073 80 26 vanligt
796 1072 94 24 bränvin,
906 1072 54 21 blott
971 1072 48 21 med

190 1101 79 21 tillsats
285 1101 22 22 af
321 1101 65 27 något
402 1101 113 26 färgämne,
532 1101 66 21 under
614 1107 62 14 namn
693 1101 21 20 af
729 1107 52 20 rom,
797 1100 79 27 konjak
892 1107 26 14 m.
935 1107 26 14 m.
976 1101 43 20 för-

191 1129 63 27 säljes
271 1129 55 22 både
343 1130 40 26 dag
399 1130 39 21 och
454 1132 52 19 natt.
537 1129 44 21 Och
598 1129 121 27 derigenom
736 1131 23 19 är
774 1129 223 21 stadskommunernas
1013 1129 5 20 i

191 1157 142 22 ofvannämda
356 1158 123 27 förordning
498 1158 106 26 medgifna
620 1158 104 26 rättighet
739 1160 32 19 att
786 1158 54 21 vaka
856 1157 57 21 öfver
929 1158 90 20 utminu-

190 1187 99 26 teringen
305 1187 149 27 tillintetgjord
470 1187 39 21 och
525 1187 231 21 bränvinsmissbruket
772 1187 5 20 i
794 1187 99 20 städerne
909 1187 5 20 i
926 1186 95 26 ständigt

188 1215 133 27 tilltagande.

261 1244 10 21 I
294 1244 65 26 afsigt
381 1246 32 19 att
436 1245 56 21 sätta
508 1250 24 14 en
552 1245 63 25 gräns
630 1243 33 21 för
678 1243 60 22 detta
753 1243 49 26 ofog
817 1243 62 21 hafva
894 1243 125 21 underteck-

189 1272 54 21 nade
268 1276 70 18 ansett
359 1273 31 26 sig
413 1273 51 21 böra
488 1273 108 21 vördsamt
618 1272 91 25 anhålla,
730 1274 32 19 att
776 1272 181 26 Borgareståndet
973 1272 48 20 ville

189 1300 76 22 förena
287 1302 32 26 sig
341 1302 6 20 i
363 1308 26 14 en
406 1301 130 27 underdånig
552 1300 89 28 petition
657 1300 38 22 hos
712 1301 59 21 Hans
787 1300 118 27 Kejserliga
920 1300 101 27 Majestät

189 1329 82 27 derom,
296 1332 32 19 att
351 1330 131 21 handlandes
505 1330 6 20 i
532 1331 12 25 &
560 1330 26 20 55
603 1330 23 20 af
640 1329 137 21 meranämda
792 1329 123 26 förordning
930 1329 91 21 berörda

190 1360 43 19 rätt
254 1360 33 19 att
302 1358 85 27 försälja
403 1358 144 27 spritdrycker
563 1358 68 21 blefve
647 1358 113 21 inskränkt
775 1357 88 26 derhän,
876 1360 31 18 att
918 1357 40 21 fem
970 1357 51 21 kan-

189 1392 39 15 nor
245 1393 51 15 vore
312 1386 35 22 det
364 1388 77 20 minsta
456 1387 77 32 belopp
550 1387 25 21 de
591 1382 55 42 finge
661 1382 87 42 afyttra,
765 1386 39 21 och
820 1388 32 19 att
867 1386 49 38 nådi

189 1417 65 19 sition
277 1418 6 18 i
307 1418 71 18 ämnet
401 1416 74 25 biefve,
498 1416 68 21 såvidt
582 1411 87 43 möjligt
680 1417 31 23 är,
728 1415 64 21 redan
809 1416 26 20 de
850 1421 28 14 nu
893 1414 128 21 församlade

189 1444 118 21 ständerna
321 1444 100 27 förelagd.
452 1444 133 26 Helsingfors
601 1443 39 21 den
658 1444 11 20 6
686 1443 104 21 Februari
808 1444 60 20 1877.

187 1517 83 21 Robert
286 1518 41 21 Ek.
386 1518 60 22 John
462 1518 72 21 Julin.
590 1518 62 21 Gust.
672 1518 109 21 Törnudd.
837 1517 75 21 Viktor
931 1512 88 32 Öhberg.
