1103 1781
302 127 179 20 Borgareständet
494 127 54 17 1877.
577 128 22 30 18
612 127 62 17 Mars.
868 122 42 20 297

80 197 39 26 ligt
144 196 41 21 min
201 196 55 26 äsigt
271 195 46 22 icke
330 195 104 27 afhjelpas
450 195 129 27 derigenom,
596 198 32 19 att
643 202 25 14 en
685 195 127 26 Ständerlag
830 196 80 27 bygdes

81 226 26 25 pä
131 231 24 14 en
177 224 154 21 administrativ
354 224 138 27 författpings
515 224 21 21 af
558 224 119 21 Ständerna
699 224 120 21 oberoende
835 225 74 26 grund.

82 253 67 22 Göres
171 253 193 26 inteckningslagen
383 253 47 20 åter
446 252 120 21 oberoende
584 253 20 20 af
618 253 69 20 denna
703 253 68 26 grund
786 253 68 20 måste
870 253 40 21 den

79 282 86 21 komma
188 284 32 18 att
242 281 66 22 sakna
330 281 64 26 nödig
415 281 161 27 fullständighet
598 281 40 21 och
660 281 75 21 förfela
751 281 37 21 sitt
804 281 105 22 ändamål.

79 310 41 27 Jag
143 310 78 21 tilläter
243 311 42 25 mig
308 309 83 21 derföre
413 309 92 27 anhälla,
535 312 31 19 att
588 310 163 26 Lagutskottets
774 310 135 21 betänkande

80 339 66 21 mätte
161 339 23 21 af
197 338 89 22 Ständet
301 338 134 25 godkännas;
456 339 90 20 sälunda
562 339 74 25 skulle,
652 345 61 20 synes
730 338 48 27 mig,
795 338 25 21 de
831 339 78 26 svärig-

79 367 61 22 heter
155 367 39 22 och
210 367 159 26 förvecklingar,
385 367 72 21 hvilka
473 367 73 27 hvarje
560 373 69 15 annan
642 367 83 26 lösning
738 367 22 21 af
770 367 68 21 denna
849 367 60 26 fräga

80 397 73 27 tyckes
175 396 117 25 framkalla,
314 396 71 20 kunna
399 395 105 22 undvikas
521 395 39 22 och
576 396 119 21 Ständerna
710 395 68 22 tillika
794 396 115 26 behörigen

80 425 77 21 beakta
181 425 39 21 den
240 425 111 26 vigtigaste
367 424 60 21 sidan
443 425 23 20 af
480 425 70 20 denna
565 425 44 25 sak,
626 425 104 26 nemligen
747 425 41 20 den
804 425 105 20 konstitu-

80 453 93 22 tionella.

149 510 56 21 Herr
220 509 154 22 Molander:
399 510 32 21 De
446 510 36 21 tvä
498 512 84 19 senaste
598 510 95 21 talarene
709 510 61 21 hafva
786 512 71 19 ansett
873 510 35 21 det

80 538 73 27 nödigt
169 541 31 18 att
215 538 57 21 hälla
287 538 79 27 ganska
381 538 95 21 lärorika
492 539 98 26 föredrag
606 538 57 21 öfver
679 539 129 20 Ständernas
824 539 85 26 legisla-

80 567 43 21 tiva
145 569 43 19 rätt
211 567 47 21 med
280 567 97 21 afseende
399 567 13 21 å
428 567 60 26 lagen
506 573 33 14 om
556 551 124 46 koncession
696 567 32 20 till
741 567 94 26 jernväg.
867 567 42 21 För

80 596 43 21 min
139 595 34 22 del
188 597 24 19 är
225 596 36 26 jag
277 595 122 27 öfvertygad
415 602 33 15 om
466 598 32 19 att
514 597 36 20 det
565 596 46 21 icke
626 595 67 22 finnes
709 596 68 25 nägon
796 596 90 22 medlem
903 597 6 19 i

80 625 185 26 Borgareständet,
287 631 44 14 som
357 624 46 21 icke
427 625 6 20 i
456 624 68 21 likhet
544 625 48 20 med
614 624 162 27 Lagutskottets
792 625 117 21 ledamöter

81 655 36 19 äro
135 659 48 15 ense
199 641 78 37 derom,
297 655 31 18 att
344 659 48 14 man
408 653 48 21 icke
473 653 37 21 bör
526 653 68 26 bygga
609 653 161 26 ifrågavarande
785 653 124 26 författning

80 682 27 26 pä
123 683 67 25 nägon
207 682 152 21 administrativ
376 681 135 28 författnings
525 682 45 21 lösa
585 683 78 25 grund;
679 688 47 15 men
743 682 54 21 hvad
811 682 37 26 jag
863 682 46 21 icke

81 710 68 21 blifvit
172 710 123 27 öfvertygad
318 717 40 17 om,
381 710 95 21 hvarken
500 710 22 21 af
538 711 117 20 utskottets
671 710 134 21 betänkande
821 710 52 21 eller
888 711 21 20 af

81 739 61 21 dessa
165 739 104 26 föredrag,
292 741 23 19 är
335 741 32 18 att
391 739 36 20 det
443 739 47 21 icke
505 739 67 20 skulle
589 739 71 20 kunna
675 739 67 21 finnas
759 745 25 14 en
801 739 108 26 möjlighet

81 769 32 19 att
128 767 59 22 stifta
203 774 24 15 en
244 768 128 25 författning,
389 768 92 21 rörande
497 768 234 26 inteckningssäkerhet
741 768 6 20 i
758 768 94 26 jernväg,
864 774 45 14 som

81 796 68 21 skulle
170 803 50 14 vara
235 796 68 27 byggd
320 796 26 27 pä
362 796 130 27 fullkomligt
507 796 69 27 laglig,
593 797 39 20 och
648 797 45 20 icke
709 797 56 20 blott
780 797 27 26 pä
822 797 88 20 admini-

81 825 74 20 strativ
179 825 72 26 grund.
283 825 40 26 Jag
343 827 24 18 är
387 825 124 27 öfvertygad
532 825 71 21 derom
620 828 32 18 att
668 825 35 20 det
718 825 67 21 finnes
801 824 109 27 möjlighet

81 853 33 20 till
130 860 24 14 en
170 854 64 20 sädan
251 853 134 27 författnings
401 854 151 26 upprättande,
568 854 39 20 och
623 860 62 15 anser
697 854 37 26 jag
749 854 36 20 det
804 853 106 21 öfverens-

81 883 90 20 stämma
187 883 47 20 med
251 882 128 21 Ständernas
402 883 118 26 värdighet,
538 885 31 18 att
584 885 51 23 göra
652 885 29 18 ett
697 883 78 25 försök,
792 884 31 19 att
838 882 72 21 ästad-

81 911 85 20 komma
189 917 25 14 en
236 911 64 20 sädan
317 911 133 26 författning,
466 917 44 15 som
527 913 24 18 är
566 911 22 21 af
602 911 105 21 allmänna
723 910 99 22 behofvet
837 911 72 26 päkal-

81 938 42 21 lad.
153 939 77 21 Derför
253 939 66 21 skulle
340 939 36 26 jag
398 939 74 21 förena
495 940 42 26 mig
560 940 47 20 med
623 942 161 19 reservanterna
800 939 38 21 och
854 940 56 20 äter-

81 967 114 21 hemtande
211 968 25 20 de
253 969 93 24 motiver,
362 975 45 14 som
424 971 167 22 reservanterne,
605 968 121 27 isynnerhet
737 968 107 27 professor
857 968 52 21 Ehr-

82 998 66 19 ström
164 996 75 27 anfört,
255 997 37 20 ber
305 996 36 27 jag
356 999 32 18 att
404 997 21 20 fä
441 997 129 20 understöda
582 997 40 20 den
634 997 53 26 äsigt
699 999 31 18 att
743 997 86 20 ärendet
842 996 67 21 skulle

82 1025 168 21 äterremitteras
265 1025 33 20 till
314 1025 164 26 Lagutskottets
494 1025 134 26 behandling.

152 1081 56 22 Herr
223 1081 155 22 Snellman:
395 1077 68 26 Äfven
480 1082 42 27 mig
537 1088 61 21 synes
614 1082 35 21 det
665 1089 51 14 vara
728 1082 80 26 ganska
819 1081 92 26 outredt,

83 1110 104 21 huruvida
211 1111 46 20 icke
280 1117 25 14 en
329 1111 33 26 lag
385 1117 34 14 om
445 1111 121 26 inteckning
589 1111 5 20 i
612 1111 89 26 jernväg
721 1111 77 24 kunde,
812 1113 52 18 utan
880 1113 32 18 att

81 1139 69 26 någon
167 1139 100 21 afvikelse
282 1139 45 21 från
343 1140 179 25 rättsgrunderna
536 1140 6 19 i
559 1139 37 21 vär
610 1139 132 26 lagstiftning
754 1139 100 21 behöfver
866 1139 44 25 ske,

82 1167 85 21 komma
179 1167 31 21 till
223 1168 67 21 stånd.
318 1168 49 21 Man
381 1168 42 21 kan
435 1168 65 21 tänka
511 1169 32 25 sig
555 1170 32 19 att
598 1175 25 14 en
634 1168 65 21 sådan
709 1167 36 27 lag
754 1168 157 21 ästadkommes

83 1195 87 22 alldeles
186 1196 118 21 oberoende
321 1197 22 20 af
357 1197 40 20 den
414 1203 29 14 nu
458 1197 98 26 gällande
571 1197 149 26 förordningen
737 1203 33 14 om
787 1196 124 21 koncession

83 1224 31 21 till
127 1224 257 27 jernvägsanläggningar.
416 1225 90 21 Derföre
522 1227 32 19 att
570 1226 69 20 denna
654 1225 122 26 förordning
789 1224 123 22 tillkommit

81 1254 28 27 pä
125 1256 31 18 ett
178 1256 48 21 sätt,
252 1260 44 15 som
319 1260 48 15 man
389 1254 48 21 icke
459 1256 71 19 ansett
551 1261 51 14 vara
619 1255 36 20 det
669 1256 63 25 rätta,
748 1254 39 20 bör
802 1259 48 15 man
866 1253 46 21 icke

82 1282 62 21 kasta
168 1282 59 21 äsido
251 1285 31 18 ett
303 1282 80 27 förslag
404 1283 6 20 i
427 1289 26 15 en
469 1284 23 20 sä
507 1283 65 26 vigtig
588 1282 64 27 fräga,
668 1289 45 15 som
730 1283 39 21 den
785 1288 28 15 nu
828 1282 84 26 förelig-

82 1311 75 26 gande.
188 1311 41 21 Det
251 1313 24 19 är
297 1311 83 27 möjligt
396 1314 39 24 att,
453 1312 3 20 i
472 1318 25 14 en
514 1318 49 14 snar
575 1311 92 25 framtid,
683 1311 128 21 ätminstone
826 1311 86 21 kortare

81 1340 113 26 jernvägar
216 1340 6 20 i
243 1340 46 20 värt
307 1340 50 20 land
373 1340 71 21 kunde
460 1340 158 21 ästadkommas
633 1346 74 20 genom
724 1339 81 22 enskild
820 1339 92 26 företag-

82 1367 93 27 samhet;
192 1368 39 21 och
247 1371 32 18 att
294 1368 61 21 deras
371 1368 191 22 ästadkommande
578 1368 54 22 skall
648 1369 6 20 i
669 1368 93 27 betydlig
778 1369 48 20 män
838 1368 74 20 under-

82 1396 72 26 lättas,
178 1402 33 15 om
237 1397 36 21 det
297 1397 67 21 finnes
380 1404 26 14 en
423 1397 109 27 möjlighet
547 1397 32 21 för
594 1404 107 20 personer,
717 1403 45 15 som
779 1396 49 27 vilja
842 1396 71 21 lemna

82 1425 45 21 sina
142 1425 105 27 kapitaler
269 1425 32 21 till
316 1425 113 27 företaget,
444 1428 32 19 att
492 1426 62 21 vinna
570 1426 121 26 inteckning
705 1426 7 20 i
726 1425 185 27 jernvägsanlägg-

82 1454 77 26 ningen
175 1456 24 18 är
214 1454 161 26 otvifvelaktigt.
408 1455 42 21 Det
465 1460 49 16 vore
530 1454 82 22 säledes
628 1454 32 21 till
675 1456 55 19 stort
745 1460 55 20 gagn
816 1454 32 21 för
864 1452 48 22 hela

81 1481 79 27 landet,
177 1488 34 15 om
227 1489 25 15 en
268 1482 35 27 lag
318 1488 34 16 om
368 1483 124 26 inteckning
507 1484 6 20 i
526 1483 88 27 jernväg
624 1483 70 21 kunde
706 1482 80 24 vinnas,
800 1482 39 22 och
850 1488 62 15 anser
