1103 1781
191 98 40 20 174
397 102 180 21 Borgareståndet
590 103 54 17 1877.
670 103 22 16 16
705 102 107 17 Februari.

189 171 66 25 heter,
277 177 46 16 som
343 172 40 21 den
407 171 76 22 önskat
505 171 118 26 framhålla,
646 177 28 15 nu
696 170 69 22 blifvit
780 170 92 22 derifrån
888 170 130 25 förhindrad,

189 202 24 19 är
232 200 37 21 det
288 200 57 21 klart
360 203 32 18 att
407 201 82 26 Nystad
504 201 47 20 icke
566 200 57 27 gjort
638 200 69 26 någon
723 200 56 21 vinst
794 200 33 20 för
842 199 85 22 hvilken
942 200 75 20 staden

189 229 66 21 borde
271 229 86 26 erlägga
372 229 134 26 godtgörelse
522 229 31 21 till
568 229 99 21 Ståndets
683 229 96 20 enskilda
791 228 63 21 kassa
869 229 50 20 eller
935 228 82 21 minska

189 257 116 26 utgifterna
321 257 32 21 för
368 258 26 20 de
410 257 66 26 öfriga
492 258 105 20 städerna.
615 270 27 3 —
658 257 41 26 Jag
715 257 84 21 förenar
814 257 42 26 mig
872 257 81 21 således
969 257 46 20 med

189 287 54 25 dem,
259 292 46 15 som
321 286 89 21 anhållit
426 289 31 18 att
473 286 101 27 förslaget
590 285 66 22 måtte
672 285 92 22 förfalla.

258 343 56 20 Herr
337 343 164 21 Molander:
531 343 71 21 Jemte
624 343 37 20 det
681 343 37 26 jag
740 343 37 21 ber
800 344 32 19 att
854 342 21 22 få
898 341 119 22 återhemta

189 371 48 21 mitt
256 371 127 26 föregående
405 372 106 26 yttrande,
532 371 78 21 önskar
624 371 36 27 jag
675 371 74 21 förena
765 371 42 26 mig
823 371 47 21 med
886 371 49 20 herr
955 370 61 21 all-

188 406 51 20 gren
261 406 33 15 om
318 400 150 26 lämpligheten
491 402 31 19 att
537 400 33 21 för
586 402 97 19 närmare
699 400 113 26 utredning
828 399 108 22 remittera
955 402 62 18 ären-

189 428 36 21 det
240 428 34 21 till
297 428 101 21 Ståndets
421 429 95 20 enskilda
536 429 181 20 Besvärsutskott.
754 428 46 21 Mot
820 429 50 20 herr
889 428 124 26 Tengström

189 457 49 21 ville
259 457 37 26 jag
318 457 107 26 anmärka,
445 459 31 19 att
495 457 35 20 det
551 458 5 20 i
571 457 241 26 Landtdagsordningen
833 456 101 27 klarligen
951 457 66 24 heter,

189 487 32 19 att
244 485 33 21 för
297 486 39 21 den
353 486 60 20 valde
429 485 53 22 skall
498 486 98 20 fullmakt
612 485 152 26 ofördröjligen
780 486 95 20 utfärdas
891 485 39 21 och
945 487 33 19 att
993 485 23 21 ät

189 514 39 21 den
251 521 45 14 som
319 514 36 21 vill
376 514 73 21 anföra
469 514 105 27 klagomäl
588 515 59 20 öfver
662 514 56 21 valet
734 514 195 27 protokollsutdrag
944 517 72 18 senast

189 543 56 20 inom
269 543 35 20 tvä
320 543 66 26 dagar
402 543 38 20 bör
456 543 112 20 utlemnas.
598 543 68 20 Dessa
681 543 131 25 stadganden
829 543 56 26 gifva
899 543 54 20 intet
969 543 47 20 stöd

189 571 32 20 för
237 571 134 26 pästäendet,
387 574 32 18 att
434 571 138 27 Magistraten
588 572 6 19 i
610 571 89 27 Nystad,
715 571 63 20 innan
794 572 40 20 den
850 571 111 20 utfärdade
969 570 47 21 full-

189 599 92 24 makten,
293 600 49 21 bort
353 600 86 21 invänta
455 600 157 21 besvärstidens
627 600 89 27 utgång;
734 601 38 20 och
788 600 32 21 till
836 600 50 27 följd
902 599 61 21 deraf
977 599 39 21 bör

189 628 75 21 staden
280 629 81 26 Nystad
379 635 50 14 vara
444 629 82 26 skyldig
542 631 32 18 att
590 629 129 20 ätminstone
735 628 33 21 för
782 628 77 27 fjorton
871 629 64 25 dagar
944 628 73 21 betala

189 656 271 27 landtdagsmannaarvode
477 657 31 21 till
524 657 101 21 Ständets
641 657 69 21 kassa.

258 714 57 21 Herr
337 715 23 20 A.
383 714 177 25 Björkstén:
591 710 67 25 Äfven
677 714 37 26 jag
738 714 37 21 ber
796 716 31 19 att
848 713 22 22 få
885 714 72 21 förena
973 713 42 26 mig

189 742 48 21 med
260 743 50 20 herr
330 743 107 26 Wallgren
454 743 38 21 och
508 743 40 20 den
565 745 84 19 senaste
665 743 83 20 talaren
764 743 91 20 rörande
871 742 98 21 behotvet
985 744 31 19 att

189 771 31 20 för
242 771 106 21 vinnande
371 771 22 21 af
412 771 70 27 möjlig
505 771 114 27 utredning
641 771 6 21 i
670 771 66 21 saken
755 771 110 21 remittera
880 771 87 20 ärendet
983 771 32 20 till

189 799 102 22 Ständets
307 800 95 21 enskilda
417 800 174 21 Besvärsutskott
607 800 39 21 och
661 800 38 21 ber
716 802 32 19 att
758 800 21 21 få
789 799 54 22 fästa
855 799 99 22 Ständets
964 805 51 20 upp-

189 828 144 21 märksamhet
350 829 72 26 derpä,
438 831 32 18 att
485 829 65 26 enligt
566 830 186 25 representantens
763 829 33 20 för
807 828 80 27 Nystad
899 834 51 20 egen
963 834 52 20 upp-

189 857 45 26 gift,
259 857 41 21 han
323 863 75 20 genom
420 857 137 25 Magistraten
578 858 6 20 i
600 857 135 26 Helsingfors
751 857 68 21 blifvit
834 857 38 20 den
891 857 24 20 12
931 857 86 20 inneva-

189 886 66 21 rande
270 886 103 21 Februari
396 885 85 22 försedd
503 886 48 21 med
572 886 104 21 fullmakt.
706 886 34 21 Dä
761 885 56 21 valet
838 885 79 22 skedde
933 885 40 21 den
989 885 26 20 31

188 914 95 26 Januari,
300 915 38 20 har
357 915 42 20 han
415 915 82 20 säledes
512 915 6 20 i
534 915 133 26 Helsingfors
683 914 113 26 emottagit
812 914 30 21 sin
858 913 99 22 fullmakt
971 913 46 21 före

189 942 158 22 besvärstidens
370 943 86 26 utgäng.
487 943 41 21 Det
551 949 61 21 synes
635 943 63 21 alltsä
722 943 66 25 häraf,
807 945 31 19 att
855 943 161 25 Magistraten
1004 938 15 36 i

189 971 82 26 Nystad
294 972 46 21 icke
363 971 94 22 afvaktat
480 972 68 21 denna
568 972 107 26 tidpunkt.
699 984 28 3 —
748 971 41 26 Jag
811 977 63 15 anser
895 971 36 21 det
947 970 70 21 derför

187 1006 52 15 vara
255 1000 46 21 skäl
317 1002 32 19 att
365 1003 49 23 taga
429 1001 6 20 i
452 1000 161 27 öfvervägande,
629 1001 86 20 hvarför
730 1001 46 20 icke
792 999 140 28 Magistraten
953 1000 5 19 i
974 999 42 26 Ny-

187 1028 65 21 stad
246 1024 9 36 i
266 1029 216 21 öfverensstämmelse
498 1029 47 21 med
561 1029 253 26 Landtdagsordningens
830 1028 79 27 tydliga
924 1028 93 21 bestäm-

188 1057 64 21 melse
277 1057 149 28 ofördröjligen
450 1058 94 21 utfärdat
565 1058 98 21 fullmakt
685 1058 33 20 för
741 1058 32 20 sin
796 1058 149 25 representant
964 1059 52 18 utan

187 1086 106 21 försinkat
314 1087 40 20 den
377 1087 37 24 tid,
437 1093 44 14 som
504 1087 144 26 tilländalupit
670 1086 90 21 emellan
783 1086 57 21 valet
860 1085 39 21 och
920 1085 39 21 den
975 1085 42 26 dag

189 1114 26 21 dä
231 1114 125 22 fullmakten
372 1115 111 21 utfärdats.

257 1171 57 22 Herr
334 1172 121 26 Nybom:
486 1172 55 21 Herr
563 1172 80 21 Kurtön
667 1172 39 21 har
729 1173 79 24 nämnt,
833 1173 32 19 att
886 1171 41 20 han
943 1171 73 25 egent-

188 1199 55 27 ligen
260 1200 46 21 icke
321 1200 57 21 velat
393 1201 75 26 älägga
483 1201 81 26 Nystad
580 1203 31 18 ett
627 1201 42 20 vite
685 1200 33 21 för
734 1199 154 27 försumlighet,
900 1202 49 18 utan
961 1199 56 21 blott

187 1229 84 20 försökt
293 1231 32 19 att
348 1229 48 21 med
417 1229 48 21 stöd
480 1229 22 20 af
517 1229 35 21 det
568 1229 22 20 af
604 1229 76 21 honom
697 1229 123 26 åberopade
835 1229 82 25 lagrum
933 1228 84 26 grunda

188 1264 25 14 en
230 1258 154 26 proportionell
398 1258 118 26 fördelning
531 1258 22 21 af
567 1258 234 26 landtdagskostnaden
818 1258 89 20 emellan
918 1256 98 26 samtliga

187 1286 79 21 städer.

258 1315 41 21 Det
315 1316 24 19 är
355 1315 121 26 visserligen
492 1315 59 21 fallet
566 1317 32 19 att
614 1315 96 23 Ständet,
729 1315 3 20 i
748 1314 101 21 händelse
864 1314 69 26 nägon
946 1320 70 20 repre-

188 1344 87 20 sentant
297 1343 105 21 förklarar
425 1344 32 26 sig
480 1344 99 26 missnöjd
603 1344 48 20 med
673 1344 36 20 det
725 1344 21 20 ät
762 1343 78 21 honom
856 1342 110 22 bestämda
982 1348 34 14 ar-

189 1372 59 26 vode,
265 1374 24 18 är
305 1372 101 27 befogadt
421 1374 32 19 att
468 1372 74 26 pröfva
557 1372 59 21 detta
631 1372 107 26 klagomäl
754 1372 39 21 och
809 1372 76 26 älägga
895 1370 121 22 valdistrik-

188 1402 32 19 tet
234 1402 34 19 att
284 1401 71 20 betala
370 1407 58 15 mera
443 1404 27 18 än
486 1401 36 21 det
537 1401 74 21 utfäst.
642 1401 49 21 Men
707 1401 59 21 detta
782 1400 48 21 sker
846 1400 77 21 endast
937 1399 28 27 pä
980 1405 36 15 an-

188 1429 73 21 hälian
284 1429 21 21 af
327 1429 40 21 den
384 1432 152 24 representant,
560 1436 44 14 som
626 1436 62 14 anser
703 1430 37 20 sitt
756 1430 79 20 arvode
851 1435 50 15 vara
917 1428 32 20 för
965 1428 52 26 lägt,

188 1458 39 20 och
248 1458 115 26 ingalunda
386 1458 27 26 pä
429 1458 99 21 Ständets
551 1458 97 26 initiativ,
672 1458 40 21 och
732 1458 119 20 allraminst
866 1459 23 19 är
905 1456 111 26 meningen

188 1486 40 21 den
245 1489 33 19 att
294 1486 89 22 Ständet
399 1487 52 21 skall
462 1487 90 21 anställa
568 1488 68 25 nägon
648 1487 105 26 reglering
770 1486 51 22 eller
830 1486 57 27 jemn
897 1485 120 26 fördelning
