1103 1781
196 101 41 21 288
430 106 179 22 Borgareständet
622 108 55 16 1877.
703 108 12 16 9
728 108 62 16 Mars.

429 307 146 34 Fredagen
594 307 55 26 den
668 306 31 27 13
719 307 82 26 Mars.

267 394 34 21 Kl.
325 395 25 20 11
378 393 45 22 före
444 393 113 27 middagen
580 393 174 22 sammanträdde
775 393 32 21 till
823 393 85 27 plenum
923 393 104 25 Borgare-

197 423 97 21 ståndets
316 423 98 25 samtlige
437 423 117 20 ledamöter
573 425 58 18 utom
648 422 49 21 herr
713 421 111 26 Sanmark,
840 427 45 16 som
901 421 79 22 anmält
995 421 33 27 sig

197 451 23 22 af
231 451 98 27 sjukdom
345 451 91 22 hindrad
451 453 32 19 att
498 451 111 21 öfvervara
624 451 174 21 sammanträdet.

267 633 42 22 Till
322 633 105 28 justering
442 633 108 28 upplästes
566 633 105 22 särskilda
687 634 78 27 utdrag
776 633 24 22 af
811 633 99 22 Ståndets
921 633 107 26 protokoll

198 662 34 21 för
248 661 41 22 den
305 663 12 20 9
333 662 142 22 innevarande
491 662 63 21 Mars.

270 839 182 26 Borgareståndet
474 839 32 21 till
529 839 119 22 kännedom
671 839 109 27 upplästes
803 838 92 27 följande
910 839 46 21 från
972 839 59 22 Med-

201 867 90 22 stånden
307 868 107 21 ankomna
429 867 203 28 protokollsutdrag,
648 868 115 27 nemligen:

272 937 33 20 1:o
328 936 56 21 Från
407 936 156 27 Ridderskapet
585 937 39 21 och
644 937 69 20 Adeln
727 937 23 21 af
764 937 41 20 den
820 937 13 20 6
849 937 57 20 Mars
921 937 109 26 angående

201 964 102 22 Ständets
318 965 72 21 beslut
405 967 32 19 att
452 967 78 24 antaga
545 965 224 22 Ekonomiutskottets
784 965 135 22 betänkande
933 965 7 21 i
956 965 74 22 anled-

201 994 50 26 ning
273 994 23 21 af
317 994 40 21 den
379 993 77 27 nådiga
478 994 165 27 propositionen,
667 994 109 27 angående
792 993 95 27 grunden
902 993 34 22 för
951 993 78 27 tolags-

199 1021 102 28 afgiftens
316 1022 143 27 beräknande,
476 1022 63 21 likväl
555 1023 89 20 sålunda
659 1025 32 18 att
707 1023 98 26 tillägget
821 1023 33 20 till
869 1023 52 20 sista
936 1028 93 16 momen-

200 1053 32 19 tet
247 1051 70 21 skulle
331 1051 28 26 på
375 1053 43 19 sätt
433 1054 159 19 reservanterne
608 1051 6 21 i
630 1051 106 22 utskottet
752 1051 110 27 tillstyrkt,
878 1051 91 21 förfalla.

270 1121 34 20 2:o
320 1119 57 22 Från
393 1120 157 26 Ridderskapet
565 1120 40 21 och
620 1119 68 22 Adeln
700 1120 23 21 af
732 1126 82 15 samma
826 1119 47 27 dag,
884 1119 146 22 innefattande

199 1148 103 21 Ståndets
317 1148 71 21 beslut
404 1148 132 22 beträffande
551 1149 224 21 Ekonomiutskottets
791 1148 135 21 betänkande
941 1149 6 20 i
959 1148 70 21 anled-

200 1177 50 27 ning
274 1177 23 21 af
318 1177 41 21 den
377 1177 77 27 nådiga
469 1177 160 27 propositionen
646 1184 33 15 om
696 1177 121 22 ordnandet
832 1177 23 21 af
868 1177 161 26 häradsposten.

271 1246 33 22 3:0o
320 1245 57 23 Från
393 1246 159 22 Presteständet
568 1246 22 22 af
604 1246 40 22 den
660 1247 13 20 6
689 1246 58 22 Mars
762 1246 110 27 angående
885 1245 99 22 Ständets
995 1245 36 22 be-

199 1275 44 21 slut
253 1274 133 22 beträffande
395 1275 175 21 Statsutskottets
583 1275 134 21 betänkande
728 1276 7 20 i
747 1275 115 26 anledning
872 1274 22 22 af
903 1274 40 22 den
954 1274 77 27 nådiga

199 1304 160 26 propositionen
382 1310 35 14 om
439 1304 114 26 aflyftande
575 1304 23 21 af
618 1304 41 20 den
681 1304 7 20 i
711 1304 58 22 Vasa
792 1304 40 21 och
856 1303 116 26 Uleåborgs
995 1304 35 20 län

199 1332 70 21 under
284 1338 63 15 namn
363 1332 23 21 af
399 1332 172 27 fraktpenningar
586 1332 106 27 utgående
707 1334 66 21 skatt.

270 1402 34 20 4:0
327 1400 57 22 Från
399 1407 81 15 samma
495 1400 67 22 Stånd
576 1401 22 21 af
612 1408 82 15 samma
709 1402 47 27 dag,
772 1401 147 22 innefattande
930 1400 100 22 Ståndets

199 1428 72 22 beslut
294 1429 92 21 rörande
408 1430 222 22 Ekonomiutskottets
649 1430 137 22 betänkande
801 1430 7 21 i
824 1429 114 27 anledning
953 1429 23 21 af
989 1430 41 20 den

199 1457 80 27 nådiga
302 1458 160 27 propositionen
489 1459 109 26 angående
624 1460 96 26 grunden
748 1459 34 21 för
805 1458 168 27 tolagsafgiftens
995 1458 36 22 be-

199 1486 117 22 räknande.
