1103 1781
215 100 40 21 150
441 105 179 21 Borgareständet
634 106 55 17 1877.
715 106 23 16 13
751 106 105 17 Februari.

214 174 43 21 nad
272 174 68 21 väcka
355 180 26 16 en
397 174 89 27 petition
501 174 7 21 i
523 174 144 21 förtsnämndt
677 174 61 27 syfte,
750 180 46 15 men
812 176 32 19 att
855 174 63 22 sedan
931 181 109 21 represen-

214 205 75 19 tanten
312 203 33 21 för
369 203 105 26 Uleåborg
495 203 111 21 inkommit
629 203 47 21 med
696 203 54 21 "dess
770 203 159 27 ifrågavarande
952 204 88 26 petition

211 232 38 26 jag
265 232 75 21 afstått
355 231 100 26 derifrån,
471 238 47 15 men
534 232 70 21 såsom
621 232 73 26 tillägg
709 232 34 21 till
759 232 69 21 denna
841 233 88 26 petition
941 232 100 22 hemstält

214 260 33 21 till
271 260 95 26 Ståndet,
390 260 103 21 huruvida
509 260 46 21 icke
577 261 67 26 lyceet
660 260 125 27 lämpligare
801 261 71 20 kunde
887 261 106 27 förläggas
1009 261 31 21 till

213 289 127 21 Brahestad.
372 288 115 27 Olämpligt
502 289 61 21 torde
578 289 56 26 förty
650 289 116 26 ingalunda
781 295 51 15 vara
847 292 32 19 att
895 289 145 22 diskussionen

214 317 131 22 utsträcktes
360 317 60 22 äfven
437 317 32 21 till
485 317 69 22 denna
569 318 41 20 min
627 317 135 22 hemställan.

283 374 62 21 Efter
368 374 37 21 det
427 374 146 21 diskussionen
589 374 113 25 afstannat,
725 374 69 21 beslöt
810 375 185 26 Borgareståndet,
1011 375 27 26 på

217 403 73 20 derom
307 402 22 21 af
348 403 49 20 herr
413 403 171 21 Talmannen
600 402 112 21 framstäld
728 403 139 26 proposition,
883 406 32 18 att
931 404 108 20 remittera

217 432 90 20 ärendet
323 431 31 21 till
371 431 128 21 Ständernas
514 432 106 20 allmänna
636 431 181 27 Besvärsutskott,
831 432 5 20 i
852 432 79 21 hvilket
941 431 98 22 afseende

215 459 19 27 ej
252 459 82 22 mindre
349 460 116 26 petitionen
476 462 26 19 än
514 460 40 21 den
567 460 6 20 i
584 459 134 22 förestående
730 460 65 21 måtte
808 461 38 20 hos
860 461 179 26 Borgareståndet

214 488 114 21 förefallna
347 489 146 20 diskussionen
509 489 6 20 i
531 491 71 18 ämnet
618 489 68 20 skulle
702 488 5 21 i
725 489 77 26 utdrag
818 495 25 15 ur
859 489 58 21 detta
933 489 106 26 protokoll

214 519 57 19 samt
286 517 25 21 de
327 517 32 21 till
375 517 233 26 petitionsmemorialet
623 517 96 20 hörande
731 517 81 28 bilagor
826 518 6 20 i
843 517 87 27 original
943 518 97 21 bemälda

214 545 85 22 utskott
315 545 177 22 tillhandahållas.

283 677 120 27 Föredrogs
427 677 49 22 herr
496 673 96 30 Öhbergs
616 677 118 27 bordlagda
756 677 181 27 petitionsförslag
958 683 33 15 om
1007 679 33 18 att

213 706 50 21 med
286 706 123 21 statsmedel
431 707 66 20 måtte
522 707 94 25 grundas
639 712 25 15 en
687 712 122 20 gemensam
830 705 162 27 pensionskassa
1007 705 33 22 för

213 734 160 21 folkskolornas
395 735 99 26 samtliga
516 735 107 20 ordinarie
646 734 71 21 lärare
741 735 42 21 och
800 734 117 21 lärarinnor
938 735 58 20 såväl
1011 734 28 26 på

213 762 75 51 RS
303 769 46 15 som
365 763 6 21 i
387 763 99 22 städerna
500 765 56 20 samt
572 763 32 21 för
620 763 106 21 ordinarie
742 763 217 21 folkskolelärarenas
974 763 66 20 enkor

215 797 25 16 och
286 798 43 15 barn.

282 848 81 22 Härvid
385 849 84 26 yttrade
492 849 31 26 sig
546 849 49 20 herr
618 844 118 31 Öhberg:
768 849 32 20 Då
821 849 42 26 jag,
884 848 66 21 sedan
965 847 76 27 ifråga-

213 877 93 22 varande
321 877 181 26 petitionsförslag
516 877 137 26 inlemnades,
669 877 68 21 blifvit
753 878 86 26 upplyst
854 877 80 24 derom,
950 879 31 18 att
991 876 49 27 Sty-

213 906 70 21 relsen
306 907 66 25 några
395 906 65 26 dagar
482 905 56 22 förut
560 912 76 20 genom
658 905 74 26 anslag
754 906 68 21 bildat
843 912 25 14 en
883 905 90 22 särskild
989 911 50 20 pen-

213 934 123 22 sionskassa
358 935 33 20 för
409 934 173 22 folkskollärares
598 935 87 20 hustrur
701 935 40 21 och
756 935 53 20 barn
826 934 38 21 och
880 934 33 21 för
928 934 112 21 folkskole-

213 963 128 24 lärarinnor,
357 963 39 21 och
412 963 82 21 således
509 963 23 21 af
540 963 49 21 mitt
597 963 183 26 petitionsförslag
788 963 76 21 endast
872 963 35 21 det
916 962 124 27 önsknings-

213 991 42 22 mål
272 991 92 22 återstår
379 991 111 28 ouppfyldt
506 994 32 19 att
553 991 61 22 äfven
630 991 164 22 folkskollärare
806 992 6 20 i
823 991 48 22 stad
880 991 65 21 måtte
955 991 85 21 komma

213 1021 6 20 i
241 1020 126 27 åtnjutande
387 1021 23 20 af
431 1021 68 26 någon
515 1021 56 26 slags
586 1021 94 26 pension,
692 1027 48 14 men
757 1022 31 19 ett
804 1021 76 20 sådant
895 1019 144 28 petitionsför-

213 1049 47 26 slag
282 1049 57 21 förut
361 1049 66 21 redan
449 1051 24 19 är
495 1049 123 25 inlemnadt,
641 1049 24 21 så
686 1049 38 22 ber
740 1049 38 27 jag
794 1051 32 19 att
841 1049 22 21 få
878 1049 98 26 återtaga
992 1049 48 20 mitt

213 1077 82 27 förslag
309 1077 70 22 såsom
395 1078 46 21 icke
456 1084 58 15 mera
530 1077 108 27 behöfligt.

283 1135 10 21 I
309 1135 92 26 enlighet
424 1135 48 21 med
495 1135 49 20 herr
565 1130 96 31 Öhbergs
677 1141 30 14 nu
722 1135 75 26 gjorda
813 1134 98 22 anhållan
927 1134 68 21 skulle
1011 1133 29 22 all

213 1163 74 22 vidare
313 1164 76 26 åtgärd
411 1164 6 20 i
441 1163 113 26 anledning
575 1163 23 21 af
620 1163 35 21 det
678 1164 78 21 väckta
778 1163 102 27 förslaget
900 1163 85 21 förfalla
1001 1162 38 21 och

214 1192 135 21 memorialet
364 1193 72 26 läggas
451 1192 33 21 till
499 1192 99 21 Ståndets
614 1192 134 27 handlingar.

283 1324 40 22 Till
338 1325 71 21 vidare
426 1324 128 27 behandling
567 1327 91 25 upptogs
674 1325 50 21 herr
740 1324 105 22 Höckerts
856 1324 42 21 tills
909 1324 6 20 i
926 1324 39 26 dag
977 1324 63 20 bord-

214 1352 65 27 lagda
297 1353 180 27 petitionsförslag
492 1360 34 15 om
542 1354 200 21 åstadkommandet
758 1353 22 22 af
795 1355 31 20 ett
841 1354 130 26 gemensamt
982 1354 58 19 stän-

213 1382 86 21 derhus.

283 1439 10 21 I
307 1440 89 21 ärendet
410 1440 84 27 yttrade
510 1440 31 26 sig
554 1440 49 22 herr
614 1436 157 32 Öhrnberg:
786 1441 42 27 Jag
838 1440 38 22 har
886 1440 75 28 begärt
971 1440 68 24 ordet,

212 1468 34 20 för
270 1470 31 19 att
325 1468 86 22 anhålla
426 1471 32 19 att
473 1469 179 27 Borgareståndet
668 1470 50 21 ville
733 1476 77 20 genom
826 1469 213 27 petitionsförslagets

213 1496 172 22 öfverlemnande
409 1497 32 21 till
462 1497 82 22 utskott
564 1498 56 26 gifva
641 1498 104 26 förslaget
761 1499 36 20 det
810 1498 121 27 understöd,
946 1504 45 15 som
1007 1498 33 21 för
