1103 1781
310 105 179 21 Borgareständet
502 106 55 16 1877.
582 106 26 16 23
621 106 62 16 Mars.
870 101 39 20 361

82 174 69 23 skulle
165 180 68 20 svara,
250 174 36 21 det
301 174 26 21 de
343 174 47 21 icke
405 174 48 21 ville
477 174 88 27 bidraga
588 174 31 21 till
634 175 31 20 ett
680 175 48 26 nytt
743 174 118 26 stadgande
876 176 36 19 rö-

81 203 67 22 rande
164 203 152 26 qvarnskatten
339 203 39 20 och
402 203 69 20 derför
492 203 46 20 icke
554 203 68 20 heller
637 202 71 21 kunna
724 204 78 25 antaga
818 203 40 20 den
875 203 36 21 nå-

83 232 48 26 diga
147 231 165 27 propositionen,
329 233 50 19 utan
395 231 69 21 tillåta
480 231 32 27 sig
528 233 32 20 att
576 231 69 21 uttala
661 231 39 21 den
718 231 80 21 önskan
810 233 32 18 att
853 231 59 21 Hans

82 260 101 26 Majestät
199 260 48 21 ville
263 262 50 24 taga
328 260 35 21 det
378 260 28 26 på
422 260 76 21 honom
516 260 155 21 ankommande
686 259 91 22 initiativ
790 260 33 20 till
836 265 75 21 qvarn-

83 289 96 20 skattens
194 289 155 26 upphäfvande.
380 289 88 20 Således
483 295 81 15 samma
580 289 79 26 förslag
675 295 44 14 som
730 289 50 20 herr
791 288 121 27 Chydenius

82 317 125 22 formulerat
222 319 56 19 samt
294 317 73 21 herrar
381 317 83 27 Nybom
481 318 39 21 och
536 317 70 27 Bergh
622 317 132 21 understödt.

152 375 55 21 Herr
223 375 24 20 E.
261 374 106 27 Bergh.
398 375 56 20 Herr
469 375 96 26 Ignatius
581 375 38 20 har
635 375 56 20 velat
701 374 57 21 finna
770 376 30 19 ett
811 374 101 21 särskildt

83 403 46 21 skäl
145 403 32 21 till
192 403 119 26 antagande
327 403 23 21 af
363 406 171 19 reservanternes
547 403 55 27 äsigt
612 403 69 21 deruti
693 405 32 18 att
737 403 53 21 1872
803 403 34 21 års
850 403 62 21 Stän-

83 433 37 20 der
135 433 78 26 ansägo
229 432 110 27 olämpligt
353 434 33 19 att
401 433 129 26 petitionera
546 439 33 14 om
596 432 163 26 gvarnskattens
772 431 138 22 afskaffande.

82 461 43 20 Det
140 461 60 20 torde
217 467 50 14 vara
283 467 24 14 en
323 461 38 20 sak
377 467 44 14 som
439 461 68 26 aldrig
523 461 41 20 kan
580 461 110 24 undvikas,
707 463 32 18 att
754 460 46 21 icke
817 461 40 20 den
873 466 40 14 ena

83 489 149 26 Landtdagens
255 489 109 27 pluralitet
386 489 69 26 någon
478 490 55 26 gång
556 489 64 27 hyser
641 496 25 14 en
683 489 60 26 äsigt,
760 495 45 15 som
821 491 24 18 är
860 488 51 21 afvi-

82 517 69 22 kande
167 518 46 21 frän
229 518 40 21 den
285 518 84 25 andras,
386 518 39 21 och
441 519 123 26 isynnerhet
580 519 41 20 kan
638 525 25 13 en
679 517 67 22 sädan
760 517 100 22 afvikelse
874 523 38 20 ega

83 553 46 14 rum
152 546 132 21 beträffande
305 547 151 26 lämpligheten
480 547 51 21 eller
552 547 163 26 olämpligheten
732 548 32 19 att
779 547 34 20 vid
829 552 25 15 en
870 545 42 21 viss

83 575 30 20 tid
129 575 127 26 petitionera
271 576 6 19 i
294 577 30 19 ett
340 576 51 20 visst
407 577 67 20 ämne.
505 575 50 22 Men
571 578 31 18 att
619 575 69 21 derför
703 575 85 21 komma
799 575 55 21 ända
865 575 46 20 der-

83 603 42 21 hän
141 606 32 19 att
188 604 42 26 ,för
247 604 129 21 Ständernas
391 604 132 27 värdighet",
540 611 44 14 som
601 604 36 21 det
652 604 66 23 heter,
730 603 92 22 vidhålla
833 605 30 19 ett
876 603 36 20 be-

83 633 43 20 slut
145 633 51 20 eller
211 639 25 14 en
252 633 61 26 äsigt,
328 633 32 21 för
376 633 85 20 hvilken
485 633 68 27 nägon
577 633 92 26 egentlig
691 633 159 24 förnuftsgrund
866 632 46 20 icke

83 661 62 26 talar,
162 661 72 26 tycker
248 661 36 26 jag
300 663 23 19 är
339 663 32 19 att
387 661 67 22 drifva
470 662 159 26 konsegvensen
646 661 32 20 för
688 661 64 26 långt.
779 662 45 19 Här
834 661 7 20 i
853 661 59 20 detta

83 689 37 21 fall
135 690 40 21 har
190 690 34 21 det
241 690 67 21 blifvit
323 690 88 21 allmänt
427 691 91 20 erkändt
534 693 32 18 att
582 691 151 25 gvarnskatten
750 689 97 27 fördyrar
863 689 48 20 brö-

84 719 43 20 det.
157 719 49 20 Men
226 719 61 20 torde
309 719 34 20 väl
365 719 68 26 aldrig
455 720 69 25 nägon
548 719 50 26 vilja
621 719 60 26 pästä
697 721 32 18 att
744 718 120 21 Ständerna
879 717 33 21 för

83 747 32 21 sin
132 747 121 27 värdighets
276 747 54 21 skull
353 748 53 20 böra
429 748 85 27 fördyra
536 747 77 21 brödet
631 747 33 20 för
680 747 82 21 landets
778 747 133 20 innevänare.

83 775 116 26 Angående
216 776 13 27 8
245 777 12 20 3
273 777 6 20 i
296 777 40 20 den
351 776 78 26 nådiga
451 776 159 27 propositionen
631 776 37 20 ber
683 776 35 26 jag
734 777 32 20 att
781 775 21 21 få
818 775 94 26 tillägga,

83 806 33 19 att
131 804 36 21 det
182 811 61 20 synes
259 805 42 25 mig
316 811 50 14 vara
383 805 87 21 alldeles
486 805 46 21 icke
548 805 72 20 utredt
636 807 32 18 att
679 805 157 26 vädergvarnar
846 803 66 26 enligt

84 833 35 27 lag
135 833 51 21 böra
201 834 132 27 skattläggas
349 834 32 20 för
397 836 32 18 att
445 834 61 21 deras
530 833 93 26 malning
638 833 54 20 skall
708 833 21 21 få
745 833 119 20 utsträekas
880 835 31 18 ut-

84 861 58 22 öfver
157 861 108 22 husbehof.
297 863 41 20 Det
359 862 67 21 finnes
449 862 123 27 visserligen
587 863 6 20 i
609 864 13 18 4
638 862 12 26 $
667 863 26 20 20
713 863 48 25 kap.
778 861 23 21 B.
817 861 23 21 B.
857 861 55 20 vissa

83 890 140 21 formaliteter
244 891 128 21 föreskrifna
387 893 32 18 att
435 891 106 26 iakttagas
557 891 34 20 vid
607 891 127 26 aniäggning
750 892 20 19 at
786 890 126 25 vädergvar-

83 925 45 19 nar,
145 919 70 21 hvilka
231 919 139 22 formaliteter
385 919 26 26 gå
427 922 24 19 ut
467 920 65 26 derpä
548 922 32 19 att
596 921 75 25 trygga
693 920 58 21 äldre
766 918 146 21 innehafvares

83 947 24 21 af
120 950 165 24 vattengvarnar
301 950 48 19 rätt.
380 948 48 21 Men
453 949 61 20 dessa
536 948 141 21 formaliteter
697 948 101 21 innebära
813 947 47 20 icke
876 946 35 21 nä-

83 982 41 20 gon
147 976 56 25 slags
226 977 102 26 rättighet
351 979 32 18 att
407 977 99 21 beskatta
529 977 164 26 vädergvarnar.
724 977 30 21 De
778 982 62 20 synas
866 975 45 21 icke

83 1004 56 27 gifva
155 1005 112 26 anledning
283 1005 32 21 till
331 1012 25 14 en
372 1005 155 22 vidsträcktare
543 1006 96 25 tolkning
655 1007 26 20 än
697 1008 32 19 att
743 1006 6 20 i
760 1004 101 21 händelse
874 1009 37 15 an-

83 1033 127 27 läggningen
226 1033 23 21 af
263 1041 25 14 en
305 1035 131 26 vädergvarn
453 1041 62 14 anses
532 1035 82 26 ingripa
625 1034 31 21 uti
667 1041 25 14 en
705 1033 127 25 föregäende
844 1033 67 20 skatt-

85 1062 49 26 lagd
151 1064 150 25 vattengvarns
324 1065 49 23 rätt,
390 1063 39 20 den
446 1070 41 20 nya
503 1063 159 26 vädergvarnen
679 1063 38 21 bör
732 1062 108 26 förbjudas
856 1061 56 20 mala

85 1091 83 20 utöfver
184 1091 111 21 husbehof.
327 1092 41 20 Det
383 1091 119 28 Kejserliga
518 1092 82 21 brefvet
613 1091 22 22 af
645 1092 38 21 den
701 1094 4 17 1
721 1091 124 27 September
859 1090 53 21 1820

83 1119 119 22 innehåller
218 1120 45 21 icke
279 1120 64 27 något
358 1123 65 18 annat
439 1122 27 19 än
482 1123 32 18 att
530 1120 271 27 husbehofsvädergvarnar
816 1119 46 20 icke
878 1118 35 21 mä

83 1148 133 27 skattläggas
237 1149 40 20 och
298 1151 32 19 att
353 1155 47 15 man
424 1149 47 21 icke
493 1150 35 21 mä
548 1149 92 26 betunga
660 1150 46 20 dem
723 1149 47 20 med
786 1149 65 26 nägra
867 1149 44 19 sär-

83 1176 70 21 skilda
168 1177 115 26 omgångar
305 1178 48 21 med
376 1177 100 22 afseende
495 1179 13 20 å
523 1177 165 27 skattläggning.
719 1177 93 22 Sålunda
828 1175 81 22 förefin-

83 1211 38 15 nes
143 1205 32 21 för
199 1206 132 21 närvarande
353 1207 46 20 icke
421 1206 66 26 några
510 1207 131 26 stadganden
665 1213 33 14 om
718 1205 158 27 skattläggning
891 1205 22 20 af

83 1234 167 26 vädergvarnar;
271 1234 39 22 och
333 1235 185 27 nödvändigheten
534 1235 24 21 af
575 1235 48 27 en
612 1229 13 37 $
640 1237 12 19 3
668 1235 33 21 för
716 1237 32 19 att
763 1233 107 28 upphäfva
885 1240 26 15 en

83 1263 58 21 förut
164 1263 95 25 befintlig
282 1264 58 21 skatt
362 1264 27 26 pä
412 1264 159 26 vädergvarnar
594 1264 72 26 tyckes
689 1264 81 21 säledes
790 1263 46 21 icke
861 1268 50 16 vara

83 1292 125 20 motiverad.
238 1292 41 26 Jag
302 1299 62 15 anser
387 1293 100 26 slutligen
510 1295 32 19 att
564 1294 65 25 nägot
652 1292 102 27 egentligt
776 1291 45 22 skäl
837 1291 33 21 till
885 1298 26 14 en

83 1320 91 21 särskild
198 1320 125 27 förordning
345 1322 5 20 i
373 1321 59 21 detta
454 1324 62 18 ämne
531 1322 47 20 icke
593 1321 114 21 förefinnas
722 1321 38 21 och
777 1323 32 19 att
824 1321 19 20 vi
860 1322 51 19 utan

83 1350 32 19 att
131 1349 6 20 i
154 1349 65 21 saken
241 1350 81 20 riskera
338 1350 115 26 nägonting
469 1351 72 20 kunna
556 1353 78 23 antaga
650 1350 48 21 herr
714 1349 101 27 Chydenii
832 1349 80 26 förslag

83 1378 52 20 utan
158 1380 32 18 att
213 1378 157 22 äterremittera
393 1379 89 21 ärendet
505 1379 32 21 till
553 1379 112 21 utskottet.
695 1378 69 21 Ocksä
788 1378 95 26 tillägget
905 1378 7 20 i

83 1407 13 25 $
121 1407 8 19 1
155 1407 91 21 rörande
269 1407 110 21 städernas
399 1407 101 27 monopol
516 1408 26 26 pä
558 1409 111 25 gvarnrätt
684 1413 62 15 anser
758 1407 37 27 jag
811 1406 18 27 ej
847 1406 65 21 heller

83 1440 51 16 vara
159 1436 83 26 nödigt;
271 1438 22 24 ty
318 1436 39 20 har
382 1436 70 26 nägon
480 1437 46 20 stad
550 1438 31 19 ett
603 1436 76 21 sädant
702 1436 105 26 monopol,
831 1434 80 21 hvilket

81 1463 36 27 jag
142 1463 33 21 för
199 1464 42 21 min
267 1464 34 22 del
327 1470 61 16 anser
413 1465 43 26 mig
480 1465 70 21 kunna
573 1464 92 26 betvifla,
689 1465 23 20 sä
734 1465 60 21 torde
816 1464 39 20 den
878 1463 33 21 väl
