1103 1781
299 119 179 21 Borgareståndet
491 120 56 16 1877.
572 120 14 16 4
603 120 64 20 April.
864 116 42 18 437

78 189 43 26 liga
137 188 118 28 menskliga
277 188 86 21 känslor
378 188 35 21 för
427 190 32 19 att
474 189 72 20 kunna
561 189 67 20 vårda
643 188 84 27 idioter,
743 188 44 21 lika
801 187 48 22 litet
861 194 45 15 som

75 217 39 27 jag
136 219 47 19 tror
205 219 32 19 att
257 217 36 21 det
315 217 47 21 icke
385 217 74 21 behöfs
481 219 67 19 annat
567 219 27 19 än
618 217 185 21 menniskokärlek
826 216 34 21 för
876 219 31 18 att

78 246 73 21 kunna
165 246 67 21 vårda
247 245 177 26 sinnesrubbade;
449 245 70 22 dertill
536 245 76 22 behöfs
627 247 56 19 ännu
699 245 65 27 något
775 251 50 15 mer.
850 245 57 21 Herr

78 274 122 27 Chydenius
222 280 61 15 anser
306 277 32 18 att
361 281 33 14 om
417 274 133 21 inrättandet
571 274 23 21 af
608 274 157 21 vårdanstalter
780 273 33 22 för
828 273 79 22 idioter

78 303 55 20 skall
156 303 65 21 blifva
243 309 25 15 en
291 302 86 22 Statens
399 303 45 24 sak,
468 304 23 20 så
514 303 39 21 bör
568 309 49 15 man
632 309 24 15 se
671 303 32 20 till
720 305 32 18 att
768 308 48 15 man
831 305 76 24 genast

78 331 92 21 inrättar
192 331 24 22 så
236 331 77 26 många
336 331 103 22 anstalter
461 334 32 19 att
515 331 43 22 alla
572 331 78 22 idioter
666 331 38 21 der
719 331 73 21 kunna
807 330 21 21 få
844 331 62 26 plats.

77 359 32 22 På
131 360 54 21 intet
205 362 66 19 annat
290 360 58 27 gebit
363 360 40 21 har
417 366 49 15 man
482 360 55 21 dock
552 361 82 20 kunnat
649 363 76 24 genast
740 360 23 20 så
778 359 129 26 fullkomligt

78 389 72 26 uppnå
165 389 38 20 sitt
217 389 49 25 mål,
287 389 93 20 hvarken
397 389 26 20 då
439 389 36 20 det
490 389 54 27 gällt
559 389 40 20 den
615 388 107 21 allmänna
737 388 169 26 folkbildningen

78 417 53 21 eller
154 417 40 21 den
217 417 60 21 lärda
300 417 129 27 bildningen.
459 417 43 21 Det
518 417 108 21 förefaller
642 417 84 21 derföre
742 423 45 14 som
803 423 26 15 en
844 423 61 20 para-

79 445 48 25 dox,
143 448 33 19 att
189 445 44 27 just
248 446 7 21 i
271 446 59 21 detta
345 445 37 22 fall
397 446 53 27 yrka
462 446 72 26 derpå.
558 445 103 28 Slutligen
675 445 39 22 har
724 445 50 21 herr
784 445 122 26 Chydenius

78 474 106 24 anmärkt,
207 476 32 19 att
261 481 34 14 om
317 481 48 14 man
385 475 64 26 yrkar
472 475 27 26 på
522 476 33 19 att
576 474 186 21 idiotanstalterna
783 473 46 22 icke
845 473 61 22 skola

79 509 51 14 vara
145 503 146 21 kostnadsfria
313 503 23 21 så
351 503 41 21 kan
409 509 49 14 man
471 503 25 27 ju
511 503 44 21 lika
570 509 65 21 gerna
651 509 50 15 anse
716 505 32 19 att
764 503 26 20 de
805 502 45 21 helt
866 503 39 20 och

78 531 68 21 hållet
161 531 71 21 kunna
247 531 107 27 uppbäras
369 531 22 22 af
405 532 26 21 de
447 532 102 21 enskilde.
580 532 40 21 Det
637 537 81 15 samma
734 531 40 21 kan
790 537 49 14 man
851 531 55 21 dock

79 561 52 26 säga
147 565 33 16 om
196 561 43 20 alla
254 560 78 21 skolor.
357 560 40 26 Jag
413 566 61 15 anser
490 560 48 21 med
554 560 114 25 anledning
684 559 64 22 häraf
761 562 33 19 att
809 566 34 15 om
856 566 49 14 man

78 589 117 26 genomgår
216 589 49 21 herr
284 589 100 27 Chydenii
401 589 137 26 andragande
554 589 68 26 punkt
636 589 33 20 för
684 589 74 26 punkt,
775 588 23 21 så
813 589 42 20 kan
868 588 39 27 jag

78 617 129 22 åtminstone
228 617 47 22 icke
289 617 57 21 finna
361 620 32 18 att
408 617 41 21 han
466 617 69 22 skulle
550 617 63 22 hafva
630 617 125 27 framdragit
771 617 65 26 något
851 617 55 21 enda

78 646 47 21 skäl
148 646 99 21 hvarföre
268 653 49 14 man
339 647 46 20 icke
409 647 67 20 skulle
498 646 40 21 hos
561 646 109 27 Styrelsen
685 646 72 21 kunna
772 645 86 22 anhålla
874 648 32 18 att

78 675 41 20 den
135 675 67 21 måtte
217 674 97 27 behjerta
329 681 28 14 nu
373 675 162 24 ifrågavarande
551 675 187 26 omständigheter.
769 674 11 21 I
795 675 40 20 den
850 674 55 21 före-

79 703 76 26 slagna
178 703 183 27 framställningen
383 704 68 20 skulle
472 704 37 27 jag
534 704 75 21 endast
631 703 51 27 vilja
702 703 24 21 så
742 703 32 21 till
790 703 49 20 vida
854 704 52 25 göra

79 737 26 15 en
126 732 130 26 förändring,
279 735 32 18 att
331 732 37 27 jag
386 732 39 21 allt
440 731 132 22 fortfarande
588 738 62 15 anser
665 733 33 20 att
713 731 193 25 idiotanstalterna,

78 765 35 16 om
136 760 27 21 de
185 760 61 21 skola
268 761 96 20 medföra
386 761 65 25 något
466 761 108 26 praktiskt
593 761 97 23 resultat,
705 761 47 20 icke
767 761 72 20 kunna
854 766 51 15 vara

78 788 143 27 tvåspråkiga.
251 789 139 27 Svårigheten
412 790 7 20 i
442 789 60 22 detta
525 789 99 22 afseende
639 789 62 22 torde
716 789 39 21 här
771 795 49 15 vara
836 790 69 19 större

77 819 28 19 än
127 817 29 26 på
178 818 65 27 något
264 821 65 18 annat
350 818 65 26 gebit.
445 818 34 21 Då
499 818 38 27 jag
560 818 65 21 likväl
641 824 63 15 anser
719 820 32 19 att
767 817 75 22 Staten
856 816 50 22 icke

80 845 50 27 sjelf
144 845 66 22 borde
225 846 80 21 inrätta
321 847 61 20 dessa
398 847 110 25 anstalter,
525 849 51 18 utan
592 847 76 20 endast
683 846 139 27 underhjelpa
843 845 62 22 deras

78 874 116 27 uppkomst
216 881 76 20 genom
308 875 51 21 löfte
375 882 34 14 om
424 876 118 20 understöd
558 875 23 21 åt
596 875 103 26 enskilde,
715 875 121 26 föreningar
852 874 53 21 eller

79 903 69 27 bolag,
164 909 45 15 som
224 903 69 22 skulle
308 904 50 27 vilja
374 904 165 26 tillvägabringa
554 911 26 14 en
596 904 65 21 sådan
675 903 87 26 anstalt,
772 903 62 27 följer
845 903 62 21 deraf

77 933 34 20 att
125 931 76 27 frågan
217 938 32 15 om
265 933 251 26 undervisningsspråket
532 933 38 20 bör
585 932 141 21 öfverlemnas
741 932 33 21 till
792 932 113 21 anstalter-

78 966 37 15 nes
131 960 94 22 stiftares
241 961 122 26 afgörande.
375 974 27 3 —
417 961 41 27 Jag
474 961 104 22 vidhåller
592 961 28 27 på
636 961 66 21 sådan
718 961 67 27 grund
798 960 47 22 icke
856 960 49 21 mitt

77 989 101 26 yttrande
192 989 7 21 i
216 989 69 21 denna
300 989 40 22 del.

147 1045 57 22 Herr
225 1046 120 27 Öhberg:
369 1047 31 20 De
423 1047 56 21 båda
502 1047 53 21 sista
575 1047 101 26 talarene,
699 1047 75 20 herrar
796 1045 108 28 Wallgren

77 1073 40 22 och
139 1074 103 27 Ignatius,
258 1075 64 21 hafva
344 1075 33 22 till
399 1077 70 19 större
489 1076 61 20 delen
566 1075 137 22 förekommit
719 1075 43 27 mig
777 1075 6 21 i
799 1075 55 21 hvad
868 1074 37 27 jag

77 1103 91 21 ämnade
191 1105 52 24 säga
265 1105 6 20 i
294 1104 113 27 anledning
430 1104 24 21 af
475 1104 49 21 herr
546 1103 102 28 Chydenii
669 1104 143 27 andragande.
848 1103 57 21 Herr

77 1131 122 27 Chydenius
215 1132 38 21 har
269 1133 80 26 påstått
367 1135 32 18 att
415 1133 35 20 det
466 1133 47 21 icke
529 1135 23 18 är
568 1132 86 22 Statens
669 1133 38 20 sak
723 1134 32 19 att
770 1133 80 20 inrätta
866 1138 37 14 an-

76 1160 77 21 stalter
168 1160 34 21 för
217 1161 87 21 idioters
319 1161 125 26 uppfostran
461 1163 52 19 utan
529 1163 33 20 att
577 1161 59 21 detta
648 1161 46 21 helt
706 1161 40 21 och
754 1161 66 21 hållet
831 1160 74 21 tillhör

77 1189 40 20 den
133 1189 97 21 enskilda
246 1190 170 26 välgörenheten.
447 1190 42 26 Jag
504 1190 36 21 vill
556 1190 46 21 icke
618 1190 64 21 tvista
698 1190 78 21 derom.
808 1189 48 21 Men
868 1189 36 20 det

76 1219 25 19 är
115 1217 76 26 kändt,
213 1219 33 19 att
268 1219 39 20 den
333 1218 96 21 enskilda
453 1219 166 26 välgörenheten
635 1219 48 20 icke
697 1219 82 20 kunnat
794 1217 111 22 förhindra

77 1248 32 19 att
124 1245 52 22 våra
192 1247 117 21 sinnesslöa
323 1249 57 19 ännu
396 1247 70 21 såsom
478 1247 33 21 för
521 1247 78 27 många
610 1247 60 21 tiotal
679 1247 24 21 år
712 1247 90 21 tillbaka
810 1246 94 22 behand-

77 1275 32 21 Jas
131 1274 31 27 så,
185 1277 34 19 att
241 1282 49 15 man
313 1276 87 20 alldeles
423 1276 48 21 icke
494 1276 57 21 afser
567 1276 69 27 någon
652 1276 132 26 uppfostran,
800 1277 56 19 samt
871 1278 34 18 att

75 1303 109 21 allmänna
207 1304 82 27 åsigten
311 1304 5 21 i
332 1304 73 21 landet
420 1306 30 24 är,
467 1307 32 19 att
515 1311 25 15 en
557 1304 103 22 sinnesslö
675 1304 47 22 icke
737 1310 76 21 genom
829 1304 75 26 uppfo-

76 1335 60 18 stran
154 1332 42 21 kan
219 1332 125 26 förbättras;
368 1333 39 21 och
423 1333 90 21 sålunda
528 1333 40 21 har
583 1340 48 14 man
647 1340 76 19 genom
739 1339 69 15 vanan
823 1334 32 19 att
870 1332 34 21 så-

75 1366 46 15 som
137 1363 32 19 ett
184 1361 93 27 oskäligt
292 1362 47 26 djur
355 1362 107 21 behandla
478 1368 25 15 en
519 1368 77 20 person
612 1362 48 21 med
675 1362 65 26 något
755 1368 34 14 om
806 1361 39 21 ock
856 1360 48 22 litet

76 1388 83 22 förnuft
175 1389 39 21 och
230 1390 120 21 eftertanke
366 1390 90 21 kommit
472 1390 80 22 derhän
568 1393 32 19 att
616 1390 91 22 idiotens
723 1390 102 26 ställning
836 1389 68 21 blifvit

75 1417 119 22 försämrad
210 1418 5 21 i
229 1419 72 21 stället
317 1418 32 22 för
365 1419 127 21 förbättrad.
512 1419 41 27 Jag
568 1419 69 21 skulle
654 1418 70 22 derför
735 1419 63 27 tycka
810 1420 33 19 att
856 1418 47 21 Sta-

75 1448 36 19 ten
135 1446 66 22 borde
223 1449 52 25 göra
296 1447 116 27 någonting
435 1447 34 21 för
492 1448 132 20 inrättandet
640 1447 22 21 af
676 1454 25 14 en
718 1448 65 20 sådan
799 1448 104 20 mönster-

74 1475 87 26 anstalt,
183 1476 38 21 der
243 1482 100 20 personer
365 1482 45 15 som
435 1476 51 27 vilja
501 1476 101 21 förskaffa
618 1476 25 21 de
659 1476 117 21 sinnesslöe
791 1482 25 14 en
832 1475 72 21 bättre

75 1503 130 27 behandling
223 1505 68 20 skulle
307 1505 71 21 kunna
393 1507 50 25 taga
460 1505 56 21 notis
531 1511 34 15 om
581 1505 54 21 huru
651 1504 75 22 härvid
741 1505 38 21 bör
795 1504 66 27 tillgå.
876 1516 27 2 —
