1103 1781
196 114 43 21 438
436 119 181 21 Borgareständet
629 120 54 17 1877.
707 121 16 16 4
734 119 64 22 April.

197 189 62 21 Hvad
269 187 101 23 beträffar
385 189 87 26 språket
487 190 46 20 tror
546 189 38 26 jag
599 189 37 21 det
651 189 85 26 mycket
751 189 34 21 väl
802 189 71 22 kunna
887 189 28 26 gå
929 196 28 15 an
971 190 34 20 att
1019 189 8 21 i

196 223 85 15 samma
295 217 80 21 anstalt
391 217 64 21 hafva
472 216 53 22 bäde
540 217 90 22 svenska
646 218 40 21 och
701 217 69 22 finska
786 217 86 22 talande
888 218 58 26 barn,
961 220 24 25 ty
1000 217 27 22 dä

197 245 180 27 undervisningen
393 246 6 21 i
415 245 118 22 allmänhet
548 246 77 21 endast
639 246 57 21 afser
712 247 27 20 de
754 246 36 21 två
805 248 90 19 ämnena
911 246 64 27 språk
986 246 40 22 och

197 274 62 27 slöjd,
282 275 25 20 sä
328 274 71 21 kunde
417 275 23 26 ju
455 275 68 20 under
538 275 36 20 det
590 275 26 20 de
632 274 68 22 finska
715 275 81 21 barnen
810 275 125 22 undervisas
950 275 6 21 i
971 275 55 26 slöjd

197 303 27 21 de
247 303 92 21 svenska
362 303 122 21 undervisas
507 303 7 21 i
537 303 39 21 sitt
594 303 64 27 spräk
674 303 40 22 och
730 305 100 20 tvärtom.
857 303 82 22 Genom
951 310 26 15 en
992 303 35 22 sä-

198 332 41 21 dan
263 332 118 26 anordning
403 331 69 22 skulle
486 332 107 21 anstalten
609 333 72 20 kunna
697 333 64 20 ställa
776 332 33 27 sig
824 332 48 22 vida
887 332 96 28 billigare
998 334 28 20 än

195 366 86 15 annars.

267 417 57 21 Herr
346 417 156 27 Lindberg:
523 417 34 22 Då
572 417 37 22 det
624 417 47 22 icke
685 417 41 22 hos
741 423 35 16 oss
792 417 39 22 har
846 418 48 21 stöd
909 417 93 22 hvarken
1018 417 7 22 i

197 445 63 27 lagen
277 445 52 22 eller
344 446 6 21 i
367 446 68 26 någon
451 446 89 21 allmänt
556 447 80 20 erkänd
651 447 115 26 grundsats
782 449 32 18 att
824 446 75 22 Staten
909 453 50 14 vore
969 446 57 27 skyl-

196 475 37 26 dig
249 476 32 19 att
296 475 57 26 sörja
368 474 34 21 för
417 475 72 26 hvarje
505 475 93 21 individs
613 475 6 20 i
635 475 73 21 landet
721 475 96 26 bildning
832 475 40 21 och
893 475 132 27 uppfostran,

197 503 24 21 så
244 504 62 20 torde
328 509 49 15 man
401 503 21 22 få
437 509 50 15 anse
503 505 32 20 att
551 504 69 21 denna
635 504 90 26 petition
741 505 24 20 är
780 503 34 22 för
829 503 63 28 tidigt
907 504 63 21 väckt
985 503 39 22 och

196 531 74 21 derför
292 532 47 21 icke
357 534 56 19 ännu
429 532 39 21 bör
484 531 111 22 föranleda
610 532 32 21 till
658 533 70 26 någon
744 532 82 27 åtgärd,
842 532 24 21 så
880 533 85 26 mycket
979 538 46 15 mer

196 566 47 15 som
260 560 36 21 det
311 562 24 19 är
350 561 68 20 kändt
433 563 33 18 att
480 561 20 20 vi
516 560 63 22 hafva
600 561 92 21 tusental
709 561 7 20 i
732 561 73 21 landet
820 566 45 15 som
880 563 37 19 äro
933 562 91 25 mottag-

197 588 42 27 liga
263 588 33 22 för
319 589 96 26 bildning
435 589 39 22 och
490 589 41 26 ljus
546 589 40 21 och
601 589 40 21 hos
656 589 73 21 hvilka
747 589 150 22 meddelandet
912 589 23 22 af
949 589 76 22 sådant

196 617 73 21 kunde
291 617 150 22 åstadkomma
462 618 56 27 goda
540 618 90 23 frukter,
650 618 64 27 något
730 625 46 14 som
791 618 49 21 med
856 617 99 22 afseende
970 618 13 21 å
998 618 27 21 de

196 645 118 22 sinnesslöe
337 648 24 19 är
383 647 83 26 mycket
488 647 97 20 chimärt.
615 646 39 21 Att
675 647 41 21 den
740 647 97 21 enskilda
859 647 165 26 välgörenheten

196 674 67 22 ocksä
285 675 40 21 här
346 675 70 21 kunde
439 675 62 21 träda
523 675 7 21 i
549 675 87 22 Statens
651 675 62 28 ställe
728 675 84 21 bevisas
828 675 61 21 deraf
901 677 38 25 att,
954 675 70 21 säsom

196 703 35 21 väl
254 703 34 21 för
311 709 34 16 oss
368 703 42 21 alla
425 704 60 21 torde
501 710 51 15 vara
566 704 85 24 bekant,
667 704 7 21 i
687 704 139 21 Osterbotten
841 703 24 22 af
878 703 81 22 enskild
975 710 48 15 man

197 733 122 25 upprättats
347 738 26 15 en
395 732 225 27 uppfostringsanstalt
642 732 33 21 för
697 732 137 27 sinnessjuke.
866 732 31 21 Då
916 733 107 21 dessutom

195 760 153 21 skolväsendet
363 761 40 20 hos
418 767 34 15 oss
467 761 7 21 i
488 761 118 21 allmänhet
621 763 24 19 är
660 763 59 24 taget
734 761 68 21 under
817 760 86 22 Statens
917 761 64 27 hägn,
1000 761 24 21 sä

197 789 67 20 borde
279 789 21 21 vi
316 789 35 21 väl
366 789 72 21 kunna
452 789 68 22 räkna
534 790 28 26 pä
578 792 32 19 att
625 790 132 26 Regeringen
774 789 60 22 äfven
851 789 68 22 denna
934 789 90 27 petition

197 817 87 22 förutan
307 818 55 21 skall
387 818 23 21 ät
433 818 25 21 de
474 818 95 21 enskilde
584 825 46 14 som
646 820 62 19 ämna
724 819 81 20 inrätta
820 818 79 21 sädana
914 818 109 25 anstalter,

197 846 72 21 lemna
291 846 37 21 det
350 847 117 21 understöd
488 853 46 15 som
556 847 32 21 för
612 847 47 21 dem
682 847 42 20 kan
740 852 64 22 synas
819 847 134 26 nödvändigt.
983 846 41 27 Jag

196 875 144 21 understöder
355 875 83 21 säledes
453 875 117 22 utskottets
586 875 141 22 betänkande.

266 931 57 22 Herr
344 931 172 28 Chydenius:
538 932 42 27 Jag
600 933 96 20 anhåller
720 939 34 14 om
777 933 76 20 ursäkt
876 932 32 21 för
931 932 35 21 det
987 932 36 27 jag

195 963 58 18 ännu
269 967 26 15 en
310 961 57 26 gäng
382 964 60 23 tager
457 961 101 22 Ständets
573 961 189 27 uppmärksamhet
778 961 6 20 i
800 961 99 26 anspräk.
930 960 48 22 Men
987 961 37 26 jag

197 995 62 16 anser
282 989 43 26 mig
348 989 52 21 böra
421 990 83 26 päpeka
524 989 67 27 nägra
607 990 146 21 missförständ
770 989 35 21 för
819 989 72 22 hvilka
903 989 38 27 jag
956 989 68 22 blifvit

195 1020 70 19 utsatt
281 1017 23 22 af
319 1018 42 21 min
377 1024 80 20 granne
473 1019 27 26 pä
514 1018 67 27 högra
596 1018 67 21 sidan.
691 1019 49 20 Han
756 1019 40 20 har
811 1020 53 25 sagt,
881 1020 32 19 att
926 1018 37 27 jag
977 1017 48 22 icke

196 1046 84 27 lyckats
296 1045 115 22 framhälla
426 1047 64 26 nägot
506 1047 101 21 hvarmed
623 1047 74 22 Staten
713 1048 46 21 icke
776 1047 68 21 skulle
859 1047 72 20 kunna
943 1046 82 22 befatta

195 1075 38 26 sig.
265 1075 49 21 Men
331 1075 36 21 det
382 1075 40 21 har
436 1075 64 22 ocksä
515 1075 47 22 icke
578 1076 54 21 varit
648 1075 59 27 fräga
723 1082 34 15 om
774 1077 33 20 att
821 1075 76 22 utreda
911 1075 49 21 med
971 1075 53 21 hvad

196 1103 76 22 Staten
288 1104 43 21 kan
346 1103 83 22 befatta
444 1104 38 27 sig,
498 1109 23 22 ty
536 1105 41 20 den
592 1105 42 20 kan
650 1111 42 20 nog
707 1104 84 21 befatta
800 1104 32 26 sig
844 1103 47 22 med
904 1103 42 22 alla
956 1103 68 27 saker,

195 1135 52 18 utan
264 1132 37 21 det
317 1132 38 21 har
370 1133 54 26 gällt
439 1139 33 14 om
488 1133 40 21 den
544 1133 39 21 bör
599 1133 86 21 dermed
701 1133 83 21 befatta
800 1133 38 26 sig.
866 1132 50 21 Man
931 1132 39 21 har
981 1132 45 21 för-

195 1161 50 20 sökt
267 1161 112 27 uppdraga
402 1161 40 21 den
464 1163 69 25 gräns,
557 1163 33 19 att
610 1161 73 22 Staten
700 1161 66 22 borde
782 1161 96 21 inskrida
892 1161 27 21 dä
934 1161 40 22 den
990 1167 35 15 en-

195 1189 82 21 skildes
300 1189 96 27 förmäga
419 1190 45 21 icke
487 1197 44 14 mer
546 1191 76 20 räcker
638 1190 38 21 till.
707 1191 50 20 Men
774 1190 59 21 detta
848 1191 24 19 är
885 1190 44 27 just
944 1195 81 16 samma

195 1218 116 26 grundsats
334 1224 45 15 som
403 1218 61 21 äfven
484 1219 36 26 jag
542 1218 40 21 har
597 1219 74 26 hyllat,
688 1219 91 21 oaktadt
794 1219 35 25 jag
844 1219 103 26 äberopat
962 1218 41 21 den
1018 1219 7 20 i

195 1253 27 15 en
239 1253 70 15 annan
325 1247 62 25 form,
403 1247 104 27 nemligen
523 1247 49 21 med
588 1247 100 22 afseende
703 1248 13 21 &
732 1247 26 21 de
773 1247 129 27 vansinnige.
931 1247 42 27 Jag
986 1247 39 21 har

196 1275 108 27 nemligen
327 1278 48 24 sagt
395 1278 33 19 att
448 1276 75 21 Staten
538 1276 56 21 skall
610 1278 50 26 taga
675 1276 51 22 värd
743 1282 35 16 om
794 1276 55 26 dem,
866 1276 27 20 dä
908 1276 26 20 de
949 1278 38 19 äro
1003 1275 24 21 af

196 1304 42 20 den
261 1307 34 18 art
316 1306 33 19 att
371 1304 26 21 de
418 1304 96 22 enskilde
540 1305 47 21 icke
611 1304 85 22 komma
719 1305 33 21 till
772 1306 59 20 rätta
854 1304 47 21 med
923 1304 47 21 dem
986 1304 39 21 och

196 1332 96 22 hvarken
315 1333 72 21 kunna
409 1333 52 21 eller
482 1333 39 27 bry
542 1333 33 27 sig
597 1340 34 14 om
650 1336 32 19 att
697 1333 63 21 sköta
776 1333 54 21 dem.
861 1333 41 27 Jag
917 1335 46 19 tror
977 1338 49 21 spe-

194 1361 53 21 cielt
257 1363 33 19 att
299 1361 31 21 uti
346 1368 28 14 nu
389 1361 163 28 ifrägavarande
567 1362 39 21 sak
622 1368 34 15 oss
671 1362 82 27 äligger
768 1362 148 26 förpliktelsen
931 1364 32 18 att
973 1363 53 25 göra

196 1390 125 27 någonting,
342 1390 105 27 memligen
470 1392 33 20 att
523 1390 57 22 sluta
602 1396 35 16 oss
660 1391 132 21 tillsamman
808 1390 34 21 till
856 1390 123 27 föreningar
993 1390 32 21 för

195 1418 120 22 värdandet
338 1418 23 21 af
381 1418 85 22 idioter.
495 1419 41 27 Jag
557 1421 46 19 tror
624 1421 32 19 att
677 1419 37 21 det
733 1419 83 27 äligger
832 1424 34 16 oss
881 1421 32 19 att
929 1418 97 27 uppofira

195 1447 120 27 penningar
337 1447 34 21 för
389 1448 66 20 sädan
475 1448 138 26 välgörenhet
629 1454 46 14 men
691 1448 48 21 icke
754 1450 34 18 att
803 1447 27 27 gä
846 1447 31 21 till
893 1447 132 21 statskassan

194 1475 41 21 och
252 1475 94 21 derifrän
362 1476 86 21 anhålla
463 1482 35 15 om
513 1476 64 27 hjelp.
608 1476 43 21 För
665 1476 65 27 öfrigt
745 1482 65 15 anser
822 1476 37 26 jag
874 1476 6 20 i
904 1476 69 20 denna
987 1475 38 21 sak

195 1502 92 23 likasom
308 1504 7 21 i
337 1504 77 28 mänga
436 1505 72 25 andra,
530 1511 46 15 som
596 1504 58 22 förut
669 1505 110 26 förevarit,
796 1506 32 19 att
844 1504 95 24 Ständet,
955 1504 73 22 derest
