1103 1781
188 103 40 20 142
419 108 179 21 Borgareståndet
611 108 52 17 1877.
689 109 26 17 13
728 109 105 17 Februari.

387 274 142 34 Tisdagen
548 274 56 26 den
622 274 32 26 13
672 273 146 27 Februari.

257 349 34 21 Kl.
310 349 23 21 11
352 349 45 21 före
410 349 111 27 middagen
539 349 173 21 sammanträdde
724 349 31 21 till
767 349 85 26 plenum
864 349 152 27 Borgarestän-

188 377 47 21 dets
257 378 98 26 samtlige
375 378 137 21 medlemmar
533 378 49 21 med
602 377 108 25 undantag
726 378 22 21 af
762 378 50 21 herr
827 378 64 26 Julin,
908 384 44 15 som
968 378 49 21 med

188 405 101 22 Ståndets
305 406 124 27 begifvande
445 406 6 21 i
468 406 96 21 enskilda
579 406 179 27 angelägenheter
773 406 64 22 afrest
851 406 46 22 från
913 406 80 21 staden.

257 536 161 23 Hofrättsrådet
433 538 55 21 Sune
504 538 74 27 Birger
594 538 120 26 Björkstén,
729 545 45 14 som
790 538 55 21 efter
856 538 36 21 det
907 537 109 22 Hofrätts-

188 566 61 21 rådet
271 567 54 26 Frey
349 569 77 19 utsetts
449 567 31 21 till
503 567 97 20 talman
593 562 14 36 i
618 567 96 24 Ståndet,
736 566 68 21 blifvit
825 566 23 21 af
862 566 90 27 Viborgs
968 567 47 20 stad

187 595 47 21 vald
251 595 32 21 till
301 596 48 20 dess
365 595 67 21 andra
446 597 153 25 representant,
616 596 98 21 anmälde
730 596 32 25 sig
778 595 39 21 och
833 595 106 26 upptedde
955 602 25 13 en
996 595 25 21 af

188 624 105 21 Senatorn
310 623 111 22 Lönnblad
442 624 33 21 för
493 624 76 21 honom
586 624 100 21 utfärdad
703 625 79 26 polett;
800 623 38 22 och
855 623 96 21 helsades
967 624 50 21 herr

186 652 116 26 Björkstén
318 653 23 20 af
355 653 48 20 herr
419 652 152 21 Talmannen
584 648 132 37 välkommen,
732 653 107 27 hvarefter
848 652 48 21 herr
904 652 113 27 Björkstén

187 681 59 26 intog
262 681 31 21 sin
309 681 56 26 plats
380 682 5 20 i
402 681 96 22 Ståndet.

257 813 40 21 Till
311 813 106 26 justering
432 813 108 28 upplästes
551 813 108 26 åtskilliga
669 813 78 27 utdrag
758 812 22 22 af
790 812 99 22 Ståndets
900 813 114 26 protokoll.

256 945 57 21 Herr
329 945 171 21 Talmannen
516 945 147 26 tillkännagaf,
679 947 32 19 att
724 944 31 21 till
765 943 90 22 Ståndet
866 942 149 33 öfverlemnats

187 975 32 19 ett
239 973 59 21 antal
321 973 107 27 exemplar
448 973 22 21 af
490 974 36 21 det
546 974 47 21 utaf
607 979 26 16 en
648 973 33 22 för
696 973 124 22 ändamålet
835 973 86 20 nedsatt
936 971 80 20 komité

186 1001 129 22 utarbetade
335 1002 80 27 förslag
437 1002 32 21 till
487 1002 123 27 förordning
626 1003 110 26 angående
751 1002 109 21 allmänna
874 999 141 28 fattigvården

186 1031 6 20 i
208 1031 80 21 landet.

257 1129 11 20 I
285 1128 99 22 afseende
400 1129 13 20 å
427 1129 120 21 kännedom
563 1128 125 26 föredrogos
704 1127 107 22 särskilda
826 1126 46 22 från
889 1126 34 21 det
935 1126 81 21 Heder-

187 1157 67 21 värda
269 1157 164 22 Bondeståndet
448 1157 112 22 ankomma
576 1157 203 26 protokollsutdrag.

257 1290 101 21 Härefter
373 1291 91 25 upptogs
479 1290 49 20 herr
543 1290 24 20 E.
584 1289 98 26 Berghs
697 1289 45 21 tills
757 1289 7 20 i
780 1288 41 26 dag
836 1287 116 26 bordlagda
963 1286 53 27 peti-

187 1318 138 26 tionsförslag
341 1324 34 15 om
391 1318 151 21 omarbetande
558 1318 23 21 af
594 1318 99 26 gällande
709 1316 135 28 lagstiftning
859 1315 90 21 rörande
964 1321 16 15 s.
995 1315 20 21 k.

187 1346 90 27 förlags-
292 1348 52 20 eller
359 1346 201 27 fabriksinteckning
576 1346 39 21 och
632 1352 33 15 om
681 1346 72 21 vidare
770 1345 148 26 utsträckning
926 1344 21 21 af
957 1344 59 21 detta

187 1375 91 21 institut.

258 1438 69 21 Sedan
344 1438 56 21 Herr
415 1438 24 21 E.
456 1439 75 25 Bergh
569 1438 108 26 föreslagit
693 1439 32 19 att
740 1437 90 21 ärendet
843 1437 66 20 mätte
919 1434 31 22 till
962 1441 53 26 sam-

187 1468 96 20 mansatt
298 1467 56 27 Lag-
370 1467 39 21 och
425 1467 188 21 Ekonomiutskott
628 1466 128 26 remitteras,
773 1465 93 27 uppstod
874 1463 91 28 följande
976 1464 40 20 dis-

186 1496 96 20 kussion.
