1006 1784
770 153 40 23 529

100 218 56 21 hällä
171 218 57 21 kraft
243 219 24 20 af
279 218 35 29 läg
330 218 39 21 och
385 219 56 27 tjena
457 214 32 25 till
504 216 147 24 efterrättelse..
681 215 65 25 Hvad
761 219 77 27 sjelfva

98 252 66 21 saken
180 252 72 28 angår,
268 252 23 20 så
306 252 93 21 biträder
411 252 38 28 jag
464 252 48 21 herr
527 252 91 20 Hildéns
633 252 105 28 yttrande.

167 285 57 21 Herr
239 285 166 29 Teiigström:
436 286 43 28 Jag
501 286 118 27 tillstyrker
637 286 7 21 i
662 286 42 20 allo
723 286 114 21 utskottets

100 320 131 20 betänkande
247 324 55 16 samt
317 320 103 27 åberopar
435 320 25 20 de
476 320 23 20 af
511 320 104 20 utskottet
627 320 98 26 anförda,
737 320 100 27 välgruns

97 353 55 21 dade
168 353 57 27 skäl,
241 353 73 21 hvilka
329 354 6 20 i
350 354 47 20 mitt
413 354 63 27 tycke
491 353 18 28 ej
525 360 65 20 gerna
605 354 72 20 kunna
691 353 145 29 vederläggas,

98 387 100 21 hvarföre
217 388 38 26 jag
277 388 63 20 äfven
362 394 61 14 anser
442 388 38 20 allt
498 387 71 21 vidare
588 387 94 22 ordande
698 388 72 22 derom
786 395 51 15 vara

99 421 143 29 öfverflödigt.

165 455 57 21 Herr
236 455 96 22 Boelim
348 453 100 24 förenade
463 456 34 28 sig
511 455 48 22 med
576 456 47 20 herr
638 453 87 24 Hilden.

166 490 71 21 Sedan
256 490 48 21 herr
320 490 147 20 talmannen
486 490 113 20 framställt
616 490 145 27 proposition,
784 490 53 27 god-

98 524 70 22 kände
191 523 83 22 ståndet
292 522 48 22 med
359 523 157 28 öfvervägande
536 523 155 28 röstpluralitet
705 524 12 28 &
732 524 27 20 30
773 524 7 20 i
795 524 41 21 den

98 559 79 27 nådiga
191 558 167 28 propositionen,
374 557 46 21 med
437 556 36 22 det
488 556 23 22 af
524 557 141 28 lagutskottet
680 558 31 20 till
723 558 114 28 nämnde
825 552 15 38 8

98 592 121 28 föreslagna
231 592 75 28 tillägg
319 591 89 21 rörande
419 591 135 21 förräntande
567 591 24 21 af
600 591 73 29 fånges
685 592 150 28 sparpenning:

165 630 59 22 Utan
240 631 124 21 diskussion
379 631 72 21 blefvo
467 630 92 22 härefter
574 631 25 29 88
616 630 25 22 31
657 630 41 22 och
709 630 26 22 32
747 631 24 21 af
779 632 57 21 stän=

98 666 37 21 det
149 665 103 29 enhälligt
268 668 97 25 antagna.

437 700 13 28 &
466 697 33 23 33.

166 732 56 23 Herr
238 732 25 24 C.
279 733 25 22 F.
321 732 148 29 Grönberg:
499 734 43 28 Jag
564 732 69 23 skulle
651 732 108 30 tillstyrka
778 737 58 18 antas

98 768 70 29 gande
190 769 24 20 af
233 768 40 21 den
293 767 76 29 nådiga
384 768 162 27 propositionen
562 767 27 28 på
604 768 26 21 de
645 768 24 21 af
681 768 48 20 herr
745 767 91 22 Grotens

99 803 38 21 felt
160 802 29 21 uti
211 802 49 22 dess
283 802 23 21 af
322 802 44 28 mig
382 802 97 21 biträdda
493 802 132 21 reservation
641 802 126 21 framhållna
783 802 52 21 skäl:

99 837 63 21 Dock
178 836 49 22 ville
240 837 37 28 jag
292 836 7 20 i
314 836 172 28 propositionens
498 836 81 27 förslag
590 836 87 21 förorda
687 836 40 20 den
739 836 97 28 ändring,

98 874 31 18 att
151 870 36 22 det
204 872 18 27 ej
241 870 70 22 skulle
329 870 111 22 ankomma
455 871 27 28 på
497 870 230 26 tukthusdirektionen,
743 874 49 17 utan
808 870 28 28 på

98 905 135 28 vederbörlig
249 905 99 26 domstol,
364 904 30 22 att
409 905 78 28 pröfva
501 911 34 14 om
552 905 73 28 fånges
637 905 133 27 uppförande
782 905 55 20 varit

98 939 76 22 sådant
196 943 30 17 att
248 939 40 20 han
312 939 44 20 före
378 939 40 20 den
441 939 78 21 honom
538 938 92 21 ådömda
648 938 131 22 strafftidens
793 938 44 22 slut

98 973 72 22 kunde
186 973 44 21 från
247 973 105 28 fängelset
367 972 110 29 lösgifvas.

165 1007 56 22 Herr
235 1006 121 23 Juselius
371 1007 104 21 instämde
486 1007 6 20 i
505 1007 126 28 föregående
643 1007 75 21 talares
730 1006 105 29 yttrande,

98 1041 56 23 dock
169 1043 48 20 med
232 1042 40 21 den
288 1042 81 21 olikhet
384 1044 31 18 att
429 1041 61 28 fråga
505 1049 34 13 om
555 1042 73 27 fånges
643 1039 135 30 lösgifvande
791 1041 44 22 före

98 1076 130 22 strafftidens
247 1076 79 29 utgång
343 1075 63 21 borde
422 1076 23 20 af
459 1075 219 28 fångvårdsstyrelsen
695 1075 140 21 öfverlemnas

97 1111 32 20 till
152 1111 61 20 Hans
235 1109 121 29 Kejserliga
377 1109 111 29 Majestät,
511 1117 46 14 som
576 1116 71 15 ensam
667 1109 68 22 skulle
751 1117 39 20 ega
805 1113 32 18 att

98 1145 73 21 derom
186 1145 116 21 bestämma
318 1143 40 21 och
373 1144 80 28 afgöra.

166 1179 55 20 Hert
236 1175 127 24 Thermén
387 1177 114 22 förordade
524 1176 117 29 antagande
659 1177 24 22 af
699 1177 40 21 den
758 1176 78 29 nådiga

99 1213 171 28 propositionens
293 1208 81 31 försläg
395 1219 34 14 om
450 1211 74 28 fånges
539 1211 115 28 vilkorliga
668 1210 145 29 lösgifvande,
828 1211 7 20 i

99 1248 82 21 bvilket
200 1246 98 22 afseende
314 1246 78 20 talaren
407 1245 120 27 åberopade
543 1245 26 21 de
584 1245 7 20 i
606 1245 116 20 motiverne
737 1244 32 21 till
785 1245 51 20 den-

98 1289 80 14 samma
197 1284 54 17 samt
269 1280 7 21 i
292 1279 48 21 herr
356 1278 131 22 Grotenfelts
502 1278 130 22 reservation
648 1281 57 18 emot
719 1277 116 22 utskottets

98 1315 133 22 betänkande
247 1313 88 22 anförda
350 1313 52 20 skäl.
425 1313 119 27 Angående
559 1312 41 21 den
615 1312 111 27 procedyr,
741 1319 46 14 som
798 1311 37 21 vid

98 1350 74 27 fånges
194 1347 134 28 lösgifvande
352 1347 63 21 borde
434 1346 73 28 följas,
525 1345 101 22 förenade
645 1347 32 26 sig
692 1345 81 21 talaren
787 1345 48 21 med

98 1383 49 21 herr
160 1381 100 22 Juselius.

165 1415 57 20 Herr
234 1414 25 22 C.
268 1415 25 19 F.
303 1414 138 27 Grönberg
452 1413 53 21 hade
518 1413 75 28 begärt
603 1413 66 26 ordet,
682 1413 33 20 för
727 1414 30 18 att
768 1412 7 20 i
786 1412 49 20 sist-

98 1449 90 21 nämnde
204 1448 98 26 afseende
318 1448 61 20 äfven
394 1448 113 19 instämma
521 1447 6 20 i
544 1446 47 20 herr
605 1441 77 26 Juselii
697 1445 104 28 yttrande.

124 1494 62 21 Vällvfl.
196 1493 138 24 borgareståndets
346 1492 77 25 protokoll
435 1493 98 22 landtdagen
543 1491 120 17 1863—1864
676 1490 29 18 2:a
718 1491 19 16 B.
780 1484 26 21 34
