1014 1748
785 128 26 20 47

96 190 84 29 ganska
200 191 71 28 ringa,
294 198 47 15 men
353 190 76 22 :skulle
447 191 57 21 dock
522 191 7 21 i
545 190 26 22 de
586 191 62 22 flestä
663 190 37 22 fall
717 191 67 28 något
798 192 43 20 för-

97 225 93 27 bättras,
212 232 34 14 om
271 225 47 21 dem
337 225 85 21 tillades
438 232 25 14 en
469 223 118 30 tredjedel
605 226 25 20 af
641 226 200 27 tingsgästningen,

95 258 90 22 hvilken
208 259 26 21 de
255 259 57 28 finge
335 259 115 21 oafkortad
468 259 103 27 uppbära.
600 258 49 21 Den
665 259 118 21 förnämsta
798 260 44 20 för-

95 292 61 28 mån,
172 291 105 23 nämnden
294 300 26 13 nu
337 293 92 27 åtnjuter
444 293 39 21 och
500 292 81 28 hvarpå
595 292 67 22 bland
676 292 107 29 allmogen
799 293 43 20 sät-

96 330 32 18 tes
144 326 53 29 högt
212 326 72 27 värde,
300 328 23 20 är
338 326 114 22 befrielsen
469 326 46 21 från
531 326 118 28 hällskjuts.
672 326 132 22 Fördelarne
820 327 25 21 af

96 361 200 29 tingsgästoingens
312 360 123 29 fördelning
450 361 7 21 i
471 360 37 22 det
523 360 140 28 förhållande,
679 361 58 21 förra
752 361 90 21 alterna-

95 396 56 21 tivet
172 396 24 20 af
212 396 127 28 paragrafen
357 396 126 26 innehåller,
498 402 65 21 synas
578 403 51 13 vara
645 395 119 29 påtagliga,
781 395 62 21 hvar-

95 429 48 27 före
156 430 38 28 jag
209 430 63 21 äfven
288 430 34 21 för
337 430 44 26 min
396 430 35 21 del
447 429 98 23 förordar
559 429 131 29 antagandet
706 430 24 21 af
742 430 58 21 detta
812 430 30 21 al-

96 464 100 22 ternativ.

164 504 58 22 Herr
237 503 122 28 Sundman,
374 511 47 15 som
435 504 36 21 vid
487 504 122 21 sessionens
625 504 74 28 början
715 504 56 23 varit
786 504 57 22 från-

96 538 106 28 varande,
216 539 75 21 infann
306 538 34 29 sig
355 546 28 14 nu
398 538 41 22 och
455 539 60 28 intog
530 540 38 20 sitt
583 539 44 21 säte
643 538 114 22 i-ståndet.

168 578 56 22 Herr
240 578 168 29 Tengström:
437 578 44 21 Till
503 578 56 21 hvad
578 579 38 27 jag
638 578 58 22 förut
718 578 72 21 anfört
808 586 34 14 om

97 613 235 28 häradshöfdingarnes
348 613 99 28 aflöning
463 612 94 21 anhåller
569 613 38 28 jag
623 612 21 21 få
658 612 100 29 tillägga,
774 616 30 17 att
815 612 29 29 på

97 655 76 14 senare
194 647 56 22 tider
268 647 64 21 hafva
351 646 232 29 häradshöfdingarnes
602 646 119 22 inkomster
737 647 106 28 betydligt

97 682 70 21 ökats.
200 681 54 22 Dels
273 681 39 22 har
331 681 100 28 beloppet
446 681 23 21 af
481 681 188 29 tingsgästningen
685 681 107 29 ansenligt
806 681 38 22 sti-

97 716 33 29 git
145 716 23 21 så
183 716 35 21 väl
234 723 77 22 genom
326 716 78 29 nådiga
419 716 144 28 kungörelsen
579 716 24 21 af
615 716 40 21 den
673 717 25 20 12
714 717 55 26 april
782 716 62 26 1858,

97 751 139 28 hvarigenom
252 750 151 29 skyldigheten
419 753 32 18 att
471 751 88 28 erlägga
578 750 69 22 denna
662 751 134 28 kappeafgift
811 754 33 17 ut-

98 785 96 22 sträckes
216 785 32 20 till
270 785 76 21 nästan
365 784 73 28 hvarje
457 785 100 28 hjonelag
576 785 28 27 på
619 785 81 27 landet,
717 793 47 13 som
780 786 63 20 äfven

98 827 77 21 genom
198 819 132 21 tillkomsten
350 819 24 21 af
390 826 25 14 en
431 819 79 28 mängd
525 826 42 21 nya
582 819 181 28 torplägenheter,
779 819 65 21 back-

98 853 139 30 stugusittare
256 853 40 21 och
314 853 151 29 inhyseshjon,
483 853 46 22 dels
546 853 37 21 har
597 853 183 28 protokollslösen
796 853 48 22 blif-

98 889 32 21 vit
146 888 108 29 betydligt
268 887 119 22 förbättrad
402 895 78 21 genom
495 890 72 18 senast
581 888 102 21 utkomne
699 888 145 28 expeditions-

98 926 62 23 taxa,
180 923 60 21 hvari
256 922 125 28 isynnerhet
396 920 113 24 domarens
525 922 118 22 inkomster
658 921 25 21 af
695 922 150 28 inteckningar

99 957 41 21 och
162 956 89 28 uppbud
270 957 38 20 äro
329 955 108 29 förhöjde,
453 956 23 21 sä
491 959 31 18 att
536 956 221 28 häradshöfdingarne
772 956 72 22 kunna

100 992 84 28 ganska
207 991 34 20 väl
264 990 57 22 lefva
344 990 48 22 med
416 991 46 20 sina
481 990 117 21 inkomster
617 993 56 18 samt
691 991 33 20 till
740 990 41 22 och
797 989 48 23 med

101 1026 69 21 blifva
192 1025 120 28 förmögna.
349 1024 43 22 Vid
416 1025 59 21 detta
493 1024 134 22 förhällande
646 1022 62 24 torde
726 1024 118 22 nämndens

100 1060 98 28 aflöning
219 1059 67 29 enligt
305 1059 99 28 gällande
423 1060 36 27 lag
476 1059 47 21 icke
542 1059 97 21 medföra
657 1058 72 29 nägon
748 1058 96 22 särdeles

98 1094 106 23 inverkan
223 1093 29 28 pä
266 1094 62 20 deras
344 1093 139 21 ekonomiska
498 1093 108 28 ställning.
636 1092 47 21 Min
700 1092 144 28 öfvertygelse

99 1136 35 14 om
150 1128 180 28 tillräekligheten
347 1127 25 21 af
383 1126 231 29 häradshöfdingarnes
629 1126 119 22 inkomster
762 1126 82 27 kunde,

100 1170 35 14 om
150 1162 37 22 det
202 1169 50 14 vore
267 1161 109 29 lämpligt,
392 1164 85 26 styrkas
493 1168 77 21 genom
587 1160 102 28 exempel.
720 1158 41 23 Att
772 1161 73 20 nämn-

100 1197 53 21 dens
172 1196 99 28 aflöning
290 1203 77 21 genom
386 1195 147 22 bibehällande
549 1195 24 21 af
585 1202 28 14 nu
628 1194 100 28 gällande
744 1194 101 28 stadgan-

99 1231 28 22 de
145 1230 71 21 skulle
234 1230 69 22 blifva
318 1230 73 20 alltför
406 1232 51 24 stor,
472 1230 70 20 säsom
557 1229 68 28 nägra
640 1229 65 21 talare
720 1228 73 28 tyckts
809 1236 36 13 an-

100 1272 33 20 se,
156 1265 42 21 kan
218 1265 38 28 jag
278 1265 17 27 ej
320 1264 67 27 finna,
411 1263 28 22 dä
460 1264 41 21 den
519 1264 6 20 i
545 1264 27 20 de
590 1266 59 18 stora
667 1254 177 40 Österbottniska

101 1299 118 22 socknarne
241 1300 20 27 ej
283 1299 65 27 utgör
370 1306 57 13 mera
450 1299 26 20 än
495 1305 38 14 sex
551 1299 13 19 å
583 1298 31 20 tio
629 1300 79 18 tunnor
724 1297 33 21 för
772 1296 73 28 hvarje

101 1333 153 27 nämndeman,
274 1333 128 21 åtminstone
421 1332 68 21 sällan
504 1332 129 21 derutöfver.
661 1331 45 29 Jag
722 1331 76 21 förblir
812 1331 34 20 sä-

101 1367 58 21 ledes
181 1366 37 21 vid
238 1366 41 21 den
298 1366 146 27 öfvertygelse
463 1366 7 20 i
489 1367 70 19 ämnet
571 1366 38 26 jag
624 1366 69 23 fattat,
709 1364 40 21 och
764 1365 42 19 den
822 1366 23 18 är

101 1401 40 21 hos
162 1399 46 28 mig
229 1399 24 21 sä
274 1399 52 26 fast,
349 1402 31 17 att
398 1399 39 28 jag
455 1398 70 21 skulle
544 1398 53 27 hysa
615 1398 50 26 den,
681 1397 63 20 äfven
760 1405 33 12 om
806 1397 39 28 jag

101 1440 53 15 vore
175 1440 68 21 yngre
265 1433 147 27 borgmästare
434 1431 41 22 och
498 1431 78 22 ärnade
595 1431 52 22 söka
663 1431 111 28 domsaga,
793 1431 53 22 eller
