1017 1809
199 174 41 24 118

170 237 151 28 förnämligast
342 237 63 22 rörde
423 236 87 28 bolaget
527 237 71 21 såsom
616 244 89 21 person,
720 236 33 23 till
768 236 54 30 följd
836 236 76 23 hvaraf

169 271 44 21 och
233 271 30 22 dä
280 270 182 31 bolagsstyrelsen
479 271 55 21 hade
549 271 36 21 sitt
600 272 45 20 säte
659 271 7 21 i
682 270 27 22 St
723 270 141 29 Petersburg,
878 278 36 14 sa-

170 305 43 23 ken
226 305 44 21 fick
285 305 41 22 den
341 305 87 28 utgång,
444 307 31 19 att
489 304 168 27 kompromissen
672 305 66 22 borde
753 305 13 22 å
777 305 90 22 nämnde
879 307 35 19 ort

171 338 165 22 sammanträda.
369 337 60 22 Utan
445 341 30 18 att
490 339 51 29 vilja
555 339 51 28 ingå
620 338 7 21 i
642 339 66 28 något
722 339 155 22 bedömmande
892 339 24 22 af

170 372 164 30 tillämpningen
349 372 7 22 i
371 372 36 22 det
421 371 104 24 konkreta
540 372 45 27 fall,
599 379 46 16 som
660 372 39 22 här
713 373 90 22 kommit
817 373 33 21 till
864 373 50 27 tals,

170 413 63 18 anser
245 407 40 28 jag
297 406 39 21 det
349 406 67 23 likväl
432 414 51 14 vara
498 406 168 29 ovedersägligt,
681 409 31 21 att
726 407 116 28 kejserliga
853 414 61 15 sena-

171 444 47 20 tens
233 441 139 30 uppfattning
387 441 24 21 af
423 441 76 28 sjelfva
513 441 68 23 saken
597 441 70 22 hvilar
681 441 28 29 pä
724 441 132 28 fullkomligt
870 441 44 22 rik=

170 475 48 29 tiga
238 475 110 29 principer
369 475 41 22 och
429 477 31 19 att
477 475 8 22 i
499 475 95 28 enlighet
609 474 95 28 dermed,
719 475 28 23 dä
763 475 64 29 bolag
842 475 72 23 säsom

171 516 80 24 person
273 509 54 23 skall
350 516 63 16 svara
429 509 8 22 i
455 517 25 14 en
499 509 49 28 sak,
563 509 36 21 det
614 510 7 20 i
636 509 53 28 följd
705 509 24 22 af
741 509 33 22 sin
789 509 126 28 bosättning

171 543 132 30 underlyder
325 544 69 21 forum
416 550 106 21 persona,
541 551 48 14 men
603 545 31 20 att
649 543 27 22 dä
691 543 61 29 fråga
767 543 23 22 är
804 551 36 13 om
855 543 60 22 bola-

172 580 47 25 gets
234 577 187 29 bolagsfastighet,
436 577 41 23 den
492 577 39 23 bör
544 577 179 28 anhängiggöras,
735 577 38 23 der
784 577 130 29 egendomen

173 611 106 28 befinnes,
298 611 40 21 och
354 611 81 23 således
454 611 37 23 vid
510 612 69 20 forum
593 612 31 22 rei
639 611 52 22 site,
721 610 30 23 Sä
766 611 70 23 skulle
851 614 15 20 t.
880 619 34 15 ex.

172 648 31 19 ett
218 645 75 29 bolag,
308 653 46 13 som
370 645 38 23 har
423 645 33 22 sin
471 645 135 22 verksamhet
620 646 8 22 i
642 645 151 28 Lappmarken
808 653 48 14 men
870 649 45 27 sty-

171 679 82 23 relsens
269 680 45 22 säte
332 679 7 24 i
357 672 60 35 Äbo,
435 679 8 22 i
457 679 52 27 mäl,
524 687 46 14 som
585 679 48 23 icke
647 680 58 28 gälla
720 680 128 29 fastigheten
863 683 52 20 utan

173 713 87 29 bolaget
274 713 70 22 säsom
359 721 88 22 person,
462 713 124 23 instämmas
601 714 33 22 till
649 713 91 22 domstol
756 715 7 20 i
778 707 61 35 Åbo,
855 715 7 20 i
875 715 41 21 tvi-

172 750 44 21 ster
230 755 36 15 om
281 747 132 28 förvaltning
428 748 24 21 af
464 747 129 28 fastigheten
609 748 50 21 eller
675 749 67 23 andra
756 748 160 29 omständighe-

172 783 32 20 ter
218 781 91 24 rörande
326 781 97 28 bolagets
438 781 105 28 egendom
558 782 95 21 deremot
668 784 100 19 stämmas
780 783 31 20 till
824 783 92 27 Lappsk

172 815 129 22 häradsrätt,
324 815 12 23 I
351 815 36 22 det
402 815 127 22 omnämnda
544 815 106 22 särskilda
662 817 61 20 fallet
733 816 113 24 inträffade
858 816 58 23 dock

173 849 37 22 det
230 857 56 21 egna
308 849 155 28 förhällandet,
484 852 31 19 att
537 849 97 29 bolagets
657 850 90 30 styrelse
770 857 38 14 var
830 850 85 28 förlagd

172 886 60 19 utom
246 883 81 24 landet.

240 923 13 20 I
268 922 115 29 anledning
398 923 24 21 af
434 923 49 22 herr
495 923 164 22 talmannens
671 923 148 30 anmärkning,
832 927 31 19 att
874 924 42 23 den

172 964 30 15 nu
219 956 69 22 under
306 956 137 29 förhandling
459 956 92 23 varande
567 958 127 27 paragrafen
709 959 57 22 afser
781 957 135 29 aktiebolags

173 991 134 22 förhällande
326 991 33 21 till
373 991 67 29 tredje
455 999 60 19 man,
533 991 28 22 dä
576 991 96 22 deremot
686 991 41 23 den
742 992 118 23 refererade
876 992 40 21 tvi-

173 1029 47 19 sten
241 1025 62 23 torde
327 1025 100 23 förefallit
449 1025 76 23 mellan
545 1025 125 32 bolagsmän
688 1025 112 28 inbördes,
814 1027 103 29 upplyste

174 1060 48 23 herr
237 1059 157 29 Tengström
410 1059 84 27 vidare,
510 1063 31 18 att
554 1061 80 21 tvisten
649 1060 78 28 angick
737 1061 127 28 rättigheter
875 1061 41 22 och

173 1095 115 26 förmåner,
313 1094 29 30 pä
363 1093 84 23 hvilkas
469 1093 178 23 utbekommande
668 1095 109 22 käranden
800 1095 59 28 gjort
880 1102 38 14 an-

173 1128 65 30 spräk
260 1135 47 14 men
330 1127 73 22 hvilka
425 1127 87 29 bolaget
531 1128 77 28 vägrat
629 1131 31 18 att
682 1128 127 23 tillerkänna
827 1129 90 27 honom,

173 1162 118 28 hvarjemte
305 1161 50 23 herr
370 1161 129 29 Tengström
515 1162 100 28 slutligen
630 1162 106 27 förmälte,
747 1165 32 18 att
792 1170 47 15 som
850 1163 67 22 aktie-

174 1197 76 26 bolags
272 1195 105 28 egendom
399 1195 42 24 kan
463 1203 52 15 vara
536 1196 75 29 spridd
629 1195 13 23 å
659 1195 51 24 flere
727 1196 107 23 särskilda
853 1200 63 23 orter,

174 1229 71 24 kunde
267 1229 42 23 han
331 1229 47 24 icke
401 1229 83 22 biträda
505 1229 40 22 den
565 1229 132 24 framställda
715 1230 93 28 äsigten,
828 1233 32 20 att
874 1231 43 22 alla

174 1264 144 29 tvistefrägor,
341 1270 46 15 som
406 1263 92 29 anginge
517 1264 76 23 sädant
611 1263 75 29 bolag,
701 1263 67 24 borde
783 1265 81 22 utföras
880 1264 36 24 vid

174 1298 95 23 domstol
283 1298 8 22 i
306 1297 41 22 den
362 1300 43 24 ort,
424 1297 37 22 der
478 1297 95 28 bolagets
589 1297 104 29 egendom
708 1299 33 28 sig
757 1299 99 22 befunne.

241 1337 57 21 Herr
315 1337 158 28 Bergstedt:
503 1337 184 22 Genomförandet
708 1337 24 23 af
751 1337 27 22 de
799 1338 49 23 utaf
866 1338 50 22 herr

174 1370 131 30 Tengström
321 1371 94 22 uttalade
429 1371 80 27 åsigter
523 1371 70 21 skulle
608 1371 30 20 uti
653 1371 79 22 sådana
743 1371 49 26 fall,
804 1371 66 22 hvarå
878 1373 39 30 jag

173 1405 118 28 uppkastat
309 1407 30 18 ett
358 1405 107 29 exempel,
483 1404 96 22 medföra
597 1404 83 29 ganska
695 1405 62 22 svåra
772 1405 145 28 olägenheter,

174 1439 8 21 i
197 1439 37 21 det
252 1441 31 18 att
298 1438 32 21 till
345 1438 41 21 och
400 1438 48 29 med
463 1439 36 20 det
513 1439 96 21 enklaste
624 1439 152 29 fordringsmål
791 1439 7 21 i
812 1440 52 23 slikt
879 1440 37 22 fall

173 1473 86 24 komme
273 1476 31 19 att
318 1473 80 21 utföras
412 1473 7 21 i
435 1472 26 23 St
474 1472 139 29 Petersburg,
629 1473 40 22 och
684 1473 53 30 följd
746 1481 27 15 en
788 1473 62 24 deraf
863 1473 53 25 blef-
