1020 1792
203 186 27 22 80

176 249 74 28 grefve
273 247 69 30 Bergs
366 248 34 21 idé
419 247 51 28 och,
489 247 71 22 såsom
579 255 48 14 man
646 248 70 28 säger,
734 247 54 30 plöjt
803 244 48 25 med
867 245 53 23 hans

175 283 92 20 kalfvar.
304 281 73 23 Sedan
395 282 86 21 senaten
501 282 105 22 infordrat
628 283 106 21 särskilda
755 283 166 28 upplysningar,

174 316 132 29 uppgjordes
322 316 63 22 äfven
404 319 30 19 ett
452 316 82 28 förslag
552 317 7 20 i
578 316 36 22 det
632 317 67 28 syfte,
714 317 75 28 grefve
804 317 59 27 Berg
878 315 42 22 och

174 357 28 14 nu
218 351 53 21 hans
286 351 95 21 imitator
396 353 88 25 prosten
500 350 78 22 Heikel
594 351 106 25 förordat;
723 358 47 14 men
785 353 58 19 emot
857 350 64 21 verk-

173 384 139 29 ställigheten
326 385 66 21 mötte
408 385 23 20 så
446 385 77 29 många
539 385 40 20 och
595 385 83 28 vigtiga
697 385 82 26 hinder,
797 388 32 18 att
843 384 78 21 sådant

174 419 77 28 ansågs
268 419 54 21 först
337 418 53 22 efter
406 419 92 21 skeende
514 419 155 21 förberedelser
685 419 40 21 och
740 419 54 22 efter
804 426 26 14 en
845 419 75 28 längre

172 453 32 21 tid
220 453 72 21 kunna
306 453 137 28 genomföras
459 453 96 26 sälunda,
571 456 30 18 att
616 453 115 28 domsagor
746 452 41 23 och
799 455 121 26 pastorater

173 487 38 21 vid
232 486 174 29 uppkommande
428 487 120 28 ledigheter
570 487 53 21 efter
642 487 56 22 hand
717 487 70 22 skulle
801 487 8 21 i
824 487 96 28 enlighet

172 521 49 21 med
244 521 106 28 förslaget
370 521 102 28 regleras.
510 521 72 22 Saken
601 522 24 21 är
642 521 83 22 säledes
739 521 66 22 redan
821 521 98 29 afgjord,

172 555 66 21 mälet
252 558 32 18 att
298 556 82 21 sträfva
394 556 34 21 till
444 556 23 20 är
482 556 78 27 gifvet,
576 563 48 14 men
639 556 90 21 hindren
745 559 31 18 att
790 557 73 27 uppnä
873 555 48 22 det-

173 596 81 15 samma
272 589 60 28 ligga
350 590 7 21 i
372 589 201 29 verkställigheten,
588 590 41 21 och
644 590 63 22 dessa
722 590 75 21 binder
811 590 73 21 kunna
898 589 20 29 ej

172 623 49 22 med
243 631 38 14 ens
304 624 121 29 aflägsnas,
449 631 34 14 om
506 631 48 14 man
572 625 26 20 än
617 624 70 29 aldrig
701 624 24 22 sä
740 624 45 22 ofta
801 623 117 23 besvärade

172 657 62 22 Hans
256 657 122 30 Kejserliga
400 657 105 29 Majestät
526 658 48 21 med
597 659 114 27 petitioner
729 658 8 21 i
755 658 78 22 sädant
854 659 64 28 syfte.

171 691 53 29 Jag
234 691 91 22 föreslär
343 691 95 27 derföre,
454 695 32 18 att
502 692 38 21 det
558 692 165 29 ifrägavarande
737 693 181 28 petitionsförsla-

172 730 49 25 get,
239 733 47 14 som
305 727 63 20 äfven
388 726 61 21 torde
464 726 72 22 kunna
551 726 108 22 betraktas
674 727 71 21 säsom
760 734 25 14 en
801 733 117 23 paroxysm

172 761 25 21 af
212 760 41 21 den
271 760 37 22 vid
326 760 130 28 landtdagen
476 761 82 28 gängse
573 761 188 28 petitionsfebern,
776 764 51 19 utan
842 762 75 21 vidare

171 795 66 21 mätte
252 795 75 29 läggas
343 795 33 21 till
391 795 162 29 handlingarne.

240 834 57 22 Herr
312 829 152 34 Öhrnberg:
488 835 44 29 Jag
547 836 123 20 instämmer
685 836 7 20 i
707 836 41 21 den
761 836 52 22 sista
824 836 93 22 talarens

173 870 56 28 äsigt
251 872 31 18 att
304 870 168 28 presteständets
490 869 165 29 ifrägavarande
673 870 126 29 inbjudning
813 870 19 28 ej
849 870 67 23 borde

171 903 112 22 föranleda
304 903 33 22 till
360 904 66 28 nägot
448 904 130 28 tillgörande
596 904 13 20 &
627 904 95 21 ständets
740 904 58 27 sida,
817 909 49 19 men
877 904 42 30 jag

171 938 68 21 mäste
261 938 69 21 tillstä
352 940 31 18 att
398 939 38 27 jag
451 938 119 28 ingalunda
583 938 42 20 kan
641 938 85 22 biträda
740 938 27 22 de
781 939 80 28 skarpa
875 940 41 21 och

172 972 105 28 onödiga,
294 972 110 22 dessutom
423 972 134 28 fullkomligt
572 972 119 28 obefogade
706 972 97 30 nttryck,
818 980 45 14 som
880 974 36 22 be-

170 1006 71 22 mälde
263 1005 66 23 talare
350 1008 70 20 ansett
435 1006 130 29 tillständigt
580 1008 30 19 att
628 1006 30 22 uti
677 1006 72 22 denna
767 1007 149 30 församling
902 1001 18 40 i

170 1041 38 21 sitt
230 1040 138 29 andragande
390 1040 99 29 begagna
512 1044 57 18 emot
586 1048 26 14 en
631 1041 141 22 frånvarande
788 1042 88 21 medlem
893 1043 25 21 af

169 1074 164 29 presteständet.
369 1074 45 29 Jag
429 1075 23 20 är
471 1074 127 29 öfvertygad
614 1077 31 19 att
660 1075 48 21 herr
723 1078 87 25 prosten
825 1076 90 28 Heikel,

169 1108 28 21 dä
219 1108 42 22 han
283 1108 101 28 framlagt
402 1108 164 28 ifrägavarande
583 1109 196 29 petitionsförslag,
794 1111 55 20 varit
864 1111 51 22 ledd

169 1141 78 23 endast
263 1142 41 22 och
324 1142 90 22 allenast
429 1142 24 21 af
466 1150 25 14 en
507 1143 81 21 önskan
604 1146 31 18 att
649 1144 33 20 till
697 1144 84 22 landets
797 1152 66 14 sanna
878 1145 37 22 bä-

169 1180 34 18 sta
221 1177 77 28 bringa
316 1177 13 21 å
348 1177 53 21 bane
417 1177 66 28 något
498 1178 24 20 sä
537 1177 88 21 allmänt
640 1178 112 29 gagneligt
767 1178 40 22 och
823 1180 91 28 nyttigt,

169 1218 46 14 som
230 1211 37 21 det
281 1210 8 22 i
303 1211 119 28 petitionen
437 1211 91 21 berörda
543 1212 60 21 ämne
619 1212 115 28 onekligen
749 1213 30 21 är.
811 1213 45 29 Jag
871 1222 43 14 me-

168 1252 39 14 nar
222 1244 84 22 derföre
322 1248 31 18 att
367 1248 87 24 prosten
470 1244 66 22 ocksä
552 1245 63 21 bordt
629 1252 52 15 vara
696 1246 75 22 fredad
783 1246 33 22 för
827 1247 88 22 ohemu-

168 1278 22 22 la
206 1278 158 29 anspelningar,
382 1278 80 22 sådana
477 1286 46 14 som
538 1278 49 22 dem
602 1279 102 23 hvarmed
719 1279 49 23 herr
783 1279 131 31 Tengström

168 1312 152 22 framkommit.

236 1350 58 23 Herr
309 1349 167 30 Tengström:
506 1350 66 22 Emot
590 1351 48 22 herr
657 1353 88 26 prosten
759 1351 91 28 Heikel,
865 1359 48 16 som

167 1385 24 20 är
213 1385 43 20 min
278 1385 124 28 personliga
423 1386 43 21 vän
484 1385 40 21 och
543 1385 110 21 dessutom
670 1386 43 21 min
732 1393 81 21 granne
828 1386 29 29 pä
871 1387 41 21 den

168 1422 40 25 ort,
223 1419 38 21 der
273 1419 38 28 jag
327 1419 23 21 är
366 1419 76 27 bosatt,
458 1418 39 23 har
509 1419 39 30 jag
562 1420 26 28 ej,
604 1420 70 21 såsom
686 1420 49 21 herr
747 1414 116 35 Öhrnberg
874 1421 38 28 pä-

167 1454 61 26 stätt,
244 1454 58 28 gjort
317 1453 67 29 nägra
399 1453 117 30 obehöriga
531 1453 159 29 anspelningar,
706 1454 39 21 och
761 1455 19 28 ej
796 1457 68 26 yttrat
874 1455 37 22 nä-

166 1491 47 25 got,
229 1495 46 14 som
294 1487 42 22 kan
357 1488 33 21 för
405 1490 87 26 prosten
508 1495 51 16 vara
575 1488 156 23 förnärmande.
768 1489 45 30 Jag
827 1490 24 20 är
866 1490 45 21 likä
