1020 1800
778 164 26 22 91

89 224 89 30 ledning
200 226 25 22 af
244 226 62 21 dessa
329 226 71 21 beslut
410 225 123 23 -behandlat
546 226 94 22 ärendet
659 226 41 22 och
715 226 84 23 således
814 228 19 27 ej

90 259 141 22 Öfverskridit
245 260 32 20 sin
294 260 136 28 befogenhet.
451 260 45 28 Jag
510 260 41 21 kan
564 260 18 28 ej
595 260 66 21 heller
674 260 64 26 finna,
750 264 34 18 att
792 260 43 22 den

89 293 8 21 i
119 294 71 20 ämnet
212 293 83 21 aflätna
318 294 78 28 nädiga
415 293 162 28 propositionen
592 294 69 21 skulle
676 294 72 28 äsyfta
762 294 72 28 nägon

89 326 127 30 förändring
231 327 24 21 af
267 326 41 22 den
324 327 6 21 i
346 327 159 29 grundlagarne
519 327 85 21 införda
619 327 115 28 grundsats
750 331 31 18 att
791 336 44 14 em-

89 360 56 22 bets-
160 360 41 22 och
217 361 168 28 tjenstemännen
400 361 7 21 i
422 361 74 21 landet
509 361 49 21 icke
573 361 52 21 böra
640 366 50 17 utan
705 362 48 21 skäl
764 362 71 22 beröf-

88 402 39 14 vas
142 394 46 22 sina
204 394 164 22 löneförmäner.
400 394 78 22 Denna
493 396 166 27 tjenstemännen
675 396 159 22 tillförsäkrade

76 448 2 4 ,
87 428 104 29 rättighet
205 431 88 26 antages
309 429 91 23 tvärtom
416 428 6 22 i
438 429 160 28 propositionen
614 429 71 23 såsom
700 430 80 29 gifven,
793 430 40 21 och

87 462 38 23 det
146 465 24 22 är
188 463 76 22 endast
283 463 60 28 fråga
358 471 34 13 om
408 466 31 18 att
454 464 34 20 för
503 463 57 22 vissa
576 463 36 22 fall
628 465 98 22 närmare
741 465 93 24 bestäm-

85 504 36 14 ma
141 497 121 29 grunderne
282 497 32 22 för
329 497 196 22 löneförmånernes
540 497 124 29 utgörande.
698 494 98 27 Ärendet
810 499 24 24 är

75 550 2 2 .
86 531 94 27 således,
196 531 67 29 enligt
279 532 42 21 min
337 531 74 28 tanke,
421 531 52 24 ieke
489 531 70 29 någon
572 532 107 29 lagfräga,
691 536 51 20 utan
754 533 25 21 af
786 536 48 19 rent

87 565 99 23 financiel
202 565 154 24 beskaffenhet.

155 604 58 23 Herr
228 600 150 34 Öhrnberg:
400 605 44 29 Jag
455 606 89 29 medger
555 606 59 22 såvål
627 609 32 19 att
670 607 99 27 stånden,
782 610 50 18 utan

75 649 2 2 >
87 641 32 19 att
136 639 73 21 derför
224 639 71 22 kunna
310 640 75 21 ställas
400 640 32 21 till
447 648 84 19 ansvar,
546 648 40 21 ega
601 644 31 18 att
647 641 54 21 efter
716 641 69 29 behag
800 642 34 20 till

87 673 27 21 de
130 673 90 27 utskott,
235 674 27 20 de
276 674 58 21 finna
350 674 33 21 för
397 674 60 28 godt,
468 674 108 22 remittera
587 674 175 22 förekommande
773 677 61 19 ären-

87 707 46 28 der,
154 714 47 14 som
221 708 62 21 äfven
303 710 31 19 att
352 708 121 22 utskottens
489 708 124 28 kompetens
628 708 49 22 icke
693 708 63 22 beror
770 710 24 20 af
806 709 28 21 de

76 753 5 3 *
87 742 161 28 benämningar,
263 750 48 14 man
327 742 64 29 gifvit
405 742 55 22 dem.
497 742 52 22 Men
562 744 38 27 jag
615 750 62 14 anser
689 743 38 21 det
742 743 56 21 dock
814 744 18 28 ej

86 784 53 15 vara
157 777 35 21 väl
212 776 99 27 betänkt,
327 780 31 18 att
372 780 51 18 utan
438 777 72 29 nägon
525 776 161 29 nödvändighet
701 777 75 29 frängä
791 777 43 22 den

87 811 127 29 grundsats,
233 818 46 14 som
298 811 6 21 i
321 812 73 28 början
411 812 23 20 af
447 811 130 29 landtdagen
592 811 75 28 gjorde
683 811 34 28 sig
732 812 102 28 gällande

87 846 41 22 och
150 846 77 28 följdes
248 846 35 21 vid
302 846 120 21 utskottens
439 845 132 22 tillsättande
586 846 40 21 och
641 846 37 23 vid
693 846 58 21 valet
766 846 24 21 af
803 846 30 22 le-

86 881 98 21 damöter
206 880 34 22 till
258 880 114 24 desamma.
411 879 54 23 Man
479 880 62 28 afsäg
556 880 105 28 nemligen
677 883 31 18 att
723 880 109 22 utskotten

85 914 70 22 skulle.
177 914 86 22 komma
285 917 31 18 att
334 913 60 22 bestä
414 914 23 21 af
450 921 108 20 personer,
573 920 46 14 som
635 914 54 28 egde
705 914 80 28 speciel
801 915 33 20 in-

85 948 45 29 sigt
143 948 32 22 uti
191 948 41 22 och
247 947 102 22 särskildt
364 948 89 21 intresse
466 948 34 20 för
510 947 27 22 de
550 947 80 28 frägor,
641 955 46 14 som
699 948 38 22 der
748 948 84 26 komme

85 985 32 19 att
139 982 124 24 behandlas,
300 982 68 22 Detta
389 982 47 21 åter
457 982 90 29 antydes
570 982 23 21 af
614 982 120 22 utskottens
757 990 75 20 namn,

85 1016 140 30 hvarigenom
249 1017 63 21 dessa
336 1016 151 28 benämningar
504 1016 85 21 erhällit
607 1023 26 14 en
650 1016 119 29 betydelse,
785 1024 47 14 som

77 1050 58 24 "Joke
158 1051 33 24 får
213 1050 97 22 förbises.
348 1050 160 28 Ridderskapet
522 1050 41 21 och
579 1050 74 21 adelns
667 1050 165 28 ifrågavarande

85 1085 128 30 inbjudning
229 1085 38 28 gär
282 1084 76 22 endast
373 1087 23 19 ut
411 1084 34 28 pä,
460 1087 32 18 att
505 1084 95 22 inhemta
611 1084 155 29 lagutskottets
778 1085 55 21 utlä-

83 1119 67 23 tande
174 1118 132 24 beträffande
325 1118 41 22 den
381 1118 98 29 rättsliga
494 1118 67 22 sidan
570 1118 24 22 af
607 1118 77 27 saken,
699 1118 52 22 eller
766 1118 66 22 huru-

85 1154 52 21 wida
154 1157 57 18 samt
225 1153 8 22 i
248 1152 57 22 hvad
320 1153 48 21 män
384 1153 26 21 de
426 1152 7 21 i
447 1152 42 22 den
505 1153 77 28 nädiga
598 1152 162 28 propositionen
777 1154 55 20 före-

85 1188 77 28 slagna
177 1186 134 29 stadganden
326 1186 72 24 kunna
412 1194 63 14 anses
490 1186 34 22 stä
538 1187 7 21 i
561 1186 53 22 strid
625 1186 50 22 med
686 1187 7 21 i
710 1182 70 38 ämnet.
786 1182 46 38 gäl-

85 1221 64 24 lande
164 1221 138 28 grundlagar,
317 1221 84 21 hvilket
415 1221 108 21 utlätande
537 1220 142 29 lagutskottet
690 1221 7 20 i
709 1221 77 21 sakens
798 1228 33 18 re-

85 1255 44 24 dan
151 1255 34 23 till
203 1263 26 13 en
248 1255 35 31 del
301 1255 90 23 utredda
404 1250 67 40 skick
489 1255 62 23 torde
570 1257 50 19 utan
638 1255 95 22 särdeles
755 1255 77 21 tidsut-

87 1290 65 29 drägt
166 1289 72 24 kunna
253 1289 89 28 afgifva.
814 1313 2 2 ;

154 1328 57 22 Herr
227 1328 97 22 Mölsä:
346 1328 13 24 I
372 1329 116 29 anledning
503 1330 24 20 af
536 1329 49 21 herr
598 1327 140 30 Tengströms
750 1332 82 25 yttran-

86 1364 28 23 de
129 1366 31 19 att
174 1363 42 24 den
232 1363 78 29 nädiga
324 1363 163 29 propositionen
502 1363 19 29 ej
537 1363 70 21 skulle
622 1363 71 28 äsyfta
704 1363 70 28 nägon
787 1364 43 20 för-

87 1398 93 28 ändring
202 1398 24 20 af
245 1397 26 21 de
292 1397 282 29 grundlagsbestämningar,
592 1397 139 29 hvarigenom
750 1404 26 14 en
794 1397 37 22 del

87 1432 26 24 af
119 1431 88 22 landets
223 1431 90 21 embets-.
328 1431 40 21 och
384 1432 125 26 tjenstemän
522 1431 151 20 tillförsäkrats
685 1430 103 28 rättighet
799 1434 32 17 att

78 1464 47 26 -vid
146 1464 48 24 sina
216 1463 144 30 befattningar
384 1464 39 22 och
445 1464 86 23 dermed:
554 1463 102 24 förenade
674 1464 156 24 löneförmäner
