1017 1800
225 169 35 21 2

200 230 133 22 -oförkränkt
352 230 128 26 bibehållas,
503 230 38 22 vill
557 230 39 28 jag
609 230 91 21 hänvisa
714 230 33 21 till
762 229 101 23 rubriken
878 229 7 21 i
900 237 49 20 pro-

200 264 137 28 :positionen,
359 263 149 22 innehällande
530 264 65 21 bland
617 266 66 20 annat
703 264 105 28 följande:
830 263 119 23 ”huruvida

205 298 42 21 och
268 298 33 21 till
321 298 85 21 hvilken
425 298 47 21 del”
491 305 21 13 o.
525 305 19 15 s.
560 306 21 14 v.
617 297 71 23 Dessa
703 297 39 23 ord
757 305 65 21 synas
837 298 57 22 klart
908 298 41 22 och

204 331 82 29 tydligt
300 332 80 26 utvisa,
396 334 31 19 att
444 332 38 22 det
497 332 18 28 ej
531 332 76 22 endast
621 332 24 21 är
659 332 62 28 fråga
735 334 31 19 att
781 332 118 21 bestämma
907 331 42 23 -be-

204 365 76 29 loppet
294 366 25 21 af
331 365 195 28 löneförmänerne,
540 369 52 19 utan
607 366 63 21 äfven
684 368 34 19 att
731 366 77 28 pröfva
819 365 130 30 rättigheten

203 400 35 22 till
252 400 63 22 deras
328 400 132 28 ätnjutande.

272 440 57 22 Herr
347 439 168 29 Tengström:
544 440 45 28 Jag
611 440 24 21 är
657 440 51 21 herr
725 439 74 22 Mölsä
810 439 139 28 :förbunden,

203 481 48 15 som
271 474 60 29 gjort
351 474 44 29 mig
417 474 152 28 uppmärksam
590 474 28 28 pä
639 473 92 22 nämnde
749 474 8 21 i
775 474 174 28 propositionens

203 508 75 22 rubrik
293 508 175 22 förekommande
483 508 50 27 ord,
548 508 85 21 hvilkas
649 507 110 30 betydelse
773 508 39 29 jag
827 508 59 21 förut
900 507 48 22 icke

204 542 91 22 kommit
315 545 32 18 att
367 543 98 20 närmare
487 541 117 29 begrunda.
640 542 72 21 Dessa
730 541 38 22 ord
784 542 79 28 utgöra
877 542 27 21 än
916 544 34 18 ett

204 576 49 22 stöd
268 576 33 23 till
316 576 35 22 för
365 576 43 21 min
424 576 63 28 äsigt.
515 575 48 22 När
578 575 120 22 man-läser
712 575 101 22 rubriken:i
824 576 124 21 samman-

204 610 69 29 hang,
287 610 68 22 finner
369 618 49 14 man
433 613 32 19 att
480 610 61 22 ordet
555 610 129 22 ”huruvida?
699 610 40 22 här
747 611 26 21 är
784 610 105 29 liktydigt
899 610 49 22 med

204 644 135 22 ”huruvidt”
368 644 44 22 Det
427 645 42 21 kan
484 644 83 22 således
583 644 48 22 icke
645 644 86 22 komma
745 645 7 21 i
766 645 63 29 fråga
843 644 34 22 för
892 645 57 22 stän-

204 679 65 22 derne
287 682 32 19 att
333 678 79 22 föreslä
427 679 152 28 upphäfvande
593 679 25 21 af
630 679 166 27 ofvanberörde,
811 680 138 27 tjenstemän-

204 721 41 14 nen
263 713 159 22 tillförsäkrade
440 713 112 29 rättighet,
571 716 50 19 utan
640 713 76 22 endast
730 716 31 19 att
776 713 54 22 efter
844 713 47 22 skäl
904 714 44 22 och

199 748 105 29 -billighet
319 748 66 21 uttala
399 748 34 28 sig
448 747 90 22 rörande
553 748 42 21 den
609 748 8 20 i
632 748 141 28 lagförslaget
787 748 99 29 åsyftade
898 756 50 21 reg-

199 782 99 29 leringen
316 783 25 21 af
356 782 195 22 löneförmänernes
567 782 90 28 belopp,
673 782 28 28 på
715 785 31 19 ett
760 783 42 21 sätt
816 790 46 14 som
878 783 70 22 öfver-

204 818 140 20 ensstämmer
358 816 48 22 med
421 819 80 19 statens
517 816 80 26 fördel,
611 819 51 18 utan
677 819 32 18 att
719 816 170 28 tjenstemännen
899 816 49 23 der-

202 851 49 22 före
266 850 93 23 behöfva
373 850 8 22 i
395 850 33 22 sin
443 851 44 21 rätt
500 850 126 22 förnärmas.

272 889 73 23 Sedan
367 889 71 29 någon
460 890 73 22 vidare
554 890 49 21 icke
625 890 75 29 begärt
717 889 62 23 ordet
796 890 7 22 i
821 890 76 28 frågan
912 898 36 14 om

202 924 150 29 ridderskapet
366 924 41 21 och
423 924 73 21 adelns
512 924 138 22 förenämnde
664 924 138 29 inbjudning,
815 924 132 22 framställde

204 959 49 22 herr
268 958 149 22 talmannen
433 958 97 28 följande:
541 958 145 28 proposition:

270 993 72 21 Anser
356 992 86 22 ståndet
453 992 34 28 sig
498 992 52 22 böra
562 992 33 21 till
606 992 74 29 slutlig
690 991 77 30 åtgärd
778 992 96 30 företaga
885 995 63 20 stats-

202 1028 117 20 utskottets
333 1026 159 22 ofvanberörda
503 1026 143 28 betänkande,
657 1029 52 19 utan
720 1029 41 25 att,
772 1026 8 22 i
792 1026 96 30 enlighet
899 1028 48 22 med

198 1060 154 29 'ridderskapet
373 1060 42 22 och
438 1060 73 22 adelns
533 1060 138 29 inbjudning,
693 1061 108 21 remittera
818 1061 77 29 frågan
910 1062 36 22 till

202 1094 119 29 beredning
335 1095 7 21 i
353 1094 155 29 lagutskottet?

202 1132 56 19 samt
271 1128 72 22 såsom
358 1128 222 29 kontraproposition:

263 1162 54 23 :Vill
329 1162 89 22 ståndet
429 1166 78 25 antaga
517 1161 151 29 ridderskapet
679 1162 41 22 och
731 1162 75 22 adelns
814 1163 132 30 inbjudning

202 1200 55 19 samt
279 1197 132 22 öfverlemna
429 1196 88 23 ärendet
535 1196 33 22 till
586 1197 97 22 närmare
701 1196 163 31 handläggning
878 1198 7 22 i
899 1198 47 29 lag-

204 1231 118 22 utskottet?

270 1265 34 22 De
311 1260 10 38 :
326 1272 46 15 som
375 1260 8 38 '
392 1265 85 22 biträda
494 1265 172 28 propositionen,
687 1273 63 14 svara
761 1265 34 29 ja,
808 1265 28 22 de
851 1273 48 16 som
914 1266 31 22 bi-

202 1299 62 22 träda
278 1299 249 28 kontrapropositionen,
541 1307 64 13 svara
619 1299 104 22 nekande.

269 1333 134 21 Besvarades
412 1333 54 21 med
482 1333 53 21 både
547 1333 24 27 ja
585 1333 41 20 och
641 1333 44 27 nej,
699 1333 52 21 derä
761 1333 32 27 på
804 1333 93 28 begäran
908 1342 37 12 an-

195 1366 96 22 -ställdes
307 1366 109 28 votering,
429 1372 48 15 som
491 1366 63 21 utföll
563 1366 54 21 .med
633 1366 25 21 15
671 1366 24 28 ja
709 1366 42 22 och
766 1367 26 21 12
807 1368 46 26 nej;
868 1367 7 21 i
890 1368 54 28 följd

201 1400 79 22 hvaraf
289 1400 48 21 herr
352 1399 150 22 talmannen
513 1399 122 23 förklarade
645 1399 88 23 ärendet
743 1400 86 22 komma
840 1403 42 25 att,
893 1404 51 21 utan

202 1433 129 30 föregående
352 1433 75 22 remiss
449 1433 33 22 till
503 1434 152 28 lagutskottet,
672 1434 34 21 till.
723 1434 75 29 slutlig
813 1434 131 30 behandling

195 1469 47 24 «hos
257 1468 92 23 .ständet
367 1468 118 30 företagas;
507 1468 40 23 och
563 1468 72 33 skulle
653 1468 77 24 sakens
745 1469 73 23 vidare
829 1470 114 30 föredrag-
