1031 1809
225 178 39 22 110

195 248 46 14 som
257 241 100 21 omfattar
372 240 41 22 den
429 240 7 21 i
452 240 163 28 propositionen
630 240 109 28 uttryckta
754 239 96 28 mening,
865 241 74 19 svarar

193 275 33 28 ja,
241 274 40 22 den
297 281 47 14 som
359 275 24 21 är
398 274 25 22 af
435 275 42 21 den
493 275 56 28 åsigt
563 270 238 32 kontrapropositioiten
814 272 126 27 innehåller,

196 316 73 14 svarar
284 309 41 28 nej.

263 342 167 28 Propositionen
445 341 129 23 besvarades
590 342 47 21 med
654 343 22 20 11
691 343 23 27 ja
726 342 40 21 och
780 342 25 21 16
817 341 45 29 nej;
877 341 64 21 hvar-

197 377 45 21 före
260 376 49 22 herr
328 377 150 21 talmannen
493 376 122 22 förklarade
631 376 84 22 ständet
731 377 64 20 hafva
810 376 83 28 antagit
907 376 34 21 sä-

197 411 42 21 dan
258 409 126 31 förändring
403 412 24 21 af
440 410 137 29 paragrafen,
594 418 46 15 som
655 407 241 32 kontrapropositionen
910 409 32 22 ins

197 445 97 21 nefattar.

265 474 78 33 Öfriga
358 478 59 23 delar
431 479 25 21 af
468 478 69 23 denna
552 479 12 30 &
581 479 43 22 lika
639 486 46 15 som

545 519 12 29 8
573 519 20 21 4.

197 553 73 22 blefvo
286 553 25 22 af
322 550 85 24 ståndet
422 555 50 19 utan
487 553 134 26 diskussion,
637 552 54 23 efter
705 553 75 22 derom
795 551 24 24 af
831 553 49 22 herr
894 549 47 26 tals

198 595 109 14 mannen
325 585 133 23 framställda
473 588 166 27 propositioner,
655 587 103 28 enhälligt
773 590 100 26 antagne.

259 615 78 39 Sedan
350 621 217 22 herr-talmannen
580 621 178 29 tillkännagifvit,
773 625 31 18 att
817 619 125 24 behandiina

198 663 42 21 gen
259 656 25 21 af
299 654 58 23 detta
376 656 78 21 ärende
469 653 70 24 skulle
554 656 37 21 vid
606 657 61 20 nästa
682 656 157 21 sammanträde
855 657 88 20 fortsät-

199 693 42 24 tas,
261 689 126 30 föredrogos
406 689 94 29 följande
519 690 33 21 till
567 689 86 22 ständet
666 690 102 21 inkomna
783 690 160 28 betänkanden,

198 723 106 30 nemligen
320 724 25 21 af

267 757 157 23 Sammansatta
439 760 62 20 stats-
516 758 40 22 och
572 757 173 30 bankutskottet,
760 759 110 28 angående
885 760 58 21 stän=

198 792 75 22 dernes
289 793 83 28 garanti
388 793 23 21 af
425 793 35 21 det
474 793 36 22 län
521 791 249 31 hypotheksföreningen
781 795 7 20 i
800 793 72 22 landet
882 793 62 22 kom-

199 833 45 15 mer
259 830 32 18 att
305 827 13 21 ä
332 827 81 22 utrikes
428 830 35 19 ort
476 831 103 25 upptaga.

269 860 157 23 Sammansatta
448 862 44 28 lag-
515 862 41 21 och
577 862 229 28 ekonomieutskottet,
832 860 112 32 angäende

199 894 122 29 grunderne
340 896 35 21 för
389 903 25 14 en
431 896 77 21 allmän
524 895 127 30 författning
666 904 34 14 om
713 897 49 28 jagt
776 897 40 21 och
832 896 112 30 djurfång;

199 929 41 22 och

266 963 138 23 Sistnämnde
419 963 92 27 utskott,
527 965 109 28 angående
652 965 90 29 ändring
755 965 8 22 i
777 966 59 21 vissa
851 965 59 22 delar
922 965 26 22 af

200 998 106 21 allmänna
321 999 74 28 lagens
410 999 119 28 stadgande
543 999 7 22 i
565 1000 28 20 24
608 1000 91 27 kapitlet
710 999 132 29 Byggninga
853 1000 90 21 Balken.

269 1031 106 30 Samtliga
397 1033 62 21 dessa
482 1033 149 22 betänkanden
650 1033 72 22 blefvo
741 1031 119 24 tillsvidare
880 1034 64 21 bord-

200 1064 70 31 lagda.

268 1099 101 24 Ståndets
383 1101 156 22 sammanträde
551 1099 112 30 upphörde
674 1102 50 21 härå
736 1101 94 22 klockan
842 1108 27 15 en
880 1104 66 25 qvart

198 1134 29 28 på
241 1134 50 22 åtta.

715 1164 21 18 In
748 1167 60 15 fidem:

641 1191 95 24 Sixtus
752 1191 161 24 Calamnius.
928 1197 4 4 *

398 1364 120 36 Tisdagen
537 1365 47 28 den
605 1367 30 26 19
651 1365 94 37 januari

202 1409 93 25 klockan
310 1409 30 24 tio
356 1412 45 22 före
417 1412 113 28 middagen
542 1413 170 22 sammanträdde
725 1410 176 33 borgateständet
913 1415 33 22 till

203 1448 96 27 plenum,
314 1446 91 22 hvarvid
420 1447 99 28 samtlige
533 1447 137 22 medlemmar
681 1448 203 29 tillstädeskommo;
896 1450 49 22 med

204 1482 108 28 undantag
334 1482 24 20 af
377 1481 72 23 herrar
471 1482 120 28 Sundman,
616 1482 123 30 Hackman,
761 1484 121 30 Björnherg
904 1485 41 21 och
