1011 1750
201 119 28 23 42

173 182 147 29 befattningen
336 183 114 28 rätteligen
465 183 24 21 är
503 185 31 19 att
548 182 99 22 betrakta
660 182 72 22 såsom
743 189 25 15 en
782 181 134 22 kommunal:

172 216 66 27 pligt,
262 217 46 20 från
327 216 87 21 hvilken
433 217 118 26 dessutom,
566 217 68 27 enligt
649 216 57 21 hvad
720 224 29 13 nu
763 216 101 26 föreslås,
880 216 35 21 be-

172 249 72 22 frielse
266 250 42 21 kan
327 251 75 20 vinnas
421 251 54 20 efter
493 253 31 18 tre
543 251 34 20 års
592 251 101 27 utöfning
707 250 69 27 deraf,
792 257 64 21 synes
871 250 44 28 mig

172 283 106 23 nämnden
294 285 18 27 ej
328 285 72 21 kunna
415 284 97 29 skäligen
528 285 54 28 göra
596 284 93 29 anspråk
701 285 28 28 på
740 285 66 27 högre
817 284 98 28 aflöning

173 319 27 21 än
222 318 41 22 den
281 318 7 22 i
307 319 162 28 propositionen
485 319 39 20 och
539 319 59 20 förra
613 318 134 22 alternativet
762 319 24 20 af
799 318 116 22 utskottets

172 353 83 28 förslag
270 352 34 22 till
319 353 138 22 förevarande
472 354 14 29 &
501 353 121 28 föreslagna
637 353 24 21 af
673 360 26 15 en
715 352 102 29 tredjedel
828 353 8 21 i
846 353 69 28 tings-

172 388 140 29 gästningen,
334 387 56 22 helst
407 387 8 21 i
433 387 117 24 allmänhet
568 388 34 21 för
617 387 135 22 kommunala
768 387 99 30 uppdrag
881 395 34 14 ar-

172 422 56 21 vode
241 423 53 21 eller
308 422 119 28 ersättning
442 422 48 21 icke
504 421 99 30 ätnjutes.

240 467 57 22 Herr
312 467 164 29 Tengström:
501 467 44 29 Jag
560 468 44 21 åter
618 467 68 22 måste
700 467 29 29 på
744 467 36 22 det
795 467 120 22 bestämda-

172 505 33 18 ste
219 502 110 29 tillstyrka
343 502 132 28 antagandet
489 502 23 21 af
524 501 36 22 det
576 509 74 14 senare
665 501 153 22 alternativet
811 497 13 38 i
830 502 84 21 utskot-

173 539 42 19 tets
238 537 89 28 förslag,
363 537 44 21 Det
425 537 22 21 är
465 536 105 29 nemligen
589 535 144 30 nödvändigt,
744 531 38 26 för
797 539 31 18 att
841 536 74 21 kunna

172 571 81 21 erhålla
268 570 89 30 dugliga
371 570 141 22 nämndemän
527 569 41 23 och
580 570 124 28 derigenom
716 570 115 29 uppehålla
842 571 74 21 nämn-

172 605 53 21 dens
240 604 115 27 anseende,
375 608 31 18 att
420 604 27 22 de
463 605 38 21 äro
516 605 33 21 väl
565 607 79 19 ersatte
659 606 34 20 för
707 605 33 21 sin
755 605 73 27 möda,
843 605 71 27 såsom

172 640 60 21 fallet
247 642 23 17 är
284 640 8 20 i
307 639 48 21 hela
370 634 150 32 Österbotten,
536 638 37 22 der
584 639 228 21 öfverenskommelser
824 640 91 21 emellan

171 673 102 22 domaren
295 673 41 22 och
354 673 106 21 nämnden
479 672 109 29 angående
606 673 126 28 aflöningen
750 673 48 22 icke
812 673 103 28 existera,

170 711 52 18 utan
243 707 106 22 nämnden
369 707 50 28 sjelf
435 707 83 28 uppbär
536 708 33 20 sin
587 707 55 22 hälft
656 707 7 21 i
678 708 188 29 tingsgästningen
881 708 34 21 till

171 742 51 21 fallt
240 742 79 27 belopp
337 745 56 18 samt
411 742 63 21 äfven
489 743 23 19 är
527 741 94 22 utmärkt
636 741 53 22 både
704 742 32 21 till
751 741 108 30 redlighet
873 743 42 21 och

171 776 119 29 duglighet.
328 775 191 22 Nämndemännen
537 776 8 21 i
562 771 141 26 Österbotten
724 775 66 22 hafva
808 776 32 21 till
859 777 55 28 följd

171 810 65 21 häraf
254 810 65 22 äfven
340 812 59 19 utom
418 810 33 21 sin
469 809 108 28 egentliga
596 810 198 28 tjenstebefattning
808 811 57 21 visat
879 811 35 29 sig

172 845 86 28 nyttiga
280 845 71 20 såsom
373 843 122 28 rådgifvare
513 845 41 20 och
572 843 94 22 medlare
680 847 72 24 parter
766 845 91 21 emellan
872 846 42 21 och

172 878 70 21 såsom
265 881 31 18 ett
318 878 59 28 slags
398 877 158 28 fredsdomare,
578 877 81 22 enhvar
679 878 58 21 inom
759 878 37 21 sitt
818 879 96 28 distrikt,

170 912 75 22 hvilka
260 912 79 22 förlika
353 911 78 29 många
445 911 50 28 mål,
505 912 64 21 innan
581 912 26 21 de
619 912 85 21 komma
715 913 34 21 till
760 913 101 28 domstol,
873 915 41 21 och

172 954 77 22 genom
272 947 48 22 hela
337 947 38 20 sitt
393 946 148 28 uppträdande
556 946 90 29 bidraga
661 949 30 19 att
707 947 39 21 hos
762 947 106 29 allmogen
884 949 31 21 bi-

172 981 84 23 behålla
271 981 116 28 aktningen
403 981 34 21 för
452 981 43 28 lag.
522 980 203 28 Nämndemännen,
737 982 27 21 då
776 982 25 21 de
812 983 37 20 äro
861 983 54 28 dug-

170 1016 56 28 liga,
244 1016 39 21 äro
300 1015 110 21 dessutom
429 1023 25 13 en
469 1015 94 21 kontroll
578 1015 28 28 på
620 1015 214 29 kronobetjeningen,
849 1017 65 22 hvars

172 1050 99 28 ständiga
294 1049 135 29 följeslagare
451 1049 27 21 de
495 1049 8 20 i
522 1044 139 27 Österbotten
683 1050 38 21 äro
741 1051 27 27 på
787 1052 127 28 vägasyner,

171 1084 145 28 utmätningar
336 1084 39 20 och
395 1083 66 21 andra
476 1084 159 27 förrättningar.
665 1084 35 20 Af
712 1092 26 13 en
753 1085 66 21 sådan
835 1086 78 21 nämnd

170 1118 45 21 kan
236 1118 36 21 det
294 1118 106 20 allmänna
421 1117 65 21 bafva
505 1121 61 25 nytta
584 1117 40 21 och
643 1118 63 22 äfven
725 1119 34 20 för
774 1119 101 22 domaren
890 1121 23 20 är

171 1153 43 21 den
236 1152 24 21 af
276 1155 54 18 stort
349 1160 64 20 gagn.
449 1151 108 22 Domaren
576 1152 41 21 kan
633 1152 24 21 af
669 1152 41 22 den
725 1152 95 22 inhemta
834 1154 80 21 känne-

170 1187 50 21 dom
244 1193 34 14 om
300 1186 71 21 lokala
391 1185 157 27 förhållanden,
567 1193 33 14 om
620 1187 160 28 rättsbegrepp,
795 1194 45 15 som
855 1189 58 21 inom

171 1221 54 21 hans
240 1220 109 21 domkrets
368 1221 37 20 äro
425 1220 155 27 traditionella,
594 1220 42 21 och
651 1228 33 13 om
699 1228 113 21 personers
828 1223 86 21 morali-

170 1258 41 24 tet,
233 1255 27 20 då
283 1254 76 21 sådant
376 1254 42 21 kan
438 1255 33 20 för
489 1256 69 19 rätten
573 1262 52 13 vara
640 1255 76 28 nödigt
731 1255 40 21 och
787 1257 80 27 nyttigt
883 1260 30 18 att

170 1290 82 24 känna,
263 1288 133 21 oberäknadt
407 1289 41 20 den
461 1289 183 26 omständigheten
657 1292 31 17 att
699 1297 25 13 en
736 1289 75 28 duglig
823 1292 90 20 nämnds

170 1323 73 21 vakna
261 1321 188 28 uppmärksamhet
468 1323 62 26 utgör
550 1323 32 19 för
597 1322 100 21 domaren
713 1330 26 13 en
755 1323 100 21 väckelse
871 1325 41 20 och

171 1356 86 27 maning
280 1355 31 22 till
334 1355 32 21 nit
383 1356 40 21 och
443 1356 150 28 sorgfällighet
611 1356 7 21 i
634 1356 127 21 ärendernas
778 1357 135 30 behandling.

170 1391 84 22 Jemför
271 1397 47 14 man
337 1389 63 22 dessa
418 1389 147 22 förhållanden
585 1391 46 20 från
646 1385 140 27 Österbotten
802 1392 47 21 med
865 1393 48 22 dem

172 1426 13 21 å
202 1425 66 22 andra
286 1429 63 23 orter,
368 1423 37 23 der
424 1425 104 22 nämnden
544 1425 32 21 till
592 1425 53 29 följd
661 1426 23 21 af
697 1426 217 24 öfverenskommelse
