1014 1789
786 183 40 22 389

179 245 131 28 Upplästes,
324 245 51 21 derå
390 245 62 22 ordet
467 245 105 28 begärdes
587 245 24 22 af

180 279 58 21 Herr
254 274 148 33 Öhrnberg,
418 287 46 13 som
479 279 113 21 förordade
608 281 31 19 att
653 279 153 28 betänkandet,
822 279 34 22 sä-

111 320 49 14 som
174 313 157 28 välgrundadt,
347 313 69 20 skulle
431 313 24 20 af
467 313 85 20 ståndet
566 312 133 29 godkännas.

180 345 63 22 Efter
262 346 73 21 derom
354 347 24 20 af
394 346 49 21 herr
458 346 149 21 talmannen
623 346 118 21 framställd
757 347 98 27 proposi-

110 381 56 26 tion,
186 380 46 21 blef
245 381 115 20 utskottets
376 380 134 22 betänkande
525 381 47 20 med
588 380 158 29 ötvervägande
760 380 96 29 röstplu-

110 415 74 22 ralitet
206 415 24 20 af
249 415 85 21 ståndet
352 414 123 29 godkändt;
493 415 7 20 i
519 415 53 27 följd
590 415 79 20 hvaraf
681 413 49 22 berr
744 414 111 22 talman-

110 456 50 15 nen
179 448 122 23 förklarade
319 451 31 19 att
364 448 28 22 all
407 448 74 22 vidare
496 449 75 27 åtgärd
587 449 7 21 i
610 448 116 29 anledning
740 449 24 21 af
776 449 79 29 ifråga-

110 484 79 21 komne
203 483 186 28 petitionsförslag
403 483 86 21 komme
503 486 31 18 att
548 483 93 21 förfalla.

178 529 102 23 Ståndets
298 528 98 22 enskilda
411 529 182 21 besvärsutskotts
608 528 134 23 betänkande
756 528 44 22 N:o
817 530 36 27 10,

109 564 8 21 i
136 564 117 28 anledning
274 564 25 20 af
318 562 120 29 föreslagen
457 562 132 30 underdånig
607 563 90 28 petition
712 571 34 13 om
762 564 92 28 upphäf-

109 598 72 22 vande
203 598 23 20 af
246 597 86 28 proprie
355 597 92 29 borgens
465 597 82 29 lagliga
565 597 99 29 giltighet
682 601 56 18 samt
751 597 103 29 begräns-

109 632 54 28 ning
182 632 24 21 af
218 633 50 27 laga
284 632 90 28 borgen,
393 632 84 20 hvilket
494 632 144 27 betänkande,
657 639 45 14 som
717 632 39 21 här
770 633 83 28 intogs,

110 674 40 14 var
162 666 26 22 af
200 665 94 29 följande
309 666 92 28 lydelse:

178 699 65 23 ”Med
266 700 99 22 afseende
387 700 13 21 å
421 699 42 22 den
485 700 87 28 stränga
590 700 138 29 ansvarighet
744 700 109 30 ingången

109 735 169 28 proprieborgen
300 734 35 22 för
356 741 81 14 annans
455 734 51 29 gäld
524 734 91 27 medför,
632 734 39 22 har
686 734 39 22 hos
740 735 113 29 välloflige

110 768 178 30 borgareständet
310 768 82 29 förslag
413 768 73 22 blifvit
504 768 65 22 väckt
586 768 83 27 derom,
691 772 31 18 att
737 769 39 22 hos
791 769 62 22 Hans

108 804 126 28 Kejserliga
252 802 103 29 Majestät
373 804 70 20 skulle
457 803 7 21 i
480 803 170 29 underdånighet
665 804 138 28 petitioneras
818 811 35 14 om

109 838 134 22 afskaffande
258 838 25 21 af
294 837 25 22 så
334 836 111 22 beskaffad
461 837 263 29 betalningsförbindelse,
742 838 111 22 äfvensom

109 876 32 18 att
156 872 80 28 jemväl
255 871 50 29 laga
323 872 81 28 borgen
420 872 47 20 icke
481 871 57 28 finge
553 872 103 21 innefatta
671 872 181 28 borgesmännens

108 906 140 28 ansvarighet
268 913 27 14 en
318 906 34 21 för
377 905 43 21 alla
442 906 40 20 och
505 906 42 20 alla
569 906 34 21 för
624 913 37 20 en,
684 909 50 17 utan
755 906 99 21 inskrän-

108 941 40 21 kas
167 940 55 22 blott
240 940 34 21 till
292 939 41 22 den
351 940 12 20 å
381 939 74 28 hvarje
471 940 126 28 borgesman
615 939 119 30 belöpande
753 940 63 22 andel
831 941 24 21 af

108 974 98 22 skulden.

176 1008 76 23 Såsom
267 1007 135 22 betänkande
417 1008 7 21 i
439 1007 68 28 detta,
522 1008 40 21 den
579 1008 25 21 16
620 1008 90 22 oktober
725 1008 92 22 sistlidet
828 1008 24 22 år

107 1042 35 22 till
158 1042 97 22 enskilda
271 1041 192 22 besvärsutskottet
477 1042 134 22 remitterade
627 1042 87 27 ärende,
726 1042 32 22 får
769 1043 83 21 utskot-

108 1080 42 24 tet,
169 1077 68 21 under
254 1076 135 28 åberopande
404 1076 25 21 af
441 1076 56 22 hvad
512 1076 105 22 utskottet
631 1076 7 22 i
653 1076 49 21 dess
718 1076 134 22 betänkande

108 1112 45 22 N:o
169 1112 20 26 9,
204 1111 111 28 angående
330 1110 149 29 utsträckning
494 1111 23 21 af
529 1109 181 23 handelsböckers
725 1110 126 28 beviskraft,

107 1148 69 27 yttrat
194 1145 90 22 rörande
299 1144 151 28 begagnandet
465 1144 23 21 af
501 1144 124 22 ständernes
640 1145 154 27 petitionsrätt,
810 1144 41 22 och

109 1180 28 22 då
158 1179 79 29 jemväl
256 1179 69 21 denna
344 1178 61 29 fråga
420 1178 63 29 ingår
497 1178 64 22 bland
576 1178 58 27 dem,
649 1178 8 21 i
671 1178 75 22 hvilka
757 1179 95 27 januari-

107 1214 117 21 utskottets
239 1212 110 22 utlåtande
363 1212 114 21 inhemtats
493 1216 54 17 samt
557 1210 127 23 densamma
695 1212 83 22 således
788 1212 63 22 torde

107 1248 88 21 komma
210 1249 31 19 att
256 1246 112 22 ständerne
382 1246 39 22 vid
435 1246 197 22 förstinstundande
643 1246 104 28 landtdag
758 1246 93 29 föreläg-

108 1289 51 22 gas,
173 1280 110 23 vördsamt
298 1280 93 27 anmäla,
407 1280 36 21 det
457 1280 104 22 utskottet
576 1280 34 21 för
624 1280 32 21 sin
672 1280 35 22 del
723 1280 69 21 funnit
803 1280 49 21 bor-

109 1314 136 30 gareståndet
259 1314 48 22 icke
321 1322 41 20 ega
376 1314 116 29 anledning
507 1317 30 19 att
552 1314 89 22 besvära
655 1313 63 23 Hans
729 1314 122 30 Kejserliga

107 1349 105 30 Majestät
226 1348 48 22 med
290 1348 133 28 underdånig
438 1348 89 28 petition
541 1348 9 21 i
565 1348 139 22 förevarande
719 1349 67 21 ämne.

383 1382 70 22 Adolf
465 1382 103 24 Juselius,

176 1415 27 24 C.
218 1416 38 22 W.
272 1417 17 20 I.
305 1416 117 22 Sundman.
575 1416 28 22 G,
619 1416 135 28 Tengström.

209 1450 73 22 Jakob
297 1449 80 23 Mölsä.
546 1447 53 24 Carl
613 1449 22 22 J.
651 1448 122 30 Grönberg.

659 1490 59 18 Sixtas
730 1490 118 18 Calamnius.”
