1023 1775
793 167 38 22 151

190 227 39 21 7:o.
259 227 70 21 Anser
347 226 85 22 ståndet
446 227 62 21 hiller
527 228 38 21 och
585 228 64 28 glada
668 230 61 26 böra,
744 231 7 19 i
766 231 94 28 enlighet

120 260 48 21 med
184 260 39 22 den
237 260 78 28 nädiga
327 261 169 27 propositionen,
508 262 7 20 i
527 262 153 29 författningen
693 264 50 28 ingä
755 264 39 22 och
806 272 54 21 upp-

120 296 62 26 tagas
197 294 6 20 i
219 294 84 20 klassen
319 294 24 20 af
355 294 129 28 skadedjur?

188 326 164 30 Propositionen
368 328 129 22 besvarades
509 328 100 28 jakaude.

187 362 42 21 8:o.
258 361 71 21 Anser
344 362 84 21 ståndet
443 361 67 22 lekatt
527 363 52 21 böra
593 364 7 20 i
616 364 152 29 författningen
784 369 76 26 uppta-

120 403 39 22 gas
174 396 7 22 i
196 396 85 21 klassen
297 396 24 21 af
333 396 129 28 skadedjur?

188 430 134 22 Besvarades
338 430 102 22 nekande.

187 476 102 23 Härefter
305 476 143 23 behandlades
464 478 93 28 punkten
573 478 43 21 N:o
632 480 19 20 2,

188 510 57 22 Herr
258 511 131 22 Juselius:
411 511 137 23 Beträffande
564 513 73 29 frågan
649 514 84 26 derom,
744 519 30 17 att
786 516 75 21 skade-

120 545 48 29 djur
183 546 70 22 skulle
268 546 21 21 få
305 546 24 21 af
341 546 80 22 enhvar
434 546 75 28 dödas,
521 547 27 21 då
559 547 26 21 de
597 547 7 21 i
617 548 46 21 fritt
674 548 94 22 tillstånd
781 552 79 20 anträf-

118 580 62 23 fades
195 581 28 28 på
237 588 55 21 egna
307 580 52 22 eller
373 580 77 22 andras
465 581 58 28 ägor,
541 581 92 22 biträder
646 583 37 28 jag
699 583 39 22 den
755 584 23 21 af
788 584 72 23 friher-

120 623 23 14 re
161 615 26 22 de
205 615 22 21 la
245 615 104 28 Chapelle
368 615 29 21 uti
413 615 48 21 dess
476 616 131 21 reservation
623 620 57 18 emot
695 618 114 21 utskottets
826 619 35 21 be-

120 649 108 22 tänkande
246 650 7 21 i
271 649 70 22 denna
357 649 36 22 del
407 649 93 22 uttalade
516 651 66 27 åsigt,
597 653 31 18 att
643 651 127 28 stadgandet
787 652 72 23 härom

121 683 66 22 borde
209 683 128 22 inskränkas
359 683 75 22 endast
456 684 31 21 till
512 684 69 28 björn,
605 692 62 21 varg,
687 685 19 21 lo
727 686 38 21 och
785 687 75 21 filfras.

121 718 40 21 Ett
178 718 155 22 vidsträcktare
352 718 149 29 medgifvande
517 719 5 21 i
539 719 57 21 detta
613 719 99 22 afscende
728 720 69 22 skulle
813 722 48 21 stri-

120 753 28 22 da
163 756 56 19 emot
234 753 43 28 god
293 753 90 28 ordning
399 752 40 22 och
454 752 71 23 kunde
540 753 148 22 åstadkomma
698 762 77 21 egaren
788 755 24 22 af
820 755 41 22 den

120 788 71 27 mark,
214 787 37 22 der
271 788 73 28 jagten
367 787 125 26 anställdes,
516 787 89 29 mycken
624 787 77 28 skada,
723 793 54 17 samt
796 790 64 21 äfven

121 822 109 22 föranleda
246 822 33 21 till
294 821 114 22 missbruk.
444 821 127 29 Isynnerhet
587 822 41 21 kan
643 822 67 22 skada
726 824 134 27 förorsakas,

121 857 29 21 då
170 856 33 22 till
223 857 73 28 jagten
321 855 107 22 användes
447 856 88 26 hundar,
555 855 69 22 såsom
641 860 14 17 t.
671 865 32 13 ex.
720 858 35 20 vid
772 859 90 28 räfjagt,

120 885 140 29 hvarigenom
283 885 125 28 fågelungar
427 885 39 21 och
485 885 101 29 fågelägg
602 885 84 21 komma
701 889 32 19 att
749 886 65 22 blifva
830 892 32 16 ut-

122 923 55 18 satta
199 920 33 20 för
254 919 90 29 mycken
367 918 114 22 förödelse.
517 918 44 22 För
579 919 67 29 öfrigt
664 920 85 21 förenar
764 921 38 28 jag
816 922 46 28 mig

121 954 48 21 med
185 954 47 21 dem
247 953 66 21 bland
329 953 115 22 utskottets
460 953 124 25 ledamöter,
599 960 46 14 som
657 954 95 21 förordat
764 958 29 17 ett
804 956 58 20 stad-

122 988 69 29 gande
213 988 84 27 derom,
317 990 30 19 att
365 987 52 27 den,
433 995 46 14 som
498 988 57 21 sårat
570 988 104 21 villebråd
691 985 26 31 på
732 996 54 21 egna
802 990 60 28 ägor,

122 1024 46 21 fritt
183 1022 33 22 må
232 1022 85 28 förfölja
332 1022 39 21 och
387 1022 56 21 döda
459 1022 35 22 det
509 1022 28 28 pä
552 1029 80 14 annans
647 1022 92 22 område.

189 1056 56 22 Herr
261 1056 96 22 Mölsä:
385 1056 45 28 Jag
452 1056 39 22 har
508 1056 65 21 redan
592 1056 6 21 i
617 1056 106 22 ntskottet
737 1056 68 29 hyllat
820 1057 42 22 den

122 1093 24 21 af
162 1091 89 22 friherre
267 1092 26 20 de
309 1091 20 21 la
345 1089 105 30 Chapelle
465 1090 94 22 uttalade
574 1090 65 29 äsigt,
655 1094 30 18 att
700 1090 74 22 endast
791 1091 71 28 björn,

122 1134 62 21 varg,
206 1126 21 21 lo
250 1126 39 20 och
312 1125 67 21 filfras
397 1124 66 22 borde
482 1125 22 21 få
519 1124 74 29 fångas
610 1124 40 21 och
663 1125 62 28 jagas
740 1125 27 27 på
782 1132 80 15 annans

121 1161 71 26 mark,
207 1160 56 22 dock
279 1162 31 18 att
321 1158 127 29 jordegaren
464 1158 73 22 derom
554 1159 57 20 förut
627 1158 166 22 underrättades.

190 1193 57 23 Herr
261 1193 169 28 Tengström:
451 1192 44 29 Jag
508 1193 69 21 finner
592 1193 44 28 mig
651 1200 39 21 ega
701 1193 56 26 skäl,
769 1195 30 18 att
811 1196 51 18 utan

122 1229 71 31 någon
215 1227 127 29 förändring
363 1227 114 28 godkänna
499 1226 67 22 andra
586 1227 95 27 punkten
700 1227 7 20 i
726 1227 40 21 den
785 1227 79 28 nådiga

122 1262 168 29 propositionen.
319 1261 65 21 Hvad
401 1261 54 21 först
470 1261 66 28 angår
550 1260 102 29 rättighet
667 1263 31 18 att
713 1261 90 21 anställa
816 1262 48 27 jagt

122 1297 25 22 af
162 1297 83 28 rofdjur
264 1295 28 29 på
309 1303 81 14 annans
409 1295 69 26 mark,
496 1295 111 21 hvaremot
626 1294 89 22 friherre
729 1295 27 20 de
771 1295 19 20 la
806 1293 58 24 Cha-

122 1331 57 29 pelle
195 1330 79 22 anmält
288 1329 142 27 reservation,
446 1330 23 20 så
484 1329 118 21 innehåller
616 1329 164 27 ifrågavarande
795 1329 70 28 punkt

123 1366 48 21 icke
185 1365 66 28 något
265 1364 82 28 förslag
362 1363 31 22 till
409 1363 76 22 sådant
499 1363 125 29 stadgande.
647 1362 45 22 Der
708 1363 88 21 föreslås
808 1363 56 27 icke,

124 1403 31 18 att
173 1406 48 14 man
239 1398 70 21 skulle
327 1397 21 21 få
366 1397 91 20 anställa
472 1398 48 27 jagt
538 1398 24 19 af
577 1397 83 27 rofdjur
679 1401 48 16 utan
743 1397 75 21 endast
833 1401 31 16 att

124 1433 86 25 enhvar,
229 1439 46 13 som
291 1430 138 28 tillfälligtvis
450 1430 6 21 å
471 1437 80 14 annans
567 1430 59 21 'mark
641 1429 118 22 anträffade
774 1430 89 26 sådana,

124 1466 69 23 skulle
208 1473 50 14 vara
273 1464 118 29 berättigad
408 1467 31 19 att
454 1464 63 29 fånga
532 1463 51 23 eller
598 1463 57 22 döda
669 1463 59 28 dem,
740 1463 46 22 med
798 1463 66 22 andra
