1014 1817
777 160 40 22 271

100 226 48 30 Jing
166 226 34 22 till
217 227 48 27 pari
279 227 53 21 kurs
350 227 70 22 skulle
435 227 72 22 kunna
522 226 38 24 der
574 228 90 30 vidtaga
678 228 42 22 den
736 230 11 20 1
760 228 86 29 januari

100 260 145 22 innevarande
259 260 24 22 år
297 262 55 20 efter
366 262 71 28 gamla
452 262 69 22 stilen.
551 261 77 23 Under
642 262 64 22 dessa
719 270 129 22 gynsamma

101 293 148 23 förhållanden
264 302 39 14 var
313 295 46 27 det,
371 303 46 13 som
429 295 127 22 monarkens
568 296 61 22 bifall
640 296 81 22 erhölls
732 296 34 22 till
777 300 70 25 mynt-

100 328 107 22 reformen
223 329 7 21 i
248 328 103 28 Finland,
373 329 68 22 under
458 330 77 28 vilkor,
550 333 32 19 att
596 330 252 30 hypotheksföreningen

101 362 73 22 kunde
193 364 154 28 uppnegotiera
362 364 37 21 sitt
414 364 110 22 tilltänkta
537 364 115 22 utländska
666 365 36 21 lån
717 364 41 22 och
772 365 8 22 i
796 366 52 21 ban-

101 397 41 21 ken
159 397 136 29 deponerade
310 406 26 14 en
351 398 35 22 del
401 398 63 22 deraf
476 399 52 21 eller
542 399 44 21 tolf
594 399 107 22 millioner
712 400 67 22 mark.
801 400 48 22 An-

101 435 62 26 tagas
178 440 28 13 nu
222 432 63 22 dessa
299 432 71 22 vilkor
384 433 58 27 icke,
458 433 52 22 eller
524 434 106 21 förklaras
645 434 168 28 myntreformen
828 435 18 28 ej

101 467 72 21 kunna
191 467 34 21 för
243 468 133 21 närvarande
395 468 146 28 genomföras,
556 468 25 22 så
594 468 97 22 inträffar
706 469 46 21 åter
766 476 82 14 samma

101 501 76 21 hinder
199 502 40 21 och
262 501 141 29 svårigheter,
422 509 46 15 som
488 502 45 22 före
548 502 42 22 den
604 509 127 22 gynsamma
745 501 102 30 tidpunkt

101 536 28 21 då
145 536 82 21 bifallet
242 536 32 22 till
289 536 105 28 åtgärden
408 536 59 28 gafs,
482 537 40 21 och
536 537 168 29 myntreformen
720 535 41 24 blir
776 538 72 21 sålun-

101 570 29 22 da
151 570 132 29 uppskjuten
305 570 33 22 till
360 578 26 13 en
409 570 111 22 obestämd
539 570 93 22 framtid.
664 569 63 23 Huru
742 572 106 28 enhälligt

103 604 40 22 och
159 605 99 28 enträget
272 604 42 22 den
328 604 8 22 i
350 604 50 22 hela
414 604 74 22 landet
502 604 79 22 önskas
592 604 41 22 och
644 604 139 29 efterlängtas
795 606 53 21 kän-

101 646 38 14 ner
161 639 56 21 dock
237 639 54 21 hvar
309 646 59 20 man,
385 639 92 21 likasom
493 639 53 21 huru
562 639 80 29 vigtigt
656 639 40 22 och
712 639 136 29 nödvändigt

101 672 37 22 det
157 674 23 20 är
195 676 31 18 att
240 673 82 22 erhålla
336 676 31 18 ett
381 674 107 21 bestämdt
503 674 40 20 och
558 674 73 21 säkert
645 674 203 29 myntförhållande,

102 707 139 29 hvarigenom
265 708 85 21 landets
368 708 100 27 ständiga
486 708 101 21 förluster
605 708 28 28 på
647 708 42 22 den
703 708 50 28 låga
767 708 80 22 kursen

101 742 71 21 skulle
187 742 108 28 upphöra,
312 742 192 28 egendomsvärdet
519 742 137 21 säkerställas
671 742 41 22 och
727 740 77 31 stadga
815 750 33 14 er-

102 776 69 22 hållas
193 777 8 21 i
223 776 42 21 alla
287 776 159 26 förhållanden,
468 784 46 13 som
536 776 86 22 dermed
644 783 41 22 ega
706 778 139 27 gemenskap.

101 809 55 22 Man
175 810 39 21 har
232 813 58 18 emot
304 810 41 22 den
360 810 123 28 föreslagna
497 810 149 28 depositionen
661 810 7 22 i
684 810 84 22 banken
783 810 65 22 fram-

101 844 73 27 hållit,
197 846 31 20 att
249 844 263 28 hypotheksföreningens
534 844 41 22 och
597 844 95 22 bankens
711 846 137 27 operationer

103 878 66 22 borde
192 878 109 22 bedrifvas
324 878 122 22 oberoende
465 879 24 21 af
504 877 126 23 hvarandra.
662 876 69 24 Detta
748 886 50 22 eger
814 881 33 20 sin

101 912 115 29 riktighet;
238 920 48 14 men
305 913 28 21 dä
347 921 49 13 man
411 914 19 27 ej
446 914 42 20 kan
503 913 28 28 pä
546 911 40 23 den
602 913 85 21 rakaste
702 914 70 28 vägen
787 914 61 21 kom-

102 955 35 13 ma
156 947 32 21 till
207 948 73 27 mälet,
296 948 24 21 sä
335 954 51 15 vore
401 947 37 21 det
452 948 76 20 oklokt
543 950 31 18 att
588 947 19 28 ej
624 947 97 29 begagna
736 947 34 29 sig
785 948 24 20 af
821 955 27 14 en

102 981 89 29 omväg,
213 988 46 15 som
283 982 22 20 är
329 982 71 28 öppen
418 982 42 21 och
474 982 48 21 med
538 981 101 22 säkerhet
653 982 58 21 leder
726 981 38 22 dit.
792 979 56 24 Man

102 1016 39 21 har
163 1016 74 22 vidare
259 1016 108 27 anmärkt,
389 1019 32 19 att
442 1017 78 21 förlust
538 1016 35 22 för
591 1016 85 21 banken
692 1016 70 21 skulle
776 1015 73 23 kunna

102 1050 80 28 uppstå
203 1058 78 20 genom
303 1050 146 22 förbindelsen
472 1053 31 19 att
521 1051 57 21 förse:
597 1050 251 28 hypotheksföreningen

103 1085 48 21 med
177 1084 73 22 valuta
275 1085 33 21 för
330 1086 157 20 annuiteternas
510 1084 113 22 betalande
644 1084 54 21 efter
720 1084 46 28 pari
788 1083 59 23 kurs.

103 1119 68 21 Detta
192 1119 69 21 skulle
283 1119 87 21 inträffa
392 1118 76 22 endast
484 1119 8 21 i
507 1119 36 21 det
557 1118 48 27 fall,
621 1121 31 18 att
667 1117 181 30 hypotheksföre-

103 1154 80 28 ningen
201 1154 18 27 ej
239 1153 72 21 kunde
330 1153 156 28 uppnegotiera
500 1153 52 21 eller
566 1153 7 21 i
589 1152 84 22 banken
688 1152 109 27 deponera
811 1152 37 21 det

103 1187 112 22 bestämda
231 1188 101 27 beloppet
347 1188 24 20 af
383 1188 44 20 ätta
442 1187 106 21 millioner
562 1186 73 27 mark,
648 1190 24 24 ty
684 1194 35 13 om
730 1186 118 28 depositio-

103 1229 42 14 nen
167 1222 49 21 sker
234 1222 33 20 till
287 1221 137 21 föreskrifvet
443 1221 89 28 belopp,
548 1222 24 20 sä
586 1221 62 27 följer
662 1220 186 30 myntrealisation

103 1256 42 22 och
167 1256 28 21 dä
212 1256 42 21 kan
274 1256 18 28 ej
312 1255 56 23 blott
382 1256 260 28 hypotheksföreningen,
656 1258 52 18 utan
723 1255 63 21 hvem
800 1262 48 15 som

104 1291 57 21 helst
175 1291 7 20 i
197 1290 84 22 banken
296 1290 81 21 erhälla
391 1290 75 21 silfver
481 1292 57 20 emot
553 1290 95 21 bankens
663 1289 77 27 sedlar,
756 1289 24 21 sä
790 1296 59 22 myc-

104 1325 37 21 ket
159 1324 26 22 de
204 1324 89 29 behaga.
322 1323 49 23 Den
386 1324 80 22 förlust
480 1324 33 22 för
528 1323 94 28 banken,
638 1331 46 14 som
699 1323 7 21 i
721 1324 59 21 förra
794 1323 54 22 hän-

103 1359 75 22 delsen
193 1358 42 22 kan
250 1358 88 29 uppstä,
354 1359 24 21 är
391 1359 19 27 ej
426 1358 68 22 heller
508 1358 24 22 af
544 1358 41 22 den
601 1358 46 29 vigt
662 1357 41 22 och
718 1357 131 29 betydenhet

104 1396 32 19 att
158 1393 41 21 den
223 1393 38 21 bör
282 1393 88 21 komma
386 1392 8 22 i
413 1392 150 28 betraktande,
585 1392 28 22 dä
631 1392 24 21 sä
669 1394 59 19 stora
742 1391 106 22 intressen

103 1428 38 25 äro
155 1428 8 21 i
178 1427 62 28 fråga
254 1434 46 14 som
315 1434 36 17 nu.
380 1426 54 22 Man
449 1426 38 22 har
502 1426 74 22 vidare
590 1426 105 22 förklarat
709 1426 35 28 sig
758 1426 35 22 väl
808 1426 40 21 vil-

101 1461 24 28 ja
146 1463 113 27 garantera
276 1459 261 30 hypotheksföreningens
555 1459 47 29 län,
616 1466 48 16 men
679 1459 77 23 endast
770 1459 33 21 till
817 1462 32 19 ett
