1011 1753
794 133 27 20 45

104 194 95 29 ändring
221 195 23 21 är
266 194 67 22 likväl
351 194 125 30 nödvändig
494 195 56 28 deri,
568 198 30 18 att
613 195 41 22 den
670 196 50 21 osed
736 195 114 27 afskaffas,

107 235 48 14 som
176 229 72 21 inritat
269 229 35 28 sig
322 229 7 21 i
347 229 149 29 fördelningen
514 230 25 21 af
554 229 187 29 tingsgästningen
759 230 90 21 emellan

107 262 170 29 häradshöfding
292 263 41 20 och
344 263 78 21 nämnd
434 270 78 21 genom
524 262 104 22 ackorder
639 271 34 13 om
684 263 117 21 nämndens
813 271 37 13 an-

107 296 35 21 del
162 296 51 22 deri.
250 297 79 21 Denna
346 296 51 21 ösed
416 297 38 20 har
473 297 62 20 äfven
550 291 56 26 varit
620 297 79 28 menlig
715 298 33 20 för
763 297 88 21 härads-

107 330 142 28 höfdingarne
268 331 85 27 sjelfva,
372 333 23 25 ty
410 330 62 21 deras
488 329 106 22 anseende
608 331 38 20 har
661 338 77 20 genom
753 330 97 22 densam-

107 372 36 13 ma
157 364 86 28 mycket
257 364 54 21 lidit.
340 361 44 31 Jag
399 364 119 28 tillstyrker
532 363 85 22 derföre
632 364 130 29 antagandet
777 365 24 21 af
813 372 37 21 pa-

106 398 111 29 ragrafens
233 398 58 21 förra
307 398 111 22 alternativ
434 398 33 21 till
483 398 41 22 alla
539 398 48 21 dess
603 398 64 21 delar.

175 436 57 23 Herr
247 436 135 23 Thermön:
412 433 72 25 Äfven
500 438 39 28 jag
557 445 62 14 anser
634 438 66 21 första
715 438 135 21 alternativet

108 472 25 21 af
145 472 12 28 &
174 472 10 20 7
201 472 53 21 böra
271 475 95 25 antagas.
403 471 35 22 Då
457 472 218 28 häradshöfdingarne
694 472 155 28 obestridligen

107 505 29 29 på
157 506 34 21 sin
211 506 42 21 lott
274 506 65 21 bafva
357 505 41 22 den
416 506 80 21 största
509 506 41 20 och
565 506 95 21 svåraste
675 506 62 21 delen
752 506 25 22 af
788 507 62 21 deras

109 540 41 22 och
169 540 117 22 nämndens
301 548 157 21 gemensamma
473 540 82 27 arbete,
570 547 64 22 synes
648 540 37 22 det
699 541 64 21 äfven
779 540 72 28 billigt

104 577 37 19 -att
163 574 26 22 de
211 575 81 28 åtnjuta
314 582 25 13 en
358 575 68 21 större
444 574 36 22 del
495 575 23 21 af
530 574 198 29 tingsgästningen,
744 574 55 22 helst
814 574 38 28 pä-

108 609 99 22 stäendet
228 612 32 18 att
281 608 222 29 häradshöfdingarne
525 609 37 21 äro
581 608 35 22 väl
635 608 99 23 aflönade
749 609 48 21 icke
813 608 38 22 har

109 643 47 22 skäl
172 644 33 21 för
221 643 40 29 sig.

176 683 57 21 Herr
249 678 150 33 Öhrnberg:
424 682 42 22 Till
482 683 26 21 de
523 683 47 21 skäl
585 690 45 14 som
646 683 65 21 redan
727 682 72 23 blifvit
815 690 37 14 an-

105 717 66 22 förde
192 718 34 20 för
245 718 129 28 antagandet
392 716 24 22 af
428 718 138 28 paragrafens
582 716 59 22 förra
656 718 118 26 alternativ,
789 717 62 22 utber

105 753 41 28 jag
165 752 43 28 mig
226 751 21 22 fä
265 744 91 36 tillägga
371 752 55 20 ännu
443 754 39 24 ett,
498 752 104 28 nemligen
619 754 32 18 att
664 750 58 22 detta
738 751 112 22 alternativ

109 786 202 22 Ofverensstämmer
329 769 51 38 mod
402 785 41 22 den
467 785 77 29 nädiga
562 785 172 29 propositionen,
750 786 102 21 hvarföre

110 821 49 21 dess
182 820 119 29 antagande
324 821 24 21 af
363 820 113 22 ständerne
494 820 98 28 erbjuder
607 826 26 14 en
649 819 48 21 vida
713 820 86 21 säkrare
815 828 37 20 ga-

104 855 63 21 "ranti
183 855 32 20 för
231 858 31 18 att
277 854 40 21 den
333 854 66 28 nödig
414 854 94 21 ansedda
523 854 252 28 lagstiftningsätyärden
791 855 62 20 verk-=

111 889 57 29 ligen
191 888 96 22 kommer
308 892 30 18 att
360 888 109 29 vidtagas,
488 889 26 21 än
533 896 34 14 om
582 888 114 21 ständerne
712 889 89 21 omfatta
816 888 36 22 det

111 924 46 20 från
173 923 160 28 propositionen
349 922 115 22 afvikande
480 930 73 14 senare
568 922 141 22 alternativet.

179 956 57 22 Herr
250 957 131 22 Juselius:
403 956 12 22 I
430 957 115 28 anledning
560 957 21 20 af
596 956 48 22 herr
660 942 147 43 Tengströms:
810 960 44 25 ytt-

107 991 69 22 rande
199 991 36 22 ber
251 992 38 28 jag
309 992 21 20 få
348 992 113 26 anmärka,
477 994 30 18 att
521 998 35 14 om
571 990 36 22 det
623 991 65 21 också
703 998 52 14 vore
770 991 24 21 af
806 992 48 28 vigt

105 1029 40 19 "att
163 1026 104 21 nämnden
283 1026 23 21 är
321 1026 34 21 väl
371 1007 98 45 aflönad,
484 1025 24 21 sä
523 1026 24 20 är
561 1024 36 22 det
612 1024 56 22 dock
683 1025 24 21 af
720 1024 50 22 vida
785 1026 69 20 större

113 1061 47 27 vigt
174 1063 31 18 att
219 1059 101 22 domaren
336 1061 23 19 är
374 1059 42 22 det.
446 1059 40 21 Att
500 1058 104 22 nämnden
620 1059 6 20 i
641 1059 84 21 landets
737 1059 68 28 öfriga
819 1059 35 21 de-

111 1095 32 20 lar
165 1094 70 22 skulle
253 1094 8 21 i
280 1093 112 29 duglighet
414 1094 32 21 stä
462 1094 52 21 efter
529 1093 47 21 dem
592 1093 6 21 i
615 1088 151 32 Österbotten,
782 1095 23 19 är
821 1094 33 20 för

111 1129 45 28 mig
174 1135 26 15 en
219 1128 123 29 fullkomlig
360 1128 71 29 nyhet.
468 1127 66 27 Detta
549 1127 107 22 företräde
672 1127 39 22 hos
726 1128 104 21 nämnden
847 1127 6 21 i

113 1157 140 27 Österbotten
275 1163 67 20 måste
362 1163 37 28 jag
417 1162 99 21 bestrida.
552 1161 44 22 För
615 1161 66 28 öfrigt
696 1168 107 21 upprepar
815 1162 39 28 jag

112 1198 56 19 ännu
187 1197 47 20 mitt
249 1196 115 28 påstående
380 1200 30 17 att
426 1195 220 28 häradshöfdingarne
662 1197 36 19 äro
714 1195 140 28 otillräckligt

112 1231 105 20 aflönade.
256 1229 75 22 Under
353 1229 25 22 de
402 1233 82 18 senaste
507 1229 71 21 trettio
598 1229 50 21 ären
667 1228 61 21 torde
749 1229 106 28 knappast

114 1264 71 28 någon
207 1264 55 21 enda
284 1263 170 28 häradshöfding
475 1263 36 21 vid
530 1263 32 21 sin
580 1262 42 21 död
643 1262 63 21 hafva
721 1263 135 20 efterlemnat

113 1299 22 20 ät
153 1299 46 20 sina
219 1298 109 28 arfvingar
346 1301 64 17 annat
428 1299 26 19 än
470 1309 27 4 —
513 1304 112 21 omsorgen
641 1303 33 14 om
690 1295 164 22 urarfvaansök-

113 1332 59 29 ning.
208 1331 66 22 Detta
297 1331 132 22 förhällande
452 1335 44 18 tror
511 1332 39 28 jag
567 1330 57 22 dock
642 1331 54 20 talar
712 1337 44 14 mer
772 1330 25 21 än
813 1330 43 21 alla

113 1367 75 21 fraser.

181 1399 57 21 Herr
253 1399 87 21 Holm:
370 1398 85 28 Frågan
471 1405 34 14 om
520 1398 197 28 tingsgästningens
733 1396 122 29 fördelning

115 1440 38 15 var
174 1433 7 22 i
203 1433 140 30 lagutskottet
365 1433 90 21 föremål
478 1433 33 20 för
531 1430 116 31 vidlyftiga
665 1430 191 30 öfverläggningar
