1036 1823
221 166 29 32 24

195 238 138 29 lägenhetens
355 238 96 28 förmåga
472 240 32 19 att
521 237 52 22 bära
591 237 128 22 densamma.
748 237 85 22 Dervid
847 237 40 21 bar
901 239 33 19 ut-

194 273 80 21 skottet
295 272 46 22 icke
362 275 54 19 trott
438 272 34 28 sig
490 272 72 20 kunna
579 271 58 21 finna
657 272 69 28 någon
742 279 69 14 annan
827 272 65 28 utväg
907 272 27 20 än

194 310 32 18 att
244 306 44 22 låta
306 306 124 28 sytningens
453 305 88 22 bestånd
564 305 41 21 och
627 305 79 28 belopp
725 305 51 21 bero
795 306 24 20 af
830 305 104 21 domstols

194 340 109 28 pröfning.
325 339 40 22 Att
383 339 40 21 den
443 340 90 27 princip,
548 339 82 27 hvarpå
646 340 114 22 utskottets
776 339 82 29 förslag
872 346 64 21 grun-

194 374 40 21 dar
248 374 44 29 sig,
306 374 7 21 i
328 374 73 28 hvarje
416 374 38 20 fall
469 374 23 20 är
507 373 40 21 och
563 373 75 22 förblir
653 374 65 28 riktig
733 374 41 20 kan
790 374 18 28 ej
826 373 110 27 betviflas,

194 416 48 14 men
264 408 7 22 i
293 407 163 29 tillämpningen
476 408 41 21 kan
535 407 41 22 den
596 408 34 20 väl
650 408 57 21 möta
724 415 45 14 mer
787 408 52 21 eller
854 407 82 22 mindre

194 442 116 29 svårighet.
340 441 65 22 Detta
421 442 37 21 har
474 442 103 21 utskottet
592 442 17 27 ej
627 442 65 21 heller
708 442 109 26 förbisett,
833 450 47 13 men
895 442 40 21 lik-

194 477 36 21 väl
252 479 79 25 ansett,
353 480 31 17 att
406 476 119 21 domstolen
544 476 47 21 med
610 475 87 30 ledning
716 477 23 20 af
752 476 184 29 skattläggnings-

194 510 135 30 handlingar,
354 511 237 23 storskiftsinstrument
613 510 40 21 och
676 510 116 21 nämndens
817 510 119 22 kännedom

196 552 34 15 om
249 545 136 29 lägenhetens
405 544 145 23 beskaffenhet
566 545 65 28 jemte
646 544 41 23 den
702 545 125 28 utredning,
842 552 45 14 som
904 545 33 22 för

196 580 66 29 öfrigt
280 579 41 22 kan
340 579 101 27 erhållas,
460 579 55 22 skall
529 580 8 20 i
551 579 27 21 de
593 578 62 22 flesta
669 579 37 21 fall
722 579 73 22 konna
809 579 78 28 pröfva
902 586 35 16 om

194 613 128 29 lägenheten
343 613 30 22 täl
393 616 32 19 att
442 613 93 22 belastas
551 613 47 21 med
613 621 25 13 en
654 614 44 21 viss
713 613 88 29 sytning
816 613 51 22 eller
881 613 56 22 icke.

195 648 45 28 Jag
255 655 61 14 anser
331 648 44 28 mig
390 647 28 29 på
432 647 64 22 dessa
511 647 47 22 skäl
573 647 53 22 böra
641 647 86 22 förorda
742 647 129 29 antagandet
886 648 49 28 af
924 643 14 37 &

197 683 10 20 1
224 682 7 21 i
246 682 150 29 lagutskottets
412 681 87 30 förslag.

262 727 58 22 Herr
335 722 147 33 Öhrnberg:
506 727 171 30 Olägenheterne
692 728 25 21 af
724 728 166 29 jordegendoms
903 728 34 22 be-

196 762 108 29 tungande
322 762 47 21 med
385 763 144 21 öfverdrifven
545 763 87 30 sytning
648 763 36 20 vill
700 763 17 28 ej
735 763 66 21 heller
813 763 39 28 jag
867 763 71 21 förne-

196 797 35 22 ka.
262 796 71 23 Dessa
351 796 137 29 olägenheter
503 797 64 22 bafva
582 797 56 21 dock
653 797 32 21 sin
701 797 70 29 grund
786 797 7 21 i
808 798 26 20 de
849 797 88 22 kontra-

196 831 104 22 herandes
321 831 107 28 naturliga
450 834 54 18 samt
522 832 7 21 i
547 832 37 27 lag
607 831 98 22 hitintills
724 831 110 28 grundade
850 831 39 22 och
905 839 32 14 er-

197 865 70 22 kända
285 865 131 28 rättigheter,
434 866 40 20 och
490 865 124 28 derigenom
631 866 116 25 bortfaller,
762 873 63 21 synes
841 866 54 28 mig,
911 873 26 14 en

196 899 108 30 väsentlig
317 899 34 22 del
367 900 24 21 af
402 899 63 22 deras
481 900 121 30 betydelse;
618 907 47 14 men
681 907 34 15 om
730 908 27 13 nu
773 901 164 28 lagstiftningen

197 935 85 28 engång
303 936 40 27 gör
364 934 68 23 denna
454 934 157 29 angelägenhet
629 935 34 21 till
683 934 88 22 föremål
787 936 34 20 för
835 936 33 20 sin
884 942 54 21 upp-

196 968 145 22 märksamhet
362 968 40 21 och
425 968 86 28 åtgärd,
533 969 22 21 så
575 968 66 22 borde
660 969 34 21 väl
709 968 70 22 denna
793 969 63 21 äfven
871 969 28 28 gå
914 972 24 18 ut

196 1003 28 27 på
239 1005 31 18 att
284 1002 54 21 söka
352 1003 74 27 afböja
440 1003 132 20 tillkomsten
587 1003 25 20 af
624 1002 159 29 sytningsaftal.
819 1001 66 22 Detta
900 1003 37 21 än-

197 1036 70 22 damål
282 1036 37 21 har
334 1036 42 21 den
390 1037 78 27 nådiga
484 1037 171 28 propositionen,
671 1044 33 13 om
717 1037 39 28 jag
768 1037 18 28 ej
799 1037 139 22 missförstått

197 1070 51 26 den,
266 1070 49 22 sökt
330 1070 64 22 vinna
408 1071 98 26 sålunda,
525 1074 31 18 att
571 1071 44 22 deri
631 1071 89 21 föreslås
735 1071 47 22 icke
798 1075 30 18 ett
843 1071 95 21 ovilkor-

196 1105 40 28 ligt
254 1104 77 22 förbud
350 1108 57 18 emot
421 1113 25 13 en
461 1105 111 28 lägenhets
588 1105 123 22 belastande
726 1106 48 21 med
789 1105 50 22 flere
855 1106 82 28 sytniu-

198 1146 38 21 gar
250 1141 50 19 utan
315 1138 75 21 endast
404 1142 30 18 ett
449 1139 77 21 förbud
541 1142 57 19 emot
613 1147 25 14 en
654 1147 72 14 senare
742 1139 98 29 sytnings
856 1140 82 21 inteck-

197 1172 75 23 nande.
302 1171 65 22 Detta
382 1173 77 22 förbud
474 1173 53 21 lider
542 1173 56 22 dock
613 1174 24 21 af
649 1181 26 14 en
687 1173 47 22 icke
746 1174 63 27 ringa
821 1174 53 22 brist
885 1174 54 27 deri,

198 1210 32 19 att
243 1207 137 28 lägenhetens
395 1207 97 28 förmåga
506 1211 31 17 att
553 1208 51 22 bära
618 1208 124 28 sytningen,
758 1207 53 22 både
822 1208 43 22 den
879 1209 59 21 äldre

198 1241 40 22 och
260 1241 41 21 den
322 1249 84 18 senare,
427 1241 75 23 dervid
524 1241 47 22 icke
593 1241 42 22 kan
659 1243 63 20 vinna
744 1243 67 27 något
830 1243 105 22 afseende.

196 1274 164 29 Lagutskottet,
376 1283 45 13 som
436 1276 65 21 insett
516 1275 69 22 denna
600 1276 65 27 brist,
680 1276 38 21 har
729 1276 49 21 sökt
789 1276 96 29 afhjelpa
896 1277 42 21 den

197 1317 77 20 genom
294 1312 31 19 att
343 1309 79 21 föreslå
437 1313 31 18 att
482 1311 88 28 sytning
585 1309 68 22 skulle
668 1318 77 21 genom
762 1311 125 28 inteckning
903 1311 35 22 be-

197 1347 101 24 tryggas,
315 1343 76 21 endast
408 1343 72 22 såvidt
494 1344 138 27 lägenhetens
648 1344 88 21 bestånd
752 1344 121 28 derigenom
889 1345 47 22 icke

196 1375 162 29 äfventyrades,
373 1377 39 20 och
428 1380 31 17 att
474 1377 82 21 således
577 1377 68 21 blotta
661 1377 79 21 antalet
755 1378 24 20 af
791 1377 112 29 sytningar
918 1379 18 28 ej

198 1410 70 21 skulle
289 1409 63 22 hafva
375 1409 65 29 något
461 1409 116 30 inflytande
599 1411 76 28 bärpå,
696 1418 49 14 men
768 1414 30 18 att
816 1411 120 23 domstolen

198 1444 76 26 skulle,
288 1443 28 23 då
330 1444 124 28 inteckning
470 1445 32 21 för
517 1445 87 29 sytning
619 1445 71 27 sökes,
705 1453 40 21 ega
759 1448 32 18 att
805 1446 76 28 pröfva
895 1446 42 23 den

197 1479 96 29 sytning,
308 1486 46 16 som
369 1478 27 23 då
410 1479 24 21 är
448 1479 8 24 i
471 1478 66 30 fråga,
570 1478 140 30 Svårigheten
726 1479 40 22 och
782 1481 152 29 omöjligheten
