995 1814
781 174 39 23 451

107 237 118 29 stämning,
247 238 87 21 hvarom
353 245 28 14 nu
401 238 24 21 är
440 238 70 29 fråga,
533 239 23 21 är
570 239 19 28 ej
605 239 71 28 synlig
692 239 7 20 i
713 239 41 22 den
769 239 81 29 nådiga

107 272 163 27 propositionen
286 273 40 20 och
342 272 38 21 har
394 272 123 22 tillkommit
528 280 78 21 genom
617 273 71 21 beslut
700 274 23 20 af
732 273 37 22 två
780 273 69 26 stånd,

107 305 40 22 der
169 307 70 20 ämnet
261 306 90 21 kommit
372 306 33 21 till
424 307 46 20 tals.
508 306 45 29 Jag
567 306 68 21 finner
649 307 37 21 det
700 307 84 21 derföre
799 314 51 15 vara

106 339 135 29 lämpligast,
257 343 30 18 att
302 341 84 21 ståndet
405 341 91 21 afhåller
514 341 34 28 sig
563 341 45 21 från
625 341 38 21 allt
677 337 100 32 yttrände
792 341 6 21 i
814 341 36 21 be-

106 374 65 21 rörde
188 375 131 27 hänseende;
341 375 23 21 så
383 375 87 28 mycket
485 382 57 14 mera
556 379 46 17 som
617 373 36 23 det
668 383 27 13 nu
711 375 75 29 gäller,
801 375 49 22 icke

107 411 32 18 att
153 408 60 21 stifta
228 409 46 28 lag,
290 413 51 17 utan
355 409 76 22 endast
446 413 30 18 att
491 409 67 22 uttala
568 409 140 29 grundsatser
718 410 35 21 för
763 417 27 14 en
800 409 51 23 blif-

107 443 69 22 vande
191 443 36 28 lag
243 443 6 21 i
265 443 76 22 ämnet.

175 482 58 22 Herr
249 482 26 23 C.
289 483 22 22 J.
328 483 150 30 Grönberg:
507 483 44 30 Jag
570 491 62 14 anser
650 483 122 30 djurfängst
786 483 13 22 å
813 492 37 13 an-

107 524 54 14 nans
183 517 53 28 ägor
257 517 48 22 med
328 513 65 34 grop,
412 525 39 14 sax
468 518 52 21 eller
535 526 63 14 snara
614 518 51 21 böra
680 526 51 13 vara
746 518 104 22 underka-

107 551 47 22 stad
170 559 79 14 samma
264 552 88 28 förbud;
366 559 47 15 som
428 553 68 28 gäller
510 553 34 21 för
559 552 76 29 oloflig
647 553 55 28 jagt.

176 591 56 22 Herr
246 593 122 21 Juselius
383 593 116 26 anmärkte,
515 596 30 18 att
560 593 122 29 djurfängst
696 592 47 22 med
758 599 39 15 sax
809 593 41 21 och

107 634 64 15 snara
187 627 75 21 hittills
279 627 82 28 ganska
375 627 87 29 mycket
476 627 74 30 plägat
564 627 13 21 ä
588 634 80 15 annans
681 628 52 27 ägor
745 630 50 19 utan
807 627 43 21 till-

107 661 63 22 stånd
185 661 129 23 förehafvas.

176 695 57 22 Herr
249 695 131 22 Sundmän
403 695 66 29 ansåg
491 695 162 28 ifrågavarande
675 696 62 21 ämne
759 702 52 15 vara
829 695 25 22 af

106 729 43 22 den
172 729 56 28 vigt,
251 733 31 18 att
300 730 84 21 ständet
402 730 66 21 borde
487 730 90 21 rörande
595 729 118 22 detsamma
731 732 57 26 yttra
805 729 46 29 sig,

108 767 56 18 samt
185 764 117 29 tillstyrkte
325 767 31 18 att
377 764 85 22 ständet
482 765 68 20 skulle
569 765 74 20 förena
657 764 34 29 sig
706 763 49 22 med
772 763 27 22 de
813 763 38 22 tvä

107 798 70 26 stånd,
192 805 45 14 som
253 798 44 21 deri
314 798 108 21 utlätände
438 799 92 28 afgifvit.

175 831 62 23 Efter
257 833 72 21 derom
350 833 24 20 af
389 832 49 21 herr
453 833 149 21 talmannen
618 831 120 23 framställd
753 831 98 30 proposi-

107 867 57 26 tion,
186 866 71 23 beslöt
279 866 85 23 ständet
386 870 31 18 att
438 868 30 21 uti
487 867 125 22 ständernes
631 867 109 22 utlätande
758 867 7 21 i
784 866 67 22 saken

107 901 70 21 skulle
199 901 75 28 inflyta
296 901 41 21 den
360 901 81 21 önskan
460 904 31 19 att
509 901 7 21 i
534 901 36 21 det
585 901 110 22 blifvande
709 901 142 29 lagförslaget

105 935 80 29 jemväl
200 935 64 21 mätte
279 935 51 29 ingä
345 938 30 18 ett
390 935 119 29 stadgande
524 935 83 26 derom,
623 938 32 18 att
666 942 65 21 grop,
743 943 48 19 sax,
803 942 48 13 sna-

108 977 23 13 ra
154 969 51 22 eller
223 977 69 13 annan
312 970 34 21 för
360 969 123 22 menniskor
498 969 40 22 och
554 969 89 28 husdjur
657 969 102 28 lifsfarlig
773 968 79 22 anstalt

108 1003 34 21 till
165 1003 100 29 djurfäng
286 1003 48 22 icke
356 1004 34 20 mä
413 1007 49 18 utan
479 996 199 36 jördinnehafvares
696 1003 96 22 tillständ
816 1003 35 21 be-

108 1045 82 21 gagnas
209 1038 12 21 å
240 1045 81 14 annans
340 1038 65 21 mark.
436 1038 49 21 Och
500 1038 69 21 skulle
583 1038 34 21 för
632 1038 66 27 öfrigt
711 1037 141 22 underrättel-

109 1079 24 15 se
155 1079 34 14 om
208 1072 95 21 ständets
322 1072 7 21 i
348 1071 88 22 ärendet
450 1080 28 13 nu
494 1072 80 21 fattade
589 1071 107 22 särskilda
710 1071 69 22 beslut
794 1071 58 22 med-

109 1106 59 21 delas
187 1106 139 22 medständen
344 1113 77 21 genom
440 1114 26 14 en
484 1106 125 28 deputation
624 1109 55 18 samt
694 1106 109 21 dessutom
819 1106 33 21 sä-

109 1141 35 21 väl
163 1141 32 20 till
211 1140 137 22 medständen
364 1148 46 13 som
426 1141 32 20 till
473 1139 238 29 expeditionsutskottet
726 1139 126 29 expedieras

109 1179 32 18 ett
155 1175 24 22 sä
194 1175 92 28 lydande
302 1174 210 29 protokollsutdrag:

179 1209 24 21 ”I
221 1209 116 28 anledning
355 1209 24 21 af
394 1209 251 28 expeditionsutskottets
661 1208 31 22 uti
707 1207 108 23 memorial
830 1208 25 21 af

110 1244 41 21 den
169 1243 25 22 13
210 1243 142 22 innevarande
368 1243 92 22 februari
476 1244 76 28 gjorda
567 1243 98 21 anmälan
680 1250 34 14 om
726 1242 26 22 de
764 1242 88 29 skiljak-

110 1278 99 27 tigheter,
222 1285 46 14 som
283 1278 67 28 enligt
364 1277 26 22 de
406 1278 104 21 utskottet
525 1277 183 22 tillhaudakomna
722 1277 131 28 protokolls-

110 1312 105 28 utdragen
237 1312 122 21 förefunnes
378 1312 7 21 i
404 1312 26 21 de
452 1312 107 22 särskilda
577 1311 100 22 ständens
701 1311 69 21 beslut
787 1311 8 21 i
815 1318 37 14 an-

110 1346 89 28 ledning
221 1346 24 21 af
261 1345 77 29 nådiga
356 1347 162 27 propositionen
537 1345 90 22 rörande
642 1345 121 28 granderne
778 1345 33 22 för
825 1353 27 14 en

111 1381 78 21 allmän
209 1381 127 28 författning
354 1388 34 13 om
404 1381 48 28 jagt
467 1380 40 22 och
522 1380 109 29 djurfäng,
647 1380 40 21 och
705 1379 73 22 hvilka
793 1379 61 28 skilj-

111 1414 122 29 aktigheter
250 1414 104 21 utskottet
372 1417 70 19 ansett
459 1415 77 28 utgöra
551 1413 75 22 hinder
640 1414 34 21 för
689 1413 127 22 affattandet
831 1413 24 21 af

112 1451 31 18 ett
165 1450 130 25 gemensamt
314 1447 70 21 beslut
402 1447 6 20 i
424 1448 62 20 dessa
500 1448 66 25 delar,
581 1447 70 20 beslöt
666 1447 186 26 borgareständet,

112 1481 49 22 med
181 1481 99 22 afseende
294 1475 51 27 derä
360 1483 30 18 att
405 1480 40 21 den
461 1481 79 28 nädiga
554 1474 161 34 propositionen
731 1480 76 21 endast
821 1480 31 21 in-
