1006 1817
189 176 41 20 450

483 236 67 21 Mom.
565 238 19 21 4.
828 249 2 2 :

229 271 58 21 Herr
301 270 120 22 Juselius
438 270 99 28 föreslog,
553 274 31 18 att
599 270 84 21 ständet
698 270 30 21 uti
740 269 164 29 ifrägavarande

161 305 100 21 afseende
276 305 69 21 skulle
361 305 73 21 förena
449 305 33 28 sig
496 305 47 21 med
559 304 149 28 ridderskapet
722 304 41 22 och
775 304 62 21 adeln
849 307 55 19 samt

161 339 166 28 presteständet,
345 339 87 21 emedan
449 339 109 21 frestelsen
574 342 31 18 att
621 339 54 28 begä
690 340 78 20 brottet
782 347 52 13 vore
849 340 55 20 stör-

160 382 24 13 re
199 374 47 21 med
263 373 99 21 afseende
377 374 11 20 ä
402 374 72 26 elgens
490 373 66 28 högre
573 373 71 21 värde.

229 408 58 21 Herr
302 402 149 33 Öhrnberg:
480 407 44 21 För
540 408 42 20 min
598 407 34 21 del
648 415 61 13 anser
721 408 38 27 jag
775 407 46 21 skäl
837 408 18 27 ej
872 408 31 20 fö-

161 442 109 21 rekomma
285 441 79 27 dertill,
380 445 30 17 att
427 442 174 28 borgareständet
615 442 69 20 skulle
700 442 75 27 frängä
786 442 37 21 sitt
834 442 70 21 beslut

161 476 7 20 i
187 475 68 22 denna
273 476 42 21 del.
328 489 5 2 -
349 476 107 20 Ansvaret
472 476 38 20 bör
524 476 7 20 i
548 476 115 21 allmänhet
677 476 33 21 stä
725 476 6 20 i
748 479 30 17 ett
793 477 53 19 visst
861 476 42 21 för-

161 510 99 21 hållande
283 510 32 20 till
339 510 153 28 förbrytelsens
511 510 153 21 beskaffenhet.
702 510 116 21 Dödandet
837 510 24 21 af
877 517 25 14 en

162 544 35 29 elg
219 545 42 21 kan
283 544 18 28 ej
324 544 68 21 kallas
416 544 33 21 för
468 545 67 24 brott;
560 544 36 21 det
618 544 24 20 är
662 544 76 21 endast
759 547 31 18 ett
812 544 91 28 olagligt

161 580 93 26 företag,
273 586 46 13 som
337 579 25 19 är
377 578 109 28 förbjudet
500 578 7 21 i
522 578 41 21 den
579 578 140 21 ekonomiska
734 579 169 28 lagstiftningen.

229 612 56 22 Herr
301 612 167 28 Teigström:
490 611 36 23 Då
541 612 109 21 dödandet
661 613 24 21 af
694 620 25 13 en
732 613 121 27 menniska,
865 613 39 21 när

160 646 87 22 läkaren
266 647 47 21 icke
332 646 81 22 kunnat
428 647 52 28 säga
495 650 31 18 att
541 648 69 27 slaget
625 647 56 21 varit
695 647 85 21 absolut
795 647 108 27 dödande,

161 681 75 22 endast
255 680 112 22 bestraffas
382 680 48 22 med
446 681 33 21 hel
494 682 100 20 mansbot
608 681 53 21 eller
676 681 228 29 etthundrafyratiofy-

159 723 24 14 ra
198 716 60 21 rubel
273 716 81 26 silfver,
369 723 62 14 anser
443 716 38 28 jag
496 715 26 21 de
535 716 48 21 icke
598 716 85 28 mycket
697 716 60 28 lägre
776 716 88 21 böterne
882 716 25 21 af

161 750 126 22 femhundra
305 743 60 27 mark
380 750 53 21 eller
447 750 218 28 etthundratjugafem
681 750 59 21 rubel
756 750 33 21 för
804 750 100 22 dödande

162 786 23 20 af
197 792 26 14 en
239 785 34 28 elg
292 792 51 14 vara
359 785 72 20 alltför
447 786 63 26 höga.
547 786 43 20 Det
606 784 40 21 kan
662 785 34 20 väl
712 786 18 26 ej
748 785 109 27 förnekas,
873 788 32 18 att

161 819 42 21 den
219 819 57 21 förra
291 819 101 27 ätgärden
409 818 55 21 dock
480 820 24 20 är
518 819 50 21 vida
583 826 58 13 mera
656 818 102 22 straffbar
773 820 26 19 än
815 819 40 21 den
871 826 33 14 se-

161 860 57 14 nare.
243 853 44 21 Det
302 860 51 14 vore
369 853 66 25 enligt
451 852 41 22 min
509 853 63 21 tanke
587 852 131 28 lämpligast,
734 856 31 18 att
779 853 30 20 uti
825 853 79 28 ifräga-

160 887 93 21 varande
269 887 37 21 fall
323 887 27 27 gä
365 894 25 13 en
407 886 111 28 medelväg
534 887 40 21 och
591 887 115 21 bestämma
717 886 77 29 högsta
807 887 96 21 bötesbe-

161 921 75 27 loppet
258 922 34 20 för
314 920 99 21 dödande
435 920 24 22 af
474 921 35 27 elg
528 921 31 21 till
575 921 70 27 nägon
662 928 82 14 summa
758 921 89 21 emellan
864 925 40 17 ett-

162 951 82 25 hundra
260 955 40 21 och
316 955 125 21 femhundra
456 956 70 24 mark;
542 962 47 14 men
605 954 27 22 dä
646 955 175 28 borgareständet
833 956 71 21 blefve

156 992 88 19 -ensamt
259 997 33 13 om
308 989 59 21 detta
381 989 78 26 beslut;
475 989 61 21 torde
551 989 76 21 sädant
641 996 28 14 nu
680 990 18 27 ej
712 990 70 20 kunna
793 989 47 28 ske,
853 994 50 16 utan

161 1024 49 21 bäst
225 1032 50 13 vara
291 1027 31 17 att
336 1023 85 21 ståndet
436 1023 105 22 vidbäller
556 1024 38 20 sitt
608 1024 127 20 härutinnan
746 1023 65 22 redan
823 1024 80 21 fattade

161 1058 76 22 beslut:

209 1098 2 2 *
231 1092 71 21 Sedan
315 1092 48 21 herr
377 1092 147 21 talmannen
539 1092 6 20 i
558 1092 64 20 saken
634 1092 116 21 framställt
761 1092 142 28 proposition,

163 1126 69 22 beslöt
249 1126 86 21 ständet
350 1129 30 17 att
395 1126 47 20 icke
458 1127 53 26 göra
525 1126 71 28 nägon
611 1126 92 28 ändring
718 1126 6 20 i
740 1126 37 21 sitt
792 1127 57 20 förut
864 1127 40 21 fat-

161 1161 50 20 tade
234 1160 69 21 beslut
323 1160 130 21 beträffande
473 1168 76 13 ansvar
565 1161 33 20 för
614 1159 51 27 den;
680 1167 46 14 som
743 1160 66 22 under
824 1160 80 29 förbja-

162 1194 42 22 den
220 1194 30 21 tid
266 1194 67 21 dödar
349 1194 80 28 nyttigt
444 1194 111 21 villebräd.

480 1239 67 21 Mom.
564 1240 18 20 5:

230 1274 57 21 Herr
301 1269 151 33 Öhrnbergi
474 1273 77 22 Såsom
563 1273 93 21 ledamot
667 1274 6 20 i
686 1274 219 28 expeditionsutskot-

162 1312 32 18 tet
211 1308 38 21 har
262 1310 38 27 jag
316 1309 27 27 på
358 1309 42 20 sätt
415 1308 40 21 och
471 1309 32 20 vis
520 1308 92 28 bidragit
627 1308 31 20 till
675 1308 116 21 utskottets
807 1310 97 20 anmälan

161 1343 8 21 i
184 1342 59 22 dettä
261 1346 104 22 moment,
383 1342 88 21 emedan
484 1343 38 26 jäg
537 1343 19 26 ej
572 1346 118 16 reserverat
703 1342 45 26 mig
763 1346 56 16 emot
834 1343 70 20 denna

163 1376 86 27 åtgärd;
264 1383 48 13 men
325 1376 38 27 jäg
379 1376 67 26 ansåg
459 1376 76 27 nödigt
550 1378 30 18 att
595 1374 26 21 de
637 1376 35 19 två
683 1375 77 29 stånd;
772 1375 73 21 hvilka
856 1376 48 21 icke

161 1412 68 26 yttrat
245 1409 35 29 sig
293 1409 7 21 i
315 1410 80 26 ämnet,
411 1404 69 26 skulle
495 1409 79 21 lemnas
590 1408 72 22 dertill
677 1408 95 27 tillfälle,
788 1408 65 22 ehoru
867 1410 37 28 jag

163 1444 33 20 för
211 1444 43 20 min
270 1443 35 21 del
319 1443 68 22 finner
402 1444 116 20 utskottets
534 1443 98 21 anmälan
646 1443 8 21 i
668 1442 70 22 denna
752 1442 35 22 del
802 1444 47 20 icke
866 1444 38 21 bö-

161 1486 24 14 ra
201 1478 110 22 föranleda
326 1474 33 24 till
374 1478 71 29 någon
460 1477 77 30 åtgärd
552 1478 48 22 från
615 1477 95 22 ständets
725 1477 53 22 sida;
809 1477 48 23 Den
869 1478 36 22 be-
