1034 1809
185 165 42 27 422

158 233 61 27 böter
241 233 33 26 för
296 233 126 28 förgripelse
446 237 56 20 emot
521 233 90 27 förman.
646 233 40 27 Att
704 234 45 26 åter
767 233 93 28 åberopa
875 240 26 19 en

158 268 138 27 författning,
315 274 46 14 som
380 268 34 20 för
429 267 133 22 närvarande
578 267 75 21 endast
672 268 23 20 är
714 267 120 29 föreslagen
853 274 49 19 men

157 301 49 27 icke
220 301 111 26 utfärdad,
346 300 55 22 låter
416 301 34 28 sig
464 301 19 28 ej
499 302 59 27 göra.
588 301 103 21 Deremot
705 301 69 27 finner
785 303 38 26 jag
835 302 18 26 ej
865 301 38 23 nå-

158 339 39 24 got
212 335 75 23 hinder
302 338 41 23 att,
362 335 71 20 såsom
448 332 126 31 paragrafen
591 335 62 27 äfven
669 335 123 28 innehåller,
808 335 95 28 åberopa

158 369 27 27 de
200 369 132 28 stadganden
347 368 7 21 i
369 369 80 26 ämnet,
465 376 45 13 som
527 376 27 13 nu
570 370 37 20 äro
622 369 111 28 gällande,
748 377 34 13 om
794 370 108 25 desamma

157 403 65 26 äfven
237 403 114 22 framdeles
365 403 86 20 komma
465 405 31 19 att
511 403 120 28 förändras.

225 448 58 27 Herr
298 448 168 28 Tengström:
495 444 73 30 Äfven
580 449 38 28 jag
634 449 67 26 finner
715 450 54 23 intet
784 449 75 22 hindra
871 452 32 19 att

155 482 110 27 "bibehålla
280 482 69 21 denna
364 483 12 28 &
392 483 136 22 oförändrad.
558 483 133 28 Stadgandet
705 484 7 20 i
727 484 13 28 &
754 483 53 22 låter
819 485 84 26 ganska

158 517 36 27 väl
209 517 90 27 hänföra
314 517 34 28 sig
364 517 63 21 äfven
443 517 34 21 till
491 525 26 13 en
532 517 111 21 blifvande
658 525 29 22 ny
703 517 128 29 författning
841 518 7 20 i
859 519 44 22 äm-

157 553 43 24 net.
239 550 78 22 Denna
339 550 66 22 måste
428 551 107 27 nemligen
554 551 107 28 tillämpas
680 552 7 20 i
702 551 43 24 alla
760 551 27 22 de
801 552 49 27 fall,
865 552 38 21 der

158 585 69 28 äldre,
250 592 78 23 genom
350 585 123 20 densamma
491 585 111 28 upphäfda
620 586 81 28 lagbud
720 586 109 27 åberopas.
859 586 44 31 Jag

157 619 120 28 tillstyrker
292 619 84 24 derföre
392 619 129 28 antagandet
536 620 22 20 af
573 619 10 29 $
600 619 67 28 enligt
682 620 116 22 utskottets
814 620 89 29 förslag.

225 664 32 22 På
279 665 73 20 derom
371 664 120 27 framställd
510 665 135 27 proposition
665 667 65 26 antog
746 665 93 27 ståndet,
855 665 48 26 med

158 697 160 30 öfvervägande
333 698 119 30 pluralitet,
468 698 13 29 &
496 698 25 21 81
538 699 7 20 i
561 698 141 21 oförändradt
716 698 68 22 skick.

226 738 57 28 Herr
298 738 149 26 talmannen
467 737 102 29 föredrog
587 745 28 13 nu
634 737 26 22 de
679 739 7 20 i
705 737 40 22 den
761 739 78 29 nådiga
855 747 49 20 pro-

157 773 124 28 positionen
299 772 116 29 ingående,
434 780 47 13 men
497 772 7 21 i
520 772 116 21 utskottets
652 773 82 28 förslag
749 773 48 21 icke
812 777 92 25 upptag-

157 806 28 23 na
207 808 79 20 tvänne
304 807 107 22 särskilda
431 806 144 29 stadganden,
594 806 36 21 det
648 814 39 13 ena
709 808 144 21 innefattande
873 811 31 24 att

158 841 42 21 den
224 840 108 32 blifvande
355 841 154 28 författningen
528 840 7 21 i
550 841 71 26 ämnet
636 841 18 28 ej
670 841 70 21 skulle
756 849 40 21 ega
811 842 93 27 tillämp-

158 876 52 26 ning
226 876 11 20 å
253 875 154 21 kommunerna
421 875 7 20 i
443 874 164 28 Lappmarken,
623 875 40 20 och
680 875 35 20 det
730 875 67 22 andra
812 876 94 28 angäen-

158 909 26 22 de
200 917 26 13 en
242 908 154 23 förberedande
412 909 76 28 åtgärd
503 909 34 20 för
552 909 166 27 författningens
734 909 120 28 införande,
870 910 35 22 be-

158 943 88 22 stående
265 943 58 26 deri,
342 946 31 17 att
387 943 34 21 för
436 943 59 20 detta
511 941 98 22 ändamål
624 943 68 27 nödig
706 942 142 29 debiterings-
863 944 42 27 och

158 975 111 31 restlängd
285 977 70 28 skulle
370 984 78 21 genom
463 977 124 21 nuvarande
602 977 183 22 socknestämmor
797 978 34 27 för
842 978 63 21 hvar-

156 1013 22 27 je
194 1011 79 28 socken
288 1011 117 28 uppgöras.

226 1051 12 28 I
250 1051 115 28 anledning
377 1051 65 20 häraf
450 1051 102 28 upplyste
560 1050 72 22 herrar
644 1050 169 29 Tengström,
826 1051 80 24 Ther-

158 1087 55 26 mén
228 1086 41 21 och
285 1084 143 29 Sundman,
444 1085 70 21 såsom
530 1084 117 22 ledamöter
661 1085 7 21 i
681 1085 224 28 ekonomieutskottet,

159 1124 31 17 att
208 1120 138 27 förenämnde
366 1120 158 29 bestämningar
542 1119 63 21 äfven
625 1119 73 22 blifvit
712 1121 25 20 af
749 1121 105 21 utskottet
869 1129 38 14 an-

158 1158 75 25 tagne,
248 1154 67 21 ehuru
330 1153 36 28 de,
381 1154 34 20 till
431 1153 53 29 följd
499 1154 24 20 af
536 1153 90 29 misstag
641 1153 51 27 eller
707 1154 99 28 glömska
821 1155 38 21 vid
873 1163 33 15 re-

159 1189 126 28 digerandet
301 1188 24 21 af
337 1187 115 22 utskottets
468 1187 91 29 förslag,
573 1188 134 21 utelemnats.

186 1222 2 2 *
226 1227 58 28 Herr
300 1222 140 33 Öhrnberg
462 1227 100 21 framhöll
580 1227 189 28 nödvändigheten
788 1228 71 27 deraf,
875 1232 31 24 att

158 1261 165 30 ifrägavarande
343 1261 69 28 bägge
431 1261 145 28 stadganden,
594 1261 53 21 eller
666 1262 128 23 ätminstone
808 1263 36 20 det
859 1270 46 20 som

159 1297 67 28 angär
248 1295 163 28 Lappmarken,
433 1295 71 26 blefve
522 1295 8 21 i
549 1295 41 27 den
609 1295 122 28 föreslagna
750 1296 155 28 författningen

158 1333 121 25 upptagna,
295 1329 65 27 helst,
376 1329 57 26 hvad
448 1329 59 21 detta
522 1336 74 15 senare
611 1328 118 29 stadgande
742 1329 106 27 beträffar,
860 1331 47 22 det-

159 1370 81 14 samma
255 1363 48 21 icke
318 1363 69 26 säsom
403 1363 37 27 det
456 1362 58 27 förra
530 1362 73 28 afsäge
619 1362 76 21 endast
709 1369 26 14 en
751 1363 155 26 förberedande

159 1397 87 28 åtgärd,
260 1399 51 24 utan
327 1396 84 25 komme
427 1398 31 19 att
473 1396 34 21 för
521 1395 152 28 Lappmarken
686 1397 32 25 för
731 1397 112 20 framtiden
857 1398 49 23 blif-

159 1438 28 14 va
202 1431 109 29 gällande,
331 1430 91 28 likasom
437 1430 154 29 författningen
606 1430 7 21 i
629 1429 66 30 öfrigt
710 1430 34 28 för
760 1431 70 28 öfriga
845 1431 62 29 delar.

160 1465 24 29 af
197 1465 100 28 Finland.
679 1464 4 1 |
