1020 1800
810 166 40 21 555

141 242 41 14 nan
201 234 69 21 skulle
284 234 71 29 åligga
375 235 104 28 förskjuta
494 236 50 25 och,
561 234 34 22 vid
612 234 106 22 bristande
734 234 90 28 tillgång
840 234 38 21 hos

140 267 40 22 den
204 268 230 28 betalningsskyldige,
456 270 62 19 äfven
537 268 118 21 vidkännas
673 268 147 28 mälsegandes
839 267 40 21 och

141 301 92 21 vittnens
255 302 240 28 rättegängskostnader
517 302 6 20 i
546 302 79 21 sådana
647 302 76 27 grofva
746 301 108 26 brottmål,
873 300 7 21 i

140 334 74 22 hvilka
229 336 57 20 talan
302 336 23 21 af
338 336 77 20 allmän
431 336 100 28 åklagare
546 336 75 21 föres.”

208 374 48 21 Och
273 375 79 21 beslöts
368 375 80 26 vidare,
464 378 30 18 att
508 375 85 21 ständet
608 375 113 21 framdeles
733 375 50 21 ville
794 375 85 21 medde-

140 408 20 21 la
183 408 99 28 yttrande
300 409 6 20 i
326 409 114 27 anledning
459 410 23 20 af
495 409 148 28 ridderskapet
658 409 40 21 och
714 409 73 21 adelns
800 409 79 28 jemväl

140 443 77 28 gjorda
235 442 126 29 inbjuduing
381 443 30 21 till
432 443 175 28 borgareständet
622 446 31 18 att
667 443 74 21 förena
756 444 34 28 sig
804 451 34 13 om
854 451 25 13 en

140 477 132 28 underdänig
287 478 96 27 petition,
399 481 31 17 att
445 477 35 21 vid
497 478 60 21 nästa
572 477 103 28 landtdag
686 477 68 22 skulle
766 478 115 21 ständerne

140 512 121 27 föreläggas
278 512 79 27 förslag
373 512 31 20 till
421 520 27 19 ny
465 512 103 28 krigslag,

207 551 108 28 Derjemte
339 552 89 26 beslöts,
451 556 31 17 att
500 559 76 21 genom
593 559 25 14 en
639 551 135 28 deputation,
793 552 86 21 hvartill

140 585 88 29 utsägos
244 586 70 21 herrar
329 586 127 28 Bergstedt,
471 586 79 21 Hilden
567 586 39 22 ooh
622 585 136 29 Parviainen,
774 594 34 13 om
824 587 56 21 stän-

140 619 47 21 dets
203 620 69 21 beslut
287 620 122 22 underrätta
425 620 155 28 presteständet
590 620 40 21 och
644 621 163 26 bondeståndet,
819 621 61 21 hvar-

139 657 57 18 emot
218 654 111 22 enahanda
352 655 152 21 underrättelse
523 654 84 22 komme
627 658 31 17 att
676 655 148 27 ridderskapet
839 656 40 20 och

141 689 60 21 adeln
226 688 111 22 framdeles
356 689 108 21 meddelas
483 690 6 20 i
510 689 153 27 sammanhang
678 689 47 20 med
741 689 139 21 underrättel-

140 729 38 14 sen
197 730 33 13 om
246 723 40 21 den
302 723 86 28 ätyärd,
408 730 45 14 som
469 724 95 20 kommer
579 726 30 18 att
625 724 23 20 af
661 722 83 22 ständet
759 723 98 28 vidtagas
873 724 8 20 i

141 757 114 28 anledning
278 758 23 20 af
317 756 154 29 inbjudningen
489 756 32 21 till
540 757 127 27 deitagande
685 757 7 20 i
707 764 25 14 en
748 757 133 28 underdänig

141 791 89 31 petition
246 790 109 30 avgående
371 791 137 21 utarbetande
523 792 24 20 af
560 791 81 28 förslag
656 791 32 21 till
705 798 28 22 ny
748 791 103 29 krigslag.

208 848 56 21 Herr
279 848 148 21 talmannen
447 848 99 30 föredrog
562 855 26 14 nu
605 848 93 29 följande
713 848 45 24 frän
774 849 106 22 medstän-

141 883 41 22 den
198 884 107 21 ankomna
320 883 208 28 protokolleutdrag:

210 918 38 20 1:0.
280 916 85 29 Utdrag
379 924 25 14 ur
419 916 148 30 ridderskapet
581 916 40 21 och
638 916 72 21 adelns
726 917 109 28 protokoll
848 917 33 21 för

140 951 40 21 den
196 952 12 19 5
224 951 89 26 dennes,
331 951 145 21 innefattande
495 950 94 22 ständets
609 950 70 21 beslut
697 951 6 20 i
723 951 114 29 anledning
859 952 24 20 af

141 985 78 27 nådiga
238 984 171 32 propositionen,
428 984 109 28 angående
555 984 92 21 revision
666 985 24 20 af
703 985 178 28 författningarne

141 1026 34 14 om
191 1018 119 28 personella
326 1018 220 30 kronoutskyldernas
562 1018 79 29 belopp
657 1019 39 22 och
712 1019 122 28 grunderna
848 1020 34 21 för

140 1053 61 22 deras
217 1053 125 28 utgörande.

208 1088 40 20 2:0.
279 1086 114 22 Transumt
411 1087 24 21 af
451 1086 166 28 presteständets
636 1086 109 28 protokoll
765 1087 31 21 för
811 1087 41 21 den
868 1088 12 20 9

140 1122 6 20 i
166 1121 68 21 denne
256 1121 86 27 mänad,
365 1121 149 21 innehällande
538 1121 95 21 ständets
653 1121 68 21 beslut
739 1121 7 21 i
765 1122 116 28 anledning

141 1157 23 20 af
179 1155 149 28 ridderskapet
346 1154 40 22 och
407 1155 73 21 adelns
495 1154 126 29 inbjudning
636 1157 31 17 att
681 1155 86 28 deltaga
782 1156 6 20 i
803 1155 77 21 under-

141 1190 65 28 dänig
221 1189 88 28 petition
326 1196 34 15 om
375 1189 168 29 reorganisation
559 1190 24 21 af
594 1188 83 23 landets
693 1189 77 28 högsta
782 1190 99 28 styrelse-

141 1225 58 20 verk.

208 1258 40 21 3:0.
278 1257 87 28 Utdrag
380 1265 25 13 ur
419 1257 166 28 presteständets
600 1257 108 28 protokoll
720 1257 35 21 vid
768 1258 112 27 plenisam-

141 1291 110 22 manträde
266 1291 40 22 den
324 1291 25 21 12
364 1291 89 26 dennes,
475 1291 148 21 innehällande
643 1291 95 21 ständets
757 1292 70 21 beslut
845 1300 34 13 om

141 1326 34 21 val
190 1327 25 19 af
227 1325 36 20 det
278 1325 85 26 ombud,
379 1325 84 20 ständet
478 1325 32 21 till
526 1325 53 28 följd
591 1325 24 20 af
623 1324 78 29 nädiga
712 1326 170 27 propositionen,

141 1359 109 29 angående
272 1359 93 21 revision
384 1360 24 20 af
424 1358 40 22 den
483 1366 77 21 genom
575 1358 78 28 nådiga
669 1359 120 21 manifestet
804 1360 23 21 af
840 1360 40 21 den

141 1394 12 20 9
170 1393 54 29 april
240 1393 54 21 1840
309 1392 102 29 stadgade
427 1393 129 28 omsättning
571 1394 24 19 af
606 1392 196 28 räntepersedlarne
817 1394 7 20 i
837 1394 44 20 lan-

141 1428 45 25 det,
209 1426 54 28 egde
282 1430 46 17 utse
347 1428 32 20 för
398 1430 31 16 att
443 1427 12 19 ä
469 1426 95 20 ständets
580 1427 80 26 vägnar
675 1426 85 28 deltaga
775 1427 6 19 i
797 1428 82 26 uppgö-

141 1460 75 24 randet
231 1460 23 22 af
268 1459 141 30 underdänigt
424 1460 80 28 förslag
520 1460 30 22 uti
565 1459 162 28 iträgavarande
742 1459 106 22 afseende.
