1011 1800
783 170 41 33 393

112 248 35 14 om
162 241 72 22 löftets
249 242 142 29 uppfyllelse,
410 245 50 19 utan
476 240 75 24 endast
567 242 148 28 begagnandet
730 243 24 21 af
766 242 41 21 den
822 244 33 19 ut-

111 276 54 27 väg,
186 282 46 14 som
254 276 45 20 stär
320 278 195 25 representationen
539 276 32 21 till
590 276 65 26 buds,
673 279 31 18 att
722 277 34 21 för
770 276 84 21 landets

111 308 78 28 nädige
209 308 121 24 Storfurste
344 310 68 20 uttala
427 310 26 20 de
469 310 138 28 önskningar,
623 317 45 13 som
683 310 6 20 i
706 310 58 22 detta
779 310 75 20 hänse-

111 342 54 21 ende
180 343 24 20 af
212 342 83 22 landets
306 342 42 22 alla
359 343 128 21 innevänare
500 344 64 27 lifligt
575 344 40 20 och
630 344 106 28 enhälligt
747 344 107 23 omfattas,

391 377 71 24 Adolf
474 377 102 23 Juselius.

180 408 26 25 C.
222 410 37 23 W.
275 411 19 22 I.
310 412 115 22 Sundman.
578 411 27 23 G.
622 411 136 29 Tengström.

212 445 73 30 Jakob
300 446 79 22 Mölsä.
559 444 53 24 Carl
625 445 23 22 J.
665 445 121 30 Grönberg.

665 486 59 21 Sixtus
737 485 117 18 Calamnius,''

178 514 32 21 På
226 514 93 28 begäran
334 515 24 21 af
367 514 48 22 herr
427 509 139 34 Öhrnberg
581 514 47 22 blef
638 514 142 22 betänkandet
792 514 63 22 bord-

111 547 63 32 lagdt
188 548 32 24 till
236 550 61 21 nästa
312 548 92 28 plenum.

179 594 158 23 Sammansatta
355 595 46 29 lag-
420 594 40 22 och
476 594 227 25 ekonomieutskottets
719 594 136 23 betänkande

111 628 84 27 N:o'4,
213 629 8 21 i
240 629 115 28 anledning
377 629 25 21 af
420 629 62 21 Hans
504 629 122 28 Kejserliga
644 628 113 29 Majestäts
776 629 79 29 nådiga

111 663 135 29 proposition
261 663 109 28 angäende
385 663 93 29 ändring
492 663 24 22 af
527 671 28 14 nu
570 663 101 28 gällande
684 663 171 28 lagstadganden

111 697 91 22 rörande
217 697 95 29 egofred.

178 731 121 22 Bordlades
314 732 33 21 till
362 732 62 21 nästa
439 732 91 27 plenum.

179 761 155 38 Sammansatta
345 766 56 29 "lag-
420 766 40 21 och
476 765 228 25 ekonomieutskottets
720 765 135 22 betänkande

111 800 45 22 N:o
175 801 22 26 5,
219 801 8 21 i
249 801 115 28 anledning
386 801 24 21 af
426 800 62 24 Hans
505 800 123 29 Kejserliga
645 800 115 28 Majestäts
775 801 80 29 nädiga

111 835 145 28 proposition,
272 835 109 28 angäende
397 834 68 21 medel
481 838 32 17 att
527 835 133 21 förekomma
672 834 26 21 de
710 835 145 28 olägenheter,

111 876 47 14 som
173 869 123 24 förorsakas
312 876 76 21 genom
404 869 92 23 landbos
510 868 88 22 tredska
613 871 31 18 att
659 863 91 38 affiytta.

179 903 87 21 Beslöts
281 906 31 18 att
327 903 144 21 betänkandet
486 903 69 22 skulle
569 903 60 28 ligga
645 903 27 28 pä
688 902 75 22 bordet
774 902 32 22 till
819 903 36 21 nä-

111 941 36 18 sta
160 937 93 30 plenum,

180 971 117 22 Sessionen
311 971 113 28 upphörde
438 971 93 21 klockan
546 977 26 15 en
587 973 64 24 gvart
665 970 29 28 pä
708 970 52 21 ätta.

660 1006 22 15 In
694 1006 59 15 fidem:

553 1033 97 28 Sixtus
667 1031 159 25 Calamnius.

310 1197 122 34 Tisdagen
450 1197 47 25 den
515 1198 15 24 9
547 1197 106 27 februari

111 1244 93 22 klockan
223 1243 31 22 tio
274 1244 45 23 före
338 1242 113 29 middagen
471 1242 172 24 sammanträdde
657 1242 32 21 till
705 1242 85 28 plenum
807 1242 49 21 bor-

112 1278 147 29 gareständets
280 1277 98 26 samtlige
400 1276 143 26 medlemmar,
561 1278 60 18 utom
639 1276 73 20 herrar
725 1276 131 28 Lindegvist

112 1313 42 23 och
172 1311 124 27 Frenckell,
318 1310 75 22 hvilka
416 1310 24 23 af
459 1311 57 21 förut
534 1310 118 28 uppgifven
671 1310 116 28 anledning
802 1317 53 14 voro

113 1346 150 27 fränvarande,
287 1348 55 19 samt
360 1344 49 22 herr
423 1344 132 30 Björnberg,
574 1344 34 21 för
622 1344 86 21 hvilken
725 1344 47 21 herr
787 1342 69 24 Wen-

113 1381 58 21 delin
184 1380 93 22 -anmälte
293 1378 110 22 förbinder
414 1382 32 18 att
456 1378 36 22 vid
504 1378 121 22 sessionens
636 1378 75 28 början
723 1378 81 21 infinna
815 1378 40 28 sig.

181 1414 57 22 Herr
256 1414 150 22 talmannen
425 1412 100 28 föredrog
543 1412 251 28 expeditionsutskottets
813 1420 44 14 me-

113 1448 76 25 morial
204 1448 24 22 af
240 1447 40 22 den
297 1448 12 19 2
324 1447 8 20 i
346 1446 68 21 denne
430 1446 85 25 mänad,
530 1445 45 23 deri
591 1445 104 22 utskottet
710 1444 147 29 tillkännagif-

114 1490 37 17 ver
167 1485 30 19 att
212 1481 36 24 det
262 1482 24 23 af
299 1480 25 23 de
340 1480 118 24 detsamma
470 1478 181 25 tillhandakomne
662 1478 194 30 protokollsutdra-
