1014 1806
785 160 39 21 391

108 224 7 20 i
131 223 75 29 början
225 224 33 21 för
273 223 39 22 sitt
325 224 61 27 ringa
402 223 90 28 belopps
508 223 56 21 skull
580 223 44 21 helt
639 223 40 21 och
694 223 68 22 hållet
775 224 78 21 sakna-

108 256 34 22 de.
179 257 174 28 Ursprungligen
375 257 73 22 införd
467 257 75 21 endast
556 257 70 21 såsom
643 264 25 14 en
684 258 74 28 afgift,
774 258 78 28 pålagd

108 291 136 29 utlänningar
259 292 34 20 för
308 290 36 21 det
359 290 70 29 skydd
445 290 27 21 de
487 290 40 21 och
538 290 62 21 deras
612 290 104 28 egendom
719 286 12 38 i
747 296 31 16 ett
789 292 63 21 frem-

109 324 77 23 mande
204 324 50 22 land
273 324 93 28 åtnjöto,
388 324 136 22 betraktades
539 324 65 20 tullen
620 324 120 22 dåförtiden
756 325 48 21 icke
819 326 33 20 så-

108 366 47 14 som
177 366 26 14 en
226 358 59 22 skatt
304 359 7 21 i
329 358 95 29 egentlig
440 358 85 28 mening
540 358 40 21 och
597 358 119 22 bestämdes
732 360 84 21 derföre
832 361 24 21 af

109 397 101 25 regenten
233 400 81 14 ensam.
350 392 52 22 Med
421 392 58 22 tiden
498 392 104 22 ändrades
618 392 66 22 likväl
700 393 70 22 denna
785 394 67 28 åsigt,

109 427 29 22 då
155 435 48 14 man
224 428 49 20 fann
289 431 31 17 att
334 427 66 21 tullen
416 426 71 22 kunde
503 427 67 21 blifva
585 430 31 18 ett
630 427 67 22 medel
714 428 31 21 till
763 428 91 28 betydli-

109 469 52 21 gare
179 462 119 21 förökande
314 462 21 21 af
349 465 80 17 statens
444 461 125 27 inkomster,
584 462 40 20 och
641 462 40 21 den
697 462 95 29 uppbars
807 463 47 21 der-

109 497 55 20 efter
185 497 18 27 ej
227 496 90 21 allenast
335 496 25 20 af
374 495 137 29 utlänningar
529 495 39 21 och
585 496 33 20 för
634 503 68 18 varor,
718 504 45 14 som
779 496 26 22 de
821 497 33 21 till

110 530 73 22 landet
200 530 95 26 införde,
314 534 49 17 utan
383 530 62 21 äfven
462 530 33 21 för
510 529 36 22 det
561 537 46 14 som
622 529 93 22 derifrån
731 536 123 23 exportera-

109 564 46 22 des.
187 563 64 23 Efter
268 564 37 21 det
324 563 202 22 tullförhållandena
540 564 90 21 sålunda
645 564 80 22 inträdt
740 565 6 21 i
762 568 31 19 ett
807 569 48 25 nytt

109 599 68 21 skede
191 598 40 22 och
247 598 66 21 tullen
329 598 85 21 erhållit
424 598 136 28 egenskapen
572 598 24 21 af
604 606 26 13 en
643 599 106 28 väsentlig
760 600 95 21 inkomst

111 633 34 21 för
159 632 139 27 statsverket,
314 632 62 22 sökte
391 632 42 21 ock
444 631 26 22 de
486 632 168 28 skattdragande
665 636 31 18 att
707 634 99 20 tillvinna
821 635 35 27 sig

111 666 129 30 rättigheten
263 670 32 18 att
311 668 65 27 jemte
395 669 101 25 regenten
516 667 116 21 bestämma
647 666 27 22 de
688 666 78 22 hittills
781 668 24 21 af
818 668 38 22 ho-

111 708 50 14 nom
183 708 72 14 ensam
277 700 93 22 fixerade
392 700 142 22 tullsatserne.
570 696 66 26 Ännu
660 701 67 22 under
746 702 26 22 de
788 703 68 21 första

111 736 138 28 konungarne
267 735 25 21 af
304 735 132 23 Wasahuset
455 734 87 22 kröntes
557 735 63 22 dessa
636 736 137 22 sträfvanden
789 737 67 21 likväl

112 770 47 21 med
175 770 64 28 ringa
255 769 119 29 framgång.
403 768 12 22 I
430 769 27 21 de
472 769 67 28 derpä
553 769 95 29 följande
662 770 84 22 tiderna
761 770 95 23 handba-

110 804 39 21 des
164 804 197 28 tullagstiftningen
377 804 27 21 än
420 804 23 21 af
455 804 41 21 den
511 811 50 19 ena,
576 804 25 21 än
618 805 24 20 af
654 804 41 22 den
712 804 66 22 andra
792 809 64 17 stats-

112 838 96 26 makten,
231 838 107 22 beroende
360 838 24 21 af
400 837 41 21 den
460 838 145 28 styrelseform
624 838 40 20 och
680 838 26 22 de
721 839 81 28 äsigter
817 839 38 21 hus

112 872 27 22 de
162 872 112 28 styrande,
297 879 46 14 som
366 872 32 20 för
416 871 96 22 tillfället
530 878 53 14 voro
602 871 6 21 i
627 872 56 21 riket
698 872 99 22 rådande.
828 874 29 22 Sä

113 906 134 22 förklarades
271 906 24 21 af
315 906 87 28 konung
424 904 83 23 Gustaf
521 905 25 22 II
560 905 79 27 Adolf,
658 909 32 18 att
707 906 68 29 några
793 908 64 20 tullar

112 940 48 22 icke
175 940 57 30 finge
248 941 106 27 framgent
369 942 25 20 af
405 940 103 28 styrelsen
524 948 72 14 ensam
611 940 116 29 påbjudas,
739 941 66 21 ehuru
817 942 41 21 lik-

113 976 34 20 väl
166 975 59 21 detta
243 975 52 21 löfte
314 975 19 27 ej
353 982 37 14 ens
406 974 66 22 under
487 974 53 22 hans
554 975 100 28 regering
670 975 61 21 lände
747 975 32 21 till
794 976 64 21 efter.

113 1009 61 29 följd.
212 1009 76 21 Under
306 1008 89 29 konung
414 1007 52 23 Carl
481 1008 46 22 XIs
542 1008 91 22 envälde
651 1009 121 28 reglerades
791 1010 66 22 tullen

113 1049 52 15 utan
187 1042 125 22 ständernes
330 1043 136 25 samverkan,
486 1043 110 21 hvaremot
615 1043 66 21 under
696 1043 40 21 den
752 1051 16 13 s.
785 1044 20 20 k.
823 1044 35 21 fri-

113 1077 118 27 hetstiden,
245 1078 29 20 dä
284 1077 114 21 ständerne
412 1076 101 22 tillvällat
528 1077 34 28 sig
576 1084 106 14 ensamma
697 1077 48 21 hela
765 1078 94 21 beskatt-

114 1112 144 27 ningsrätten,
276 1111 71 21 denna
361 1111 64 20 äfven
440 1111 7 20 i
462 1111 101 21 afseende
578 1110 12 21 ä
605 1111 67 20 tullen
688 1112 134 21 uteslutande
838 1112 24 21 af

113 1145 49 22 dem
178 1144 120 22 utöfvades.
332 1143 108 29 Slutligen
455 1144 115 29 stadgades
586 1145 30 20 uti
632 1145 26 20 45
674 1146 13 26 &
703 1146 24 20 af
739 1147 121 26 regerings-

114 1181 85 20 formen
220 1179 41 21 den
281 1179 24 20 21
326 1179 85 28 augusti
429 1178 63 27 1772,
514 1178 140 28 hvarigenom
673 1179 127 21 liithörande
817 1180 42 21 for-

113 1212 116 23 hällanden
246 1212 118 22 äterfördes
383 1213 31 20 till
431 1212 36 21 det
481 1212 73 26 skick,
573 1212 61 21 hvari
649 1212 26 22 de
691 1216 31 17 ett
736 1213 58 21 sekel
810 1213 49 22 tidi-

115 1255 50 21 gare
190 1246 96 22 befunnit
304 1247 44 27 sig,
368 1249 31 18 att
416 1251 101 24 regenten
533 1247 19 27 ej
568 1246 54 28 egde
637 1246 105 29 ”pälägga
758 1247 102 22 undersä-

115 1285 72 18 tarene
202 1281 67 28 nägra
283 1280 151 29 krigshjelper,
450 1288 41 19 nya
506 1281 84 28 gärder,
605 1281 155 28 utskrifoingar
770 1282 41 20 och
824 1289 36 14 an-

114 1316 39 21 dra
175 1316 94 28 afgifter,
292 1317 50 19 utan
360 1315 84 25 riksens
463 1314 97 21 ständers
576 1315 100 27 vetskap,
697 1315 39 21 fria
752 1315 50 28 vilja
818 1316 41 21 och

115 1350 129 28 samtycke.”
278 1348 49 22 Och
345 1356 47 14 som
407 1348 61 26 ordet
482 1349 95 26 ”tullar”,
593 1348 81 22 hvilket
690 1350 96 20 förekom
802 1350 6 21 i
824 1350 36 21 det

115 1384 45 21 lika
176 1383 123 21 beskaffade
315 1382 129 29 stadgandet
459 1383 29 20 uti
504 1383 41 20 den
560 1382 137 21 derförinnan
713 1383 100 27 gällande
828 1391 32 14 re-

116 1418 170 27 geringsformen
302 1417 24 20 af
338 1416 22 21 år
377 1417 63 25 1720,
460 1424 27 13 nu
504 1417 116 24 uteslutits,
637 1417 38 21 har
690 1417 62 21 deraf
766 1417 93 22 härledts

115 1451 42 21 den
173 1450 108 28 tolkning,
297 1453 30 17 att
343 1449 145 22 tullsatsernes
504 1449 159 22 bestämmunde
678 1450 6 21 i
700 1450 72 21 landet
788 1458 72 14 nume-

117 1492 23 15 ra
155 1484 118 23 tillkomme
288 1483 132 30 regeringen.
