1000 1773
776 165 39 21 481

103 219 120 28 hvarandra
238 226 107 22 inbördes.
380 220 75 27 Under
470 226 149 22 diskussionen
634 227 58 20 inom
707 227 84 21 ståndet
806 227 38 21 har

103 260 74 28 yrkats
199 263 30 18 att
251 261 87 21 ståndet
358 261 69 20 skulle
449 261 51 28 ingå
517 262 7 19 i
544 261 131 28 granskning
694 261 25 20 af
734 261 110 28 förslaget.

103 293 66 22 Detta
187 294 66 21 måste
271 295 38 28 jag
324 295 34 20 för
373 295 43 20 min
432 295 33 20 del
481 295 106 26 motsäga,
603 295 88 20 emedan
706 295 103 27 förslaget
824 295 19 27 ej

102 327 39 21 har
162 329 125 28 genomgått
309 328 40 21 den
372 328 119 28 beredning
512 329 57 20 inom
588 328 114 26 utskottet,
721 336 45 13 som
785 329 24 20 är
825 329 18 27 ej

102 361 56 22 blott
173 363 79 28 nyttig,
267 366 50 18 utan
335 363 52 21 efter
402 363 47 20 mitt
465 363 136 21 förmenande
613 361 87 22 alldeles
712 362 132 29 nödvändig.

103 395 76 22 Denna
193 397 56 28 åsigt
265 404 63 21 synes
344 397 42 28 mig
401 397 24 20 så
440 397 125 28 sjelffallen,
581 400 29 17 att
625 397 36 20 det
677 404 50 13 vore
742 397 103 20 temmeli-

101 438 42 21 gen
159 431 137 28 öfverflödigt
307 434 31 18 att
349 431 103 28 uppgifva
464 431 72 21 skälen
548 431 78 21 derför.
648 430 45 22 För
704 431 43 21 min
759 431 33 21 del
806 430 38 21 har

98 465 39 28 jag
159 465 18 29 ej
196 465 67 21 heller
282 465 74 22 beredt
374 465 44 28 mig
434 465 27 28 på
475 473 26 13 en
517 465 66 21 sådan
598 465 132 28 granskning
745 465 39 20 och
800 465 44 20 kan

102 498 83 21 derföre
209 499 56 21 hvad
288 499 44 28 mig
355 499 100 21 beträffar
473 499 47 21 icke
538 499 114 21 medverka
671 499 82 26 dertill,
768 501 23 26 ty
806 498 37 22 det

102 533 83 21 fordras
207 533 30 21 tid
262 536 31 18 att
311 534 56 20 sätta
386 533 34 28 sig
435 534 21 20 in
472 533 6 21 i
494 534 80 20 ämnets
590 529 88 32 detaljer
693 533 40 21 och
749 532 94 29 granska

101 567 204 28 ordställningarne,
328 574 46 13 som
393 567 8 21 i
420 575 25 13 en
464 567 79 21 allmän
562 567 127 28 författning
704 568 37 19 äro
757 567 24 20 af
793 574 51 22 syn-

101 601 70 28 nerlig
187 602 50 27 vigt.
271 601 44 28 Jäg
330 601 32 20 får
378 601 84 22 derföre
479 597 86 26 förorda
580 601 130 28 antagandet
725 601 24 21 af
761 601 84 21 utskot-

101 638 41 18 tets
159 635 133 22 betänkande
307 635 6 21 i
329 635 68 22 denna
412 636 41 27 del,
471 635 39 22 och
525 635 36 22 det
575 635 24 21 sä
613 635 86 29 mycket
712 635 73 26 hellre,
797 642 46 15 som

101 669 36 22 det
155 671 63 20 äfven
237 670 68 21 skulle
326 670 63 21 hafva
407 669 36 22 det
462 669 56 29 goda
533 669 47 22 med
596 670 43 28 sig,
654 673 31 18 att
700 669 144 22 allmänheten

101 704 56 29 finge
180 704 119 21 kännedom
322 704 73 22 derom
417 708 32 17 att
467 704 112 21 ständerne
596 707 68 18 ansett
679 704 164 28 ifrägavarande

101 738 108 22 allmänna
230 738 139 29 grundsatser
390 746 40 20 ega
449 738 36 22 det
503 742 58 18 stora
579 738 116 21 företrädet
710 738 89 21 framför
814 746 29 14 nu

101 772 99 29 gällande
221 772 146 28 stadganden,
389 776 31 17 att
438 772 27 21 de
485 772 50 21 böra
553 772 8 21 i
576 772 163 28 lagstiftningen
754 772 89 22 införas.

102 806 129 29 Derigenom
247 806 69 22 skulle
332 807 105 27 nemligen
453 806 158 22 vederbörande
624 806 113 28 jordegare
752 814 52 14 vara
815 806 28 28 pä

101 839 91 23 förhand
215 840 91 22 beredde
326 840 27 28 pä
371 840 69 22 denna
458 840 234 28 lagstiftningsätgärd,
708 840 27 21 dä
750 840 40 22 den
806 840 37 22 vid

101 876 61 20 nästa
177 874 103 29 landtdag
295 874 105 29 vidtages.

169 914 57 21 Herr
241 914 97 22 Mölsä:
367 914 44 29 Jag
430 914 94 21 anhåller
539 915 22 21 få
577 914 124 29 ytterligare
720 915 123 27 framhålla,

101 952 31 19 ätt
153 949 36 22 det
210 949 34 21 för
262 949 64 28 ingen
346 949 34 20 del
396 956 63 21 synes
475 949 64 21 hafva
554 949 69 28 ingått
637 949 7 20 i
659 949 138 29 regeringens
812 951 31 20 af-

100 984 43 28 sigt
166 987 30 18 att
219 984 119 28 framlägga
356 983 36 21 det
407 983 129 28 detaljerade
551 983 104 28 förslaget
670 983 33 21 till
718 984 125 22 ständernes

100 1017 127 30 antagande.
264 1017 65 22 Detta
348 1018 145 27 ädagalägges
512 1018 106 27 nemligen
634 1018 23 21 af
669 1017 26 21 de
711 1017 132 29 omständig-

101 1053 58 20 heter
179 1053 38 27 jag
238 1052 65 21 redan
326 1052 126 26 framhällit,
471 1052 68 28 enligt
558 1051 74 21 hvilka
649 1053 126 28 regeringen
791 1054 53 19 trott

100 1087 34 28 sig
155 1094 52 13 vara
225 1085 91 29 befogad
336 1089 30 17 att
385 1093 72 14 ensam
473 1086 84 21 utfärda
573 1086 153 28 författningen
743 1087 6 20 i
765 1087 78 20 ämnet.

100 1120 44 21 Det
159 1128 64 21 synes
238 1121 43 27 mig
296 1119 83 22 derföre
395 1120 88 21 alldeles
498 1120 113 28 olämpligt
625 1123 31 18 att
671 1121 72 21 skrida
754 1121 33 20 till
800 1121 43 20 för-

100 1155 79 28 slagets
195 1145 107 41 pröfiiing

168 1187 56 23 Herr
239 1189 169 28 Tengström:
437 1188 60 22 Bäde
516 1188 172 29 propositionens
706 1188 137 29 ordalydelse

101 1223 40 21 och
157 1223 36 21 det
208 1223 23 20 af
243 1223 49 20 herr
307 1222 72 21 Mölsä
395 1223 58 20 förut
467 1223 120 27 äberopade
603 1223 108 27 protokoll
728 1223 24 20 af
761 1223 41 21 den
817 1223 26 20 10

100 1258 115 20 november
234 1257 65 26 1862,
314 1263 46 14 som
377 1256 8 20 i
400 1257 114 27 kejserliga
529 1259 86 18 senaten
631 1256 84 27 fördes,
730 1257 37 26 dä,
783 1256 7 21 i
806 1263 37 14 an-

100 1290 88 29 ledning
203 1291 23 20 af
239 1290 60 21 Hans
315 1289 103 29 Majestät
432 1290 115 28 Kejsarens
564 1290 78 26 beslut,
658 1290 106 21 särskilda
775 1290 68 21 komi-

101 1325 44 21 ter
160 1324 107 21 nedsattes
283 1324 33 21 för
330 1324 242 28 landtdagsärendernes
588 1324 127 28 beredning,
731 1324 70 20 utvisa
812 1328 31 18 att

100 1358 126 29 regeringen
249 1358 123 21 förbehällit
394 1359 33 27 sig
449 1361 30 18 att
498 1358 86 20 utfärda
603 1358 25 21 de
647 1358 140 21 ekonomiska
801 1359 41 21 och

101 1392 200 27 polisstadganden,
323 1399 45 14 som
388 1393 51 19 höra
459 1392 31 20 till
507 1392 40 20 den
564 1392 107 21 blifvande
688 1392 154 28 författningen

100 1426 8 20 i
128 1427 75 19 ämnet.
237 1424 37 21 Nu
293 1425 123 21 ankommer
431 1425 38 21 det
483 1426 46 19 icke
544 1429 82 17 ensamt
641 1425 27 27 pä
683 1425 112 21 ständerne
811 1429 32 17 att

101 1459 94 22 förklara
217 1459 69 21 denna
307 1460 137 27 regeringens
467 1459 138 28 uppfattning
627 1460 33 20 för
683 1459 90 28 oriktig,
791 1463 52 25 utan

128 1504 62 24 Vällofi.
200 1504 140 24 borgareständets
347 1505 81 22 protokoll
438 1505 97 21 landtdagen
545 1504 120 17 1863—1864
679 1504 30 18 2:a
721 1505 20 16 B.
787 1501 26 20 81
