1009 1806
785 170 40 20 549

112 236 105 27 väsende,
232 244 46 14 som
297 238 34 20 för
346 237 119 21 ändamålet
479 236 119 28 erfordras,
613 244 46 14 men
676 237 70 21 denna
761 238 92 20 omstän-

112 270 75 28 dighet
203 271 38 21 bör
256 272 17 26 ej
290 271 71 21 kunna
376 271 75 21 hindra
466 278 35 14 oss
517 271 46 21 från
579 274 31 17 att
624 274 76 24 genast
715 271 91 21 afskaffa
821 272 33 20 så-

114 304 55 21 dana
191 304 70 27 straff,
283 311 46 14 som
348 305 18 27 ej
386 304 85 22 komma
489 308 31 17 att
535 304 87 28 utbytas
637 307 57 19 emot
709 304 76 27 andra,
799 309 55 17 sat

114 342 31 17 att
163 338 53 21 söka
234 338 66 21 verka
319 338 92 27 derhän,
426 341 31 19 att
475 338 74 28 dylika
567 338 70 27 straff,
653 346 46 14 som
714 338 75 26 döds-,
805 339 49 27 spö-

114 372 41 22 och
173 372 116 22 risstraffen
309 376 54 17 samt
378 373 103 27 gatulopp
497 372 50 22 eller
562 372 159 30 hudstrykning
735 373 48 21 icke
798 380 58 14 mera

114 408 118 27 tillämpas,
247 410 51 18 utan
314 407 67 21 blifva
397 407 84 28 utbytta
495 410 45 18 mot
554 414 49 21 nya.

181 452 58 21 Herr
254 452 87 21 Holm:
374 451 65 22 Hvad
461 452 66 27 angår
549 452 41 21 den
612 452 129 28 föregående
763 452 91 21 talarens

114 487 93 28 uppgift,
221 486 64 22 bland
301 489 70 24 annat,
387 485 72 22 derom
475 489 31 18 att
521 486 62 21 äfven
599 486 138 21 dödsstraffet
751 486 56 21 skall
823 487 33 20 för

114 520 113 22 framtiden
251 520 131 28 upphäfvas,
404 520 25 21 så
447 520 117 21 innehåller
581 521 161 27 propositionen
762 523 31 18 att
810 520 46 21 det-

114 562 82 15 samma
211 554 55 21 skall
281 555 90 20 ersättas
383 555 24 20 af
416 553 151 22 tukthusstraff
577 557 54 18 samt
643 555 34 20 för
687 555 169 30 majestätsbrott

114 589 110 21 dessutom
245 588 107 28 tjuguåtta
373 587 78 28 dagars
473 588 98 28 fängelse
589 588 35 21 vid
645 591 72 18 vatten
735 588 41 21 och
794 589 61 21 bröd.

115 622 66 22 Detta
193 622 196 29 bestraffningssätt
400 622 41 21 kan
451 623 23 27 ju
489 622 48 21 icke
548 630 66 21 gerna
624 622 43 21 låta
679 622 177 29 ändamålsenligt

114 657 117 21 verkställa
249 656 44 29 sig,
309 663 34 15 om
361 657 18 27 ej
399 656 143 29 cellsystemet
561 657 23 20 är
599 656 136 29 fullständigt
749 657 107 28 orgarise-

114 691 58 27 radt,
194 691 100 21 hvarföre
313 691 38 28 jag
373 698 63 14 anser
453 691 45 28 mig
517 690 38 21 här
570 691 53 21 böra
638 698 97 21 upprepa
749 691 56 21 hvad
818 692 38 27 jag

114 725 65 22 redan
197 725 56 22 förut
267 725 8 22 i
290 726 71 21 ämnet
375 728 67 26 yttrat
456 733 35 14 om
505 725 59 22 tiden
576 725 33 22 för
619 725 70 22 denna
700 725 156 30 organisations

116 759 165 22 verkställande.

183 799 57 22 Herr
254 799 129 22 Juselius:
413 799 44 29 Jag
468 799 41 22 kan
524 799 48 22 icke
586 799 53 27 inse,
654 802 32 19 att
700 799 66 29 något
780 799 76 30 cellsy-

115 837 55 18 stem
185 832 134 29 nödvändigt
333 833 104 22 behöfver
452 834 80 21 införas
549 834 33 21 för
597 836 31 19 att
642 833 37 22 det
694 835 25 20 af
730 834 49 21 herr
790 833 66 22 Holm

116 870 73 19 senast
206 867 93 21 nämnda
313 867 64 21 straff
387 867 55 21 skall
457 867 72 21 kunna
543 867 120 27 användas,
678 867 41 21 och
734 867 27 22 då
776 868 36 21 det
827 869 30 20 in-

116 903 94 27 galunda
227 902 70 21 finnes
315 901 66 28 något
400 901 119 28 synnerligt
533 901 48 21 skäl
596 902 34 20 för
645 901 39 22 den
701 902 110 21 förmodan
827 905 31 18 att

117 937 24 20 så
159 936 77 29 många
254 935 139 29 förbrytelser
412 936 25 21 af
448 935 81 30 antydd
545 938 32 19 art
592 935 67 22 under
673 935 76 30 loppet
763 937 25 21 af
799 936 59 22 detta

116 971 24 21 år
158 971 85 21 komma
261 973 32 18 att
306 969 94 27 inträffa,
420 972 31 19 att
465 977 42 21 nya
522 970 107 28 fängelser
643 970 85 21 derföre
743 970 115 25 behöfdes,

117 1005 25 21 så
163 1012 61 14 anser
243 1005 39 28 jag
299 1004 28 21 de
345 1004 153 28 förbättringar
512 1004 7 21 i
535 1004 210 28 fängelseväsendet,
760 1012 45 13 som
822 1005 36 20 äro

118 1039 79 29 nödiga
214 1039 8 21 i
240 1038 41 22 och
300 1039 33 21 för
352 1038 58 22 detta
428 1037 108 29 ändamål,
551 1038 88 29 mycket
653 1038 35 22 väl
703 1038 71 22 kunna
789 1038 70 22 åstad-

118 1074 95 21 kommas
228 1073 33 21 till
278 1073 74 27 början
367 1072 24 22 af
403 1073 23 21 år
442 1072 61 22 1865.

185 1112 58 22 Herr
258 1112 137 23 Thermén:
423 1112 45 22 För
486 1112 43 22 min
547 1112 35 22 del
601 1120 61 14 anser
680 1113 63 21 äfven
760 1114 38 26 jag
816 1113 44 27 mig

119 1148 53 22 böra
190 1146 109 30 tillstyrka
317 1146 130 29 antagandet
465 1147 24 21 af
504 1146 41 22 den
560 1146 138 30 inbjudning,
713 1147 147 29 ridderskapet

118 1182 41 21 och
173 1181 62 21 adeln
251 1181 58 28 gjort
324 1180 85 22 ståndet
423 1180 8 22 i
445 1180 70 22 denna
529 1180 67 28 fråga,
611 1183 23 26 ty
645 1180 26 22 de
684 1181 176 27 betänkligheter,

119 1216 49 21 herr
189 1214 67 23 Holm
277 1215 96 21 deremot
395 1214 124 28 framhållit,
542 1217 45 18 tror
603 1215 38 27 jag
658 1214 48 22 icke
724 1214 114 22 förefinnas
854 1215 7 21 i

119 1249 158 28 verkligheten;
293 1249 92 21 tvärtom
400 1249 66 27 vågar
478 1250 38 27 jag
527 1251 78 25 antaga
615 1251 30 19 att
656 1248 143 28 Kronoborgs
810 1248 52 21 slott

119 1283 62 22 invid
199 1282 132 22 Tavastehus
351 1282 47 21 stad
417 1282 28 28 på
459 1283 82 27 ganska
555 1282 49 21 kort
618 1282 31 21 tid
665 1283 40 21 och
720 1282 47 22 med
782 1282 80 29 lindrig

119 1316 92 23 kostnad
229 1316 42 22 kan
289 1316 89 21 inrättas
396 1316 24 21 så
435 1319 31 18 att
484 1316 45 26 det,
544 1316 33 21 till
593 1324 25 13 en
634 1316 74 28 början
723 1316 138 27 åtminstone,

120 1352 85 22 komme
220 1353 31 19 att
266 1353 107 18 motsvara
389 1350 36 20 sitt
440 1350 98 21 ändamål
552 1350 31 21 uti
598 1350 163 28 ifrågavarande
775 1350 64 29 syfte.

187 1395 58 21 Herr
260 1394 166 29 Tengström:
448 1394 76 22 Ehuru
537 1395 38 28 jag
589 1402 62 14 anser
663 1395 66 28 något
740 1395 122 28 cellsystem

121 1431 18 27 ej
158 1429 92 21 behöfva
268 1429 145 27 genomföras,
436 1429 34 20 för
489 1432 33 17 att
533 1428 38 21 det
585 1430 24 19 af
624 1428 147 28 ridderskapet
786 1428 39 21 och
841 1436 21 12 a-

120 1464 50 23 deln
186 1463 98 21 beslutna
297 1462 85 29 utbytet
397 1462 24 21 af
433 1462 117 22 straffarter
565 1462 55 22 skall
632 1462 72 21 kunna
715 1462 48 28 ske,
775 1462 87 22 emedan
