1020 1798
798 163 26 22 7

174 224 103 24 Härefter
291 226 124 28 öfvergicks
429 226 34 21 till
477 233 64 15 mom.
558 226 14 22 4
586 226 8 22 i
610 227 74 28 början
700 226 23 22 af
736 226 118 23 utskottets

106 260 146 27 betänkande,
268 260 110 28 angående
392 260 43 22 den
449 260 32 22 tid
497 267 45 15 som
558 268 51 14 vore
625 260 98 29 behöflig
738 261 34 21 för
783 268 26 14 en
821 261 33 21 öf-

106 294 98 29 vergång
218 294 34 21 till
267 294 37 21 det
318 294 102 21 metriska
434 296 109 26 systemet.

175 333 58 22 Herr
248 328 142 34 Öhrnberg
411 334 94 28 yttrade:
534 334 36 22 Då
590 333 109 22 särskilda
717 333 138 23 medlemmar

106 368 25 21 af
147 368 106 22 utskottet
270 368 177 22 reservationsvis
461 368 77 22 uttalat
553 368 88 29 åsigter,
656 376 47 14 som
719 368 74 22 afvika
807 368 48 22 från

105 402 117 22 utskottets
239 402 134 23 betänkande
387 403 7 21 i
409 402 72 22 denna
495 402 44 27 del,
555 410 62 14 anser
628 403 39 28 jag
679 403 44 29 mig
735 403 53 21 böra
800 403 56 21 fästa

106 436 98 22 ståndets
223 436 190 30 uppmärksamhet
431 437 28 28 på
473 437 27 21 de
515 438 58 26 skäl,
588 444 45 14 som
649 438 52 28 ingå
715 438 6 20 i
739 437 117 22 betänkan-

105 471 38 22 det
160 472 40 21 och
217 472 74 21 hvilka
306 479 65 21 synas
386 472 44 28 mig
445 471 27 28 på
488 475 30 18 ett
533 472 156 29 öfvertygande
705 473 43 21 sätt
762 472 44 20 tala
822 472 34 21 för

107 506 162 28 önskligheten,
290 507 23 28 ja
335 507 34 21 för
387 506 188 29 nödvändigheten
594 506 71 28 deraf,
680 509 32 19 att
729 506 42 21 den
787 507 25 21 af
824 508 33 18 ut-

107 540 84 22 skottet
210 540 115 22 förordade
339 540 59 22 tiden
414 541 34 21 för
463 540 36 22 det
513 540 102 22 metriska
631 543 115 26 systemets
760 540 98 24 införan-

105 574 29 22 de
156 575 24 22 af
200 574 87 23 ståndet
309 574 94 28 bifalles,
422 575 140 28 hvarigenom
581 574 142 22 allmänheten
739 574 70 21 hunne
825 575 31 21 in-

107 608 71 22 hemta
200 609 100 29 kunskap
320 616 35 14 om
372 611 114 26 systemets
505 608 149 22 beskaffenhet
673 608 40 22 och
729 608 79 22 bereda
822 609 35 29 sig

107 643 28 28 på
150 643 50 21 dess
216 643 147 28 begagnande.
397 641 45 31 Jag
457 642 120 29 tillstyrker
591 643 86 21 derföre
693 645 31 18 att
739 643 117 20 utskottets

107 674 76 25 härom
206 677 83 29 afgifna
311 677 134 22 betänkande
467 677 66 22 måtte
551 677 32 21 till
602 677 43 21 alla
659 677 61 21 delar
734 677 25 21 af
772 676 86 23 ståndet

107 714 97 26 antagas.

175 751 58 22 Herr
248 751 169 29 Tengström:
439 751 31 21 På
485 751 26 24 de
527 751 46 23 skäl
590 751 40 22 och
647 747 90 38 motiver
748 752 36 28 jag
795 751 7 21 i
814 752 44 21 min

106 786 133 23 reservation
255 789 58 18 emot
327 786 116 21 utskottets
459 785 134 22 betänkande
609 785 82 27 anfört,
706 792 62 16 anser
777 786 38 28 jag
826 788 32 19 att

106 820 38 22 det
165 827 52 14 vore
240 819 50 22 vida
308 821 70 20 större
397 819 110 29 svårighet
522 823 31 18 att
567 819 71 23 införa
653 820 36 21 det
704 820 102 22 metriska
822 827 36 22 sy-

108 857 77 19 stemet
208 854 54 22 efter
280 862 25 13 en
324 854 76 29 längre
414 853 32 22 tid
462 855 26 20 än
504 854 27 28 pä
546 861 25 14 en
587 854 93 22 kortare.
709 854 147 29 Bevisningen

107 889 36 22 för
164 888 70 22 denna
252 888 57 29 äsigt
324 895 64 21 synes
404 888 44 28 mig
463 895 50 14 vara
529 887 157 29 ovedersäglig.
724 888 44 28 Jag
783 888 75 21 äbero-

108 931 39 21 par
162 922 85 23 derföre
262 923 44 21 min
321 922 31 22 uti
368 922 90 22 berörde
473 922 133 22 reservation
621 922 95 22 uttalade
728 922 62 28 äsigt.
813 922 45 23 För

107 958 68 28 öfrigt
189 957 69 22 finner
270 958 39 27 jag
323 956 46 29 mig
383 964 41 21 ega
438 956 48 24 skäl
502 959 31 18 att
544 959 57 18 emot
612 956 115 21 utskottets
739 956 119 24 betänkan-

107 991 28 22 de
157 991 113 27 anmärka,
293 994 41 22 att,
358 990 68 28 enligt
444 991 44 23 min
507 990 75 27 tanke,
598 990 196 28 kronouppbörden
810 991 48 22 icke

109 1026 67 22 borde
195 1025 23 21 fä
235 1025 68 31 enligt
322 1025 36 23 det
376 1032 43 24 nya
434 1028 102 26 systemet
551 1024 106 24 debiteras
673 1025 41 21 ovh
730 1024 128 25 verkställas

109 1060 24 21 sä
148 1063 67 24 snart,
231 1067 46 13 som
292 1060 106 21 utskottet
413 1059 119 28 föreslagit,
548 1059 52 21 eller
615 1062 31 18 ett
661 1059 24 23 är
700 1059 53 23 efter
768 1059 36 21 det
816 1060 43 20 för-

109 1094 94 28 fattning
225 1094 7 20 i
255 1094 72 24 ämnet
349 1093 113 25 ntfärdats.
498 1092 54 22 Man
575 1093 42 23 kan
635 1092 84 29 knappt
735 1096 77 26 antaga
828 1096 31 18 att

109 1128 109 28 allmogen
240 1127 29 22 dä
290 1128 55 21 ännu
368 1127 78 21 hunnit
467 1127 69 21 blifva
557 1127 112 27 förtrogen
687 1127 49 24 med
755 1130 104 26 systemet

109 1162 41 22 och
173 1161 82 29 följden
278 1161 68 23 blifva
368 1164 32 18 att
421 1161 77 24 tvifvel
520 1168 35 14 om
573 1160 161 30 debiteringens
752 1161 107 29 riktighet

109 1196 70 23 skulle
194 1196 40 24 hos
249 1196 92 29 mängen
355 1195 89 29 uppstä,
459 1195 82 21 hvilket
552 1194 71 23 kunde
635 1195 112 23 föranleda
759 1195 100 23 förveck-

108 1230 72 29 lingar
202 1231 25 21 af
242 1229 51 24 flere
312 1230 54 28 slag.
402 1228 44 30 Jag
461 1236 63 16 anser
538 1229 37 21 det
591 1236 50 14 vara
656 1229 51 22 vida
722 1229 90 23 klokare
827 1232 32 18 att

109 1264 130 24 föreskrifva
250 1266 113 30 systemets
380 1263 141 29 begagnande
537 1263 36 22 vid
588 1263 149 28 debiteringen
749 1263 41 21 och
805 1270 54 24 upp-

109 1298 82 22 börden
209 1298 33 21 till
261 1305 81 14 samma
360 1297 30 21 tid
406 1298 53 20 eller
472 1296 67 30 nägot
553 1296 56 23 enda
626 1297 30 27 är,
675 1297 65 21 innan
760 1296 37 22 det
816 1297 43 23 blir

109 1332 154 29 obligatoriskt
284 1332 7 21 i
314 1331 41 22 den
374 1331 107 23 allmänna
499 1331 105 27 rörelsen,
623 1331 59 23 detta
696 1331 35 22 mä
746 1331 66 22 sedan
827 1331 32 22 in-

110 1366 63 22 träffa
187 1366 59 23 inom
261 1365 86 21 kortare
362 1365 52 22 eller
430 1365 73 28 längre
518 1364 39 22 tid.
587 1364 34 21 Dä
637 1372 48 14 man
701 1372 62 15 anser
777 1368 31 18 att
820 1365 40 21 all-

109 1400 115 22 mänheten
243 1399 104 22 behöfver
361 1407 26 14 en
402 1399 75 28 längre
491 1398 30 21 tid
537 1399 34 21 för
586 1402 32 18 att
634 1398 76 21 bereda
726 1399 34 28 sig
775 1399 32 20 till
822 1399 38 22 det

110 1440 43 21 nya
168 1435 115 25 systemets
298 1431 141 28 begagnande
454 1433 8 19 i
477 1431 40 21 den
534 1432 88 27 dagliga
636 1431 106 26 rörelsen,
758 1432 27 19 dä
799 1432 59 23 tiden

110 1466 68 25 likväl
200 1466 88 29 medger
308 1469 31 18 att
357 1465 69 24 räkna
440 1465 54 24 efter
509 1465 42 23 och
566 1464 88 23 besinna
670 1465 44 31 sig,
730 1464 42 23 kan
786 1466 38 31 jag
839 1466 18 30 ej
