1020 1784
776 180 39 21 153

173 241 57 22 Herr
244 241 86 22 Holm:
360 241 44 28 Jag
419 241 94 21 anhåller
526 244 33 19 att
574 242 22 21 få
611 241 111 27 anmärka,
737 244 31 19 att
778 241 67 29 enligt

107 275 54 22 1808
176 275 34 21 års
222 275 126 28 jagtstadga
362 275 117 28 berättigas
494 275 80 22 enhvar
588 278 32 18 att
634 275 136 28 oinskränkt,
781 276 64 21 äfven

104 309 14 21 å
133 315 79 15 annans
228 309 60 21 mark
302 309 91 21 anställa
405 309 48 28 jagt
467 309 54 21 efter
536 309 42 21 alla
592 309 58 28 slags
664 309 90 29 rofdjur.
779 309 67 21 Detta

95 343 139 28 "stadgande,
253 351 46 15 som
316 344 64 21 äfven
399 343 63 20 innan
477 343 92 22 nämnde
581 343 126 29 jagtstadga
722 343 124 22 utfärdades

105 385 40 14 var
162 377 111 29 gällande,
291 385 61 14 anser
369 378 38 27 jag
422 377 47 21 icke
484 377 53 21 böra
551 377 44 21 helt
610 377 41 21 och
666 377 66 22 hållet
746 377 101 22 tillbaka-

91 420 2 2 :
105 412 78 27 sättas,
206 411 89 22 såframt
316 419 49 13 man
386 411 39 21 vill
444 411 99 22 befordra
561 411 154 28 skadedjurens
733 411 114 22 utödande.

104 445 46 29 Jag
167 445 119 30 tillstyrker
304 446 95 26 derföre,
421 448 32 19 att
470 445 81 22 enhvar
569 445 34 21 mä
617 453 41 21 ega
672 446 102 28 rättighet
789 449 31 18 att
834 445 13 22 å

107 487 80 14 annans
206 480 61 21 mark
286 481 51 27 jaga
359 480 52 21 eller
433 480 64 28 fänga
519 479 128 22 ätminstone
664 480 28 21 de
710 481 45 20 ofta
773 480 74 21 nämn-

93 532 2 3 .
105 515 29 21 da
152 515 48 30 fyra
218 515 68 23 större
301 514 116 28 rofdjuren.
447 513 42 22 Till
508 514 173 22 förekommande
700 515 24 21 af
739 513 107 22 missbruk

104 549 73 22 kunde
195 549 57 21 dock
270 548 116 24 föreskrift.
396 548 110 22 meddelas
523 549 83 26 derom,
622 551 31 19 att
664 548 128 29 jordegaren
808 548 39 22 bör

105 590 36 15 om
155 583 40 22 den
211 582 123 22 tillämnade
346 583 74 28 jagten
435 583 141 26 underrättas,
587 583 108 22 hvarefter
704 584 73 27 jagten
789 582 58 28 finge

105 617 49 26 ske,
172 620 51 18 utan
241 617 99 21 afseende
358 617 52 22 derä
424 624 33 14 om
471 617 128 29 jordegaren
617 617 72 22 dertill
708 617 79 22 lemnat
804 616 43 23 till

107 651 63 23 ständ
185 651 51 23 eller
251 651 54 21 icke.

174 691 58 22 Herr
246 690 100 24 Hildén
361 691 104 24 instämde
480 691 41 21 ock
532 690 56 28 deri,
599 693 31 19 att
642 699 25 13 en
679 690 111 23 tillämnad
800 691 47 29 jagt

107 726 54 22 efter
176 725 116 29 skadedjar
306 725 13 21 ä
327 733 87 14 -annans
429 726 53 28 ägor
496 725 47 22 icke
558 725 66 21 borde
639 733 51 13 vara
705 725 106 22 beroende
827 726 24 21 af

103 760 215 32 jordinnehafvarens
336 760 120 28 samtycke,
471 763 51 17 utan
537 762 31 18 att
582 760 42 21 den
638 760 47 21 fritt
698 759 57 29 finge
771 759 78 27 företa-

103 802 53 22 gas,
171 794 65 22 sedan
251 794 97 22 anmälan
364 794 73 21 derom
453 794 58 21 förut
525 794 64 21 skett.

174 833 57 22 Herr
250 833 166 29 Tengström:
446 833 48 21 Den
517 833 114 22 förordade
654 832 137 23 föreskriften
813 836 35 19 om

107 868 98 23 anmälan
223 868 39 21 hos
278 868 129 29 jordegaren
422 876 34 13 om
471 876 26 13 en
511 867 111 22 tillämnad
635 868 47 28 jagt
696 868 55 20 efter
765 868 84 28 rofdjur

106 903 30 29 pä
154 903 52 20 hans
226 903 52 30 ägor
293 903 69 22 skulle
376 903 8 22 i
399 902 78 29 många
491 902 38 21 fall
545 903 17 27 ej
579 903 72 20 kunna
666 902 113 28 tillämpas.
808 902 41 21 Ett

107 938 42 21 sätt
168 939 31 18 att
214 937 52 27 jaga
283 944 54 20 varg
356 937 22 20 är
394 939 15 18 t.
426 943 32 14 ex.
474 939 31 18 att
522 937 46 20 fara
582 936 64 29 kring
661 936 56 28 skog
732 936 40 22 och
787 936 62 22 mark

107 970 49 23 med
171 978 25 17 en
211 970 99 22 lefvande
325 970 45 29 gris
385 970 7 21 i
407 969 75 22 släden
497 971 33 20 för
545 973 32 18 att
590 977 77 21 genom
678 969 50 22 dess
739 973 110 26 grymtan-

108 1005 27 22 de
149 1004 65 23 locka
228 1012 84 21 vargar.
342 1003 72 22 Sädan
426 1004 49 30 jagt
489 1003 100 22 anställes
604 1003 90 22 nattetid
712 1004 52 21 eller
782 1003 67 22 sedän

91 1053 2 2 «
107 1039 120 29 dagsljuset
241 1039 130 26 försvunnit,
387 1038 41 22 och
443 1039 36 20 det
493 1037 82 23 händer
589 1038 56 27 ofta,
660 1041 32 18 att
702 1038 27 21 dä
741 1046 48 13 man
801 1038 48 21 bör-

106 1074 34 29 jar
155 1073 75 22 färden
245 1081 35 14 om
295 1073 95 26 aftonen,
405 1073 33 22 fär
453 1080 49 15 man
516 1072 57 22 hälla
588 1072 28 28 pä
631 1071 48 22 hela
694 1075 79 23 natten,
784 1072 65 25 innan

108 1115 49 16 man
179 1107 75 29 lyckas
276 1107 71 29 skjuta
365 1107 71 27 nägon
454 1114 59 21 varg.
545 1106 55 21 Man
619 1106 95 22 kommer
728 1106 76 22 dervid
819 1109 32 18 att

107 1142 47 23 fara
174 1142 60 23 öfver
248 1141 51 23 flere
310 1140 126 30 jordegares
452 1140 110 28 områden,
577 1140 41 22 och
632 1140 37 22 det
683 1141 70 21 skulle
767 1140 83 22 kanske

109 1176 50 28 åtgå
181 1178 31 20 ett
232 1183 41 23 par
293 1175 68 28 dagar
378 1178 32 20 att
428 1175 27 29 på
469 1175 92 23 förhand
575 1174 73 22 derom
663 1174 124 23 underrätta
801 1174 49 22 dem

109 1210 49 23 alla,
187 1209 40 23 Ett
242 1212 63 20 annat
319 1210 43 21 sätt
376 1210 31 26 är,
423 1212 31 20 att
467 1210 58 21 vissa
539 1208 57 23 tider
610 1215 35 15 om
655 1208 95 27 vintern,
762 1208 28 22 då
800 1208 49 24 ska-

109 1252 38 15 ren
162 1244 47 23 icke
224 1244 38 23 bär
276 1251 89 21 vargen,
382 1243 88 29 förfölja
484 1242 79 24 honom
577 1243 29 29 på
620 1242 81 24 skidor.
730 1242 53 22 Man
798 1242 53 21 fort-

110 1279 33 23 far
162 1278 87 23 dermed
266 1280 51 20 utan
335 1276 100 29 uppehåll
451 1280 46 20 natt
511 1276 40 23 och
566 1276 43 28 dag
624 1276 40 22 och
680 1277 171 29 genomströfvar

111 1312 91 24 sålunda
220 1312 44 23 ofta
278 1320 26 14 en
318 1311 86 23 sträcka
419 1312 24 22 af
455 1311 50 23 flere
520 1311 43 23 mil.
592 1310 36 22 Då
642 1310 41 22 den
698 1318 40 14 ena
752 1311 99 27 tröttnar,

110 1346 100 30 vidtager
226 1354 27 13 en
272 1353 74 15 annan.
379 1345 75 23 Skulle
472 1353 49 15 man
535 1352 36 16 om
585 1352 26 16 en
626 1345 65 21 sådan
704 1346 47 27 jagt
765 1345 30 28 på
808 1345 44 22 för-

111 1381 57 23 hand
183 1380 82 29 nödgas
277 1380 121 23 underrätta
413 1380 42 22 alla
469 1380 27 22 de
509 1379 123 30 jordegare,
647 1380 29 28 på
690 1379 84 21 hvilkas
789 1379 61 22 mark

108 1416 76 29 jagten
204 1414 90 26 skedde,
317 1414 23 22 så
357 1414 71 22 kunde
446 1414 59 22 detta
518 1413 108 29 knappast
640 1414 72 26 aflöpa
726 1412 29 29 på
769 1412 82 22 mindre

91 1461 4 2 :
110 1448 34 24 tid
162 1449 28 22 än
208 1455 26 15 en
249 1447 51 23 eller
314 1454 38 22 par
370 1447 87 22 veckor.
489 1446 105 28 Lodjuret
606 1447 62 28 jagas
682 1446 63 23 äfven
760 1446 28 29 på
803 1447 48 21 sist-

112 1481 93 25 nämnda
220 1482 43 22 sätt
277 1480 47 24 med
340 1480 82 24 hundar
436 1480 49 24 med
500 1480 69 24 starkt
584 1480 58 30 lopp.
