1011 1795
184 174 42 21 334

224 235 64 21 Efter
302 235 70 21 slutad
387 235 87 28 läsning
489 234 89 26 beslöts,
594 235 32 20 att
640 233 88 22 ärendet
743 233 69 21 skulle
826 228 74 25 vidare

156 269 125 28 föredragas
296 269 29 28 på
339 268 178 29 eftermiddagen,
532 267 28 22 då
575 267 85 22 ståndet
671 268 46 21 åter
727 267 67 22 borde
806 266 94 22 klockan

156 304 43 22 fem
214 303 163 22 sammanträda.

225 337 116 23 Sessionen
355 337 55 22 slöts
425 337 52 23 härå
491 333 94 25 klockan
600 339 32 19 tre
647 338 62 26 qvart
724 333 32 24 till
772 335 42 22 två.

672 372 21 16 In
704 368 60 19 fidem:

597 397 95 24 Sixtus
708 395 160 26 Calamnius:

355 576 122 33 Tisdagen
498 575 48 25 den
564 574 15 26 2
597 575 107 25 februari

160 622 94 22 klockan
273 621 42 22 fem
337 621 54 21 efter
409 621 114 28 middagen
542 621 110 21 fortsattes
670 620 187 29 borgareståndets
873 617 29 32 på

159 655 162 29 föremiddagen
336 655 116 28 påbörjade
464 655 151 28 plenisession,
627 653 91 23 hvarvid
730 651 95 25 ståndets
837 658 66 18 samt-

158 691 44 28 lige
220 690 137 21 medlemmar
375 689 171 27 tillstädesvoro,
565 692 59 18 utom
640 690 47 20 herr
701 689 139 28 Lindegvist,
855 697 46 13 som

158 725 50 21 med
230 723 95 23 ståndets
349 723 129 29 begifvande
499 731 38 13 var
555 723 47 22 från
622 723 74 21 staden
713 723 101 27 bortrest,
830 723 73 22 herrar

160 758 112 22 'Träskelin
292 758 40 21 och
346 757 80 27 Malm,
446 757 74 22 hvilka
534 764 52 14 voro
602 758 24 21 af
638 757 99 28 sjukdom
752 757 104 22 bindrade
871 761 32 18 att

160 793 34 28 sig
209 792 91 27 infinna,
318 795 54 18 samt
387 792 48 21 herr
451 789 178 30 Sneckenströiii,
645 792 33 21 för
692 791 87 22 hvilken
794 792 74 22 förfall
883 793 20 28 ej

159 827 73 22 blifvit
247 826 100 22 anmäldt.

228 861 72 22 Sedan
315 860 170 22 statsötskottets
500 860 135 21 betänkande
646 861 6 20 i
664 860 116 29 anledning
792 861 24 21 af
824 860 80 29 nådiga

159 895 170 28 propositionen,
341 894 111 29 angåetide
463 895 94 21 revision
568 895 25 21 af
602 895 178 29 författningarne
788 902 34 14 om
830 902 74 22 perso-

162 929 58 21 nella
234 928 220 30 kronotitskyldernes
469 929 80 29 belopp
564 925 40 25 och
620 926 120 32 grutderne
752 930 34 20 för
796 930 63 21 deras
871 933 34 18 ut-

159 963 95 29 görande
276 966 56 18 samt
350 971 34 13 om
403 970 26 14 en
449 963 78 21 allmän
545 963 108 29 reglering
672 964 23 21 af
708 964 62 21 dessä
785 964 120 28 utskylder,

159 998 68 21 under
249 995 160 30 förmiddagens
432 998 82 21 session
533 998 73 21 blifvit
625 998 97 27 uppläst,
737 998 75 22 skreds
827 1006 28 13 nu
870 998 35 22 till

159 1031 135 29 granskning
308 1030 25 22 af
344 1031 60 21 detta
419 1029 133 23 betänkande
567 1029 109 30 punktvis.

228 1065 85 21 Härvid
328 1069 91 25 antogo8
434 1066 26 28 $$
477 1066 9 20 1
504 1066 40 20 och
559 1066 12 20 2
587 1068 50 18 utan
653 1063 130 24 diskussion.

228 1090 69 40 Öfver
312 1100 12 28 $
339 1100 23 26 3,
377 1107 46 13 som
438 1100 93 21 derefter
545 1099 123 29 föredrogs,
684 1100 84 28 yttrade
783 1100 34 30 sig
828 1101 77 29 följan=

159 1134 27 22 de
202 1134 22 22 af
238 1134 95 21 ståndets
348 1116 143 45 medlemmar,
506 1134 28 28 på
548 1136 43 19 sätt
605 1140 47 15 som
668 1135 71 27 följer:

227 1164 59 25 Herr
302 1166 166 30 Tengström:
497 1167 44 29 Jag
562 1175 64 14 anser
648 1168 70 21 denna
737 1170 112 27 paragrafs
868 1169 36 22 be-

160 1202 132 28 stämningar
306 1209 35 14 om
356 1202 74 21 hvilka
445 1202 26 21 de
486 1181 150 54 myndigheter
649 1204 47 25 äro,
709 1210 47 14 som
768 1209 40 22 ega
819 1204 86 20 utfärda

160 1236 63 28 intyg
238 1236 60 21 öfver
314 1236 123 28 fattigdom,
452 1236 152 28 kroppsskada
618 1236 40 21 och
675 1236 65 22 andra
756 1238 70 20 såsom
841 1238 65 20 befri-

163 1270 43 21 else
226 1270 47 21 från
291 1270 130 28 erläggande
436 1270 24 21 af
472 1270 211 28 mantalspenningar
698 1271 99 28 gällände
812 1272 94 21 omstän-

161 1304 105 28 digheter,
288 1311 51 13 vara
358 1304 73 21 alltför
449 1303 87 29 mycket
554 1302 139 30 begränsade.
722 1304 70 22 Dessa
806 1306 99 27 myndig-

161 1338 60 20 heter
246 1344 51 14 vore
319 1337 68 26 enligt
407 1338 128 26 paragrafen
558 1338 34 19 för
613 1338 132 20 närvarande
767 1338 76 21 endast
865 1339 42 20 fat-

161 1369 189 28 tigvärdsstyrelse
365 1369 39 21 och
416 1369 171 28 kyrkostämma;
599 1373 24 26 ty
635 1371 212 29 kommunalstyrelse
859 1372 48 21 haf-

162 1411 26 14 va
209 1401 22 24 vi
249 1405 55 20 ännu
319 1403 54 22 icke.
403 1403 78 22 Denna
495 1404 154 29 inskränkning
664 1405 69 22 skulle
749 1403 66 25 blifva
832 1406 74 22 betun-

166 1438 70 29 gande
252 1436 54 24 både
321 1436 33 23 för
370 1438 56 27 dem,
439 1445 46 15 som
500 1439 92 21 behöfva
607 1439 80 22 sådana
701 1440 69 28 intyg,
786 1439 39 22 och
841 1441 64 21 äfven

163 1473 33 22 för
217 1472 27 23 de
267 1472 156 31 myndigheter,
447 1480 46 14 som
511 1473 61 22 skola
590 1473 85 23 utfärda
693 1474 59 29 dem;
767 1475 41 22 och
824 1475 81 22 kanske
