1036 1823
791 174 26 23 23

107 235 16 21 t.
138 240 33 14 ex.
189 234 80 21 femton
293 234 51 22 eller
365 235 60 28 tjugu
445 234 29 28 år,
497 235 65 22 under
577 235 87 23 hvilken
679 237 90 28 säljaren
784 238 24 21 af
820 242 26 17 en

107 267 101 29 lägenhet
224 268 65 21 borde
304 268 65 22 hafva
382 269 97 21 innehaft
493 270 130 27 densamma,
639 270 32 21 för
686 274 31 18 att
731 271 36 21 vid
782 272 64 20 afträ-

108 301 80 22 dandet
202 303 41 27 äga
258 303 41 20 rätt
314 306 31 17 att
360 303 86 28 betinga
461 304 33 27 sig
509 304 93 28 sytning.
631 303 130 30 Derigenom
777 305 69 22 skulle

107 336 129 21 ätminstone
249 336 129 28 förebyggas
389 336 37 22 det
441 337 97 28 verkliga
552 337 145 23 schackrande
711 339 47 21 med
774 338 72 29 lägen-

107 369 66 28 heter,
192 377 46 13 som
258 378 28 13 nu
304 370 83 28 ganska
402 371 45 21 ofta
463 371 147 27 förekommer,
626 372 89 21 sålunda
729 375 30 19 att
773 372 73 28 lägen-

107 403 61 21 heter
186 404 68 27 köpas
270 404 40 21 och
326 404 63 28 säljas
404 403 77 23 endast
496 406 32 20 för
543 408 30 18 att
588 406 64 20 vinna
666 406 84 22 tillfälle
765 409 31 18 att
811 406 36 22 be-

108 438 61 27 tinga
187 438 88 27 sytning
294 438 40 20 och
349 438 83 21 hvilket
447 438 46 21 haft
507 438 32 21 till
555 438 53 29 följd
624 442 31 18 att
669 440 91 27 mängen
774 440 72 29 lägen-

107 471 38 22 het
159 472 23 21 är
198 471 95 22 belastad
309 471 47 22 med
371 471 56 22 ända
443 472 31 21 till
487 473 41 22 fem
540 474 12 19 &
564 480 37 14 sex
612 473 105 21 särskilda
728 474 117 28 sytningar.

175 517 57 22 Herr
246 517 88 22 Holm:
362 517 41 22 Att
424 517 204 30 sytningssystemet
645 519 7 21 i
670 519 47 21 värt
735 519 60 27 land,
813 520 33 21 till

107 551 42 22 den
167 551 114 22 öfverdrift
295 552 37 21 det
346 552 91 22 utbildat
451 553 44 28 sig,
511 554 17 27 ej
545 553 42 22 kan
602 553 134 28 godkännas,
752 555 23 19 är
789 554 57 22 klart

109 587 40 20 och
165 587 89 28 tydligt,
273 585 27 23 dä
315 595 48 13 man
378 590 60 25 tager
457 587 7 20 i
483 587 159 28 öfvervägande
660 587 55 22 hvad
729 589 118 21 motiverne

108 621 34 22 till
165 621 58 22 såväl
246 620 41 22 den
308 621 115 28 kejserliga
446 622 161 28 propositionen
630 629 46 14 som
696 623 151 28 lagutskottets

109 654 134 23 betänkande
258 655 112 22 innehålla,
393 655 172 29 Olägenheterne
580 656 62 21 deraf
654 657 36 20 äro
706 657 23 21 sä
741 660 63 23 stora,
816 660 31 18 att

108 691 72 27 någon
196 689 155 28 inskränkning
365 689 8 21 i
387 690 128 27 rättigheten
526 689 32 22 till
570 691 161 27 sytninysaftals
742 691 105 28 ingående

109 725 35 20 för
164 723 112 22 framtiden
294 724 37 20 äro
351 724 33 20 för
395 723 139 28 jordbrukets
550 723 60 22 bästa
625 724 24 21 af
662 724 185 29 nödvändigheten

109 757 120 30 påkallade.
262 757 48 22 Den
330 758 8 21 i
356 757 161 29 propositionen
533 758 121 28 föreslagna
669 760 92 27 utvägen
776 759 72 21 dertill

109 792 42 22 kan
167 793 39 28 jag
224 792 67 22 likväl
306 792 46 22 icke
368 791 119 30 godkänna.
520 792 132 28 Stadgandet
666 792 7 21 i
688 792 49 22 dess
752 793 67 22 första
833 793 14 29 &

110 830 31 19 att
163 826 101 29 lägenhet
282 827 18 28 ej
319 827 32 20 får
370 826 110 22 intecknas
499 826 33 21 för
547 834 45 14 mer
606 827 26 20 än
647 833 26 15 en
688 827 87 29 sytning
789 827 58 22 inne-

110 862 71 26 fattar,
199 861 70 22 såsom
284 861 45 28 mig
344 867 71 22 synes,
432 868 26 14 en
470 860 92 29 juridisk
577 861 156 28 inkonseqvens
749 862 40 21 och
804 862 44 21 står

109 897 7 21 i
135 895 111 30 uppenbar
264 895 53 22 strid
332 895 47 22 med
394 895 26 21 de
435 895 97 26 motiver,
548 902 46 15 som
608 896 60 28 ligga
683 896 32 21 till
730 896 69 28 grund
814 897 34 21 för

109 930 172 30 propositionen,
296 933 24 25 ty
335 937 26 14 en
375 930 55 21 enda
444 929 124 29 inteckning
583 930 34 21 för
632 930 87 29 sytning
729 930 42 22 kan
783 931 65 21 redan

110 964 140 23 Ötverdrifvet
271 964 83 22 belasta
372 971 26 14 en
415 964 110 28 lägenhet,
544 964 88 21 emedan
648 972 34 13 om
697 965 112 28 sytningen
825 966 24 20 är

109 1003 47 17 stor
174 998 41 21 och
230 998 127 29 lägenheten
373 998 74 21 endast
462 1005 25 14 en
503 998 81 21 mindre
599 998 153 27 hemmansdel,
767 999 82 28 sytnin-

111 1040 53 22 gens
187 1032 78 29 belopp
287 1033 42 20 kan
352 1032 117 29 öfverstiga
491 1031 48 22 hela
558 1032 138 28 fastighetens
715 1033 134 28 afkastning,

111 1067 41 22 och
167 1066 42 22 alla
227 1066 27 22 de
272 1066 144 29 olägenheter,
431 1065 115 30 sytningen
560 1066 90 31 medför,
665 1066 64 21 hafva
744 1067 62 20 äfven
821 1066 28 22 dä

111 1102 34 20 sin
166 1101 147 28 tillämpning,
335 1100 66 22 ehuru
420 1100 114 29 sytningen
552 1101 23 20 är
594 1101 54 20 blott
666 1107 25 14 en
706 1100 60 22 enda.
795 1100 54 22 För-

111 1134 110 23 hällandet
243 1136 23 20 är
288 1134 48 22 icke
355 1135 68 21 bättre
441 1135 27 20 än
487 1142 34 13 om
536 1134 126 29 lägenheten
676 1141 51 14 vore
743 1135 106 28 betungad

111 1169 50 23 med
182 1169 106 22 dussintal
311 1170 79 21 smärre
408 1169 118 28 sytningar.
558 1164 33 25 Är
605 1168 45 22 åter
664 1168 127 29 lägenheten
800 1164 50 26 stor

112 1203 41 23 och
176 1204 24 21 af
219 1203 66 28 högre
307 1203 74 26 värde,
405 1203 39 22 bör
462 1203 35 22 väl
516 1210 77 21 egaren
611 1202 21 22 fä
646 1203 100 21 inteckna
760 1202 41 22 den
815 1203 34 21 för

112 1238 51 22 flere
181 1238 27 20 än
227 1245 25 14 en
272 1237 97 29 sytning,
391 1237 27 22 dä
433 1237 129 28 egendomen
578 1240 51 17 utan
644 1244 47 13 men
706 1237 33 20 för
750 1237 100 28 jordbru-

112 1272 38 21 ket
171 1271 41 22 kan
236 1272 52 21 bära
306 1271 54 22 dem.
396 1271 41 22 Att
451 1271 75 21 hindra
541 1271 79 22 honom
634 1270 92 23 derifrän
742 1271 63 28 utgör
819 1273 32 19 ett

112 1306 94 29 verkligt
220 1305 91 29 ingrepp
326 1306 8 20 i
349 1305 158 28 äganderätten.
531 1305 74 22 Annat
615 1305 23 20 är
650 1304 143 23 förhållandet
802 1304 48 22 med

113 1341 37 22 det
161 1341 24 21 af
194 1339 142 29 lagutskottet
347 1339 132 22 framställda
487 1339 86 28 förslag.
595 1337 114 30 Utgäende
718 1339 45 20 frän
772 1338 78 28 grund-

113 1378 72 18 satsen
200 1377 31 18 att
246 1381 26 14 en
286 1373 155 29 inskränkning
456 1373 8 21 i
479 1373 150 28 äganderätten
640 1372 75 23 endast
725 1372 72 23 kunde
808 1373 43 20 för-

114 1416 80 20 svaras,
210 1407 72 23 sävidt
296 1407 42 22 den
352 1415 51 14 vore
417 1407 123 29 nödvändig
555 1407 33 22 för
603 1406 35 22 det
653 1407 115 22 allmännas
784 1407 67 26 bästa,

113 1443 34 20 för
169 1442 81 21 hvilket
272 1441 41 21 den
335 1441 108 22 enskildas
461 1441 89 21 intresse
568 1441 68 21 mäste
650 1441 60 26 vika,
730 1441 37 21 har
781 1441 69 28 lagut-

113 1476 83 23 skottet
212 1475 50 22 sökt
276 1477 32 19 att
322 1474 71 30 lämpa
407 1474 127 30 rättigheten
550 1477 31 19 att
596 1473 85 31 betinga
695 1473 87 30 sytning
797 1474 54 22 efter
