1006 1792
777 176 40 20 325

170 236 56 22 Herr
242 236 142 23 Sundman:
414 238 114 21 Utskottet
547 237 98 28 frängick
665 237 36 21 det
717 238 81 27 förslag
813 238 33 21 till

100 272 14 28 8
130 272 27 20 44
172 271 41 22 den
228 272 79 28 nådiga
323 272 161 28 propositionen
500 272 118 21 innehäller
632 272 28 28 pä
674 272 42 21 den
730 271 69 29 grund
815 274 32 19 att

100 313 35 13 om
156 313 58 19 man,
236 306 70 21 såsom
326 306 38 20 der
382 306 149 26 föreskrifves,
554 313 51 13 vore
624 306 119 20 förbunden
763 308 32 18 att
809 306 38 21 vid

100 339 74 29 hvarje
197 340 60 28 fräga
280 347 33 13 om
336 340 74 28 utbyte
433 340 25 20 af
477 339 133 21 misskrifvet
628 339 117 29 stämpladt
763 346 84 22 papper

100 374 71 21 vända
186 374 34 28 sig
238 374 31 21 till
285 374 115 28 kejserliga
415 377 87 18 senaten
517 373 89 27 direkte,
622 373 26 22 de
663 374 86 21 dermed
762 374 84 22 förena-

100 408 27 22 de
149 408 117 21 kostnader
288 410 46 19 ofta
356 416 42 20 nog
414 408 69 21 skulle
501 408 73 28 uppgä
594 408 32 21 till
641 408 67 28 högre
725 408 78 28 belopp
819 409 27 20 än

99 442 43 22 den
158 442 136 22 makulerade
310 443 86 21 kartans
412 442 72 21 värde.

168 476 167 22 Nedanstäende
351 477 145 28 proposition,
509 476 86 22 hvilken
608 476 65 22 borde
685 476 100 22 besvaras
797 476 48 22 med

96 512 34 28 ja,
152 511 41 22 och
211 511 225 28 kontraproposition,
458 518 35 14 om
512 510 87 22 hvilken
618 510 34 22 till
667 518 49 14 svar
730 510 71 22 skulle
816 511 30 21 af-

100 546 70 29 gifvas
186 546 42 27 nej,
247 546 145 23 framställdes
407 545 24 21 af
444 544 48 22 herr
507 545 159 21 talmannen:

169 579 71 23 Gillar
255 580 85 21 ständet
355 580 115 21 utskottets
486 579 148 22 betänkande?
662 580 53 20 eller

167 614 48 22 Vill
237 614 85 21 ständet
344 614 70 21 införa
436 614 40 21 den
495 614 24 21 af
535 614 49 22 herr
598 613 96 22 Juselius
712 614 134 28 föreslagna,

100 648 48 22 med
168 648 48 23 herr
235 656 42 14 von
293 648 70 23 Borns
378 648 132 24 reservation
526 648 233 22 öfverensstämmande
774 648 71 22 förän-

100 682 78 30 dring?
680 691 3 3 :

170 716 43 23 Vid
236 716 92 23 anställd
351 716 133 28 omröstning
507 716 106 22 befunnos
635 716 212 29 voteringssedlarne

100 752 107 24 innehålla
226 752 25 22 27
269 752 23 28 ja
307 751 39 21 och
362 752 12 20 5
392 752 44 26 nej,
458 752 41 22 och
517 758 38 15 var
573 750 83 22 således
676 750 116 22 utskottets
811 751 36 22 be-

100 786 108 23 tänkande
223 786 24 21 af
260 786 86 22 ståndet
360 788 95 25 antaget.

168 820 67 23 Emot
250 820 59 22 detta
324 819 70 23 beslut
408 819 136 23 reserverade
558 819 34 28 sig
608 819 48 23 herr
670 818 129 24 Juselius.

169 854 40 22 Uti
224 855 12 27 &
251 855 27 21 42
294 854 54 21 utlät
362 855 44 27 sig:

168 889 58 21 Herr
241 888 97 23 Mölsä:
367 888 45 27 Jag
430 888 62 22 utber
506 888 45 29 mig
566 890 31 19 att
612 888 21 22 få
647 888 33 21 till
696 889 95 21 ståndets
811 888 36 22 be-

100 923 128 23 dömmande
244 923 138 26 öfyerlemna,
398 922 106 21 huruvida
516 921 36 22 det
564 923 6 21 i
583 923 69 20 denna
664 923 13 28 &
691 923 156 20 förekomman-

101 958 27 20 de
150 956 159 23 bestämmande
330 955 86 27 derom,
439 959 31 18 att
488 956 184 28 anteckningsbok
688 957 61 20 öfver
766 957 82 27 försälj-

100 992 79 28 ningen
203 991 23 21 af
246 990 117 28 stämpladt
380 997 83 21 papper
482 990 39 22 och
538 990 82 22 deraf
612 986 10 38 i
636 991 162 22 landtränteriet
813 991 35 20 be-

101 1026 85 27 fintliga
204 1025 96 22 förräder
320 1025 38 21 bör
379 1025 57 21 föras
451 1025 25 21 af
488 1024 208 28 landskamreraren,
712 1025 55 22 skall
782 1025 6 20 i
805 1025 44 23 för-

101 1060 121 28 fattningen
246 1059 128 26 bibehållas,
398 1059 40 21 och
458 1067 33 13 om
511 1059 18 28 ej
549 1059 127 28 lämpligare
691 1067 61 18 vore,
769 1063 30 16 att
815 1059 33 21 sä-

102 1094 53 22 dant
176 1094 57 28 finge
256 1094 50 21 bero
325 1093 27 28 på
371 1093 223 28 arbetsfördelningen
614 1093 57 20 inom
688 1093 161 28 länestyrelsen.

102 1121 138 29 Åtminstone
260 1127 38 22 har
314 1128 39 29 jag
368 1127 44 28 mig
428 1127 88 27 bekant,
532 1130 31 18 att
578 1127 30 21 uti
623 1131 78 18 tvenne
717 1128 34 20 län
768 1127 81 22 arbets-

102 1162 120 29 ordningen
241 1163 56 22 varit
315 1161 76 26 sådan,
410 1164 31 18 att
456 1161 181 28 anteckningarne
652 1162 6 20 i
674 1161 60 22 detta
749 1161 100 22 afseende

103 1199 55 22 förts
180 1197 23 20 af
223 1195 195 24 länebokhållaren.
456 1195 48 22 Och
523 1195 69 22 skulle
608 1195 63 22 häraf
684 1196 62 27 följa,
762 1199 30 18 att
807 1195 42 22 den

103 1233 138 27 tjensteman,
257 1231 100 27 antingen
373 1229 196 23 landskamreraren
586 1229 52 22 eller
652 1230 197 26 länebokhållaren,

104 1273 47 15 som
167 1265 104 21 handhaft
286 1264 132 26 kontrollen,
434 1265 62 20 äfven
513 1271 50 13 vore
579 1263 119 28 berättigad
715 1268 31 17 att
761 1264 20 20 få
797 1271 54 20 upp-

104 1301 52 20 bära
171 1299 80 21 hälften
268 1299 24 20 af
301 1298 26 21 de
340 1299 33 20 för
384 1297 215 28 karteförsäljningen
613 1297 105 28 utgående
730 1303 119 23 procenter.

172 1333 57 22 Herr
245 1332 166 28 Tengström:
444 1331 111 29 Tillsynen
572 1331 60 21 öfver
648 1332 68 20 länets
728 1331 123 28 uppbörds-

104 1368 52 21 verk
172 1367 130 21 tillkommer
316 1366 209 25 landskamreraren,
540 1366 28 21 då
583 1365 95 22 deremot
689 1365 162 22 länebokhålla-

104 1409 49 14 rens
176 1401 109 28 egentliga
307 1401 95 27 göromål
424 1399 71 22 består
513 1400 6 20 i
538 1399 145 22 landsbokens
699 1400 150 27 upprättande.

106 1433 168 30 Ifrågavarande
289 1433 156 27 kontrollering
459 1433 75 22 tillhör
545 1433 83 21 således
639 1433 47 21 icke
698 1433 53 20 hans
764 1435 86 26 tjenste-

104 1468 131 28 befattning,
259 1468 99 23 hvarföre
376 1467 38 22 det
432 1467 38 23 här
488 1467 88 28 intagna
595 1466 127 29 stadgandet
739 1467 38 21 bör
792 1468 57 20 oför-

105 1503 93 23 ändradt
212 1502 94 29 qvarstå.
