1014 1753
775 157 40 20 265

166 218 58 22 Herr
240 219 165 23 Dahlström:
434 220 12 20 I
469 219 115 29 anledning
607 220 24 21 af
651 220 49 20 herr
722 218 123 23 Sundmans

97 253 101 29 yttrande
214 254 37 20 ber
267 254 38 28 jag
320 254 22 21 få
356 254 70 21 erinra
441 254 83 26 derom,
541 257 41 23 att,
597 254 68 28 enligt
680 253 57 21 hvad
752 254 41 20 den
808 254 38 20 nå-

98 287 51 28 diga
165 288 161 26 propositionen
344 288 125 26 innehåller,
489 288 83 20 banken
592 289 82 26 öppnas
690 288 33 20 till
738 288 108 20 silfverut-

98 321 89 29 vexling
209 322 41 20 och
272 321 41 21 den
332 322 66 28 ryska
416 321 74 22 sedeln
506 322 72 21 ställes
594 321 66 21 under
675 322 52 21 kurs
742 322 7 21 i
765 322 81 21 förhäl-

98 354 64 22 lande
180 355 33 21 till
228 355 39 21 vär
281 355 7 21 i
304 363 80 14 samma
400 355 63 22 stund
479 355 251 28 hypotheksföreningen
745 355 33 21 till
794 355 53 22 ban-

98 389 42 22 ken
155 389 106 22 inbetalar
277 389 65 22 minst
357 390 44 21 åtta
416 389 98 29 miljoner
530 390 68 21 mark.
620 388 49 22 Den
680 390 24 21 af
712 389 50 22 herr
774 389 72 21 Sund-

99 431 50 13 man
167 423 128 22 omnämnda
314 423 136 29 svårigheten
466 424 22 20 är
504 423 82 22 således
601 423 131 28 undanröjd;
747 431 48 13 men
807 424 39 27 jag

98 465 70 19 anser,
183 457 70 22 såsom
266 458 38 28 jag
319 458 65 21 redan
400 458 46 21 haft
461 459 52 20 äran
528 457 112 27 anmärka,
656 458 95 21 bankens
764 458 82 21 förbin-

98 491 59 22 delse
173 492 6 20 i
192 491 103 26 afseende
311 492 12 21 å
338 493 147 21 annuiteterne
500 493 33 20 för
548 492 57 21 lånet
620 492 58 21 detta
690 491 90 22 oaktadt
790 492 56 20 kun-

98 533 28 14 na
149 525 68 22 blifva
238 526 86 28 vådlig,
342 527 7 20 i
368 526 102 21 händelse
489 525 70 23 denna
578 525 131 22 förbindelse
724 525 122 22 utsträckes

98 560 87 21 utöfver
196 560 147 29 annuiteterne
354 561 34 20 för
399 560 36 21 det
446 560 89 29 belopp,
547 567 46 15 som
604 561 7 20 i
623 560 83 21 banken
719 560 127 28 deponeras.

166 594 58 22 Herr
239 594 134 22 Sundman
388 595 73 21 anhöll
476 603 34 13 om
526 595 100 22 ärendets
642 595 159 28 bordläggning
813 594 33 21 till

98 629 63 22 nästa
184 629 95 28 plenum,
303 630 35 21 för
360 632 31 19 att
408 630 87 21 komma
513 630 7 20 i
538 629 86 22 tillfälle
640 632 30 18 att
684 632 52 25 taga
750 629 97 20 närmare

99 663 122 22 kännedom
237 664 24 21 af
273 663 116 22 utskottets
405 663 141 22 betänkande.

167 697 76 21 Denna
266 698 99 20 anhållan
388 699 51 20 fann
458 698 86 21 ståndet
562 698 62 21 äfven
644 698 80 28 skäligt
739 698 85 27 bifalla,
840 698 6 20 i

99 731 54 29 följd
169 731 80 22 hvaraf
261 732 88 21 ärendet
364 732 115 21 bordlades
495 732 32 21 till
543 733 62 21 nästa
620 732 88 21 session.

169 764 115 24 Sessionen
300 766 54 22 slöts
370 766 92 22 klockan
478 766 48 22 half
538 767 42 21 nio.

618 802 20 16 In
650 802 60 16 fidem:

542 828 95 23 Sixtus
653 828 161 24 Calamnius.

298 1008 128 34 Fredagen
448 1008 48 26 den
514 1010 32 23 29
562 1008 96 32 januari

101 1054 94 22 klockan
211 1054 58 21 elfva
281 1054 46 21 före
339 1053 116 28 middagen
470 1054 170 21 sammanträdde
651 1055 6 20 i
671 1054 177 29 borgareståndet

100 1089 34 21 till
156 1089 85 27 plenum
265 1087 95 22 ståndets
380 1087 99 28 samtlige
498 1087 143 28 medlemmar,
656 1091 60 19 utom
731 1088 49 22 herr
796 1088 52 21 Trä-

101 1123 80 26 skelin,
205 1130 47 13 som
271 1122 103 21 anmältes
394 1129 52 14 vara
466 1123 23 20 af
505 1122 98 29 sjukdom
620 1122 90 22 hindrad
726 1126 31 18 att
772 1123 77 21 sessio-

101 1165 40 14 nen
158 1157 79 22 bivista
252 1160 55 17 samt
322 1157 49 21 herr
386 1156 139 28 Lindeqvist,
541 1156 88 22 hvilken
647 1157 47 21 med
706 1157 96 22 ståndets
814 1157 35 22 be-

101 1192 104 29 gifvande
221 1199 38 13 var
274 1191 47 22 från
337 1194 61 19 orten
413 1191 100 22 bortrest.

169 1226 121 21 Fortsattes
309 1224 48 22 med
375 1224 42 22 den
436 1224 37 22 vid
488 1225 129 27 föregående
632 1226 85 21 session
732 1226 118 28 påbörjade

101 1260 160 27 behandlingen
277 1260 24 20 af
313 1259 79 28 nådiga
407 1259 175 27 propositionen,
603 1259 111 27 angående
729 1260 83 28 garanti
828 1260 25 21 af

101 1295 38 21 det
154 1295 45 25 lån,
215 1293 250 29 hypotheksföreningen
481 1293 7 21 i
503 1292 72 22 landet
590 1293 96 21 kommer
701 1296 31 18 att
744 1293 12 21 å
769 1293 81 22 utrikes

103 1332 34 18 ort
151 1331 102 25 upptaga.

170 1362 160 21 Diskussionen
346 1362 7 20 i
368 1362 72 20 ämnet
455 1361 74 27 aflopp
546 1361 26 28 på
588 1362 42 20 sätt
645 1368 45 14 som
707 1361 72 28 följer:

172 1395 57 20 Herr
247 1394 90 21 Malm:
366 1394 12 21 I
397 1397 153 18 sammansatta
569 1398 64 17 stats-
651 1394 40 21 och
711 1394 141 21 bankutskot-

103 1432 31 18 tet
159 1429 110 20 äfvensom
292 1428 6 20 i
320 1427 162 22 bankutskottet
501 1428 37 20 har
554 1427 140 22 förevarande
710 1427 78 29 nådiga
803 1435 49 21 pro-

104 1463 95 30 position
222 1462 71 22 blifvit
316 1462 124 22 diskaterad
460 1463 5 20 i
486 1461 100 23 afseende
608 1462 12 22 å
642 1461 39 22 den
702 1461 151 30 affirsgemen-
