1031 1811
206 175 41 21 404

178 238 20 21 le
214 240 30 19 att
259 238 23 21 af
288 237 153 29 tidningarnes
456 238 100 20 referater
571 237 39 20 och
626 237 24 20 af
662 237 56 21 hvad
731 237 38 28 jag
784 237 47 20 hört
846 239 68 18 munt-

178 273 56 28 ligen
254 272 99 26 omtalas,
374 272 94 21 inhemta
485 271 119 22 kännedom
622 279 34 13 om
671 271 76 27 saken,
762 271 72 28 ingick
849 271 66 28 nägot

180 306 76 22 sådant
271 306 75 26 vilkor,
360 310 46 16 som
422 305 49 21 herr
484 305 115 28 Bergstedt
614 306 118 26 omnämnt,
750 305 48 21 icke
813 306 30 20 uti
863 305 52 21 bon-

178 340 123 22 deståndets
316 340 70 21 beslut
401 339 108 28 angående
524 339 166 29 garantifrägan,
705 343 51 17 utan
772 338 143 22 behandlades

177 374 139 22 förevarande
331 373 180 29 petitionsärende
526 374 88 20 alldeles
628 373 66 21 skildt
708 374 53 21 ifrån
774 373 75 21 denna.
870 373 46 28 Jag

178 409 104 21 vidhåller
296 408 85 22 derföre
397 409 54 20 ännu
466 408 40 21 den
522 408 65 28 åsigt,
603 411 30 17 att
648 412 29 16 ett
690 407 115 22 understöd
816 408 47 21 icke
876 408 40 21 bör

177 444 113 27 påtvingas
305 443 80 27 någon,
401 450 46 14 som
462 442 47 22 icke
525 442 75 29 begärt
614 442 121 22 detsamma.

245 483 57 21 Herr
318 482 164 28 Tengström:
513 482 30 21 På
562 484 42 18 sätt
615 483 39 27 jag
668 483 58 20 förut
740 484 82 25 nämnt,
838 482 77 22 stödde

178 517 34 29 sig
230 517 153 21 bondeståndet
397 518 7 19 i
420 517 45 21 sina
481 517 88 21 motiver
585 517 32 20 för
632 516 48 22 dess
696 517 59 21 bifall
770 517 32 20 till
819 514 95 30 garantin

177 553 29 27 på
221 550 40 22 den
277 552 161 27 förutsättning,
454 554 30 18 att
498 558 24 13 en
539 551 65 21 sådan
619 550 158 28 utsträckning,
792 558 44 13 som
852 558 27 13 nu
891 552 23 20 är

177 586 6 21 i
200 586 70 27 fråga,
289 586 69 20 skulle
376 585 84 20 komma
475 588 31 17 att
520 584 94 28 beviljas.
644 584 51 21 Men
712 586 17 26 ej
746 584 65 21 heller
823 585 38 27 jag
876 584 38 21 har

178 620 107 27 uppfattat
300 619 65 21 saken
380 619 69 20 såsom
465 618 48 21 herr
527 617 125 29 Bergstedt,
668 618 50 21 eller
730 621 30 18 att
772 619 142 20 utsträcknin-

178 661 40 20 gen
241 653 68 21 skulle
329 653 80 28 utgjort
427 655 31 20 ett
475 653 127 28 uttryckligt
620 652 70 21 vilkor
707 653 33 20 för
755 652 108 28 garantins
880 653 34 21 be-

177 687 99 28 viljande.

244 727 58 21 Herr
317 727 95 22 Mölsä:
441 727 35 22 Då
487 727 38 29 jag
540 727 46 22 icke
602 730 45 24 vet,
662 727 87 22 hvilken
764 727 82 28 utgång
860 728 53 28 peti-

176 759 210 31 tionsinbjudningen
406 762 42 21 kan
466 763 22 20 få
503 763 37 20 hos
557 762 183 28 borgareståndet,
757 763 106 28 begagnar
876 763 38 28 jag

177 797 94 21 tillfället
286 800 30 17 att
331 800 56 25 yttra
402 797 42 20 min
460 796 96 21 enskilda
570 797 56 27 åsigt
640 797 7 20 i
662 797 76 26 sjelfva
753 797 71 20 saken.
856 796 57 21 Den-

177 838 27 14 na
226 832 29 25 är,
278 834 29 17 att
330 831 36 20 det
384 831 33 20 för
435 831 26 20 de
480 831 78 20 smärre
575 831 272 27 lägenhetsinnehafvarene
863 838 50 14 vore

177 865 53 21 både
246 865 79 28 nyttigt
340 865 38 20 och
394 865 132 27 nödvändigt
541 868 31 17 att
586 865 64 20 vinna
663 865 82 21 inträde
760 865 6 20 i
783 865 130 28 hypotheks-

176 900 131 27 föreningen.
344 899 32 28 Ty
395 899 35 21 det
449 900 23 19 är
490 899 81 28 ganska
586 899 118 27 sjelffallet,
720 902 31 17 att
766 900 37 19 när
819 899 53 20 blott
886 899 27 21 de

176 934 68 21 större
263 933 193 28 possessionaterne
474 933 81 26 kunna,
575 933 27 29 på
614 933 155 28 jemförelsevis
786 933 73 28 billiga
874 933 39 21 vil-

176 968 46 24 kor,
242 968 66 21 undfå
325 967 35 21 lån
378 974 26 14 ur
419 968 133 26 föreningen,
568 968 24 20 så
606 967 84 21 komma
705 967 26 21 de
746 968 78 20 smärre
840 968 73 27 lägen-

176 1001 212 22 hetsinnehafvarene
407 1004 30 18 att
456 1002 66 21 blifva
537 1001 43 21 helt
595 1001 39 21 och
651 1001 64 21 hållet
731 1001 103 22 beroende
850 1003 24 19 af
886 1002 26 20 de

176 1037 74 20 större.
286 1035 74 29 Något
377 1036 99 28 äfventyr
495 1036 33 20 för
546 1030 265 34 hypotheksföreningens
824 1036 88 21 bestånd

176 1070 42 22 kan
237 1070 48 20 icke
304 1070 84 20 komma
407 1073 29 17 att
454 1069 84 21 inträffa
556 1078 77 20 genom
648 1070 81 22 mindre
743 1070 170 28 lägenhetsinne-

176 1104 98 22 hafvares
296 1104 82 21 inträde
397 1104 7 20 i
424 1104 132 28 föreningen,
579 1104 96 28 emedan,
698 1112 34 13 om
750 1106 27 19 än
792 1105 36 20 det
842 1105 70 21 skulle

176 1138 71 21 hända
269 1142 31 17 att
322 1146 62 21 egare
406 1139 23 20 af
446 1138 80 21 sådana
543 1138 123 28 lägenheter
683 1139 47 21 icke
745 1138 118 22 afbördade
878 1140 34 27 sig

175 1173 60 20 ränta
251 1173 39 21 och
306 1173 128 28 amortering
450 1173 12 20 å
476 1172 61 21 deras
553 1173 43 26 län,
613 1173 39 20 och
668 1173 61 21 dessa
743 1173 32 21 till
788 1173 52 28 följd
853 1173 61 22 deraf

176 1207 83 20 komme
283 1209 31 17 att
336 1207 98 25 utsökas,
456 1207 24 20 så
498 1207 36 20 har
552 1207 37 20 det
606 1207 84 21 dermed
706 1207 56 21 dock
777 1207 62 29 ingen
856 1208 54 26 fara,

176 1240 134 21 alldenstund
329 1238 79 22 antalet
426 1240 24 20 af
462 1240 134 28 spekulanter
611 1240 11 20 å
638 1240 79 22 sådana
732 1241 127 28 egendomar
874 1242 38 20 all-

175 1274 31 24 tid
223 1274 22 20 är
260 1276 54 18 stort
329 1274 40 21 och
384 1274 49 20 vida
454 1275 68 19 större
540 1274 25 20 än
584 1274 13 21 å
612 1274 130 28 betydligare
758 1275 153 28 possessioner.

173 1307 66 28 Hvad
258 1309 45 20 åter
323 1307 99 21 beträffar
440 1308 93 20 medlens
549 1308 189 28 användningssätt
753 1309 40 21 och
808 1309 103 21 huruvida

174 1342 37 23 det
232 1341 84 21 komme
338 1344 31 18 att
390 1342 38 20 ske
450 1342 32 20 till
502 1342 137 26 jordbrukets
658 1346 69 23 nytta,
746 1343 23 20 så
788 1344 22 19 är
825 1343 38 28 jag
878 1344 32 19 öf-

174 1375 103 28 vertygad
302 1378 30 18 att
350 1376 7 20 i
376 1374 25 22 de
423 1374 60 22 flesta
501 1375 37 20 fall
554 1376 38 19 hos
607 1375 26 21 de
648 1376 81 20 mindre
741 1376 169 28 jordbrukarene

174 1409 68 23 fiones
256 1408 67 29 insigt
337 1408 40 22 och
396 1408 96 28 förmåga
510 1415 43 21 nog
572 1412 30 17 att
617 1408 71 22 kunna
703 1410 98 28 uppfatta
816 1410 93 22 nödvän-

173 1443 102 28 digheten
297 1443 24 21 af
337 1442 93 22 medlens
448 1443 55 20 rätta
522 1442 148 27 användande,
685 1451 33 13 om
734 1444 41 22 ock
790 1444 119 29 medgifvas

173 1477 66 24 måste
262 1479 30 19 att
317 1476 91 29 insigten
431 1476 73 22 derom
526 1477 24 21 är
572 1476 127 24 allmännare
719 1478 62 22 bland
801 1478 25 22 de
842 1480 68 22 större
