1028 1775
214 174 42 25 200

187 236 37 24 väl
244 236 48 24 icke
314 236 61 24 alltid
396 236 62 22 torde
480 243 51 17 vara
549 236 66 22 fallet,
648 229 138 31 Åtminstone
804 237 37 20 äro
856 235 71 25 finska

187 270 83 29 sjömän
291 270 63 22 äfven
373 270 25 22 af
412 270 152 29 utländningar
578 270 127 27 eftersökte,
721 270 65 23 bland
801 273 64 20 annat
879 270 48 22 der-

187 304 56 27 före,
266 307 31 20 att
318 305 27 22 de
362 305 99 28 vanligen
480 305 37 21 äro
532 304 137 22 användbara
683 304 63 22 äfven
762 304 36 21 vid
813 304 67 23 andra
894 311 33 15 ar-

187 338 63 23 beten
264 339 27 21 än
306 339 38 26 de,
358 345 47 14 som
418 339 133 22 förekomma
565 337 36 23 vid
613 338 40 21 den
664 338 109 29 egentliga
783 337 144 30 seglationen,

187 373 71 22 såsom
272 373 96 28 tackling
384 373 40 20 och
439 371 155 30 segelsömnad.
623 371 65 23 Hvad
703 372 46 22 åter
765 371 98 23 beträffar
878 372 50 21 herr

187 407 140 30 Lindeqvists
343 407 139 28 anmärkning
498 409 57 19 emot
569 405 42 22 den
625 406 58 27 kost,
699 407 82 27 sjömän
796 406 82 29 åtnjuta
892 413 36 16 om

187 440 145 28 skeppsbord,
354 441 24 21 så
399 441 103 27 förtjenar
519 440 69 22 denna
606 441 141 27 anmärkning
765 440 82 30 knappt
861 441 67 28 något

188 474 132 23 bemötande.
356 473 45 25 För
422 477 31 21 att
472 474 67 21 likväl
559 473 74 32 belysa
648 474 64 21 saken
729 474 40 23 och
784 475 46 23 visa
845 477 31 20 att
891 483 37 13 an-

187 508 141 29 märkningen
350 509 7 20 i
379 508 116 21 allmänhet
513 509 19 28 ej
551 508 38 21 har
608 508 46 22 skäl
673 509 34 20 för
722 509 34 28 sig
771 508 40 22 och
826 509 102 23 särskildt

187 542 49 24 icke
257 542 57 23 hvad
334 542 100 22 beträffar
453 542 130 28 Brahestad,
603 543 36 21 ber
655 543 38 28 jag
708 546 31 18 att
754 543 22 23 få
790 543 98 24 meddela
902 551 26 15 en

187 577 87 30 uppgift
292 577 29 31 på
338 577 27 22 de
383 577 137 27 födoämnen,
536 584 47 14 som
598 577 14 23 &
625 577 72 29 fartyg
712 577 48 23 från
774 577 91 24 nämnde
880 578 48 23 stad

188 611 120 28 användas,
323 611 121 22 beräknade
459 612 33 21 för
507 619 26 14 en
548 619 49 13 man
612 611 67 21 under
689 619 27 13 en
727 612 86 28 vecka.
824 614 41 22 Att
876 620 54 22 upp-

187 646 68 21 räkna
268 645 163 29 matordningen
447 646 34 21 för
496 646 72 28 hvarje
584 645 93 22 särskild
691 646 43 28 dag
748 646 8 21 i
767 646 81 23 veckan
860 647 70 23 skulle

188 680 34 22 för
236 680 87 28 mycket
337 682 52 26 taga
403 679 96 24 ståndets
515 680 30 24 tid
561 679 6 21 i
583 679 98 28 anspråk.
715 679 70 23 Dessa
800 680 129 23 födoämnen

189 714 46 24 äro:
250 714 55 22 bröd
320 715 35 20 nio
370 714 77 28 skålp.,
462 714 57 23 ärter
534 714 52 21 eller
601 714 67 21 bönor
683 714 48 28 fyra
741 714 76 28 skålp.,
829 715 57 21 smör
900 717 30 20 ett

188 748 55 25 balft
257 748 76 28 skålp.,
349 748 48 21 kött
412 748 46 28 fyra
473 748 77 28 skålp.,
565 747 55 22 fläsk
635 748 36 21 två
686 748 40 21 och
738 751 31 18 ett
779 751 63 28 qvart
852 748 78 29 skålp.,

187 782 86 29 risgryn
285 786 31 18 ett
326 782 54 22 halft
391 782 76 28 skälp.,
479 782 76 22 socker
566 785 94 24 tregvart
671 782 77 27 skälp.,
760 782 63 28 kaffe,
831 782 99 28 obrändt,

188 817 44 23 tolf
243 816 47 28 lod,
309 817 36 21 thé
360 816 36 22 två
410 816 46 28 lod,
472 816 67 24 ättika
554 816 36 22 två
605 820 85 26 qvarter
705 817 51 22 eller
771 817 41 21 ock
827 825 26 13 en
866 818 65 30 jung-

189 852 33 22 fru
244 851 113 24 citronmaft
378 850 41 22 och
438 850 115 28 hvetemjöl
572 854 31 18 ett
617 851 55 23 halft
687 851 69 28 skålp.
786 852 77 22 Denna
877 855 54 19 mat-

189 886 101 28 ordning,
306 893 46 14 som
366 885 108 28 tillämpas
490 885 23 23 sä
528 887 58 18 snart
602 885 93 28 fartyget
710 886 56 22 efter
777 886 85 23 afresan
873 886 58 24 hem-

188 919 56 23 ifrän
259 919 117 22 ankommit
390 919 32 20 till
438 919 102 21 utländsk
555 919 74 26 hamn,
644 919 38 22 der
696 927 26 13 en
737 918 35 23 del
784 920 25 20 af
817 919 114 24 förnöden-

189 954 86 21 heterne
290 953 118 26 anskaffas,
424 953 23 20 är
461 953 119 29 uppslagen
597 953 6 20 i
619 953 102 26 skansen,
737 953 23 24 sä
773 956 30 20 att
815 954 116 23 besättnin-

189 995 41 23 gen
245 987 43 22 kan
303 987 132 22 kontrollera
450 990 31 18 att
496 987 40 21 den
552 987 111 28 verkligen
678 987 69 28 följes.
778 988 49 22 Den
842 989 24 20 är
877 996 55 23 upp-

189 1022 63 29 gjord
270 1022 8 20 i
296 1021 69 23 likhet
382 1021 48 21 med
451 1021 51 26 den,
518 1028 45 14 som
579 1021 62 27 följes
657 1021 12 21 ä
684 1021 102 28 engelska
801 1022 39 22 och
857 1023 75 22 ameri-

189 1055 83 23 kanska
287 1055 79 28 fartyg,
380 1054 40 23 och
433 1055 38 28 jag
486 1058 45 21 tror
546 1058 31 18 att
592 1054 41 24 den
647 1055 42 21 kan
701 1055 184 24 rekommenderas
898 1056 34 23 för

189 1090 63 21 hvem
274 1097 46 14 som
343 1089 60 21 helst.
439 1088 44 28 Jag
502 1096 61 14 anser
583 1088 123 29 härigenom
725 1089 48 23 herr
791 1089 140 31 Lindegvists

190 1123 144 24 framkastade
350 1123 146 31 beskyllning,
512 1126 31 18 att
557 1123 51 21 våra
623 1123 81 29 sjömän
718 1123 7 21 i
741 1123 99 24 afseende
856 1124 12 23 ä
882 1124 50 24 kost

191 1158 68 22 skulle
274 1157 117 22 behandlas
407 1157 136 29 omenskligt,
557 1165 52 13 vara
623 1157 50 22 fullt
688 1157 123 29 vederlagd,
821 1159 111 23 ätminsto-

191 1200 26 14 ne
239 1192 57 21 hvad
315 1191 66 29 angår
399 1191 40 21 den
458 1194 34 20 ort
507 1192 38 29 jag
560 1191 38 23 har
613 1192 50 21 äran
679 1194 31 19 att
725 1192 39 23 bär
778 1196 153 24 representera,

191 1226 53 22 Men
266 1226 105 22 måhända
393 1226 23 22 är
438 1225 144 22 förhållandet
604 1226 131 23 annorlunda
756 1226 8 24 i
788 1226 143 32 Björneborg.

191 1260 80 23 Derom
287 1267 50 22 eger
348 1260 39 29 jag
402 1260 18 28 ej
436 1259 127 23 kännedom.

258 1304 57 24 Herr
328 1304 136 22 Hultman:
493 1304 35 21 Då
547 1306 47 20 herr
612 1304 129 28 Lindeqvist
759 1313 28 15 nu
806 1306 23 22 är
848 1306 84 22 fränva-

192 1338 74 26 rande,
285 1338 95 21 anhåller
394 1338 36 27 jag
446 1345 34 14 om
496 1338 127 26 petitionens
639 1338 159 29 bordläggning
811 1339 55 23 intill
881 1340 50 22 dess

192 1372 41 24 han
248 1371 77 31 hinner
343 1371 131 22 återkomma
491 1370 40 22 och
548 1371 41 24 blir
603 1372 8 20 i
625 1372 85 22 tillfälle
725 1376 31 18 att
771 1372 96 24 försvara
881 1373 51 22 den-

193 1414 86 16 samma.
301 1405 65 23 Hvad
378 1405 52 22 hans
442 1405 141 29 anmärkning
595 1406 109 29 angående
716 1406 75 24 kosten
800 1415 33 14 om
842 1408 90 31 skepps-

193 1441 55 22 bord
266 1440 107 27 beträffar,
391 1440 24 22 så
433 1440 61 24 torde
512 1440 53 22 hans
580 1440 85 29 mening
680 1441 87 23 dermed
782 1441 64 24 hafva
861 1442 71 23 blifvit

194 1477 55 20 orätt
263 1475 119 30 uppfattad.
412 1474 50 24 Han
477 1475 122 25 förklarade
614 1475 105 30 nemligen
735 1476 34 21 för
784 1477 44 28 mig
838 1477 94 25 enskildt
