1003 1745
179 145 40 23 518

218 212 58 22 Herr
290 212 87 21 Holm:
407 212 51 22 Med
475 212 115 28 anledning
605 213 24 21 af
641 212 56 22 hvad
712 212 50 22 herr
777 207 116 33 Öhrnberg

140 253 62 23 nyss
217 248 77 28 yttrat,
311 246 37 21 vill
361 247 38 27 jag
413 246 56 21 fästa
484 242 214 33 uppmärksamheten
713 246 86 27 dervid,
815 249 31 19 att
861 250 32 18 ut-

151 280 81 28 skottet
249 280 7 22 i
272 280 119 21 motiverna
407 280 30 21 till
453 281 38 21 sitt
507 280 131 22 betänkande
654 281 69 21 såsom
739 280 154 29 hufvudgrund

149 315 35 21 för
203 318 31 18 ett
252 313 141 29 straffsystem
413 314 82 28 antagit
512 315 103 21 rättvisan
632 315 39 21 och
687 314 75 22 endast
777 316 70 20 såsom
863 316 31 20 bi-

151 348 110 27 ändamål,
281 352 58 17 utom
357 348 50 21 flere
427 349 76 26 andra,
519 349 61 21 ätven
597 350 145 28 förbrytarens
757 350 136 27 förbättring.

153 382 43 23 Till
211 391 25 13 en
253 382 65 22 sådan
333 383 56 27 åsigt
405 382 52 22 bade
469 383 166 21 kriminalrätten
648 384 63 27 gifvit
723 384 37 22 full
772 384 121 29 anledning,

152 418 45 21 Det
214 418 24 20 är
256 420 62 19 sannt
337 421 30 18 att
386 421 80 17 vatten.
482 418 41 20 och
539 417 137 22 brödstraffet
692 418 46 21 icke
753 418 79 27 precist
847 425 47 13 ver-

152 451 39 22 kar
207 451 129 28 förbättring
350 451 40 20 hos
406 451 145 28 förbrytaren,
566 459 47 13 men
626 451 210 27 hufvudändamålet,
847 459 47 15 som

152 487 24 20 är
191 486 116 21 rättvisans
324 485 123 28 utöfvande,
464 486 41 21 kan
521 486 123 27 derigenom
659 487 28 28 på
701 490 31 17 ett
743 487 98 28 lämpligt
852 487 43 20 sätt

152 519 166 23 åstadkommas.
348 519 75 21 HFäster
438 528 47 13 man
501 520 34 27 sig
550 520 108 21 dessutom
674 521 5 20 i
692 521 116 22 allmänhet
818 521 37 20 vid
868 521 27 21 de

153 554 59 22 olika
233 554 158 21 straffarternas
413 554 156 26 beskaffenhet,
592 555 23 20 så
634 555 54 21 skall
707 563 48 13 man
774 555 47 22 icke
836 555 60 22 finna

153 588 67 28 något
235 588 55 21 enda
305 588 70 27 straff,
391 595 45 13 som
452 588 83 21 direkte
551 588 77 21 verkar
643 588 30 21 till
691 589 145 28 förbrytarens
851 596 45 14 mo-

152 622 81 22 raliska
249 622 136 28 förbättring.
408 621 52 22 Man
476 623 41 20 kan
533 625 56 18 t.ex.
606 622 46 21 icke
668 623 51 27 säga
735 626 31 19 att
781 623 116 28 penninger

154 657 61 22 böter
230 657 65 21 hafva
309 664 25 13 en
351 656 64 21 sådan
431 656 116 29 egenskap.
577 656 27 29 Ej
621 656 66 23 heller
702 657 66 21 andra
783 657 69 26 straff,
864 657 33 22 sä-

154 698 46 15 som
222 691 128 29 landsflykt,
374 691 75 21 förlust
468 691 24 20 af
507 691 82 21 embete
604 691 52 22 eller
671 691 191 29 näringsrättighet
878 699 19 15 o.

155 734 16 15 8,
188 733 19 14 v,
243 725 52 23 Icke
319 733 36 14 ens
378 725 162 22 frihetsstraffen
559 725 72 22 kunna
646 727 7 20 i
668 726 40 21 och
724 727 33 21 för
773 726 33 29 sig
821 727 77 28 sjelfva

155 760 64 21 hafva
234 763 30 18 ett
279 759 75 23 sädant
369 759 127 28 inflytande,
513 760 99 21 hvarföre
627 767 48 15 man
691 760 68 28 ocksä
769 760 65 25 insett
846 760 52 21 nöd-

154 794 144 28 vändigheten
319 794 22 22 af
359 798 30 18 att
405 794 158 27 undergäendet
579 794 23 21 af
614 794 63 22 dessa
692 794 130 22 sistnämnde
838 794 63 23 straff

154 829 85 21 förenas
263 828 48 22 med
334 830 30 19 ett
382 828 58 28 slags
461 828 238 29 uppfostringssystem,
715 829 40 21 och
771 830 37 21 der
823 829 76 22 sädant

156 863 127 25 uraktlätes,
301 862 68 22 finner
389 870 47 14 man
453 866 30 19 att
499 862 101 22 frihetens
617 863 76 22 förlust
707 870 87 14 snarare
809 864 90 20 försäm-

155 904 35 15 rar
207 898 26 20 än
254 897 115 21 förbättrar
389 896 130 22 menniskan.
556 895 96 23 Sålunda
667 897 39 21 hör
721 905 48 14 man
785 905 24 18 en
825 897 28 28 pä
868 905 32 13 er-

156 932 97 21 farenhet
268 930 98 29 grundad
382 931 77 27 klagan
475 930 99 23 deröfver
589 933 31 18 att
635 930 140 29 brottslingar
791 931 50 28 utgå
853 931 47 23 från

155 965 51 21 våra
228 965 128 22 länehäkten
376 965 39 20 och
435 964 239 23 korrektionsanstalter
690 973 57 13 mera
762 965 138 22 förderfvade

157 1000 26 19 än
199 999 26 21 de
241 999 61 26 varit,
319 999 28 21 dä
361 999 26 20 de
404 999 71 20 blefvo
491 999 38 21 der
544 999 93 28 intagne.
667 998 48 23 Den
731 1003 58 18 stora
804 999 97 23 fördelen

140 1033 2 2 *
156 1035 24 19 af
193 1034 145 27 cellsystemet
353 1033 93 28 grundar
461 1033 34 28 sig
510 1033 44 22 helt
569 1032 39 21 och
625 1033 65 22 hållet
704 1033 28 30 pä
747 1034 40 20 den
803 1040 98 21 omsorg,

156 1075 47 14 man
224 1075 65 20 egnar
307 1068 22 20 ät
348 1068 146 27 förbrytarens
510 1067 116 22 moraliska
641 1067 58 22 vård.
736 1067 126 23 Emellertid
878 1069 23 21 är

157 1101 32 22 nu
201 1105 82 18 vatten-
298 1102 40 21 och
355 1101 147 26 brödstraffet,
518 1101 82 22 hvilket
614 1109 25 13 en
655 1101 34 22 del
705 1101 66 22 talare
787 1105 69 20 ansett
868 1103 34 20 för

158 1138 93 26 strängt,
274 1136 67 21 andra
363 1136 44 21 äter
427 1137 32 19 för
477 1135 63 22 mildt
559 1136 40 21 och
614 1135 32 23 till
664 1135 39 22 och
719 1136 48 21 med
783 1136 119 23 önskvärdt

157 1171 34 20 för
206 1171 141 26 förbrytaren,
363 1170 24 22 af
401 1169 39 21 den
458 1168 180 27 beskaffenheten,
654 1172 31 18 att
699 1170 104 21 rättvisan
818 1169 84 28 derige-

158 1211 49 13 nom
223 1199 46 25 kan
281 1203 156 21 ästadkommas
454 1203 81 28 hastigt
550 1203 39 20 och
606 1206 49 18 utan
671 1203 68 27 några
752 1203 62 22 svåra
825 1204 78 28 päfölj

158 1238 37 20 der
214 1238 33 22 för
265 1238 41 22 dem
323 1237 133 25 afstraffade;
479 1240 23 25 ty
519 1237 123 28 isynnerhet
656 1237 47 21 med
719 1237 26 22 de
762 1237 24 22 af
798 1237 105 24 utskottet

158 1271 123 30 föreslagna
303 1271 173 22 modifikationer
495 1271 7 20 i
521 1270 92 22 straffets
637 1271 158 21 verkställande
816 1271 86 24 komme

158 1305 145 26 förbrytarens
328 1304 58 22 helsa
409 1305 18 27 ej
451 1307 30 19 att
500 1304 43 20 lida
563 1305 23 19 af
602 1304 127 22 detsammas
745 1303 157 29 undergäende.

159 1338 60 22 Skall
235 1338 89 28 intygan
340 1338 6 20 i
362 1337 57 22 detta
436 1338 99 22 afseende
552 1337 102 23 behöfvas
670 1338 21 20 af
702 1338 71 28 någon
785 1338 118 24 medicinsk

159 1372 126 26 auktoritet,
301 1372 24 21 sä
341 1372 41 21 kan
395 1373 37 29 jag
448 1372 93 30 åberopa
557 1372 83 22 landets
655 1375 14 19 t.
682 1372 14 22 f,
712 1372 190 29 generaldirektör,

159 1407 48 21 herr
230 1407 109 27 professor
361 1413 40 15 von
421 1406 146 27 Willebrand,
591 1413 56 20 som,
668 1408 55 21 efter
743 1406 57 22 hvad
818 1407 36 22 det
870 1408 34 22 för

157 1442 44 29 mig
225 1441 109 29 omtalats,
357 1441 38 23 har
413 1441 74 28 härom
507 1441 35 24 vid
561 1444 30 20 ett
604 1440 149 31 ridderskapet
768 1441 40 22 och
823 1441 76 25 adelns
