1011 1823
778 173 42 25 383

113 276 4 3 N
176 242 13 33 $
207 247 26 21 38
252 246 126 30 godkändes
396 247 23 21 af
435 246 85 22 ståndet
538 241 103 34 enhälligt
655 248 50 20 utan
720 246 71 29 någon
805 246 44 22 dis-

109 280 96 22 kussion.

398 320 58 29 Kap:
472 321 14 21 4
501 322 12 26 $
529 321 33 21 39.

178 354 40 22 Uti
235 356 70 20 denna
320 356 13 28 &
348 355 86 22 föreföll
452 355 122 22 diskussion
589 354 91 23 rörande
695 354 94 29 följände
804 355 45 21 deri

111 391 109 27 Upptagne
234 392 126 20 momenter;

426 434 68 22 Mom.
510 435 20 22 d.

177 468 57 22 Herr
250 464 150 34 Öhrnberg:
429 469 76 30 Enligt
527 470 43 21 min
588 469 64 22 tanke
671 477 51 14 vore
740 470 37 21 det
796 477 52 21 nog,

111 505 32 20 att
163 503 138 23 länsmannen
323 504 69 22 allena
408 505 81 20 erhölle
506 504 153 21 underrättelse
678 512 35 13 om
728 505 27 20 de
770 504 81 21 förhäl-

110 537 87 28 lander,
213 538 88 21 hvarom
317 539 7 20 i
338 546 63 14 mom.
416 539 146 25 omförmäles;
584 546 40 13 men
634 538 33 21 -dä
681 539 8 20 i
704 539 69 28 begge
789 539 61 20 alter-

111 573 109 22 nativerne
240 573 72 22 blifvit
329 573 116 29 föreslaget
463 576 31 19 att
511 573 98 28 kunskap
624 573 73 21 derom
713 573 66 22 ocksä
795 573 55 22 skall

105 607 114 22 meddelas
234 607 200 27 veterinärläkaren,
445 608 38 21 vill
496 609 37 27 jag
547 609 18 27 ej
582 607 80 22 föreslå
675 608 71 28 någon
762 607 90 22 afvikel-

111 649 23 14 se
152 641 47 22 från
218 642 143 21 betänkandet
374 642 7 21 i
397 642 59 21 detta
470 641 104 22 afseende:
608 642 44 28 Jag
667 649 61 14 anser
743 642 36 21 det
794 642 57 21 dock

111 683 53 14 vara
182 675 137 30 öfverflödigt
334 679 31 18 att
379 672 230 33 kommunalnämnden
623 677 8 20 i
647 677 80 21 sädana
742 676 37 21 fall
794 676 58 21 med-

111 710 59 22 delar
189 711 34 28 sig
241 710 48 22 med
305 711 143 28 guvernören,
464 711 88 21 emedan
567 711 148 26 länsmannen,
731 711 53 21 efter
799 718 53 14 vun-

111 752 41 14 nen
173 744 121 22 kännedom
317 753 33 13 om
373 745 153 27 förbällandet,
548 745 48 21 icke
618 745 54 21 lärer
691 744 111 22 underlåta
822 747 31 18 att

111 778 73 22 derom
204 779 32 21 till
254 779 134 29 guvernören
406 779 112 21 inberätta.
554 779 141 22 Guvernören
710 779 95 20 kommer
820 778 34 21 sä-

111 813 65 22 lunda
198 816 30 19 att
247 813 80 21 erhålla
345 813 168 21 änderrättelsen
529 813 45 21 från
590 813 37 20 två
642 813 42 20 håll
700 813 41 21 och
755 813 97 21 kommu-

111 848 153 21 nalnämndens
280 847 71 22 arbete
366 847 38 22 har
420 847 122 29 onödigtvis
558 847 72 22 blifvit
645 847 71 22 ökadt.

179 893 57 22 Herr
251 893 166 29 Tengström:
446 893 150 22 Länsmännen
619 893 33 21 stä
674 893 18 28 ej
713 893 7 21 i
738 900 26 14 en
787 893 66 22 sådan

113 928 86 29 ständig
221 929 41 20 och
281 928 113 22 oafbruten
413 928 100 28 beröring
530 928 47 21 med
593 928 106 28 allmogen
714 928 6 20 i
736 928 43 20 alla
793 927 60 21 delar

112 964 25 20 af
149 963 138 25 kommunen,
302 970 45 13 som
362 962 60 21 fallet
438 962 39 21 blir
492 962 47 21 med
551 962 236 26 kommunalnämnden,
799 961 55 21 hvil-

112 996 42 21 ken
169 996 94 21 kommer
278 1000 31 16 att
323 997 88 27 utgöras
427 996 25 20 af
463 1003 102 20 personer
580 996 47 20 från
643 996 78 27 skiljda
736 996 81 20 träkter
832 996 24 20 af

112 1030 134 22 kommunen.
283 1030 151 21 Länsmannen
456 1030 23 21 är
498 1029 108 22 dessutom
625 1030 44 21 ofta
688 1030 27 28 pä
729 1037 67 19 resor,
812 1030 41 20 och

112 1064 52 22 flere
186 1064 182 28 omständigheter
390 1064 72 21 kunna
483 1064 56 21 välla
562 1067 30 17 att
611 1064 41 21 han
670 1064 47 21 icke
735 1064 45 21 lika
795 1066 59 19 snart

112 1106 47 14 som
181 1098 228 22 kommunalsämaden
432 1098 90 21 erhåller
544 1098 100 28 kunskäp
666 1105 34 14 om
724 1098 73 28 yppad
816 1098 38 20 bo-

112 1133 164 29 skapssjukdom
292 1134 6 20 i
313 1132 134 22 kommunen.
476 1132 43 29 Jag
534 1132 50 22 ville
600 1132 84 21 derföre
700 1132 107 22 bibehålla
821 1132 33 21 fö-

112 1168 114 21 reskriften
246 1175 33 13 om
295 1167 116 21 nämndens
427 1167 124 29 skyldighet
565 1169 32 18 att
610 1166 123 22 underrätta
747 1166 107 28 guvernö-

112 1210 38 13 ren
168 1209 35 14 om
222 1202 37 20 fall
280 1202 24 20 af
319 1197 163 32 ifrägavarande
498 1200 154 28 beskaffenhet,
667 1200 125 29 isynnerhet
807 1208 46 14 som

111 1237 38 27 jag
165 1236 17 28 ej
198 1243 34 13 ser
247 1235 70 29 någon
333 1235 67 21 skada
414 1235 63 22 deraf
490 1238 30 18 att
534 1232 134 32 guvernören
683 1235 92 21 erhåller
786 1234 68 22 dubb-

112 1271 22 21 la
148 1272 111 26 rapporter
274 1270 6 21 i
296 1277 80 13 samma
390 1270 46 21 sak.

181 1315 57 21 Herr
254 1310 148 34 Öhrnberg:
425 1315 45 28 Jag
485 1315 38 21 har
533 1316 18 27 ej
563 1312 80 32 påstått
655 1317 31 19 att
697 1315 72 28 någon
780 1318 73 25 egent-

113 1350 32 28 lig
159 1350 67 22 skada
241 1350 69 21 skulle
325 1349 92 29 härflyta
432 1350 24 21 af
468 1349 26 21 de
508 1346 80 25 däbbla
603 1347 153 23 skrifvelsernä
771 1349 32 21 till
816 1356 39 21 gu-

113 1385 114 26 vernören,
249 1387 52 18 utan
319 1385 39 27 jag
380 1384 39 21 har
441 1387 88 18 motsatt
545 1384 46 28 mig
609 1384 59 20 detta
687 1383 74 21 endast
776 1381 33 23 för
825 1385 31 19 att

113 1418 85 22 minska
212 1418 116 22 nämndens
344 1418 82 26 arbete,
442 1418 50 21 enär
505 1418 32 21 uti
551 1418 151 28 ifrägakommne
716 1416 38 22 fall
768 1416 89 28 sådant,

113 1455 50 18 utan
186 1455 30 17 att
238 1452 76 27 sjelfva
335 1452 66 21 saken
421 1452 63 20 deraf
498 1453 87 19 komme
602 1454 31 18 att
650 1451 55 27 lida,
719 1451 82 27 ganska
816 1451 36 20 väl

114 1485 71 22 kunde
199 1485 44 21 ske.
