1014 1745
201 120 28 22 38

174 182 127 23 välbetänkt
314 185 32 19 att
360 189 28 15 nu
403 183 54 21 söka
467 183 168 28 tillvägabringa
646 190 26 14 en
683 182 148 29 skiljaktighet
841 183 8 23 i
860 182 59 27 stån«

175 216 53 22 dens
243 217 71 21 beslut
329 217 109 28 angående
453 217 56 21 blott
523 224 26 15 en
564 216 66 22 siffra.

242 261 58 22 Herr
314 261 97 24 Mölsä:
433 262 44 29 Jag
491 262 40 21 har
545 262 76 29 begärt
635 262 62 21 ordet
712 262 34 24 för
760 264 32 20 att
806 261 112 29 angående

174 297 49 21 mitt
243 296 83 29 förslag
348 303 34 15 om
400 297 125 28 minskning
543 297 25 21 af
582 296 194 25 nämndemännens
791 296 58 21 antal
864 303 55 21 upp-

174 330 59 28 lysa,
252 333 31 18 att
301 331 34 20 för
353 330 36 22 det
407 331 24 20 så
449 330 84 23 kallade
549 331 200 29 januariutskottet,
763 330 80 22 hvaraf
855 330 64 21 äfven

173 365 39 28 jag
233 364 55 22 hade
309 365 52 21 äran
383 371 50 18 vara
451 372 26 13 en
495 364 104 26 medlem,
619 364 142 22 framställdes
777 365 23 22 af
813 364 107 29 styrelsen

176 405 27 15 en
225 398 61 29 fråga
307 406 35 13 om
363 399 158 28 förminskning
540 399 25 21 af
579 399 38 21 det
635 399 57 21 antal
711 399 124 26 ledamöter,
851 406 46 14 som
912 399 9 20 i

175 432 107 22 särskilda
296 432 118 22 domstolar
429 433 107 21 erfordras
552 434 34 20 för
601 435 30 19 att
645 433 70 22 rätten
731 433 55 23 skall
798 440 51 14 vara
860 433 60 22 dom-

175 466 41 22 för.
245 466 79 22 Denna
338 466 71 29 fråga,
425 467 61 21 hvari
502 468 79 24 antalet
596 467 24 21 af
632 467 141 23 nämndemän
785 466 89 23 föreslås
887 467 33 21 till

176 500 54 28 fem,
251 500 117 23 hänfördes
387 502 24 20 af
426 502 104 23 utskottet
547 502 34 20 till
596 501 112 29 kategorin
724 502 25 20 af
760 501 83 24 mindre
858 501 63 22 bråd-

176 534 84 22 skande
281 535 52 22 eller
351 535 90 28 sådana,
460 543 46 15 som
524 536 105 21 utskottet
643 536 67 28 ansåg
724 536 73 21 kunna
812 536 61 21 anstå
887 536 34 23 till

176 570 64 21 nästa
257 569 94 21 härefter
369 569 94 28 följande
481 569 108 29 landtdag.
626 569 45 29 Jag
686 570 37 21 har
738 570 86 21 derföre
839 570 83 28 antagit

177 603 72 22 såsom
271 600 109 28 sannolikt
402 606 31 18 att
454 604 163 29 propositionen
640 603 73 24 derom
733 604 85 24 komme
835 607 32 20 att
885 603 37 25 vid

177 638 63 21 nästa
260 638 105 28 landtdag
386 634 137 32 framläggas.
561 637 36 25 En
615 638 68 24 sådan
702 636 137 32 proposition
857 644 66 22 synes

178 672 75 28 äfven,
276 672 25 21 så
321 671 48 21 vidt
389 671 42 25 den
450 672 67 28 angår
535 671 192 28 nämndemännen,
746 672 65 22 hafva
826 672 47 24 skäl
889 672 35 32 för

178 706 44 29 sig,
239 705 126 29 isynnerhet
382 713 35 14 om
432 706 123 28 tingslagen
570 706 85 24 komme
669 709 31 18 att
716 706 135 24 förminskas.
881 706 43 21 Åt-

179 740 106 22 minstone
308 740 43 22 kan
370 740 39 29 jag
426 740 48 22 icke
492 740 45 22 inse
554 740 56 23 hvad
625 740 47 29 vigt
687 740 66 29 derpå
769 740 70 23 skulle
853 740 72 30 ligga,

179 777 32 19 att
225 775 79 21 antalet
318 775 25 21 af
355 775 141 25 nämndemän
511 782 51 14 vore
577 776 76 21 större.
685 770 48 29 För
745 775 68 28 öfrigt
827 774 97 24 kommer

179 812 36 22 det
227 812 35 28 ju,
277 812 67 28 enligt
358 811 59 22 såväl
433 812 40 21 den
488 812 134 23 framställda
636 812 173 28 propositionen,
821 819 46 14 som
879 812 46 28 lag-

169 847 126 21 "utskottets
313 846 93 28 förslag,
424 846 64 23 äfven
507 854 35 14 om
557 847 78 24 minsta
650 846 81 26 antalet
746 846 24 22 af
782 846 142 25 nämndemän

179 880 127 22 bestämmes
321 879 34 22 till
369 880 42 28 sju,
431 883 32 18 att
477 880 51 22 bero
543 881 28 28 på
586 880 187 29 tingslagsboerne
788 883 31 18 att
834 880 92 25 tillsätta

179 917 32 20 ett
225 915 69 21 större
309 914 64 22 antal.

247 959 58 22 Herr
319 959 148 22 talmannen
484 960 134 22 framställde
632 967 29 14 nu
672 960 96 29 följande
778 961 148 30 proposition:

247 995 98 28 Antager
360 994 85 22 ståndet
459 995 13 28 &
490 995 10 20 1
516 995 7 20 i
538 995 153 28 lagutskottets
703 994 153 22 betänkande
844 990 15 37 i
869 995 56 22 oför-

180 1029 92 22 ändradt
286 1028 78 27 skick?

247 1069 167 28 Propositionen
433 1069 128 22 besvarades
580 1069 24 21 af
620 1069 85 22 ståndet
719 1069 49 21 med
783 1069 146 29 öfvervägan-

180 1104 28 22 de
219 1104 30 29 ja.

249 1144 25 28 $$
289 1144 15 25 2
321 1143 43 26 och
381 1143 13 22 3
413 1144 8 20 i
439 1144 116 21 utskottets
570 1144 93 28 förslag,
681 1144 75 24 hvilka
774 1151 29 13 nu
820 1144 54 21 hvar
892 1144 35 22 för

180 1178 36 28 sig
231 1178 136 28 föredrogos,
382 1180 91 26 antogos
488 1177 71 29 begge
574 1177 104 29 enhälligt
693 1180 51 18 utan
759 1177 132 26 diskussion.

249 1222 46 22 Vid
312 1222 159 31 behandlingen
487 1223 24 21 af
524 1224 12 27 &
552 1224 13 20 4
580 1223 7 21 i
601 1222 117 22 utskottets
733 1222 92 29 förslag,
841 1223 88 27 yttrade

181 1257 35 29 sig
231 1256 94 28 följande
341 1257 24 20 af
377 1256 95 22 ståndets
487 1257 149 21 medlemmar:

249 1290 58 20 Herr
321 1290 156 25 Frenckell:
506 1290 45 25 För
565 1290 43 20 min
623 1289 35 21 del
674 1289 70 28 hyllar
756 1290 39 26 jag
810 1295 79 15 samma
905 1290 22 20 å-

182 1323 54 28 sigt,
255 1330 46 14 som
315 1323 151 28 kyrkoherden
481 1322 127 29 Rosengren
623 1323 7 20 i
646 1323 33 20 sin
693 1323 131 20 reservation
841 1323 86 27 uttalat,

182 1357 53 22 eller
249 1359 32 19 att
296 1357 35 21 val
345 1357 25 21 af
382 1357 141 21 nämndeman
538 1357 67 22 borde
620 1357 101 21 anställas
735 1357 35 21 vid
783 1357 144 22 socknestäm-

183 1399 35 14 ma
235 1391 52 23 eller
304 1392 58 21 inför
381 1391 214 30 kommunalstyrelse
611 1391 40 22 och
667 1393 18 27 ej
701 1392 57 22 inför
772 1392 155 23 häradsrätten.

183 1426 62 22 Mina
262 1422 91 41 motiver
371 1425 73 23 härtill
459 1427 37 21 äro
512 1426 108 23 desamma
635 1433 46 15 som
697 1429 160 26 reservantens,
871 1435 60 14 nem-
