1014 1753
199 149 41 21 274

171 210 149 28 verutvexling
336 209 82 22 således
434 210 17 27 ej
468 209 71 21 kunde
554 209 187 27 tillvägabringas,
758 216 50 14 vara
824 208 89 29 förplig-

171 245 38 21 tad
224 247 31 19 att
269 244 57 22 hålla
341 243 246 29 hypotheksföreningen
603 242 106 22 tillhanda
724 243 145 21 annuiteterne
885 242 29 28 på

171 278 49 22 hela
241 278 57 21 lånet
320 278 32 20 till
375 277 45 28 pari
439 278 57 20 kurs.
534 276 64 22 Detta
617 284 73 14 senare
706 277 70 21 vilkor
791 284 64 21 synes
871 277 44 27 mig

173 320 51 14 vara
239 312 72 21 alltför
327 311 83 29 vädligt
425 312 33 20 för
473 311 90 21 banken.
593 312 48 20 Den
657 311 74 27 måste,
745 312 71 20 sävidt
831 312 85 27 möjligt

173 348 30 25 är,
222 345 95 29 skyddas
336 349 58 17 emot
408 345 59 21 såväl
485 346 70 20 denna
569 352 46 14 som
632 345 65 21 andra
712 345 67 21 vådor
794 345 39 20 och
849 346 68 20 förlu-

174 383 49 24 ster,
239 381 87 20 emedan
342 379 41 21 den
399 380 23 20 är
437 379 82 21 landets
535 378 56 22 bank
607 378 40 22 och
663 379 48 21 dess
727 379 102 28 ställning
845 379 70 20 såsom

173 414 67 21 sådan
262 415 24 19 är
307 414 24 20 af
347 414 79 20 största
443 413 48 28 vigt
509 413 33 21 för
557 413 48 20 hela
620 412 79 21 landet.
728 413 76 21 Blefve
820 413 97 20 deremot

174 448 95 21 bankens
285 447 130 21 förbindelse
430 447 7 20 i
453 447 99 22 afseende
567 447 12 21 å
594 447 144 21 annuiteterne
753 447 113 20 inskränkt
881 454 36 13 en-

174 481 49 22 dast
241 482 32 21 till
293 481 54 21 hvad
367 481 7 20 i
390 481 83 21 banken
489 481 128 28 deponeras,
632 481 23 20 så
670 488 63 21 synes
749 481 44 28 mig
808 489 51 13 vara
875 481 43 20 till-

175 515 93 28 räckligt
287 515 69 28 sörjdt
370 515 54 21 både
440 515 33 21 för
489 515 94 20 bankens
599 515 40 20 och
655 514 261 29 hypotbeksföreningens

175 550 114 26 intressen,
305 549 40 20 och
361 549 27 20 då
403 549 68 21 skulle
487 549 112 20 ständerne
616 549 62 20 äfven
694 549 46 28 gått
755 549 82 21 landets
853 549 64 21 önsk-

177 584 76 28 ningar
275 583 32 21 till
330 583 67 20 mötes
420 583 7 20 i
450 583 100 20 afseende
569 583 12 20 å
598 583 174 27 myntreformen.
802 582 117 29 Upptager

176 617 249 28 hypotheksföreningen
447 617 38 20 sitt
505 617 35 20 lån
559 616 32 21 till
611 616 66 29 högre
698 617 77 27 belopp
791 618 25 19 än
833 617 26 21 de
875 617 44 21 åtta

177 651 97 27 miljoner
289 650 70 27 mark,
375 657 45 14 som
436 650 85 21 komma
535 653 32 18 att
581 649 118 28 deponeras
714 650 7 21 i
737 651 94 26 banken,
847 651 24 20 så
886 651 34 21 må

177 685 126 27 föreningen
316 685 61 27 sjelf
396 685 57 27 sörja
472 685 33 21 för
520 685 145 20 annuiteterne
680 684 61 26 derå,
756 688 50 17 utan
822 688 31 17 att
869 685 50 21 ban-

178 720 41 20 ken
235 718 45 21 deri
295 718 118 21 inblandas.

246 752 57 21 Herr
317 752 98 22 Mölsä:
443 752 44 29 Jag
502 752 37 21 ber
554 755 31 18 att
600 752 21 21 få
636 752 73 21 förena
725 752 43 29 mig
784 753 46 21 med
846 752 26 22 de
887 755 34 19 ta-

179 788 54 26 lare,
257 794 46 15 som
322 786 96 22 förordat
436 790 30 17 ett
481 786 126 28 obetingadt
621 786 120 28 antagande
757 786 23 22 af
793 787 128 28 propositio-

180 829 48 14 nen.
261 820 80 23 Skälen
360 821 72 20 härför
447 820 64 22 hafva
526 820 66 26 redan
606 820 71 22 blifvit
692 820 127 29 tillräckligt
834 821 87 21 utveck-

181 856 54 21 lade.
266 854 91 22 Ståndet
375 862 64 20 synes
454 855 44 28 mig
513 855 45 21 häri
574 856 17 26 ej
609 854 52 21 böra
676 854 55 28 hysa
746 855 69 28 någon
832 856 89 26 tvekan,

181 893 24 25 ty
228 890 74 28 frågan
321 888 68 29 gäller
407 888 83 22 landets
506 888 115 28 vigtigaste
636 888 115 22 intressen:
769 889 153 21 understödan-

181 924 37 20 det
237 924 22 20 af
273 922 137 28 jordbruket,
426 922 78 22 hvaraf
517 923 62 21 äfven
595 923 26 20 de
637 923 68 27 öfriga
720 923 127 28 näringarne
863 924 36 20 äro
916 924 7 20 i

182 958 98 28 betydlig
295 957 47 21 mån
355 957 116 27 beroende,
486 956 40 21 och
538 956 178 22 säkerställandet
728 957 23 20 af
761 957 81 21 landets
855 961 67 25 mynt.

185 991 42 22 Om
247 992 62 20 äfven
326 991 82 21 banken
424 991 39 21 och
480 990 71 22 landet
567 998 76 21 genom
659 984 145 28 förbindelsen
819 992 6 20 i
842 992 81 20 afseen-

183 1026 27 21 de
232 1026 12 20 å
266 1026 147 20 annuiteterne
435 1025 28 28 på
480 1026 36 20 det
534 1025 109 21 blifvande
661 1026 58 20 lånet
737 1026 100 27 möjligen
853 1026 70 20 skulle

184 1059 129 28 tillskyndas
329 1059 70 28 någon
415 1059 85 26 förlust,
515 1059 24 20 så
555 1059 38 21 bör
609 1059 71 21 landet
691 1059 128 21 underkasta
831 1059 34 28 sig
876 1059 47 26 den,

184 1093 88 22 emedan
288 1093 58 21 detta
361 1094 23 20 är
399 1093 54 21 enda
469 1093 67 28 vägen
553 1093 31 21 till
600 1093 221 28 myntrealisationens
838 1101 87 21 genom-

185 1128 96 21 förande.
318 1127 74 21 Eburu
412 1128 38 27 jag
473 1128 18 27 ej
515 1128 88 20 besitter
621 1127 126 28 tillräckligt
765 1127 160 22 sakkännedom

187 1163 33 20 för
243 1165 31 17 att
292 1161 71 21 kunna
379 1161 47 21 med
442 1161 99 20 säkerhet
557 1161 110 21 bedömma
682 1161 25 20 de
724 1162 109 20 anmärkta
849 1161 77 21 vådor-

185 1203 38 19 na,
238 1198 45 17 tror
295 1195 38 27 jag
348 1195 43 27 mig
406 1194 57 21 dock
477 1195 67 25 finna,
560 1198 30 22 att
604 1196 26 19 de
645 1195 47 21 icke
707 1195 72 20 kunna
791 1203 50 13 vara
853 1196 24 20 af
888 1195 38 21 den

187 1229 46 28 vigt
252 1228 40 21 och
310 1226 131 30 betydenhet
459 1231 30 18 att
501 1229 47 27 jag,
564 1228 27 21 då
606 1229 26 20 de
647 1229 74 20 ställas
736 1229 7 20 i
758 1228 66 21 bredd
840 1228 47 21 med
903 1229 24 21 så

187 1266 59 18 stora
260 1263 115 25 intressen,
394 1262 41 21 kan
451 1262 22 21 ät
487 1262 46 22 dem
549 1263 104 27 inrymina
668 1263 65 28 något
749 1262 105 22 afseende.
883 1262 44 29 Jag

188 1297 32 21 får
235 1296 84 21 derföre
334 1296 108 27 tillstyrka
457 1296 172 27 propositionens
645 1296 118 28 antagande
775 1299 48 17 utan
836 1297 41 19 alla
889 1297 39 19 vil-

188 1330 41 21 kor
237 1330 51 20 eller
296 1329 111 25 förbehåll,
416 1330 63 20 äfven
491 1329 35 20 det
538 1330 23 19 af
570 1329 103 20 utskottet
685 1330 69 20 såsom
767 1330 162 27 önskningsmål

190 1363 116 29 uttryckta,
315 1365 30 18 att
356 1362 33 21 till
399 1370 26 13 en
438 1362 74 28 början
525 1362 54 21 blott
590 1362 39 22 tolf
642 1363 97 28 miljoner
750 1364 59 20 mark
818 1363 69 21 skulle
897 1364 32 20 till

190 1397 73 21 landet
274 1397 105 28 indragas.
394 1396 43 29 Jag
449 1397 122 21 förutsätter
583 1397 105 28 nemligen
701 1398 39 20 hos
752 1397 178 29 hypotheksföre-

192 1431 90 28 ningens
294 1431 90 28 styrelse
395 1431 41 21 den
447 1431 66 27 insigt
523 1431 39 21 och
575 1430 98 27 klokhet,
686 1435 30 17 att
727 1431 41 22 den
780 1433 17 26 ej
810 1431 31 22 till
857 1433 73 21 landet

192 1465 57 22 inför
260 1465 67 22 större
339 1465 78 28 belopp
429 1465 24 22 af
460 1465 58 22 lånet
528 1465 28 29 på
568 1473 25 14 .en
605 1465 64 30 gång,
677 1466 26 21 än
717 1465 100 23 behofvet
827 1466 102 29 påkallar.
