1014 1739
203 133 33 22 50

176 196 33 28 de
223 195 29 29 på
266 195 72 21 landet
353 195 23 20 är
390 193 143 28 nödvändigt,
543 195 32 19 att
586 192 342 29 nämndemannabefattningarne

182 229 126 22 innehafvas
323 228 25 22 af
360 227 72 22 dertill
447 227 89 28 dugliga
550 228 61 25 män,
627 233 61 15 anser
700 227 39 28 jag
753 226 45 29 mig
810 226 52 21 böra
873 226 57 21 före-

183 264 40 27 slå,
238 266 31 19 att
284 269 74 16 senare
372 261 138 29 alternativet
525 261 24 21 af
560 261 117 21 utskottets
692 260 83 29 förslag
786 261 7 20 i
805 260 125 23 förevaran-

182 298 28 23 de
224 299 13 28 &
251 297 67 22 måtte
336 297 24 22 af
375 295 86 23 ståndet
476 298 99 26 antagas,
597 295 59 22 helst
670 303 27 14 en
712 295 66 28 nådig
792 295 138 29 proposition

183 340 35 15 om
235 331 225 30 lagmanstjensternes
474 330 131 30 indragning
620 329 61 22 torde
697 329 36 22 vid
748 331 62 20 nästa
824 329 106 29 landtdag

179 366 57 23 "vara
257 368 37 25 att
310 365 100 22 förvänta
432 364 41 22 och
491 364 43 22 den
551 364 171 29 tingsgästning,
738 371 47 15 som
800 364 130 28 lagmännen

182 400 108 23 härintills
312 399 96 28 ätnjutit,
429 398 82 28 kunde,
534 397 66 24 sedan
619 398 64 21 dessa
702 399 88 28 tjenster
808 398 73 24 blifvit
898 397 33 22 in-

184 435 92 29 dragne,
291 433 109 23 användas
415 433 34 22 till
463 433 147 22 förbättrande
621 434 24 21 af
653 432 234 32 häradshöfdingarnes
900 432 31 22 af-

183 470 87 28 löning,
287 469 9 21 i
313 468 103 22 händelse
431 467 42 23 den
488 474 62 15 anses
565 467 68 22 blifva
647 467 143 40 otillräcklig,
806 467 42 22 och
862 467 70 21 likväl

183 504 72 22 lemna
268 506 32 18 ett
314 503 132 27 öfverskott,
464 509 47 15 som
525 502 43 21 kan
582 504 62 26 tagas
658 502 8 21 i
681 502 94 29 anspråk
790 502 34 22 för
838 510 27 14 en
881 501 51 22 blif-

184 537 70 24 vande
268 537 102 29 klyfning
385 537 24 21 af
421 518 151 47 Aomsngorna.

252 571 36 21 Dä
309 571 65 29 ingen
392 571 26 21 af
433 570 96 22 ständets
547 570 138 22 medlemmar
700 570 74 22 vidare
788 566 95 33 begärde
898 578 34 14 or-

185 606 47 28 det,
247 604 133 23 framställde
395 604 50 22 herr
459 604 151 22 talmannen
625 604 95 29 följande
735 604 147 29 proposition:

253 640 99 28 Antager
373 638 87 22 ständet
481 638 37 22 det
539 638 48 22 med
609 638 42 22 den
669 638 80 28 nädiga
768 639 164 28 propositionen

186 672 233 30 Ofverensstämmande
440 673 59 21 förra
520 672 136 22 alternativet
674 673 25 21 af
713 672 117 22 utskottets
850 672 82 28 förslag

186 708 34 22 till
234 708 13 28 &
262 708 20 27 7,
299 707 52 22 eller
368 707 39 21 vill
425 707 86 22 ständet
525 706 116 30 godkänna
655 706 37 22 det
706 713 76 15 senare
797 706 136 22 alternativet

186 742 26 22 af
223 749 81 15 samma
319 739 27 31 &?

254 775 36 22 De
312 782 46 15 som
380 775 53 29 vilja
451 775 36 22 det
505 776 68 26 förra,
589 782 62 15 svara
663 775 35 29 ja,
712 774 42 22 och
769 774 27 22 de
812 782 47 14 som
873 775 61 22 rösta

187 810 35 22 för
236 809 37 23 det
287 816 85 22 senare,
386 810 44 28 nej.

254 844 168 28 Propositionen
443 844 129 22 besvarades
594 843 48 22 med
665 843 104 22 blandadt
787 844 23 28 ja
830 844 40 21 och
888 845 46 27 nej,

183 878 105 22 "hvarföre
303 879 97 28 företogs
414 879 110 28 votering,
539 885 47 15 som
600 878 64 22 utföll
679 878 49 22 med
744 879 26 20 15
779 879 23 27 ja
813 878 40 22 och
866 878 12 21 7
889 880 45 27 nej;

188 912 42 23 och
246 912 46 22 blef
304 912 82 22 således
401 913 59 21 förra
475 913 135 21 alternativet
625 912 24 22 af
661 913 13 28 &
687 913 12 20 7
713 913 23 21 af
745 912 85 22 ståndet
842 916 92 25 antaget.

256 946 110 28 Derjemte
386 946 70 22 beslöt
474 947 85 21 ståndet
578 949 31 19 att
624 947 109 21 remittera
747 946 89 22 ärendet
849 947 34 21 till
899 954 37 14 ex-

189 980 215 30 peditionsutskottet
425 981 8 21 i
455 981 100 21 afseende
577 980 13 22 å
611 980 141 22 utarbetande
770 981 24 21 af
806 980 82 29 förslag
903 980 34 22 till

190 1015 128 22 ständernas
339 1014 148 29 underdåniga
509 1022 50 14 svar
576 1015 13 21 å
607 1014 42 22 den
667 1014 80 30 nådiga
761 1015 176 28 propositionen,

190 1048 34 23 för
239 1049 83 21 hvilket
336 1049 99 21 ändamål
450 1049 78 29 utdrag
542 1056 25 14 ur
579 1049 59 21 detta
649 1049 110 28 protokoll
773 1049 69 21 skulle
854 1049 83 21 utskot-

191 1086 31 19 tet
243 1083 120 28 meddelas,
382 1084 67 28 jemte
467 1082 37 22 det
520 1082 141 23 medstånden
677 1084 63 21 äfven
755 1083 85 26 komme
855 1086 31 18 att
901 1090 35 15 om

191 1117 188 29 borgareståndets
395 1117 70 21 beslut
475 1117 7 21 i
494 1118 70 21 ämnet
578 1119 29 27 på
617 1118 111 21 enahanda
740 1119 43 20 sätt
793 1117 143 22 underrättas.

259 1151 115 23 Sessionen
390 1151 54 21 slöts
459 1151 93 22 klockan
567 1151 48 22 half
627 1155 31 18 tre
673 1152 55 22 efter
743 1151 121 29 middagen.

742 1187 22 17 In
776 1187 60 16 fidem:

644 1214 90 24 Sixtus
749 1212 159 24 Calamnius.

382 1360 128 34 Fredagen
529 1360 48 25 den
597 1361 29 24 15
641 1361 97 32 januari

194 1402 95 23 klockan
306 1402 58 22 elfva
380 1403 47 21 före
445 1402 115 30 middagen
575 1403 173 23 sammanträdde
763 1399 176 46 borgareständet

196 1438 34 21 till
244 1438 96 28 plenum,
356 1437 76 22 dervid
446 1421 96 39 ständets
558 1437 69 29 öfrige
641 1438 137 24 medlemmar
793 1431 57 29 voro
862 1439 77 23 tillstä-
