1009 1784
777 187 38 21 281

173 250 57 22 Herr
249 250 149 22 talmannen
421 250 131 22 framställde
575 258 28 14 nu
627 250 32 22 till
682 250 165 29 öfverläggning

105 284 41 22 den
169 286 24 20 af
212 285 149 28 ridderskapet
383 285 40 21 och
443 286 61 20 adeln
520 288 92 25 antagna
627 285 40 21 och
681 286 65 27 jemte
761 284 85 29 inbjud-

104 319 53 28 ning
174 322 30 18 att
219 319 45 21 deri
276 319 85 28 deltaga
378 319 175 28 borgareståndet
564 326 76 21 genom
652 319 124 27 deputation
789 318 57 22 med-

104 353 75 21 delade
195 354 90 27 petition
301 361 33 13 om
350 353 149 29 utsträckning
514 353 24 21 af
549 353 130 29 rättigheten
695 353 32 21 till
743 353 104 21 erhållan-

104 388 27 21 de
146 388 23 21 af
182 388 35 21 lån
233 388 45 21 från
295 388 248 28 hypotheksföreningen
559 388 34 22 till
604 388 124 29 lägenheter
739 388 24 21 af
772 388 75 22 endast

104 426 83 18 ettusen
203 422 70 22 marks
290 422 73 22 värde.

171 456 11 22 I
199 458 114 27 anledning
329 457 63 21 häraf
405 457 103 29 begärdes
524 457 60 21 ordet
600 458 25 21 af

171 491 56 23 Herr
243 487 150 33 Öhrnberg,
409 499 46 13 som
474 492 134 26 hemställde,
627 500 34 13 om
679 492 48 21 icke
747 491 47 22 med
811 491 36 22 be-

104 526 131 28 handlingen
258 527 24 21 af
301 526 69 22 denna
389 526 61 29 fråga
468 526 66 22 borde
553 527 60 20 anstå
628 526 55 22 intill
699 526 48 22 dess
762 526 86 21 ståndet

104 562 41 21 fått
170 564 108 26 emottaga
301 561 104 28 skriftligt
427 561 139 21 meddelande
589 569 34 13 om
646 561 124 28 petitionen.
806 560 42 22 Att

106 596 84 29 grnnda
205 596 150 21 diskussionen
371 595 40 22 och
427 596 94 21 ständets
537 596 74 28 åtgärd
627 596 6 21 i
649 597 71 20 ämnet
733 595 75 22 endast
821 596 26 27 pä

104 634 31 18 ett
156 631 101 29 muntligt
279 630 140 22 meddelande
441 634 72 25 syntes
536 630 81 22 talaren
636 630 117 30 oegentligt
772 630 40 21 och
827 631 19 27 ej

104 666 67 20 heller
194 665 116 29 beböfligt,
333 665 28 22 då
383 665 84 22 ståndet
486 665 34 21 väl
539 665 112 22 framdeles
667 666 56 28 finge
740 669 107 25 emottaga

104 700 105 28 skriftligt
231 700 139 22 meddelande
392 700 18 28 ej
435 700 54 21 blott
507 708 34 13 om
561 700 76 28 sjelfva
653 700 126 27 petitionen,
796 703 50 17 utan

104 735 63 21 äfven
191 742 34 14 om
248 735 117 21 motiverna
388 734 33 22 till
440 734 122 22 densamma
577 734 41 22 och
634 734 150 22 diskussionen
799 734 47 22 der-

104 770 68 20 öfver.

172 804 11 21 I
199 804 116 28 anledning
329 804 64 21 häraf
406 804 107 22 lemnades
530 803 139 23 förevarande
685 804 163 28 petitionsfråga

104 838 107 22 beroende
227 839 27 27 på
269 839 74 21 vidare
358 839 152 28 föredragning
527 839 118 21 framdeles.

174 878 41 22 Till
233 879 106 28 justering
358 879 109 28 upplästes
486 880 35 20 två
540 879 107 21 särskilda
662 878 77 29 utdrag
755 879 24 21 af
791 879 57 22 stån-

105 914 46 21 dets
168 913 178 28 pleniprotokoll,
361 913 36 21 det
413 921 38 13 ena
467 915 33 20 för
515 913 40 21 den
572 914 25 19 15
613 914 7 20 i
635 913 68 22 denne
718 913 87 28 månad,
816 914 32 20 in-

104 948 127 21 nehållande
254 947 95 22 ståndets
371 948 70 21 beslut
463 948 7 21 i
492 947 114 30 anledning
625 948 24 21 af
664 955 26 14 en
706 948 46 21 från
768 951 80 24 preste-

105 983 84 21 ståndet
208 983 67 21 skedd
294 982 127 29 inbjudning
437 986 30 18 att
481 982 87 29 deltaga
582 983 7 20 i
605 990 25 13 en
646 982 133 29 underdånig
795 982 53 29 peti-

105 1018 45 20 tion
167 1025 33 13 om
215 1017 87 28 åtgärds
319 1017 129 28 vidtagande
464 1017 31 21 till
507 1018 84 21 landets
603 1018 122 33 likformiga
737 1017 111 29 indelning

104 1053 7 20 i
124 1052 107 28 judicielt,
248 1052 166 21 administrativt
429 1052 39 21 och
487 1052 146 21 ecklesiastikt
648 1051 129 27 hänseende,
793 1055 55 18 samt

105 1087 37 22 det
158 1087 64 21 andra
238 1088 33 21 för
286 1086 41 21 den
344 1087 24 20 19
384 1086 8 21 i
407 1093 79 14 samma
500 1085 84 27 månad,
595 1085 146 23 innefattande
753 1085 95 22 ståndets

106 1122 70 21 beslut
191 1121 6 22 i
213 1121 115 28 anledning
344 1121 23 21 af
380 1121 77 28 nådiga
473 1121 162 27 propositionen
647 1120 109 28 angående
768 1127 80 22 anony-

105 1164 35 14 ma
155 1156 50 21 eller
220 1155 124 30 aktiebolag
359 1156 40 21 och
415 1159 57 25 tysta
487 1156 51 21 eller
553 1155 205 29 kommanditbolag.

174 1195 56 24 Herr
245 1195 150 22 talmannen
411 1196 100 28 föredrog
522 1195 170 22 statsutskottets
705 1195 108 22 memorial
825 1197 23 20 af

106 1231 42 21 den
164 1231 25 20 26
205 1231 8 20 i
227 1231 69 20 denne
307 1231 88 25 månad,
407 1230 116 28 hvarjemte
535 1229 96 22 insändts
644 1229 97 22 bemälde
753 1230 95 21 utskotts

106 1265 134 20 betänkande
254 1264 45 21 N:o
314 1265 23 25 4,
353 1265 6 20 i
376 1265 115 27 anledning
507 1265 23 20 af
543 1265 78 26 nådiga
635 1264 162 27 propositionen
813 1272 36 13 an-

105 1298 83 29 gående
210 1299 94 20 revision
323 1299 24 20 af
363 1298 178 28 författningarne
560 1305 34 13 om
613 1297 120 28 personella
749 1297 100 20 kronout-

106 1333 126 28 skyldernas
248 1333 79 26 belopp
343 1332 39 22 och
398 1332 121 27 grunderne
534 1332 34 21 för
583 1331 62 21 deras
661 1331 118 28 utgörande
795 1334 54 18 samt

106 1375 34 13 om
156 1374 25 13 en
197 1367 77 20 allmän
290 1367 108 28 reglering
413 1367 25 20 af
449 1367 63 20 dessa
527 1365 122 29 utskylder;
665 1365 40 21 och
722 1366 46 21 blef
777 1366 72 21 berör-

105 1401 28 21 de
149 1401 134 21 betänkande
299 1400 114 28 bordlagdt
429 1400 31 21 till
476 1401 60 20 nästa
552 1401 91 26 plenum,

175 1434 80 21 Vidare
271 1434 126 28 föredrogos
413 1434 36 21 två
462 1434 46 20 från
523 1433 149 27 ridderskapet
685 1434 40 19 och
739 1433 62 20 adeln
814 1441 36 12 an-

106 1469 78 20 komna
208 1467 198 28 protokollsutdrag
429 1468 22 20 af
471 1467 40 21 den
534 1468 24 19 19
577 1467 112 21 december
712 1467 96 21 sistlidne
827 1467 23 20 är

106 1505 55 18 samt
179 1502 40 20 den
240 1502 23 19 15
283 1501 144 22 innevarande
449 1501 85 27 månad,
556 1500 150 22 innehållande
729 1500 36 21 det
787 1501 62 20 först-
