1031 1792
216 166 40 21 402

191 231 105 25 emottogs
312 230 55 19 samt
382 226 131 27 företrädde,
529 226 75 22 anförd
621 226 23 22 af
656 226 49 22 herr
719 226 70 22 Adolf
799 225 128 28 Grotenfelt,

192 271 46 13 som
256 262 105 22 meddelte
379 265 31 17 att
423 260 150 29 ridderskapet
587 261 39 21 och
642 261 62 21 adeln
719 261 36 21 vid
772 260 156 29 behandlingen

192 298 24 20 af
232 297 78 28 nådiga
328 296 160 28 propositionen
503 294 43 22 N:o
562 295 36 27 34,
618 295 109 28 angående
742 296 92 20 revision
851 295 23 21 af
886 295 43 21 den

192 339 77 21 genom
284 331 79 28 nådiga
377 330 121 21 manifestet
513 330 40 21 den
568 330 12 20 9
595 330 55 28 april
663 330 52 21 1540
727 330 102 28 stadgade
841 330 88 20 omsätt-

192 367 52 27 ning
260 366 23 20 af
295 365 196 27 räntepersedlarne
506 365 7 20 i
528 364 81 27 landet,
623 364 8 21 i
647 364 218 22 öfverensstämmelse
881 364 48 21 med

193 399 170 23 statsutskottets
377 400 6 20 i
399 400 70 20 ämnet
484 399 81 28 afgifna
581 398 90 29 förslag,
683 402 83 18 stannat
780 400 7 20 i
802 399 36 21 det
853 398 79 26 beslut,

195 437 31 18 att
244 433 87 22 ärendet
349 432 68 22 skulle
437 432 122 22 förberedas
574 434 24 20 af
610 440 25 14 en
650 434 91 26 komité,
757 432 113 22 bestående
885 432 49 22 utaf

194 469 49 28 fyra
261 468 24 21 af
300 467 125 29 regeringen
441 467 40 21 och
497 467 47 29 fyra
558 468 25 20 af
594 466 27 22 de
635 467 106 21 särskilda
755 468 89 20 stånden
859 466 73 22 utsed-

194 502 27 22 de
238 501 91 28 ombud,
347 501 73 21 hvilka
437 501 53 21 efter
505 502 83 21 samråd
602 501 48 21 med
665 501 79 21 ombud
760 502 45 20 från
820 501 26 21 de
861 501 71 21 skilda

194 537 63 21 länen
272 536 70 22 skulle
357 536 82 28 afgifva
453 536 136 28 fullständigt
603 536 80 28 förslag
697 536 7 20 i
720 536 81 26 ämnet;
823 535 39 21 och
878 535 55 21 hade

195 570 150 28 ridderskapet
366 570 40 20 och
429 569 62 22 adeln
513 570 69 21 tillika
600 570 101 21 anmodat
719 569 94 22 ståndets
828 569 106 22 elektorer

196 609 31 17 att
248 604 133 22 oförtöfvadt
404 604 73 21 skrida
498 604 32 21 till
549 604 35 21 val
602 605 23 20 af
637 604 59 21 såväl
711 604 79 21 ombud
805 604 33 21 för
851 603 83 22 ridder-

197 640 75 26 skapet
291 639 40 21 och
351 639 60 20 adeln
435 646 45 13 som
500 638 41 21 ock
560 639 24 21 af
600 646 25 14 en
641 638 122 28 suppleant,
779 639 34 21 för
827 638 41 21 den
883 638 52 21 hän-

197 672 59 23 delse
271 676 31 18 att
317 673 102 21 ombudet
434 673 70 21 blefve
518 673 101 21 hindradt
634 675 30 19 att
679 673 92 28 fullgöra
785 672 128 29 uppdraget.

266 713 71 23 Sedan
363 712 48 22 herr
436 713 148 21 talmannen
609 712 13 22 å
648 712 95 22 ståndets
764 713 82 28 vägnar
867 712 70 29 aflagt

199 748 134 27 tacksägelse
355 748 32 20 för
409 747 37 21 det
467 747 81 21 skedda
566 746 149 22 meddelandet
729 746 40 22 och
784 747 152 28 deputationen

199 782 45 22 åter
259 782 108 28 aflägsnat
382 781 43 28 sig,
441 782 98 20 fortsatte
950 783 2 2 |

267 815 56 21 Herr
335 814 155 30 Tengström
502 815 35 21 sitt
549 815 98 22 afbrutna
659 815 135 28 andragande
805 815 40 21 och
853 816 85 20 tillade:

198 850 48 22 Den
261 849 111 29 betydelse
387 857 26 13 en
428 850 25 20 af
464 849 82 21 landets
562 849 93 27 ständer,
670 858 34 12 om
720 850 26 21 de
762 850 41 21 alla
818 851 73 19 förena
905 850 34 28 sig

203 885 79 26 derom,
293 884 95 28 ingifven
400 884 89 28 petition
504 884 32 21 till
548 884 82 21 förmån
643 885 33 20 för
687 884 26 21 de
724 884 81 21 mindre
817 884 121 28 lägenhets-

202 919 163 21 innehafvarene
380 918 69 21 skulle
464 926 49 21 ega,
531 919 108 27 förtjenar,
655 919 53 21 efter
722 919 43 21 min
781 919 96 28 mening,
891 919 49 21 icke

202 961 64 13 namn
288 953 23 20 af
330 952 153 29 påtryckning,
502 953 40 21 och
559 954 38 27 jag
611 953 118 28 tillstyrker
743 953 94 27 derföre,
853 956 30 18 att
897 953 42 21 den

203 987 76 29 gjorda
294 986 152 29 inbjudningen
461 987 64 21 måtte
541 988 24 20 af
577 987 84 21 ståndet
675 990 94 26 antagas.

272 1026 57 21 Herr
344 1021 149 34 Öhrnberg:
525 1028 49 21 Den
592 1027 87 28 uppgift
694 1029 38 27 jag
752 1035 49 20 nyss
820 1027 122 30 meddelade

205 1061 74 22 derom
294 1063 30 18 att
339 1061 257 28 bypotheksföreningen,
617 1061 133 22 oberäknadt
768 1061 55 22 hvad
838 1062 105 28 förslaget

206 1095 32 21 till
256 1095 129 28 reglemente
403 1095 104 26 innehöll,
525 1096 79 21 tvänne
622 1095 105 22 särskilda
742 1096 81 29 gånger
837 1097 58 28 gjort
910 1097 33 20 så-

207 1129 41 22 dan
263 1129 121 28 ansökning
396 1130 37 28 jag
449 1130 132 27 omnämnde,
596 1130 39 21 har
649 1130 72 21 blifvit
735 1131 44 27 mig
795 1131 109 21 meddelad
921 1131 25 21 af

207 1171 25 13 en
252 1171 87 20 person,
355 1163 63 22 hvars
433 1164 120 28 pålitlighet
564 1165 38 27 jag
617 1164 47 21 icke
679 1164 38 21 har
728 1165 115 28 anledning
863 1168 30 17 att
909 1165 35 21 be-

207 1197 69 27 tvifla,
289 1197 39 21 och
338 1198 38 27 jag
387 1198 23 20 är
421 1197 83 22 derföre
516 1197 126 29 öfvertygad
654 1206 34 13 om
699 1199 124 27 uppgiftens
834 1199 109 28 riktighet.

209 1231 56 22 Herr
276 1231 127 29 Tengström
419 1232 38 21 har
472 1233 69 20 såsom
556 1233 48 20 skäl
617 1232 72 21 derför
705 1235 31 18 att
750 1240 25 13 en
788 1233 157 28 framställning

210 1266 8 21 i
233 1273 80 14 samma
327 1266 56 28 syfte
399 1273 45 14 som
459 1267 28 20 de
501 1266 128 29 föregående
643 1273 28 15 nu
686 1266 71 21 kunde
771 1267 95 28 påräkna
878 1268 68 20 större

210 1300 112 28 framgång
344 1301 80 25 anfört,
447 1304 30 17 att
495 1300 160 22 förhållandena
673 1307 86 15 numera
777 1302 37 20 äro
835 1302 112 21 förändra-

211 1333 37 26 de,
269 1333 124 27 isynnerbet
410 1341 76 20 genom
502 1335 39 19 den
557 1335 82 26 garanti
655 1335 112 20 ständerne
781 1334 70 21 iklädt
865 1335 33 27 sig
913 1335 34 21 för

210 1367 259 28 hypotheksföreningens
491 1367 42 21 lån.
567 1367 44 28 Jag
633 1368 122 21 instämmer
773 1374 65 22 gerna
855 1368 8 21 i
878 1368 70 21 denna

211 1401 49 21 herr
278 1400 140 29 Tengströms
439 1401 68 29 åsigt,
527 1409 48 14 men
597 1401 66 22 håller
684 1402 64 21 äfven
767 1403 56 27 före,
841 1406 30 18 att
886 1403 62 21 dessa

213 1435 128 22 förändrade
363 1434 148 23 förhållanden
533 1437 18 27 ej
577 1435 73 29 undgå
674 1437 136 28 regeringens
834 1437 115 28 upptnärk-

213 1469 83 24 samhet
314 1470 39 22 och
373 1473 30 18 att
417 1471 114 21 ständerne
545 1470 48 22 icke
607 1472 37 20 äro
659 1471 37 27 de,
713 1478 46 15 som
775 1471 52 22 böra
841 1472 34 21 för
889 1480 60 21 rege-
