1014 1761
779 163 40 22 103

106 225 42 22 ken
161 225 80 22 dertill
259 225 42 22 och
321 225 85 22 komma
421 225 92 29 troligen
528 225 50 22 vida
593 225 66 22 hellre
674 228 31 19 att
719 225 130 23 underkasta

106 259 35 28 sig
163 259 99 22 besväret
279 259 49 22 med
346 267 27 13 en
392 259 92 28 förnyad
499 259 94 22 ansökan
610 267 34 14 om
660 260 147 27 fastställelse,
822 261 27 20 än

107 296 32 18 att
149 296 79 25 antaga
239 293 93 29 stadgar,
345 300 46 14 som
407 300 76 21 genom
499 293 77 21 andras
592 293 128 29 tillgörande
735 293 116 29 undergått

106 326 117 30 ändringar
243 328 42 20 och
307 327 84 21 således
413 328 18 28 ej
455 334 58 15 mera
531 328 36 20 äro
586 328 24 21 så
625 327 122 22 beskaffade
763 328 88 28 bolaget

107 362 79 20 önskat
201 361 64 21 hafva
279 361 56 22 dem.
364 361 43 22 Det
422 362 7 21 i
444 362 41 20 den
500 361 79 29 nådiga
590 362 159 28 propositionen
762 362 89 29 intagna

106 395 138 29 stadgandet,
259 395 7 21 i
285 395 84 21 hvilket
383 395 147 29 departement
547 397 25 20 af
585 395 113 29 kejserliga
713 400 86 17 senaten
814 404 37 13 an-

106 429 93 29 sökning
217 437 36 14 om
269 429 138 22 fastställelse
421 430 25 21 af
458 429 175 29 bolagsreglorne
648 430 66 21 borde
730 431 74 28 göras,
819 430 32 21 iu-

106 464 67 21 nebär
188 465 7 20 i
210 465 43 20 min
268 464 65 21 tanke
347 467 31 18 ett
391 467 56 18 stort
461 464 107 21 företräde
584 464 88 21 framför
687 464 36 21 det
738 464 38 21 bär
787 465 64 20 fram-

107 498 90 23 kastade
217 499 112 28 förslaget,
345 501 31 19 att
395 497 96 22 bestämd
510 498 110 22 föreskrift
638 498 72 22 derom
725 500 19 27 ej
760 499 69 20 skulle
845 499 7 20 i

107 532 155 29 författningen
280 533 61 28 ingä,
359 532 106 29 nemligen
481 531 36 23 det
533 533 116 26 företräde,
664 541 46 14 som
727 533 73 28 hvarje
816 533 35 20 be-

107 566 70 23 stämd
193 566 36 28 Jag
243 567 39 21 har
298 567 89 21 framför
401 569 30 18 ett
446 566 118 23 sväfvande
579 566 40 22 och
636 567 121 23 obestämdt
768 567 84 21 förord-

107 600 80 27 nande,
210 600 40 22 och
270 601 39 28 jag
331 600 80 21 tillåter
429 600 44 29 mig
488 600 47 22 icke
549 600 55 28 hysa
619 600 69 28 någon
706 600 147 29 betänklighet

107 635 38 21 vid
168 638 31 20 att
218 634 114 28 kejserliga
349 637 100 19 senatens
464 634 271 28 ekonomiedepartement,
750 642 34 14 om
801 635 51 21 fast-

107 669 112 22 ställelsen
237 669 32 22 till
284 668 119 22 detsamma
417 668 154 27 öfverlemnas,
587 668 54 23 skall
657 669 44 22 lika
716 669 24 23 sä
755 668 35 23 väl
805 676 47 14 som

105 703 253 29 justitiedepartementet
373 702 46 22 lösa
434 702 70 22 denna
519 703 92 28 uppgift.

108 768 2 2 .
176 742 57 23 Herr
245 742 132 22 Juselius:
392 741 57 22 Herr
461 742 139 29 Tengströms
612 743 88 28 förslag,
714 746 31 18 att
757 743 95 23 bestämd

107 778 113 22 föreskrift
241 785 34 15 om
299 776 134 22 hvilketdera
455 776 113 28 kejserliga
590 780 98 18 senatens
707 777 146 28 departement

109 812 67 22 borde
198 811 97 21 meddela
318 810 138 22 fastställelse
470 810 13 23 å
502 810 173 29 bolagsreglorne
694 811 48 23 icke
761 811 91 23 skulle
841 806 15 38 i

107 846 156 28 författningen
280 844 86 30 inflyta,
382 845 29 25 är,
428 844 67 29 enligt
509 844 44 22 min
569 845 62 28 åsigt,
647 846 62 20 äfven
725 846 7 22 i
747 846 36 20 det
798 846 56 21 afse-

109 880 66 23 endet
197 879 123 28 olämpligt,
336 881 31 19 att
385 879 97 22 sökande
497 878 123 29 derigenom
636 879 78 24 råkade
730 880 6 20 i
752 880 101 27 vilrådig-

108 914 38 23 het
168 921 34 14 om
224 913 37 22 det
278 912 223 30 registratorskontor,
519 913 33 20 till
571 913 82 21 hvilket
671 914 26 21 de
712 913 48 23 med
777 914 77 21 ansök-

108 949 53 28 ning
176 948 7 21 i
198 947 75 30 dylika
287 947 42 23 mål
345 947 66 21 borde
425 947 71 21 vända
510 947 44 28 sig,
570 947 40 21 och
625 947 27 22 då
663 952 98 17 senatens
774 947 80 22 ekono-

108 983 190 28 miedepartement
312 982 7 21 i
330 982 162 29 propositionen
505 982 121 27 föreslagits
638 985 30 17 att
680 989 50 14 vara
741 982 41 23 den
794 990 60 20 myn-

109 1017 84 28 dighet,
213 1024 45 14 som
275 1016 66 22 borde
357 1016 106 22 fastställa
478 1015 185 30 bolagsreglorne,
679 1023 61 15 anser
753 1017 38 28 jag
805 1016 48 21 skäl

109 1051 33 22 till
157 1050 92 29 ändring
264 1050 45 21 deri
320 1049 23 29 ej
359 1057 51 15 vara
426 1050 125 23 förhanden.

179 1089 56 22 Herr
250 1089 167 29 Tengström:
447 1089 44 22 Det
508 1090 24 20 är
550 1089 55 21 först
622 1090 7 21 i
644 1089 27 22 de
686 1089 28 29 på
729 1093 84 19 senaste
828 1091 26 21 ti-

110 1125 39 22 der
163 1124 103 23 utkomna
284 1123 159 29 författningar,
462 1131 48 15 man
526 1123 70 29 börjat
610 1123 70 23 införa
696 1124 158 22 bestämmande

109 1160 86 25 derom,
215 1158 33 22 till
263 1158 84 22 hvilket
360 1157 160 29 departements
533 1158 7 20 i
556 1158 114 28 kejserliga
684 1162 87 17 senaten
787 1159 68 21 hand-

109 1193 106 29 läggning
229 1195 30 19 ett
274 1192 77 22 ärende
367 1192 46 26 hör,
428 1191 76 23 medan
518 1192 78 22 sädant
611 1191 82 29 knappt
707 1200 42 20 nog
765 1193 6 21 i
783 1193 70 28 någon

110 1228 56 23 enda
183 1228 26 21 af
225 1227 41 21 alla
280 1226 27 22 de
322 1226 67 23 under
403 1226 50 21 åren
469 1226 89 23 emellan
575 1226 53 21 1809
645 1226 39 21 och
701 1226 54 21 1860
771 1228 84 27 utgifna

110 1260 153 29 förordningar
284 1260 68 22 finnes
374 1263 75 24 utsatt,
469 1263 51 19 utan
539 1263 32 18 att
588 1260 66 23 likväl
673 1260 64 22 deraf
749 1261 105 29 försports

110 1296 73 28 någon
205 1294 114 29 olägenhet
337 1294 34 22 för
390 1294 26 22 de
434 1294 159 28 rättssökande,
613 1294 40 22 och
665 1295 39 28 jag
719 1295 102 21 betviflar
835 1297 18 27 ej

111 1330 67 22 heller
200 1332 31 19 att
253 1329 26 21 de
301 1329 163 28 upplysningar,
484 1328 79 23 hvaraf
579 1336 26 14 en
623 1328 52 22 eller
690 1336 70 14 annan
775 1329 7 21 i
797 1330 59 21 detta

111 1363 101 23 afseende
230 1364 42 22 kan
288 1371 50 13 vara
352 1364 6 20 i
375 1363 74 26 behof,
465 1362 72 29 villigt
551 1362 109 22 meddelas
675 1363 78 22 honom
769 1364 12 20 å
795 1370 61 14 sena-

112 1401 35 17 ten
171 1396 40 23 och
233 1396 91 22 sålunda
345 1397 40 20 lätt
403 1396 72 21 kunna
493 1396 40 21 d:r
546 1396 97 21 erhållas.
673 1397 11 19 I
699 1398 76 26 sjelfva
789 1398 65 20 saken

111 1430 129 23 återhemtar
261 1431 38 28 jag
321 1430 41 22 den
381 1430 66 28 åsigt,
463 1430 38 29 jag
523 1429 44 23 deri
585 1429 57 23 förut
660 1433 67 27 yttrat
746 1430 40 23 och
805 1431 50 23 sökt

112 1465 102 24 förfäkta,
