1031 1756
222 201 38 23 132

193 266 85 21 utträda
292 273 26 13 ur
332 265 91 29 bolaget.
447 263 66 23 Detta
527 265 41 21 kan
585 264 104 30 nemligen
704 264 65 22 hafva
780 264 44 22 rört
835 264 35 28 sig
881 262 49 23 haf-

193 300 141 28 vudsakligen
348 300 47 21 med
410 299 80 22 sådana
504 300 78 21 insatta
597 300 110 28 kapitaler.
740 298 84 30 Dragas
840 306 27 14 nu
882 298 48 22 des-

194 342 23 14 sa
231 342 25 14 ur
270 334 105 27 rörelsen,
389 334 24 21 sä
427 334 71 21 kunde
513 334 100 29 mängen,
627 341 56 20 som,
698 328 8 27 i
720 333 113 22 förlitande
849 333 28 28 pä
892 333 38 21 bo-

192 369 69 28 lagets
276 368 81 22 kanske
372 368 75 21 endast
461 368 27 28 pä
502 368 63 22 dessa
580 368 103 28 kapitaler
698 368 109 28 grundade
819 367 111 21 vederhäf-

194 404 77 28 tighet,
290 402 70 22 inlätit
374 402 34 28 sig
426 403 6 20 i
451 402 76 22 affärer
547 402 46 22 med
613 402 94 28 bolaget,
726 401 121 29 oförskyldt
863 402 67 20 blifva

193 437 92 21 lidande.
322 436 43 22 Till
387 436 172 22 förekommande
582 436 63 21 häraf
661 443 63 21 synes
742 436 44 28 mig
805 435 125 29 förslaget
918 431 15 38 i

193 472 170 28 propositionen,
385 474 31 18 att
437 474 45 26 tyst
499 471 124 29 bolagsman
642 470 74 22 endast
735 470 27 28 på
776 470 27 21 de
818 470 70 21 vilkor
904 470 26 20 15

194 505 49 27 kap.
259 504 28 22 H.
303 504 25 21 B.
344 504 87 29 stadgar
452 505 35 21 må
504 512 24 14 ur
546 505 87 28 bolaget
652 504 93 28 utträda,
760 512 51 14 vara
825 508 54 17 mest
894 511 36 21 eg-

193 540 58 21 nadt.

261 573 58 21 Herr
334 572 85 22 Holm:
441 572 43 29 Jag
499 573 94 21 anhåller
608 573 21 21 få
645 573 54 21 fästa
710 572 95 22 ståndets
816 572 115 28 uppmärk-

194 607 81 22 samhet
293 607 76 28 derpä,
391 610 31 18 att
440 608 11 20 5
467 608 12 27 &
494 608 6 20 i
516 608 103 27 förslaget
633 607 94 28 stadgar,
742 610 30 18 att
786 609 44 25 tyst
846 606 85 28 bolags-

194 649 48 13 man
264 648 101 14 ansvarar
383 641 33 21 för
434 641 97 27 bolagets
547 640 140 22 förbindelser
701 640 48 21 med
764 640 36 21 det
815 640 116 28 penninge-

195 675 78 29 belopp
289 675 50 21 eller
354 674 39 22 den
409 674 110 29 egendom,
535 674 40 22 han
587 675 6 21 i
606 674 95 29 bolagets
713 674 79 22 rörelse
805 675 63 20 insatt
880 674 51 21 eller

194 710 81 20 insätta
289 709 70 21 bordt.
387 708 43 22 Det
445 708 53 22 låter
513 709 32 28 sig
560 708 81 22 således
657 708 46 21 icke
718 709 53 27 göra
786 708 33 21 för
834 708 43 21 död
893 708 37 21 bo-

194 744 108 27 lagsmans
324 742 115 28 arfvingar,
462 745 40 23 att,
523 743 24 21 så
565 742 115 28 behändigt
698 742 36 21 det
749 742 36 27 än,
801 742 66 28 enligt
882 742 48 21 herr

196 776 132 22 Grotenfelts
351 776 90 28 förslag,
464 784 61 18 vore,
546 777 53 21 efter
618 779 31 18 tre
668 776 110 21 månaders
794 776 136 28 uppsägning

195 811 66 28 draga
283 810 52 21 hans
354 810 104 28 kapitaler
476 818 24 13 ur
515 810 86 28 bolaget
616 803 47 28 med
678 810 91 26 mindre,
785 810 25 20 än
826 813 32 17 att
872 810 59 20 bola-

196 849 46 25 gets
263 847 43 19 stat
327 845 107 27 uppgöres
457 844 39 21 och
516 844 67 28 liqvid
601 844 50 21 sker
668 844 47 21 med
731 844 49 21 dess
795 844 135 28 borgenärer,

196 879 81 21 hvilket
294 878 7 22 i
319 878 26 22 de
362 878 61 22 flesta
441 878 36 22 fall
493 878 62 21 äfven
571 878 68 21 skulle
654 878 95 21 medföra
765 878 96 28 bolagets
877 885 54 21 upp-

196 913 91 28 lösning.
317 912 38 21 Ett
370 912 75 21 sådant
460 912 126 21 utträdande
601 920 24 13 ur
641 912 85 28 bolaget
741 912 60 20 torde
816 912 82 20 således
910 912 20 28 ej

196 947 51 21 böra
259 946 86 28 medges
358 950 49 17 utan
423 946 26 21 de
465 946 140 28 qvarstående
621 946 175 28 bolagsmännens
813 946 69 26 bifall,
898 945 32 21 så-

196 988 45 14 som
258 982 25 20 15
299 981 48 27 kap.
363 979 28 21 H.
406 979 25 21 B.
447 980 122 21 innehåller.

263 1019 56 21 Herr
332 1019 131 21 Juselius:
491 1018 33 22 På
545 1019 27 21 de
594 1020 25 20 af
637 1019 48 21 herr
704 1014 116 32 Öhrnberg
842 1018 89 22 anförda

197 1054 53 26 skäl,
262 1054 84 21 förenar
357 1054 38 27 jag
411 1054 43 28 mig
469 1053 47 21 med
532 1053 77 21 honom
625 1061 33 13 om
674 1053 129 29 antagandet
818 1053 24 21 af
855 1052 75 21 försla-

196 1092 36 24 get
246 1088 7 21 i
268 1088 48 21 herr
332 1086 131 22 Grotenfelts
479 1088 139 27 reservation,
634 1086 115 30 ordagrant
759 1086 75 21 sådant
845 1086 37 21 det
893 1086 38 21 der

196 1122 67 21 finnes
277 1121 86 22 infördt.

263 1159 56 22 Herr
334 1161 96 21 Mölsä:
458 1161 43 28 Jag
523 1161 38 21 ber
582 1164 30 17 att
634 1161 54 20 ännu
709 1161 20 20 få
748 1161 55 20 fästa
818 1161 114 27 uppmärk-

197 1195 81 20 samhet
292 1195 83 22 dervid,
391 1198 31 17 att
437 1195 133 28 bolagsman,
585 1195 67 28 enligt
668 1196 24 19 15
708 1196 48 27 kap.
766 1195 28 20 H.
802 1195 37 26 B.,
850 1196 18 27 ej
881 1203 50 20 eger

198 1236 23 14 ur
237 1229 85 28 bolaget
337 1229 83 21 utträda
436 1229 42 21 förr
493 1230 25 19 än
535 1229 27 21 all
579 1229 95 28 bolagets
690 1229 50 28 gäld
756 1229 71 22 blifvit
842 1229 89 28 gulden;

197 1271 46 12 men
266 1263 67 27 enligt
351 1263 48 20 herr
418 1262 131 22 Grotenfelts
568 1263 81 28 förslag
664 1263 68 20 skulle
748 1267 43 24 tyst
801 1263 129 28 bolagsman

197 1296 71 20 kunna
289 1296 67 27 draga
374 1296 69 20 undan
463 1297 45 19 sina
525 1297 78 20 insatta
619 1297 117 27 penningar
750 1297 40 20 och
806 1297 18 27 ej
840 1297 92 21 behöfva

197 1329 85 28 deltaga
301 1329 6 20 i
327 1329 134 28 betalningen
480 1330 24 19 af
516 1329 69 21 denna
600 1329 61 28 gäld,
676 1337 34 13 om
726 1330 54 21 blott
796 1330 136 28 uppsägning

197 1366 32 18 tre
243 1362 100 21 månader
357 1362 57 21 förut
428 1362 56 21 skett
499 1363 39 20 och
555 1363 26 21 de
596 1363 68 29 öfrige
679 1363 165 29 bolagsmännen
860 1365 18 28 ej
890 1365 42 20 sät-

196 1400 23 18 ta
233 1397 33 28 sig
281 1400 56 18 emot
352 1396 94 21 medlens
461 1397 120 28 uttagande.
605 1397 125 22 Emellertid
745 1398 41 21 kan
803 1399 85 29 bolaget
899 1399 33 22 rå-

197 1431 28 21 ka
239 1431 6 21 i
260 1431 191 21 konkurstillstånd
467 1431 41 21 och
523 1431 74 22 firman
613 1431 93 22 befinnas
722 1440 40 21 ega
777 1433 49 28 föga
838 1433 51 22 eller
900 1434 32 21 in-

198 1469 40 24 tet,
256 1465 87 22 emedan
363 1464 86 29 bolaget
464 1465 177 30 hufvudsakligen
657 1467 54 20 varit
726 1467 106 28 grundadt
845 1468 45 29 just
904 1468 28 29 på

204 1500 23 21 Ve
241 1501 86 26 insatta,
343 1507 46 14 men
405 1499 26 22 dä
446 1499 64 22 redan
526 1503 88 26 uttagna
627 1500 137 29 kapitalerne.
