1011 1773
188 182 40 21 368

160 247 40 19 tets
220 243 81 30 förslag
319 243 33 23 till
371 243 121 23 ständernes
508 241 145 31 underdåniga
668 250 49 16 svar
732 244 12 22 å
760 243 77 30 nådiga
852 250 49 23 pro-

160 279 121 28 positionen
304 279 110 28 angående
436 279 151 28 upphäfvande
609 279 25 21 af
656 279 189 29 indigenatsrätten
869 280 33 20 för

159 313 134 21 läroståndet
306 313 57 21 inom
379 313 79 21 landet.

227 348 40 20 7T:o.
297 345 87 30 Utdrag
400 347 24 21 af
436 345 166 24 bondeständets
616 347 108 28 protokoll
741 347 25 21 af
777 347 40 21 den
834 347 26 21 26
869 348 33 27 ja-

159 382 71 26 nuari,
249 381 116 28 hvarjemte
381 381 119 27 meddelas,
519 384 30 18 att
565 380 95 22 beniälde
676 381 62 22 stånd
754 382 96 27 godkänt
865 388 37 14 ex-

159 415 223 29 peditionsutskottets
402 415 81 28 förslag
501 415 32 22 till
553 415 124 22 ständernes
693 415 145 28 underdäniga
852 421 49 16 svar

159 449 13 22 å
186 449 78 28 nådiga
280 449 161 29 propositionen
458 449 109 28 angående
582 449 102 28 sjölagen.

226 484 42 21 8:0.
296 482 88 29 Utdrag
399 483 23 21 af
436 483 165 22 bondeständets
616 482 108 29 protokoll
740 483 24 22 af
776 483 40 22 den
832 484 26 21 26
867 484 33 28 ja-

159 518 70 26 nuari,
245 517 84 28 derom,
344 520 31 19 att
390 517 84 22 ståndet
488 517 97 29 godkänt
595 517 250 28 expeditionsutskottets
857 518 44 21 för

160 553 47 28 slag
229 552 32 21 till
284 552 124 21 ständernes
427 550 146 31 underdäniga
587 559 49 14 svar
650 552 13 20 å
676 551 79 29 nådiga
770 553 131 28 propositio-

159 594 41 14 nen
220 585 109 29 angäende
344 586 152 28 upphäfvande
511 587 23 20 af
547 586 148 28 ridderskapet
711 587 39 21 och
766 587 74 21 adelns
856 590 44 19 ute-

161 620 97 22 slutande
273 621 43 21 rätt
330 624 30 17 att
376 629 40 20 ega
431 620 111 29 frälsejord
558 620 47 22 med
620 621 139 26 säterifrihet;
775 625 54 18 samt

226 655 41 20 9:o.
297 654 88 29 Utdrag
400 655 23 21 af
435 655 167 21 bondeständets
616 655 110 28 protokoll
742 656 23 21 af
777 656 40 21 den
833 657 26 20 26
869 655 30 30 ja-

158 689 71 27 nuari,
252 689 122 27 utvisande,
398 693 30 17 att
450 689 85 22 ståndet
557 689 82 28 antagit
661 697 25 13 en
708 689 127 29 inbjudning
853 691 46 21 från

159 723 158 29 presteständet
339 726 30 18 att
391 724 86 27 deltaga
496 724 6 20 i
521 726 30 19 ett
569 724 184 28 petitionsförslag
768 732 34 14 om
818 724 81 22 landets

158 758 124 28 likformiga
297 758 110 28 indelning
421 758 8 20 i
441 758 108 27 judicielt,
565 757 165 21 administrativt
746 758 39 21 och
797 758 102 22 ecklesia-

158 792 53 21 stikt
230 792 109 27 afseende,
358 792 110 21 äfvensom
488 794 30 18 att
535 791 44 21 lika
595 791 47 21 med
658 792 156 28 presteständet
829 794 72 20 remit-

159 829 45 19 tera
218 827 93 21 nämnda
326 827 82 27 förslag
424 826 32 21 till
472 826 123 22 ständernes
611 826 106 22 allmänna
729 827 170 21 besvärsutskott

158 861 34 20 för
206 864 30 18 att
251 860 73 22 vidare
340 860 96 22 beredas.

225 895 106 28 Samtliga
353 894 154 22 ofvanberörde
529 895 208 29 protokollsutdrag,
760 895 72 22 hvilka
850 895 49 22 icke

157 929 113 28 påkallade
286 929 73 21 vidare
373 928 87 29 åtgärd,
476 928 68 22 skulle
560 929 76 28 läggas
651 929 32 20 till
699 929 160 28 handlingarne.

224 972 58 23 Herr
297 974 148 21 talmannen
462 974 100 29 föredrog
576 973 61 22 Hans
652 974 120 29 Kejserliga
784 973 115 30 Majestäis

156 1007 32 22 till
209 1008 112 21 ständerne
340 1008 158 21 öfverlemnade
513 1008 42 21 och
571 1008 34 21 vid
622 1008 85 27 plenum
722 1008 40 21 den
780 1010 12 19 2
807 1009 7 20 i
829 1010 70 21 denne

157 1042 75 21 månad
257 1041 118 29 bordlagda
394 1042 79 28 nådiga
493 1042 133 27 proposition
642 1049 33 14 om
691 1043 127 28 förordning
833 1043 64 27 angå-

157 1075 53 22 ende
225 1075 128 29 tryckfrihet
369 1076 15 20 i
391 1075 91 22 Finland
499 1076 39 21 och
554 1083 34 14 om
603 1075 97 22 vilkoren
713 1077 32 20 för
758 1077 48 21 dess
818 1077 81 28 begag-

157 1109 75 22 nande.

223 1143 71 24 Sedan
314 1143 39 22 den
373 1143 78 29 nådiga
467 1145 161 28 propositionen
644 1144 71 22 blifvit
730 1145 96 28 uppläst,
842 1146 56 21 före-

155 1178 39 21 föll
211 1178 93 28 följande
320 1178 132 21 diskussion:

222 1212 57 21 Herr
295 1211 25 23 C.
336 1213 21 20 J.
374 1211 149 30 Grönberg:
553 1213 43 28 Jag
611 1213 38 21 vill
665 1214 55 21 fästa
735 1214 162 27 uppmärksam-

156 1247 61 21 heten
234 1247 36 20 vid
286 1247 40 21 den
341 1247 7 20 i
365 1247 25 20 13
406 1247 11 28 $
433 1247 12 20 3
461 1247 48 28 kap.
525 1247 24 21 af
562 1247 139 29 lagförslaget
716 1248 181 28 förekommande,

155 1281 67 27 enligt
233 1281 43 21 min
292 1281 70 26 tanke,
375 1281 116 29 olämpliga
507 1281 142 29 bestämning,
661 1285 31 17 att
703 1283 119 28 utgifvaren
835 1283 24 21 af
869 1291 27 13 en

155 1315 110 27 periodisk
278 1315 63 20 skrift
353 1315 54 20 skall
420 1322 50 13 vara
483 1316 71 20 bosatt
565 1316 12 20 å
588 1316 188 27 utgifningsorten.
800 1317 42 20 Det
853 1320 43 16 tor-

154 1348 26 20 de
196 1348 82 27 ganska
292 1348 45 20 ofta
351 1348 95 26 inträffa,
462 1351 30 17 att
507 1350 23 18 så
545 1348 48 21 icke
608 1349 23 19 är
647 1349 65 21 fallet.
734 1349 75 22 Såsom
824 1357 71 13 exem-

154 1382 34 28 pel
211 1382 37 20 vill
268 1382 38 28 jag
325 1382 85 27 anföra,
432 1385 31 17 att
486 1382 2 20 i
506 1381 69 23 Wasa
593 1383 119 21 utkommer
727 1391 25 13 en
769 1384 82 28 tidning
867 1384 28 28 på

155 1416 91 21 svenska
269 1416 87 28 språket
375 1416 66 21 under
456 1424 61 14 namn
534 1418 24 20 af
571 1412 172 27 ”Österbotten.”
773 1417 121 30 Tidningen

153 1450 85 29 tryckes
258 1451 40 20 och
317 1451 93 28 utgitves
431 1451 6 21 å
452 1451 90 21 nämnde
558 1455 42 24 ort,
620 1459 47 14 men
684 1452 118 29 utgifvaren
818 1453 24 21 är
858 1455 36 19 bo-

154 1486 53 22 ende
226 1486 26 28 på
272 1485 50 23 flere
337 1486 48 21 mils
401 1486 83 21 afstånd
501 1486 102 29 derifrån,
622 1486 3 21 i
640 1486 101 23 Munsala
756 1488 81 28 kapell,
853 1488 40 22 och
