1031 1814
217 177 41 22 218

258 239 43 24 Till
317 241 106 29 justering
440 241 110 28 upplästes
566 241 36 22 det
617 241 37 21 vid
668 240 166 23 sammanträdet
848 239 41 23 den
906 240 26 21 12

189 275 8 22 i
212 275 67 22 denne
294 275 77 22 månad
387 275 63 22 förda
461 275 109 28 protokoll
582 275 110 22 äfvensom
704 275 26 22 de
742 283 80 14 samma
837 274 43 29 dag
892 274 40 21 och

189 310 42 21 den
247 310 25 21 15
291 310 80 21 dennes
390 309 98 22 beslutna
506 310 227 28 protokollsutdragen
750 310 9 21 i
777 309 116 28 anledning
912 309 24 21 af

189 344 97 22 ståndets
301 344 70 22 beslut
384 344 91 22 rörande
490 344 78 29 nådiga
583 344 197 29 propositionerne:
797 343 45 22 N:o
856 344 29 20 44
900 350 34 15 om

189 379 28 21 fri
235 378 197 29 spanmålshandel,
455 378 43 22 N:o
514 380 13 20 4
542 387 35 14 om
595 378 153 29 upphäfvande
763 378 24 22 af
800 378 74 21 adelns
889 381 46 18 ute-

189 413 99 21 slutande
302 414 44 20 rätt
360 416 32 19 att
406 421 40 21 ega
461 413 113 29 frälsejord
588 413 48 22 med
652 413 142 27 säterifrihet,
808 412 43 22 N:o
860 413 26 20 23
899 419 35 15 om

188 447 153 28 upphäfvande
363 448 24 21 af
406 447 193 29 indigenatsrätten
618 448 34 21 för
670 447 133 22 läroständet
817 447 57 21 inom
889 447 46 22 lan-

190 482 46 27 det,
258 481 44 23 N:o
318 482 12 21 3
349 489 35 14 om
407 482 167 29 förebyggande.
590 483 24 20 af
634 482 117 29 olämpliga
773 481 106 22 förbehäll
897 481 37 22 vid

189 516 160 30 fastighetsköp
371 516 40 22 och
431 517 190 28 jordegendomars
644 517 133 21 öfverdrifna
798 516 138 28 betungande

188 551 50 23 med
253 551 89 29 sytning
357 551 42 22 och
414 551 66 22 andra
495 551 83 28 besvär,
600 551 44 22 N:o
658 552 28 21 46
702 551 110 29 angäende
827 551 108 22 särskilda

190 586 152 28 förändringar
357 586 7 22 i
379 585 84 22 landets
479 586 62 27 mätt,
557 586 41 22 mäl
613 586 41 21 och
669 587 57 28 vigt,
741 586 43 22 N:o
800 586 27 21 34
842 586 93 28 angäen-

190 620 27 21 de
238 620 95 23 revision
355 620 24 21 af
398 620 42 21 den
462 627 78 21 genom
559 620 79 28 nädiga
656 621 121 20 manifestet
794 620 41 21 den
851 621 12 21 9
879 620 56 28 april

191 654 55 21 1840
261 653 103 29 stadgade
384 655 130 28 omsättning
533 655 25 22 af
570 654 200 29 räntepersedlarne
784 654 8 22 i
806 654 74 22 landet
894 654 41 22 och

190 687 44 24 N:o
250 689 26 22 25
292 688 110 29 angående
418 688 103 29 sjölagen.

256 728 58 21 Herr
329 727 150 22 talmannen
498 728 102 29 föredrog
619 731 78 19 tvenne
715 729 55 21 ifrän
785 728 151 29 ridderskapet

190 763 41 21 och
253 763 62 21 adeln
337 762 103 22 inkomna
461 763 199 28 protokollsutdrag
682 764 35 21 för
735 763 41 21 den
795 763 13 21 8
826 764 42 20 och
887 763 49 21 12i

189 797 69 23 denne
280 797 88 27 månad,
390 797 146 22 innefattande
558 797 222 28 tillkännagifvanden
800 805 34 14 om
853 797 83 22 ridder-

189 832 77 28 skapet
280 832 42 21 och
336 831 75 23 adelns
426 831 72 23 beslut
511 832 7 21 i
534 831 116 29 anledning
665 832 25 21 af
702 831 159 22 ofvannämnda
876 832 60 22 nädi-

190 874 29 21 ga
233 867 135 29 proposition
383 865 44 24 N:o
442 866 13 21 3
471 865 40 22 och
526 866 163 29 propositionen
704 865 46 22 N:o
758 866 26 21 27
801 874 34 13 om
849 874 87 20 reorga-

191 901 94 22 nisation
301 901 25 22 af
334 900 110 23 städernes
455 900 268 29 kommunalförvaltning
717 896 10 37 ,
734 900 74 21 hvilka
821 900 115 22 tillkänna-

190 935 118 28 gifvanden
326 934 49 23 icke
389 934 33 23 till
438 933 72 22 vidare
526 934 77 28 ätgärd
618 934 135 27 föranledde,
768 934 103 22 hvarföre
885 942 52 20 pro-

190 968 189 28 tokollsutdragen
393 968 71 22 skulle
478 968 77 29 läggas
570 968 33 21 till
618 968 95 22 ständets
728 968 134 29 handlingar.

257 1008 125 29 Föredrogs
404 1008 34 21 till
460 1008 73 22 vidare
555 1007 76 29 ätgärd
650 1008 229 22 ekonomieutskottets
898 1008 38 22 vid

190 1043 54 22 sista
264 1043 87 28 plenum
373 1041 121 30 bordlagda
512 1041 134 23 betänkande
663 1043 7 21 i
689 1042 116 29 anledning
820 1043 25 21 af
856 1043 81 29 nådiga

190 1077 166 29 propositionen
370 1076 44 22 N:o
429 1077 27 20 27
472 1084 34 14 om
524 1077 170 29 reorganisation
714 1077 24 22 af
750 1077 110 22 städernes
874 1077 63 22 kom-

190 1111 237 28 munalförvaltning,
420 1107 13 37 i
443 1111 87 22 hvilken
544 1111 62 29 fräga
621 1111 95 29 följande
731 1111 24 22 af
767 1111 96 22 ständets
878 1107 59 52 med-

191 1146 88 22 lemmar
293 1145 86 30 yttrade
394 1146 44 28 sig:

258 1179 58 22 Herr
338 1179 144 23 Sundman:
510 1179 78 28 Enligt
609 1187 28 14 nu
660 1179 100 28 gällande
782 1180 154 29 författningar

191 1215 81 28 åtnjuta
290 1214 165 22 medlemmarne
470 1214 24 21 af
506 1214 28 21 de
549 1215 69 28 begge
633 1214 68 21 första
715 1213 147 28 riksstånden,
876 1215 60 28 isyn-

190 1248 76 22 nerhet
286 1248 58 21 hvad
365 1247 102 23 beträffar
488 1247 62 22 deras
569 1247 78 28 gårdar
665 1247 8 22 i
691 1247 109 28 städerne,
814 1255 27 14 en
855 1248 81 29 mängd

191 1283 107 22 förmåner
320 1282 41 21 och
378 1281 124 29 privilegier
521 1282 88 21 framför
627 1281 38 22 det
682 1281 110 29 egentliga
806 1281 129 29 borgerska-

191 1320 43 25 pet.
256 1316 78 23 Ovisst
348 1317 30 26 är,
393 1323 35 14 om
443 1316 62 21 dessa
519 1315 109 22 riksständ
643 1315 51 29 vilja
710 1316 75 28 afsäga
796 1316 33 28 sig
841 1315 95 22 nämnda

191 1350 253 27 företrädesrättigheter,
463 1349 40 21 och
515 1351 39 26 jag
569 1357 62 13 anser
645 1349 85 21 derföre
744 1349 37 21 det
795 1350 24 20 af
831 1349 49 21 herr
894 1349 40 21 Ju-

192 1385 65 21 selius
279 1383 134 22 framställda
430 1383 93 28 förslag,
541 1390 47 14 som
606 1383 100 28 utgjorde
725 1383 89 21 föremäl
828 1383 35 20 för
877 1383 59 22 stän-

192 1418 48 22 dets
252 1417 124 23 diskussion
390 1418 7 21 i
412 1417 52 22 sista
478 1417 94 28 plenum,
586 1417 78 22 främst
676 1424 53 14 vara
744 1416 104 22 beroende
864 1417 72 28 deraf,

194 1456 31 18 att
246 1451 283 29 kommunalförvaltningen
547 1451 7 23 i
573 1451 100 22 städerne
685 1451 44 22 kan
743 1451 29 28 pä
785 1454 32 18 ett
830 1451 107 22 tillfreds-

194 1487 106 23 ställande
320 1487 44 22 sätt
382 1486 88 29 ordnas,
488 1488 56 21 samt
561 1486 55 23 först
630 1485 66 23 sedan
709 1485 79 24 sädant
802 1486 60 23 skett
874 1486 63 31 fräga
