<?xml version="1.0" encoding="UTF-8"?>
<alto xmlns="http://www.loc.gov/standards/alto/ns-v3#" xmlns:xlink="http://www.w3.org/1999/xlink" xmlns:xsi="http://www.w3.org/2001/XMLSchema-instance" xsi:schemaLocation="http://www.loc.gov/standards/alto/ns-v3# http://www.loc.gov/alto/v3/alto-3-0.xsd">
	<Description>
		<MeasurementUnit>pixel</MeasurementUnit>
		<sourceImageInformation>
			<fileName>/tmp/tess_w3ewb_lv_input.PNG</fileName>
		</sourceImageInformation>
		<OCRProcessing ID="OCR_0">
			<ocrProcessingStep>
				<processingSoftware>
					<softwareName>tesseract 5.3.4</softwareName>
				</processingSoftware>
			</ocrProcessingStep>
		</OCRProcessing>
	</Description>
	<Layout>
		<Page WIDTH="1011" HEIGHT="1750" PHYSICAL_IMG_NR="0" ID="page_0">
			<PrintSpace HPOS="0" VPOS="0" WIDTH="1011" HEIGHT="1750">
				<ComposedBlock ID="cblock_0" HPOS="196" VPOS="180" WIDTH="41" HEIGHT="20">
					<TextBlock ID="block_0" HPOS="196" VPOS="180" WIDTH="41" HEIGHT="20">
						<TextLine ID="line_0" HPOS="196" VPOS="180" WIDTH="41" HEIGHT="20">
							<String ID="string_0" HPOS="196" VPOS="180" WIDTH="41" HEIGHT="20" WC="0.96" CONTENT="366"/>
						</TextLine>
					</TextBlock>
				</ComposedBlock>
				<ComposedBlock ID="cblock_1" HPOS="166" VPOS="237" WIDTH="746" HEIGHT="1018">
					<TextBlock ID="block_1" HPOS="166" VPOS="237" WIDTH="743" HEIGHT="100">
						<TextLine ID="line_1" HPOS="166" VPOS="237" WIDTH="742" HEIGHT="32">
							<String ID="string_1" HPOS="166" VPOS="241" WIDTH="193" HEIGHT="21" WC="0.91" CONTENT="nämndemännens"/><SP WIDTH="27" VPOS="241" HPOS="359"/>
							<String ID="string_2" HPOS="386" VPOS="241" WIDTH="57" HEIGHT="21" WC="0.95" CONTENT="antal"/><SP WIDTH="26" VPOS="241" HPOS="443"/>
							<String ID="string_3" HPOS="469" VPOS="242" WIDTH="18" HEIGHT="27" WC="0.93" CONTENT="ej"/><SP WIDTH="23" VPOS="242" HPOS="487"/>
							<String ID="string_4" HPOS="510" VPOS="241" WIDTH="67" HEIGHT="21" WC="0.82" CONTENT="heller"/><SP WIDTH="23" VPOS="241" HPOS="577"/>
							<String ID="string_5" HPOS="600" VPOS="241" WIDTH="54" HEIGHT="21" WC="0.66" CONTENT="varit"/><SP WIDTH="22" VPOS="241" HPOS="654"/>
							<String ID="string_6" HPOS="676" VPOS="237" WIDTH="232" HEIGHT="25" WC="0.92" CONTENT="öfverensstämmande"/>
						</TextLine>
						<TextLine ID="line_2" HPOS="166" VPOS="274" WIDTH="743" HEIGHT="29">
							<String ID="string_7" HPOS="166" VPOS="278" WIDTH="55" HEIGHT="18" WC="0.96" CONTENT="samt"/><SP WIDTH="15" VPOS="278" HPOS="221"/>
							<String ID="string_8" HPOS="236" VPOS="278" WIDTH="31" HEIGHT="18" WC="0.92" CONTENT="att"/><SP WIDTH="14" VPOS="278" HPOS="267"/>
							<String ID="string_9" HPOS="281" VPOS="274" WIDTH="240" HEIGHT="28" WC="0.90" CONTENT="expeditionsutskottet"/><SP WIDTH="12" VPOS="274" HPOS="521"/>
							<String ID="string_10" HPOS="533" VPOS="275" WIDTH="79" HEIGHT="28" WC="0.91" CONTENT="jemväl"/><SP WIDTH="16" VPOS="275" HPOS="612"/>
							<String ID="string_11" HPOS="628" VPOS="276" WIDTH="53" HEIGHT="27" WC="0.96" CONTENT="tagit"/><SP WIDTH="15" VPOS="276" HPOS="681"/>
							<String ID="string_12" HPOS="696" VPOS="276" WIDTH="10" HEIGHT="20" WC="0.96" CONTENT="i"/><SP WIDTH="13" VPOS="276" HPOS="706"/>
							<String ID="string_13" HPOS="719" VPOS="275" WIDTH="147" HEIGHT="27" WC="0.96" CONTENT="betraktande,"/><SP WIDTH="11" VPOS="275" HPOS="866"/>
							<String ID="string_14" HPOS="877" VPOS="278" WIDTH="32" HEIGHT="18" WC="0.96" CONTENT="att"/>
						</TextLine>
						<TextLine ID="line_3" HPOS="166" VPOS="309" WIDTH="742" HEIGHT="28">
							<String ID="string_15" HPOS="166" VPOS="316" WIDTH="24" HEIGHT="14" WC="0.93" CONTENT="en"/><SP WIDTH="13" VPOS="316" HPOS="190"/>
							<String ID="string_16" HPOS="203" VPOS="309" WIDTH="204" HEIGHT="28" WC="0.92" CONTENT="sammanjemkning"/><SP WIDTH="13" VPOS="309" HPOS="407"/>
							<String ID="string_17" HPOS="420" VPOS="309" WIDTH="63" HEIGHT="21" WC="0.95" CONTENT="äfven"/><SP WIDTH="11" VPOS="309" HPOS="483"/>
							<String ID="string_18" HPOS="494" VPOS="310" WIDTH="7" HEIGHT="19" WC="0.95" CONTENT="i"/><SP WIDTH="12" VPOS="310" HPOS="501"/>
							<String ID="string_19" HPOS="513" VPOS="309" WIDTH="40" HEIGHT="21" WC="0.96" CONTENT="den"/><SP WIDTH="10" VPOS="309" HPOS="553"/>
							<String ID="string_20" HPOS="563" VPOS="309" WIDTH="60" HEIGHT="21" WC="0.93" CONTENT="delen"/><SP WIDTH="9" VPOS="309" HPOS="623"/>
							<String ID="string_21" HPOS="632" VPOS="310" WIDTH="143" HEIGHT="27" WC="0.92" CONTENT="tilläfventyrs"/><SP WIDTH="8" VPOS="310" HPOS="775"/>
							<String ID="string_22" HPOS="783" VPOS="309" WIDTH="71" HEIGHT="21" WC="0.96" CONTENT="kunde"/><SP WIDTH="8" VPOS="309" HPOS="854"/>
							<String ID="string_23" HPOS="862" VPOS="309" WIDTH="46" HEIGHT="21" WC="0.84" CONTENT="ske."/>
						</TextLine>
					</TextBlock>
					<TextBlock ID="block_2" HPOS="166" VPOS="342" WIDTH="745" HEIGHT="233">
						<TextLine ID="line_4" HPOS="233" VPOS="342" WIDTH="676" HEIGHT="29">
							<String ID="string_24" HPOS="233" VPOS="343" WIDTH="57" HEIGHT="21" WC="0.96" CONTENT="Herr"/><SP WIDTH="15" VPOS="343" HPOS="290"/>
							<String ID="string_25" HPOS="305" VPOS="342" WIDTH="169" HEIGHT="28" WC="0.96" CONTENT="Tengström:"/><SP WIDTH="28" VPOS="342" HPOS="474"/>
							<String ID="string_26" HPOS="502" VPOS="343" WIDTH="43" HEIGHT="28" WC="0.96" CONTENT="Jag"/><SP WIDTH="20" VPOS="343" HPOS="545"/>
							<String ID="string_27" HPOS="565" VPOS="343" WIDTH="73" HEIGHT="21" WC="0.96" CONTENT="stöder"/><SP WIDTH="14" VPOS="343" HPOS="638"/>
							<String ID="string_28" HPOS="652" VPOS="344" WIDTH="43" HEIGHT="26" WC="0.96" CONTENT="mig"/><SP WIDTH="16" VPOS="344" HPOS="695"/>
							<String ID="string_29" HPOS="711" VPOS="343" WIDTH="37" HEIGHT="21" WC="0.96" CONTENT="vid"/><SP WIDTH="16" VPOS="343" HPOS="748"/>
							<String ID="string_30" HPOS="764" VPOS="343" WIDTH="145" HEIGHT="28" WC="0.62" CONTENT="grundlagen,"/>
						</TextLine>
						<TextLine ID="line_5" HPOS="167" VPOS="376" WIDTH="743" HEIGHT="29">
							<String ID="string_31" HPOS="167" VPOS="384" WIDTH="45" HEIGHT="14" WC="0.96" CONTENT="som"/><SP WIDTH="18" VPOS="384" HPOS="212"/>
							<String ID="string_32" HPOS="230" VPOS="376" WIDTH="125" HEIGHT="27" WC="0.96" CONTENT="innehåller,"/><SP WIDTH="20" VPOS="376" HPOS="355"/>
							<String ID="string_33" HPOS="375" VPOS="380" WIDTH="32" HEIGHT="18" WC="0.96" CONTENT="att"/><SP WIDTH="18" VPOS="380" HPOS="407"/>
							<String ID="string_34" HPOS="425" VPOS="377" WIDTH="36" HEIGHT="21" WC="0.93" CONTENT="två"/><SP WIDTH="18" VPOS="377" HPOS="461"/>
							<String ID="string_35" HPOS="479" VPOS="377" WIDTH="73" HEIGHT="21" WC="0.90" CONTENT="stånds"/><SP WIDTH="15" VPOS="377" HPOS="552"/>
							<String ID="string_36" HPOS="567" VPOS="378" WIDTH="228" HEIGHT="20" WC="0.90" CONTENT="sammanstämmande"/><SP WIDTH="17" VPOS="378" HPOS="795"/>
							<String ID="string_37" HPOS="812" VPOS="377" WIDTH="70" HEIGHT="28" WC="0.90" CONTENT="afslag"/><SP WIDTH="15" VPOS="377" HPOS="882"/>
							<String ID="string_38" HPOS="897" VPOS="377" WIDTH="13" HEIGHT="21" WC="0.93" CONTENT="å"/>
						</TextLine>
						<TextLine ID="line_6" HPOS="167" VPOS="409" WIDTH="743" HEIGHT="30">
							<String ID="string_39" HPOS="167" VPOS="414" WIDTH="31" HEIGHT="18" WC="0.96" CONTENT="ett"/><SP WIDTH="21" VPOS="414" HPOS="198"/>
							<String ID="string_40" HPOS="219" VPOS="411" WIDTH="119" HEIGHT="28" WC="0.96" CONTENT="lagförslag"/><SP WIDTH="22" VPOS="411" HPOS="338"/>
							<String ID="string_41" HPOS="360" VPOS="411" WIDTH="24" HEIGHT="21" WC="0.96" CONTENT="är"/><SP WIDTH="22" VPOS="411" HPOS="384"/>
							<String ID="string_42" HPOS="406" VPOS="410" WIDTH="99" HEIGHT="29" WC="0.96" CONTENT="gällande"/><SP WIDTH="19" VPOS="410" HPOS="505"/>
							<String ID="string_43" HPOS="524" VPOS="414" WIDTH="56" HEIGHT="19" WC="0.96" CONTENT="emot"/><SP WIDTH="19" VPOS="414" HPOS="580"/>
							<String ID="string_44" HPOS="599" VPOS="412" WIDTH="37" HEIGHT="20" WC="0.92" CONTENT="två"/><SP WIDTH="14" VPOS="412" HPOS="636"/>
							<String ID="string_45" HPOS="650" VPOS="411" WIDTH="74" HEIGHT="21" WC="0.92" CONTENT="stånds"/><SP WIDTH="17" VPOS="411" HPOS="724"/>
							<String ID="string_46" HPOS="741" VPOS="409" WIDTH="128" HEIGHT="30" WC="0.96" CONTENT="antagande,"/><SP WIDTH="17" VPOS="409" HPOS="869"/>
							<String ID="string_47" HPOS="886" VPOS="411" WIDTH="24" HEIGHT="21" WC="0.96" CONTENT="så"/>
						</TextLine>
						<TextLine ID="line_7" HPOS="167" VPOS="444" WIDTH="743" HEIGHT="28">
							<String ID="string_48" HPOS="167" VPOS="447" WIDTH="30" HEIGHT="18" WC="0.96" CONTENT="att"/><SP WIDTH="22" VPOS="447" HPOS="197"/>
							<String ID="string_49" HPOS="219" VPOS="445" WIDTH="110" HEIGHT="20" WC="0.95" CONTENT="resultatet"/><SP WIDTH="23" VPOS="445" HPOS="329"/>
							<String ID="string_50" HPOS="352" VPOS="445" WIDTH="30" HEIGHT="20" WC="0.96" CONTENT="uti"/><SP WIDTH="22" VPOS="445" HPOS="382"/>
							<String ID="string_51" HPOS="404" VPOS="452" WIDTH="28" HEIGHT="13" WC="0.96" CONTENT="nu"/><SP WIDTH="23" VPOS="452" HPOS="432"/>
							<String ID="string_52" HPOS="455" VPOS="444" WIDTH="161" HEIGHT="28" WC="0.92" CONTENT="ifrågavarande"/><SP WIDTH="20" VPOS="444" HPOS="616"/>
							<String ID="string_53" HPOS="636" VPOS="445" WIDTH="99" HEIGHT="20" WC="0.92" CONTENT="afseende"/><SP WIDTH="22" VPOS="445" HPOS="735"/>
							<String ID="string_54" HPOS="757" VPOS="445" WIDTH="68" HEIGHT="20" WC="0.96" CONTENT="måste"/><SP WIDTH="17" VPOS="445" HPOS="825"/>
							<String ID="string_55" HPOS="842" VPOS="445" WIDTH="68" HEIGHT="20" WC="0.94" CONTENT="blifva"/>
						</TextLine>
						<TextLine ID="line_8" HPOS="167" VPOS="478" WIDTH="744" HEIGHT="29">
							<String ID="string_56" HPOS="167" VPOS="479" WIDTH="88" HEIGHT="20" WC="0.96" CONTENT="alldeles"/><SP WIDTH="15" VPOS="479" HPOS="255"/>
							<String ID="string_57" HPOS="270" VPOS="479" WIDTH="128" HEIGHT="25" WC="0.96" CONTENT="detsamma,"/><SP WIDTH="15" VPOS="479" HPOS="398"/>
							<String ID="string_58" HPOS="413" VPOS="485" WIDTH="47" HEIGHT="14" WC="0.96" CONTENT="som"/><SP WIDTH="16" VPOS="485" HPOS="460"/>
							<String ID="string_59" HPOS="476" VPOS="486" WIDTH="33" HEIGHT="13" WC="0.96" CONTENT="om"/><SP WIDTH="16" VPOS="486" HPOS="509"/>
							<String ID="string_60" HPOS="525" VPOS="481" WIDTH="31" HEIGHT="18" WC="0.96" CONTENT="tre"/><SP WIDTH="14" VPOS="481" HPOS="556"/>
							<String ID="string_61" HPOS="570" VPOS="479" WIDTH="52" HEIGHT="20" WC="0.96" CONTENT="eller"/><SP WIDTH="15" VPOS="479" HPOS="622"/>
							<String ID="string_62" HPOS="637" VPOS="479" WIDTH="41" HEIGHT="20" WC="0.96" CONTENT="alla"/><SP WIDTH="11" VPOS="479" HPOS="678"/>
							<String ID="string_63" HPOS="689" VPOS="479" WIDTH="47" HEIGHT="28" WC="0.96" CONTENT="fyra"/><SP WIDTH="13" VPOS="479" HPOS="736"/>
							<String ID="string_64" HPOS="749" VPOS="478" WIDTH="90" HEIGHT="21" WC="0.93" CONTENT="stånden"/><SP WIDTH="12" VPOS="478" HPOS="839"/>
							<String ID="string_65" HPOS="851" VPOS="478" WIDTH="60" HEIGHT="21" WC="0.92" CONTENT="skul-"/>
						</TextLine>
						<TextLine ID="line_9" HPOS="166" VPOS="512" WIDTH="744" HEIGHT="29">
							<String ID="string_66" HPOS="166" VPOS="512" WIDTH="20" HEIGHT="21" WC="0.92" CONTENT="le"/><SP WIDTH="16" VPOS="512" HPOS="186"/>
							<String ID="string_67" HPOS="202" VPOS="513" WIDTH="87" HEIGHT="21" WC="0.91" CONTENT="beslutit"/><SP WIDTH="15" VPOS="513" HPOS="289"/>
							<String ID="string_68" HPOS="304" VPOS="513" WIDTH="149" HEIGHT="21" WC="0.96" CONTENT="bibehållande"/><SP WIDTH="16" VPOS="513" HPOS="453"/>
							<String ID="string_69" HPOS="469" VPOS="513" WIDTH="23" HEIGHT="21" WC="0.96" CONTENT="af"/><SP WIDTH="12" VPOS="513" HPOS="492"/>
							<String ID="string_70" HPOS="504" VPOS="520" WIDTH="28" HEIGHT="13" WC="0.96" CONTENT="nu"/><SP WIDTH="15" VPOS="520" HPOS="532"/>
							<String ID="string_71" HPOS="547" VPOS="513" WIDTH="100" HEIGHT="28" WC="0.96" CONTENT="gällande"/><SP WIDTH="15" VPOS="513" HPOS="647"/>
							<String ID="string_72" HPOS="662" VPOS="513" WIDTH="119" HEIGHT="28" WC="0.96" CONTENT="stadgande"/><SP WIDTH="16" VPOS="513" HPOS="781"/>
							<String ID="string_73" HPOS="797" VPOS="520" WIDTH="34" HEIGHT="14" WC="0.93" CONTENT="om"/><SP WIDTH="11" VPOS="520" HPOS="831"/>
							<String ID="string_74" HPOS="842" VPOS="512" WIDTH="68" HEIGHT="29" WC="0.92" CONTENT="tings-"/>
						</TextLine>
						<TextLine ID="line_10" HPOS="167" VPOS="547" WIDTH="285" HEIGHT="28">
							<String ID="string_75" HPOS="167" VPOS="547" WIDTH="139" HEIGHT="28" WC="0.92" CONTENT="gästningens"/><SP WIDTH="17" VPOS="547" HPOS="306"/>
							<String ID="string_76" HPOS="323" VPOS="547" WIDTH="129" HEIGHT="28" WC="0.95" CONTENT="fördelning."/>
						</TextLine>
					</TextBlock>
					<TextBlock ID="block_3" HPOS="167" VPOS="579" WIDTH="744" HEIGHT="125">
						<TextLine ID="line_11" HPOS="234" VPOS="579" WIDTH="676" HEIGHT="29">
							<String ID="string_77" HPOS="234" VPOS="580" WIDTH="57" HEIGHT="22" WC="0.95" CONTENT="Herr"/><SP WIDTH="16" VPOS="580" HPOS="291"/>
							<String ID="string_78" HPOS="307" VPOS="579" WIDTH="26" HEIGHT="23" WC="0.92" CONTENT="O."/><SP WIDTH="14" VPOS="579" HPOS="333"/>
							<String ID="string_79" HPOS="347" VPOS="580" WIDTH="22" HEIGHT="22" WC="0.94" CONTENT="J."/><SP WIDTH="17" VPOS="580" HPOS="369"/>
							<String ID="string_80" HPOS="386" VPOS="579" WIDTH="139" HEIGHT="29" WC="0.96" CONTENT="Grönberg"/><SP WIDTH="20" VPOS="579" HPOS="525"/>
							<String ID="string_81" HPOS="545" VPOS="580" WIDTH="50" HEIGHT="22" WC="0.93" CONTENT="ville"/><SP WIDTH="18" VPOS="580" HPOS="595"/>
							<String ID="string_82" HPOS="613" VPOS="580" WIDTH="122" HEIGHT="28" WC="0.91" CONTENT="framhälla,"/><SP WIDTH="19" VPOS="580" HPOS="735"/>
							<String ID="string_83" HPOS="754" VPOS="583" WIDTH="31" HEIGHT="19" WC="0.97" CONTENT="att"/><SP WIDTH="14" VPOS="583" HPOS="785"/>
							<String ID="string_84" HPOS="799" VPOS="580" WIDTH="53" HEIGHT="22" WC="0.93" CONTENT="hans"/><SP WIDTH="15" VPOS="580" HPOS="852"/>
							<String ID="string_85" HPOS="867" VPOS="581" WIDTH="43" HEIGHT="21" WC="0.93" CONTENT="för-"/>
						</TextLine>
						<TextLine ID="line_12" HPOS="168" VPOS="614" WIDTH="743" HEIGHT="30">
							<String ID="string_86" HPOS="168" VPOS="615" WIDTH="48" HEIGHT="29" WC="0.95" CONTENT="slag"/><SP WIDTH="22" VPOS="615" HPOS="216"/>
							<String ID="string_87" HPOS="238" VPOS="623" WIDTH="35" HEIGHT="13" WC="0.96" CONTENT="om"/><SP WIDTH="22" VPOS="623" HPOS="273"/>
							<String ID="string_88" HPOS="295" VPOS="622" WIDTH="29" HEIGHT="21" WC="0.93" CONTENT="ny"/><SP WIDTH="17" VPOS="622" HPOS="324"/>
							<String ID="string_89" HPOS="341" VPOS="616" WIDTH="100" HEIGHT="27" WC="0.92" CONTENT="votering"/><SP WIDTH="18" VPOS="616" HPOS="441"/>
							<String ID="string_90" HPOS="459" VPOS="615" WIDTH="74" HEIGHT="21" WC="0.93" CONTENT="endast"/><SP WIDTH="19" VPOS="615" HPOS="533"/>
							<String ID="string_91" HPOS="552" VPOS="616" WIDTH="65" HEIGHT="20" WC="0.92" CONTENT="afsett"/><SP WIDTH="15" VPOS="616" HPOS="617"/>
							<String ID="string_92" HPOS="632" VPOS="618" WIDTH="30" HEIGHT="18" WC="0.96" CONTENT="att"/><SP WIDTH="15" VPOS="618" HPOS="662"/>
							<String ID="string_93" HPOS="677" VPOS="622" WIDTH="76" HEIGHT="21" WC="0.96" CONTENT="genom"/><SP WIDTH="16" VPOS="622" HPOS="753"/>
							<String ID="string_94" HPOS="769" VPOS="614" WIDTH="81" HEIGHT="22" WC="0.93" CONTENT="mindre"/><SP WIDTH="16" VPOS="614" HPOS="850"/>
							<String ID="string_95" HPOS="866" VPOS="622" WIDTH="45" HEIGHT="14" WC="0.90" CONTENT="om-"/>
						</TextLine>
						<TextLine ID="line_13" HPOS="167" VPOS="646" WIDTH="744" HEIGHT="32">
							<String ID="string_96" HPOS="167" VPOS="649" WIDTH="82" HEIGHT="29" WC="0.92" CONTENT="gängar"/><SP WIDTH="13" VPOS="649" HPOS="249"/>
							<String ID="string_97" HPOS="262" VPOS="649" WIDTH="102" HEIGHT="29" WC="0.92" CONTENT="möjligen"/><SP WIDTH="16" VPOS="649" HPOS="364"/>
							<String ID="string_98" HPOS="380" VPOS="646" WIDTH="146" HEIGHT="25" WC="0.91" CONTENT="ästadkomma"/><SP WIDTH="15" VPOS="646" HPOS="526"/>
							<String ID="string_99" HPOS="541" VPOS="656" WIDTH="25" HEIGHT="14" WC="0.93" CONTENT="en"/><SP WIDTH="16" VPOS="656" HPOS="566"/>
							<String ID="string_100" HPOS="582" VPOS="649" WIDTH="205" HEIGHT="28" WC="0.91" CONTENT="sammanjemkning"/><SP WIDTH="12" VPOS="649" HPOS="787"/>
							<String ID="string_101" HPOS="799" VPOS="649" WIDTH="24" HEIGHT="21" WC="0.97" CONTENT="af"/><SP WIDTH="10" VPOS="649" HPOS="823"/>
							<String ID="string_102" HPOS="833" VPOS="649" WIDTH="26" HEIGHT="21" WC="0.93" CONTENT="de"/><SP WIDTH="12" VPOS="649" HPOS="859"/>
							<String ID="string_103" HPOS="871" VPOS="648" WIDTH="40" HEIGHT="22" WC="0.91" CONTENT="oli-"/>
						</TextLine>
						<TextLine ID="line_14" HPOS="167" VPOS="683" WIDTH="146" HEIGHT="21">
							<String ID="string_104" HPOS="167" VPOS="683" WIDTH="28" HEIGHT="21" WC="0.96" CONTENT="ka"/><SP WIDTH="16" VPOS="683" HPOS="195"/>
							<String ID="string_105" HPOS="211" VPOS="684" WIDTH="102" HEIGHT="20" WC="0.96" CONTENT="besluten."/>
						</TextLine>
					</TextBlock>
					<TextBlock ID="block_4" HPOS="167" VPOS="716" WIDTH="745" HEIGHT="166">
						<TextLine ID="line_15" HPOS="234" VPOS="716" WIDTH="676" HEIGHT="30">
							<String ID="string_106" HPOS="234" VPOS="717" WIDTH="58" HEIGHT="21" WC="0.93" CONTENT="Herr"/><SP WIDTH="15" VPOS="717" HPOS="292"/>
							<String ID="string_107" HPOS="307" VPOS="717" WIDTH="155" HEIGHT="28" WC="0.96" CONTENT="Bergstedt:"/><SP WIDTH="29" VPOS="717" HPOS="462"/>
							<String ID="string_108" HPOS="491" VPOS="716" WIDTH="44" HEIGHT="22" WC="0.96" CONTENT="Det"/><SP WIDTH="21" VPOS="716" HPOS="535"/>
							<String ID="string_109" HPOS="556" VPOS="717" WIDTH="42" HEIGHT="21" WC="0.96" CONTENT="kan"/><SP WIDTH="22" VPOS="717" HPOS="598"/>
							<String ID="string_110" HPOS="620" VPOS="717" WIDTH="35" HEIGHT="21" WC="0.92" CONTENT="väl"/><SP WIDTH="19" VPOS="717" HPOS="655"/>
							<String ID="string_111" HPOS="674" VPOS="718" WIDTH="18" HEIGHT="27" WC="0.96" CONTENT="ej"/><SP WIDTH="20" VPOS="718" HPOS="692"/>
							<String ID="string_112" HPOS="712" VPOS="717" WIDTH="68" HEIGHT="21" WC="0.95" CONTENT="blifva"/><SP WIDTH="18" VPOS="717" HPOS="780"/>
							<String ID="string_113" HPOS="798" VPOS="717" WIDTH="62" HEIGHT="29" WC="0.95" CONTENT="fråga"/><SP WIDTH="14" VPOS="717" HPOS="860"/>
							<String ID="string_114" HPOS="874" VPOS="725" WIDTH="36" HEIGHT="14" WC="0.96" CONTENT="om"/>
						</TextLine>
						<TextLine ID="line_16" HPOS="168" VPOS="751" WIDTH="742" HEIGHT="29">
							<String ID="string_115" HPOS="168" VPOS="754" WIDTH="31" HEIGHT="18" WC="0.92" CONTENT="att"/><SP WIDTH="18" VPOS="754" HPOS="199"/>
							<String ID="string_116" HPOS="217" VPOS="752" WIDTH="91" HEIGHT="20" WC="0.95" CONTENT="anställa"/><SP WIDTH="18" VPOS="752" HPOS="308"/>
							<String ID="string_117" HPOS="326" VPOS="759" WIDTH="28" HEIGHT="21" WC="0.93" CONTENT="ny"/><SP WIDTH="15" VPOS="759" HPOS="354"/>
							<String ID="string_118" HPOS="369" VPOS="752" WIDTH="100" HEIGHT="28" WC="0.73" CONTENT="votering"/><SP WIDTH="14" VPOS="752" HPOS="469"/>
							<String ID="string_119" HPOS="483" VPOS="752" WIDTH="7" HEIGHT="20" WC="0.95" CONTENT="i"/><SP WIDTH="15" VPOS="752" HPOS="490"/>
							<String ID="string_120" HPOS="505" VPOS="759" WIDTH="25" HEIGHT="13" WC="0.96" CONTENT="en"/><SP WIDTH="17" VPOS="759" HPOS="530"/>
							<String ID="string_121" HPOS="547" VPOS="752" WIDTH="23" HEIGHT="20" WC="0.93" CONTENT="af"/><SP WIDTH="12" VPOS="752" HPOS="570"/>
							<String ID="string_122" HPOS="582" VPOS="751" WIDTH="85" HEIGHT="21" WC="0.96" CONTENT="ståndet"/><SP WIDTH="14" VPOS="751" HPOS="667"/>
							<String ID="string_123" HPOS="681" VPOS="751" WIDTH="66" HEIGHT="21" WC="0.93" CONTENT="redan"/><SP WIDTH="16" VPOS="751" HPOS="747"/>
							<String ID="string_124" HPOS="763" VPOS="752" WIDTH="85" HEIGHT="27" WC="0.92" CONTENT="afgjord"/><SP WIDTH="16" VPOS="752" HPOS="848"/>
							<String ID="string_125" HPOS="864" VPOS="752" WIDTH="46" HEIGHT="21" WC="0.96" CONTENT="sak."/>
						</TextLine>
						<TextLine ID="line_17" HPOS="167" VPOS="784" WIDTH="745" HEIGHT="30">
							<String ID="string_126" HPOS="167" VPOS="784" WIDTH="35" HEIGHT="22" WC="0.93" CONTENT="En"/><SP WIDTH="16" VPOS="784" HPOS="202"/>
							<String ID="string_127" HPOS="218" VPOS="785" WIDTH="66" HEIGHT="22" WC="0.92" CONTENT="sädan"/><SP WIDTH="15" VPOS="785" HPOS="284"/>
							<String ID="string_128" HPOS="299" VPOS="785" WIDTH="76" HEIGHT="28" WC="0.91" CONTENT="ätgärd"/><SP WIDTH="16" VPOS="785" HPOS="375"/>
							<String ID="string_129" HPOS="391" VPOS="785" WIDTH="70" HEIGHT="21" WC="0.96" CONTENT="kunde"/><SP WIDTH="15" VPOS="785" HPOS="461"/>
							<String ID="string_130" HPOS="476" VPOS="785" WIDTH="28" HEIGHT="21" WC="0.96" CONTENT="dä"/><SP WIDTH="14" VPOS="785" HPOS="504"/>
							<String ID="string_131" HPOS="518" VPOS="785" WIDTH="48" HEIGHT="21" WC="0.96" CONTENT="med"/><SP WIDTH="16" VPOS="785" HPOS="566"/>
							<String ID="string_132" HPOS="582" VPOS="792" WIDTH="78" HEIGHT="14" WC="0.96" CONTENT="samma"/><SP WIDTH="16" VPOS="792" HPOS="660"/>
							<String ID="string_133" HPOS="676" VPOS="785" WIDTH="47" HEIGHT="21" WC="0.93" CONTENT="skäl"/><SP WIDTH="16" VPOS="785" HPOS="723"/>
							<String ID="string_134" HPOS="739" VPOS="786" WIDTH="98" HEIGHT="28" WC="0.92" CONTENT="vidtagas"/><SP WIDTH="11" VPOS="786" HPOS="837"/>
							<String ID="string_135" HPOS="848" VPOS="786" WIDTH="7" HEIGHT="20" WC="0.95" CONTENT="i"/><SP WIDTH="13" VPOS="786" HPOS="855"/>
							<String ID="string_136" HPOS="868" VPOS="786" WIDTH="44" HEIGHT="21" WC="0.96" CONTENT="alla"/>
						</TextLine>
						<TextLine ID="line_18" HPOS="167" VPOS="818" WIDTH="744" HEIGHT="30">
							<String ID="string_137" HPOS="167" VPOS="820" WIDTH="78" HEIGHT="27" WC="0.95" CONTENT="frågor."/><SP WIDTH="30" VPOS="820" HPOS="245"/>
							<String ID="string_138" HPOS="275" VPOS="818" WIDTH="44" HEIGHT="29" WC="0.93" CONTENT="Jag"/><SP WIDTH="16" VPOS="818" HPOS="319"/>
							<String ID="string_139" HPOS="335" VPOS="823" WIDTH="87" HEIGHT="24" WC="0.93" CONTENT="antager"/><SP WIDTH="15" VPOS="823" HPOS="422"/>
							<String ID="string_140" HPOS="437" VPOS="820" WIDTH="94" HEIGHT="26" WC="0.92" CONTENT="derföre,"/><SP WIDTH="20" VPOS="820" HPOS="531"/>
							<String ID="string_141" HPOS="551" VPOS="823" WIDTH="31" HEIGHT="17" WC="0.96" CONTENT="att"/><SP WIDTH="14" VPOS="823" HPOS="582"/>
							<String ID="string_142" HPOS="596" VPOS="819" WIDTH="41" HEIGHT="21" WC="0.93" CONTENT="den"/><SP WIDTH="16" VPOS="819" HPOS="637"/>
							<String ID="string_143" HPOS="653" VPOS="820" WIDTH="51" HEIGHT="20" WC="0.93" CONTENT="siste"/><SP WIDTH="16" VPOS="820" HPOS="704"/>
							<String ID="string_144" HPOS="720" VPOS="820" WIDTH="92" HEIGHT="20" WC="0.92" CONTENT="talarens"/><SP WIDTH="16" VPOS="820" HPOS="812"/>
							<String ID="string_145" HPOS="828" VPOS="820" WIDTH="83" HEIGHT="28" WC="0.96" CONTENT="förslag"/>
						</TextLine>
						<TextLine ID="line_19" HPOS="167" VPOS="853" WIDTH="667" HEIGHT="29">
							<String ID="string_146" HPOS="167" VPOS="854" WIDTH="7" HEIGHT="20" WC="0.93" CONTENT="i"/><SP WIDTH="15" VPOS="854" HPOS="174"/>
							<String ID="string_147" HPOS="189" VPOS="854" WIDTH="90" HEIGHT="21" WC="0.92" CONTENT="nämnde"/><SP WIDTH="16" VPOS="854" HPOS="279"/>
							<String ID="string_148" HPOS="295" VPOS="854" WIDTH="56" HEIGHT="28" WC="0.93" CONTENT="syfte"/><SP WIDTH="15" VPOS="854" HPOS="351"/>
							<String ID="string_149" HPOS="366" VPOS="855" WIDTH="18" HEIGHT="26" WC="0.93" CONTENT="ej"/><SP WIDTH="17" VPOS="855" HPOS="384"/>
							<String ID="string_150" HPOS="401" VPOS="854" WIDTH="41" HEIGHT="20" WC="0.93" CONTENT="kan"/><SP WIDTH="17" VPOS="854" HPOS="442"/>
							<String ID="string_151" HPOS="459" VPOS="853" WIDTH="66" HEIGHT="22" WC="0.92" CONTENT="blifva"/><SP WIDTH="15" VPOS="853" HPOS="525"/>
							<String ID="string_152" HPOS="540" VPOS="854" WIDTH="88" HEIGHT="21" WC="0.93" CONTENT="föremäl"/><SP WIDTH="16" VPOS="854" HPOS="628"/>
							<String ID="string_153" HPOS="644" VPOS="854" WIDTH="33" HEIGHT="21" WC="0.96" CONTENT="för"/><SP WIDTH="14" VPOS="854" HPOS="677"/>
							<String ID="string_154" HPOS="691" VPOS="854" WIDTH="143" HEIGHT="27" WC="0.96" CONTENT="proposition."/>
						</TextLine>
					</TextBlock>
					<TextBlock ID="block_5" HPOS="167" VPOS="886" WIDTH="745" HEIGHT="64">
						<TextLine ID="line_20" HPOS="233" VPOS="886" WIDTH="679" HEIGHT="30">
							<String ID="string_155" HPOS="233" VPOS="887" WIDTH="81" HEIGHT="21" WC="0.93" CONTENT="Herrar"/><SP WIDTH="16" VPOS="887" HPOS="314"/>
							<String ID="string_156" HPOS="330" VPOS="887" WIDTH="136" HEIGHT="27" WC="0.69" CONTENT="Thermen,"/><SP WIDTH="17" VPOS="887" HPOS="466"/>
							<String ID="string_157" HPOS="483" VPOS="886" WIDTH="25" HEIGHT="23" WC="0.90" CONTENT="C."/><SP WIDTH="16" VPOS="886" HPOS="508"/>
							<String ID="string_158" HPOS="524" VPOS="887" WIDTH="25" HEIGHT="21" WC="0.90" CONTENT="F."/><SP WIDTH="17" VPOS="887" HPOS="549"/>
							<String ID="string_159" HPOS="566" VPOS="887" WIDTH="141" HEIGHT="29" WC="0.93" CONTENT="Grönberg"/><SP WIDTH="16" VPOS="887" HPOS="707"/>
							<String ID="string_160" HPOS="723" VPOS="888" WIDTH="41" HEIGHT="21" WC="0.95" CONTENT="och"/><SP WIDTH="15" VPOS="888" HPOS="764"/>
							<String ID="string_161" HPOS="779" VPOS="888" WIDTH="133" HEIGHT="22" WC="0.95" CONTENT="Sundman"/>
						</TextLine>
						<TextLine ID="line_21" HPOS="167" VPOS="921" WIDTH="497" HEIGHT="29">
							<String ID="string_162" HPOS="167" VPOS="921" WIDTH="102" HEIGHT="21" WC="0.92" CONTENT="förenade"/><SP WIDTH="15" VPOS="921" HPOS="269"/>
							<String ID="string_163" HPOS="284" VPOS="922" WIDTH="34" HEIGHT="27" WC="0.95" CONTENT="sig"/><SP WIDTH="14" VPOS="922" HPOS="318"/>
							<String ID="string_164" HPOS="332" VPOS="922" WIDTH="7" HEIGHT="20" WC="0.93" CONTENT="i"/><SP WIDTH="15" VPOS="922" HPOS="339"/>
							<String ID="string_165" HPOS="354" VPOS="921" WIDTH="49" HEIGHT="21" WC="0.93" CONTENT="herr"/><SP WIDTH="14" VPOS="921" HPOS="403"/>
							<String ID="string_166" HPOS="417" VPOS="921" WIDTH="126" HEIGHT="29" WC="0.91" CONTENT="Bergstedts"/><SP WIDTH="16" VPOS="921" HPOS="543"/>
							<String ID="string_167" HPOS="559" VPOS="921" WIDTH="105" HEIGHT="28" WC="0.92" CONTENT="yttrande."/>
						</TextLine>
					</TextBlock>
					<TextBlock ID="block_6" HPOS="166" VPOS="954" WIDTH="746" HEIGHT="198">
						<TextLine ID="line_22" HPOS="235" VPOS="954" WIDTH="676" HEIGHT="30">
							<String ID="string_168" HPOS="235" VPOS="954" WIDTH="64" HEIGHT="22" WC="0.86" CONTENT="Efter"/><SP WIDTH="15" VPOS="954" HPOS="299"/>
							<String ID="string_169" HPOS="314" VPOS="955" WIDTH="24" HEIGHT="21" WC="0.93" CONTENT="af"/><SP WIDTH="12" VPOS="955" HPOS="338"/>
							<String ID="string_170" HPOS="350" VPOS="956" WIDTH="49" HEIGHT="20" WC="0.96" CONTENT="herr"/><SP WIDTH="15" VPOS="956" HPOS="399"/>
							<String ID="string_171" HPOS="414" VPOS="955" WIDTH="149" HEIGHT="21" WC="0.90" CONTENT="talmannen"/><SP WIDTH="15" VPOS="955" HPOS="563"/>
							<String ID="string_172" HPOS="578" VPOS="956" WIDTH="118" HEIGHT="20" WC="0.96" CONTENT="framställd"/><SP WIDTH="17" VPOS="956" HPOS="696"/>
							<String ID="string_173" HPOS="713" VPOS="956" WIDTH="146" HEIGHT="28" WC="0.93" CONTENT="proposition,"/><SP WIDTH="15" VPOS="956" HPOS="859"/>
							<String ID="string_174" HPOS="874" VPOS="956" WIDTH="37" HEIGHT="21" WC="0.93" CONTENT="be-"/>
						</TextLine>
						<TextLine ID="line_23" HPOS="167" VPOS="989" WIDTH="744" HEIGHT="29">
							<String ID="string_175" HPOS="167" VPOS="990" WIDTH="42" HEIGHT="20" WC="0.87" CONTENT="slöt"/><SP WIDTH="22" VPOS="990" HPOS="209"/>
							<String ID="string_176" HPOS="231" VPOS="989" WIDTH="85" HEIGHT="21" WC="0.87" CONTENT="ständet"/><SP WIDTH="22" VPOS="989" HPOS="316"/>
							<String ID="string_177" HPOS="338" VPOS="992" WIDTH="32" HEIGHT="18" WC="0.93" CONTENT="att"/><SP WIDTH="22" VPOS="992" HPOS="370"/>
							<String ID="string_178" HPOS="392" VPOS="989" WIDTH="142" HEIGHT="29" WC="0.92" CONTENT="lagutskottet"/><SP WIDTH="19" VPOS="989" HPOS="534"/>
							<String ID="string_179" HPOS="553" VPOS="990" WIDTH="69" HEIGHT="21" WC="0.93" CONTENT="skulle"/><SP WIDTH="19" VPOS="990" HPOS="622"/>
							<String ID="string_180" HPOS="641" VPOS="990" WIDTH="102" HEIGHT="21" WC="0.93" CONTENT="anmodas"/><SP WIDTH="16" VPOS="990" HPOS="743"/>
							<String ID="string_181" HPOS="759" VPOS="993" WIDTH="41" HEIGHT="24" WC="0.96" CONTENT="att,"/><SP WIDTH="15" VPOS="993" HPOS="800"/>
							<String ID="string_182" HPOS="815" VPOS="990" WIDTH="8" HEIGHT="21" WC="0.93" CONTENT="i"/><SP WIDTH="16" VPOS="990" HPOS="823"/>
							<String ID="string_183" HPOS="839" VPOS="990" WIDTH="72" HEIGHT="21" WC="0.93" CONTENT="anled-"/>
						</TextLine>
						<TextLine ID="line_24" HPOS="166" VPOS="1023" WIDTH="746" HEIGHT="29">
							<String ID="string_184" HPOS="166" VPOS="1024" WIDTH="53" HEIGHT="27" WC="0.95" CONTENT="ning"/><SP WIDTH="19" VPOS="1024" HPOS="219"/>
							<String ID="string_185" HPOS="238" VPOS="1024" WIDTH="24" HEIGHT="20" WC="0.93" CONTENT="af"/><SP WIDTH="15" VPOS="1024" HPOS="262"/>
							<String ID="string_186" HPOS="277" VPOS="1023" WIDTH="250" HEIGHT="28" WC="0.90" CONTENT="expeditionsutskottets"/><SP WIDTH="19" VPOS="1023" HPOS="527"/>
							<String ID="string_187" HPOS="546" VPOS="1024" WIDTH="168" HEIGHT="28" WC="0.93" CONTENT="framställning,"/><SP WIDTH="19" VPOS="1024" HPOS="714"/>
							<String ID="string_188" HPOS="733" VPOS="1024" WIDTH="99" HEIGHT="28" WC="0.93" CONTENT="yttrande"/><SP WIDTH="16" VPOS="1024" HPOS="832"/>
							<String ID="string_189" HPOS="848" VPOS="1024" WIDTH="64" HEIGHT="28" WC="0.92" CONTENT="afgif-"/>
						</TextLine>
						<TextLine ID="line_25" HPOS="167" VPOS="1056" WIDTH="745" HEIGHT="30">
							<String ID="string_190" HPOS="167" VPOS="1064" WIDTH="37" HEIGHT="19" WC="0.93" CONTENT="vä;"/><SP WIDTH="22" VPOS="1064" HPOS="204"/>
							<String ID="string_191" HPOS="226" VPOS="1057" WIDTH="89" HEIGHT="21" WC="0.92" CONTENT="hvarom"/><SP WIDTH="19" VPOS="1057" HPOS="315"/>
							<String ID="string_192" HPOS="334" VPOS="1057" WIDTH="199" HEIGHT="28" WC="0.89" CONTENT="protokollsutdrag"/><SP WIDTH="19" VPOS="1057" HPOS="533"/>
							<String ID="string_193" HPOS="552" VPOS="1058" WIDTH="66" HEIGHT="21" WC="0.96" CONTENT="borde"/><SP WIDTH="19" VPOS="1058" HPOS="618"/>
							<String ID="string_194" HPOS="637" VPOS="1056" WIDTH="35" HEIGHT="23" WC="0.93" CONTENT="till"/><SP WIDTH="18" VPOS="1056" HPOS="672"/>
							<String ID="string_195" HPOS="690" VPOS="1058" WIDTH="143" HEIGHT="28" WC="0.91" CONTENT="lagutskottet"/><SP WIDTH="14" VPOS="1058" HPOS="833"/>
							<String ID="string_196" HPOS="847" VPOS="1065" WIDTH="65" HEIGHT="21" WC="0.92" CONTENT="expe-"/>
						</TextLine>
						<TextLine ID="line_26" HPOS="166" VPOS="1091" WIDTH="746" HEIGHT="28">
							<String ID="string_197" HPOS="166" VPOS="1091" WIDTH="79" HEIGHT="27" WC="0.90" CONTENT="dieras,"/><SP WIDTH="24" VPOS="1091" HPOS="245"/>
							<String ID="string_198" HPOS="269" VPOS="1092" WIDTH="110" HEIGHT="20" WC="0.92" CONTENT="äfvensom"/><SP WIDTH="20" VPOS="1092" HPOS="379"/>
							<String ID="string_199" HPOS="399" VPOS="1092" WIDTH="239" HEIGHT="27" WC="0.90" CONTENT="expeditionsutskottet"/><SP WIDTH="18" VPOS="1092" HPOS="638"/>
							<String ID="string_200" HPOS="656" VPOS="1092" WIDTH="70" HEIGHT="21" WC="0.96" CONTENT="skulle"/><SP WIDTH="21" VPOS="1092" HPOS="726"/>
							<String ID="string_201" HPOS="747" VPOS="1100" WIDTH="34" HEIGHT="13" WC="0.95" CONTENT="om"/><SP WIDTH="16" VPOS="1100" HPOS="781"/>
							<String ID="string_202" HPOS="797" VPOS="1092" WIDTH="69" HEIGHT="21" WC="0.93" CONTENT="denna"/><SP WIDTH="14" VPOS="1092" HPOS="866"/>
							<String ID="string_203" HPOS="880" VPOS="1092" WIDTH="32" HEIGHT="21" WC="0.92" CONTENT="ät-"/>
						</TextLine>
						<TextLine ID="line_27" HPOS="166" VPOS="1124" WIDTH="435" HEIGHT="28">
							<String ID="string_204" HPOS="166" VPOS="1125" WIDTH="53" HEIGHT="27" WC="0.92" CONTENT="gärd"/><SP WIDTH="16" VPOS="1125" HPOS="219"/>
							<String ID="string_205" HPOS="235" VPOS="1125" WIDTH="27" HEIGHT="27" WC="0.93" CONTENT="pä"/><SP WIDTH="15" VPOS="1125" HPOS="262"/>
							<String ID="string_206" HPOS="277" VPOS="1124" WIDTH="111" HEIGHT="22" WC="0.96" CONTENT="enahanda"/><SP WIDTH="15" VPOS="1124" HPOS="388"/>
							<String ID="string_207" HPOS="403" VPOS="1126" WIDTH="42" HEIGHT="20" WC="0.93" CONTENT="sätt"/><SP WIDTH="17" VPOS="1126" HPOS="445"/>
							<String ID="string_208" HPOS="462" VPOS="1125" WIDTH="139" HEIGHT="21" WC="0.95" CONTENT="underrättas."/>
						</TextLine>
					</TextBlock>
					<TextBlock ID="block_7" HPOS="167" VPOS="1158" WIDTH="745" HEIGHT="97">
						<TextLine ID="line_28" HPOS="233" VPOS="1158" WIDTH="678" HEIGHT="29">
							<String ID="string_209" HPOS="233" VPOS="1158" WIDTH="58" HEIGHT="22" WC="0.96" CONTENT="Herr"/><SP WIDTH="15" VPOS="1158" HPOS="291"/>
							<String ID="string_210" HPOS="306" VPOS="1158" WIDTH="159" HEIGHT="29" WC="0.93" CONTENT="Tengström"/><SP WIDTH="19" VPOS="1158" HPOS="465"/>
							<String ID="string_211" HPOS="484" VPOS="1160" WIDTH="90" HEIGHT="21" WC="0.92" CONTENT="anmälte"/><SP WIDTH="18" VPOS="1160" HPOS="574"/>
							<String ID="string_212" HPOS="592" VPOS="1160" WIDTH="132" HEIGHT="21" WC="0.96" CONTENT="reservation"/><SP WIDTH="19" VPOS="1160" HPOS="724"/>
							<String ID="string_213" HPOS="743" VPOS="1163" WIDTH="57" HEIGHT="18" WC="0.93" CONTENT="emot"/><SP WIDTH="20" VPOS="1163" HPOS="800"/>
							<String ID="string_214" HPOS="820" VPOS="1160" WIDTH="91" HEIGHT="21" WC="0.88" CONTENT="förestå-"/>
						</TextLine>
						<TextLine ID="line_29" HPOS="167" VPOS="1193" WIDTH="745" HEIGHT="26">
							<String ID="string_215" HPOS="167" VPOS="1193" WIDTH="54" HEIGHT="20" WC="0.93" CONTENT="ende"/><SP WIDTH="16" VPOS="1193" HPOS="221"/>
							<String ID="string_216" HPOS="237" VPOS="1193" WIDTH="71" HEIGHT="21" WC="0.96" CONTENT="beslut"/><SP WIDTH="15" VPOS="1193" HPOS="308"/>
							<String ID="string_217" HPOS="323" VPOS="1193" WIDTH="23" HEIGHT="21" WC="0.96" CONTENT="af"/><SP WIDTH="13" VPOS="1193" HPOS="346"/>
							<String ID="string_218" HPOS="359" VPOS="1193" WIDTH="37" HEIGHT="20" WC="0.97" CONTENT="det"/><SP WIDTH="14" VPOS="1193" HPOS="396"/>
							<String ID="string_219" HPOS="410" VPOS="1193" WIDTH="57" HEIGHT="26" WC="0.96" CONTENT="skäl,"/><SP WIDTH="21" VPOS="1193" HPOS="467"/>
							<String ID="string_220" HPOS="488" VPOS="1196" WIDTH="30" HEIGHT="18" WC="0.93" CONTENT="att"/><SP WIDTH="15" VPOS="1196" HPOS="518"/>
							<String ID="string_221" HPOS="533" VPOS="1193" WIDTH="117" HEIGHT="22" WC="0.91" CONTENT="detsamma"/><SP WIDTH="15" VPOS="1193" HPOS="650"/>
							<String ID="string_222" HPOS="665" VPOS="1201" WIDTH="50" HEIGHT="14" WC="0.92" CONTENT="vore"/><SP WIDTH="16" VPOS="1201" HPOS="715"/>
							<String ID="string_223" HPOS="731" VPOS="1193" WIDTH="108" HEIGHT="22" WC="0.92" CONTENT="stridande"/><SP WIDTH="15" VPOS="1193" HPOS="839"/>
							<String ID="string_224" HPOS="854" VPOS="1197" WIDTH="58" HEIGHT="18" WC="0.96" CONTENT="emot"/>
						</TextLine>
						<TextLine ID="line_30" HPOS="169" VPOS="1225" WIDTH="400" HEIGHT="30">
							<String ID="string_225" HPOS="169" VPOS="1225" WIDTH="100" HEIGHT="29" WC="0.93" CONTENT="gällande"/><SP WIDTH="15" VPOS="1225" HPOS="269"/>
							<String ID="string_226" HPOS="284" VPOS="1225" WIDTH="285" HEIGHT="30" WC="0.92" CONTENT="grundlagsbestämningar."/>
						</TextLine>
					</TextBlock>
				</ComposedBlock>
				<ComposedBlock ID="cblock_2" HPOS="168" VPOS="1271" WIDTH="744" HEIGHT="235">
					<TextBlock ID="block_8" HPOS="168" VPOS="1271" WIDTH="744" HEIGHT="61">
						<TextLine ID="line_31" HPOS="235" VPOS="1271" WIDTH="677" HEIGHT="29">
							<String ID="string_227" HPOS="235" VPOS="1271" WIDTH="57" HEIGHT="21" WC="0.92" CONTENT="Herr"/><SP WIDTH="15" VPOS="1271" HPOS="292"/>
							<String ID="string_228" HPOS="307" VPOS="1271" WIDTH="149" HEIGHT="22" WC="0.91" CONTENT="talmannen"/><SP WIDTH="15" VPOS="1271" HPOS="456"/>
							<String ID="string_229" HPOS="471" VPOS="1273" WIDTH="101" HEIGHT="27" WC="0.92" CONTENT="föredrog"/><SP WIDTH="12" VPOS="1273" HPOS="572"/>
							<String ID="string_230" HPOS="584" VPOS="1272" WIDTH="93" HEIGHT="27" WC="0.96" CONTENT="följande"/><SP WIDTH="12" VPOS="1272" HPOS="677"/>
							<String ID="string_231" HPOS="689" VPOS="1273" WIDTH="32" HEIGHT="20" WC="0.92" CONTENT="till"/><SP WIDTH="12" VPOS="1273" HPOS="721"/>
							<String ID="string_232" HPOS="733" VPOS="1272" WIDTH="84" HEIGHT="21" WC="0.93" CONTENT="ständet"/><SP WIDTH="11" VPOS="1272" HPOS="817"/>
							<String ID="string_233" HPOS="828" VPOS="1272" WIDTH="84" HEIGHT="21" WC="0.92" CONTENT="inkom-"/>
						</TextLine>
						<TextLine ID="line_32" HPOS="168" VPOS="1305" WIDTH="385" HEIGHT="27">
							<String ID="string_234" HPOS="168" VPOS="1312" WIDTH="27" HEIGHT="14" WC="0.93" CONTENT="na"/><SP WIDTH="14" VPOS="1312" HPOS="195"/>
							<String ID="string_235" HPOS="209" VPOS="1305" WIDTH="211" HEIGHT="27" WC="0.81" CONTENT="protokollsutdrag,"/><SP WIDTH="16" VPOS="1305" HPOS="420"/>
							<String ID="string_236" HPOS="436" VPOS="1305" WIDTH="117" HEIGHT="27" WC="0.88" CONTENT="nemligen:"/>
						</TextLine>
					</TextBlock>
					<TextBlock ID="block_9" HPOS="169" VPOS="1338" WIDTH="743" HEIGHT="168">
						<TextLine ID="line_33" HPOS="237" VPOS="1338" WIDTH="674" HEIGHT="29">
							<String ID="string_237" HPOS="237" VPOS="1339" WIDTH="39" HEIGHT="20" WC="0.59" CONTENT="1:0."/><SP WIDTH="29" VPOS="1339" HPOS="276"/>
							<String ID="string_238" HPOS="305" VPOS="1338" WIDTH="87" HEIGHT="28" WC="0.96" CONTENT="Utdrag"/><SP WIDTH="22" VPOS="1338" HPOS="392"/>
							<String ID="string_239" HPOS="414" VPOS="1339" WIDTH="24" HEIGHT="21" WC="0.92" CONTENT="af"/><SP WIDTH="19" VPOS="1339" HPOS="438"/>
							<String ID="string_240" HPOS="457" VPOS="1339" WIDTH="149" HEIGHT="28" WC="0.96" CONTENT="ridderskapet"/><SP WIDTH="22" VPOS="1339" HPOS="606"/>
							<String ID="string_241" HPOS="628" VPOS="1339" WIDTH="40" HEIGHT="21" WC="0.91" CONTENT="och"/><SP WIDTH="19" VPOS="1339" HPOS="668"/>
							<String ID="string_242" HPOS="687" VPOS="1339" WIDTH="74" HEIGHT="21" WC="0.78" CONTENT="adelns"/><SP WIDTH="18" VPOS="1339" HPOS="761"/>
							<String ID="string_243" HPOS="779" VPOS="1339" WIDTH="132" HEIGHT="28" WC="0.92" CONTENT="pleniproto-"/>
						</TextLine>
						<TextLine ID="line_34" HPOS="169" VPOS="1372" WIDTH="743" HEIGHT="30">
							<String ID="string_244" HPOS="169" VPOS="1373" WIDTH="44" HEIGHT="21" WC="0.92" CONTENT="koll"/><SP WIDTH="20" VPOS="1373" HPOS="213"/>
							<String ID="string_245" HPOS="233" VPOS="1373" WIDTH="34" HEIGHT="21" WC="0.96" CONTENT="för"/><SP WIDTH="15" VPOS="1373" HPOS="267"/>
							<String ID="string_246" HPOS="282" VPOS="1372" WIDTH="46" HEIGHT="22" WC="0.96" CONTENT="den"/><SP WIDTH="13" VPOS="1372" HPOS="328"/>
							<String ID="string_247" HPOS="341" VPOS="1374" WIDTH="24" HEIGHT="20" WC="0.93" CONTENT="19"/><SP WIDTH="15" VPOS="1374" HPOS="365"/>
							<String ID="string_248" HPOS="380" VPOS="1373" WIDTH="97" HEIGHT="21" WC="0.92" CONTENT="sistlidne"/><SP WIDTH="13" VPOS="1373" HPOS="477"/>
							<String ID="string_249" HPOS="490" VPOS="1374" WIDTH="95" HEIGHT="28" WC="0.86" CONTENT="januari,"/><SP WIDTH="19" VPOS="1374" HPOS="585"/>
							<String ID="string_250" HPOS="604" VPOS="1374" WIDTH="148" HEIGHT="21" WC="0.90" CONTENT="innehällande"/><SP WIDTH="15" VPOS="1374" HPOS="752"/>
							<String ID="string_251" HPOS="767" VPOS="1374" WIDTH="93" HEIGHT="22" WC="0.92" CONTENT="ständets"/><SP WIDTH="16" VPOS="1374" HPOS="860"/>
							<String ID="string_252" HPOS="876" VPOS="1375" WIDTH="36" HEIGHT="21" WC="0.92" CONTENT="be-"/>
						</TextLine>
						<TextLine ID="line_35" HPOS="169" VPOS="1407" WIDTH="743" HEIGHT="29">
							<String ID="string_253" HPOS="169" VPOS="1407" WIDTH="52" HEIGHT="27" WC="0.93" CONTENT="slut,"/><SP WIDTH="24" VPOS="1407" HPOS="221"/>
							<String ID="string_254" HPOS="245" VPOS="1407" WIDTH="137" HEIGHT="29" WC="0.93" CONTENT="hvarigenom"/><SP WIDTH="24" VPOS="1407" HPOS="382"/>
							<String ID="string_255" HPOS="406" VPOS="1407" WIDTH="226" HEIGHT="23" WC="0.54" CONTENT="ekonomieutskottets"/><SP WIDTH="19" VPOS="1407" HPOS="632"/>
							<String ID="string_256" HPOS="651" VPOS="1408" WIDTH="134" HEIGHT="22" WC="0.96" CONTENT="betänkande"/><SP WIDTH="18" VPOS="1408" HPOS="785"/>
							<String ID="string_257" HPOS="803" VPOS="1408" WIDTH="43" HEIGHT="22" WC="0.96" CONTENT="N:o"/><SP WIDTH="16" VPOS="1408" HPOS="846"/>
							<String ID="string_258" HPOS="862" VPOS="1410" WIDTH="24" HEIGHT="26" WC="0.87" CONTENT="4,"/><SP WIDTH="19" VPOS="1410" HPOS="886"/>
							<String ID="string_259" HPOS="905" VPOS="1409" WIDTH="7" HEIGHT="21" WC="0.87" CONTENT="i"/>
						</TextLine>
						<TextLine ID="line_36" HPOS="170" VPOS="1441" WIDTH="742" HEIGHT="31">
							<String ID="string_260" HPOS="170" VPOS="1441" WIDTH="115" HEIGHT="29" WC="0.92" CONTENT="anledning"/><SP WIDTH="23" VPOS="1441" HPOS="285"/>
							<String ID="string_261" HPOS="308" VPOS="1442" WIDTH="24" HEIGHT="20" WC="0.93" CONTENT="af"/><SP WIDTH="17" VPOS="1442" HPOS="332"/>
							<String ID="string_262" HPOS="349" VPOS="1442" WIDTH="77" HEIGHT="29" WC="0.93" CONTENT="nädiga"/><SP WIDTH="19" VPOS="1442" HPOS="426"/>
							<String ID="string_263" HPOS="445" VPOS="1443" WIDTH="160" HEIGHT="28" WC="0.93" CONTENT="propositionen"/><SP WIDTH="16" VPOS="1443" HPOS="605"/>
							<String ID="string_264" HPOS="621" VPOS="1443" WIDTH="109" HEIGHT="29" WC="0.92" CONTENT="angäende"/><SP WIDTH="16" VPOS="1443" HPOS="730"/>
							<String ID="string_265" HPOS="746" VPOS="1443" WIDTH="106" HEIGHT="22" WC="0.92" CONTENT="särskilda"/><SP WIDTH="16" VPOS="1443" HPOS="852"/>
							<String ID="string_266" HPOS="868" VPOS="1444" WIDTH="44" HEIGHT="20" WC="0.92" CONTENT="för-"/>
						</TextLine>
						<TextLine ID="line_37" HPOS="171" VPOS="1476" WIDTH="741" HEIGHT="30">
							<String ID="string_267" HPOS="171" VPOS="1476" WIDTH="114" HEIGHT="30" WC="0.96" CONTENT="ändringar"/><SP WIDTH="16" VPOS="1476" HPOS="285"/>
							<String ID="string_268" HPOS="301" VPOS="1476" WIDTH="24" HEIGHT="22" WC="0.92" CONTENT="af"/><SP WIDTH="12" VPOS="1476" HPOS="325"/>
							<String ID="string_269" HPOS="337" VPOS="1477" WIDTH="83" HEIGHT="21" WC="0.91" CONTENT="landets"/><SP WIDTH="15" VPOS="1477" HPOS="420"/>
							<String ID="string_270" HPOS="435" VPOS="1477" WIDTH="63" HEIGHT="28" WC="0.89" CONTENT="mätt,"/><SP WIDTH="15" VPOS="1477" HPOS="498"/>
							<String ID="string_271" HPOS="513" VPOS="1477" WIDTH="41" HEIGHT="22" WC="0.93" CONTENT="mäl"/><SP WIDTH="16" VPOS="1477" HPOS="554"/>
							<String ID="string_272" HPOS="570" VPOS="1477" WIDTH="39" HEIGHT="22" WC="0.93" CONTENT="och"/><SP WIDTH="17" VPOS="1477" HPOS="609"/>
							<String ID="string_273" HPOS="626" VPOS="1477" WIDTH="54" HEIGHT="29" WC="0.93" CONTENT="vigt,"/><SP WIDTH="17" VPOS="1477" HPOS="680"/>
							<String ID="string_274" HPOS="697" VPOS="1477" WIDTH="71" HEIGHT="22" WC="0.91" CONTENT="blifvit"/><SP WIDTH="14" VPOS="1477" HPOS="768"/>
							<String ID="string_275" HPOS="782" VPOS="1478" WIDTH="7" HEIGHT="21" WC="0.96" CONTENT="i"/><SP WIDTH="16" VPOS="1478" HPOS="789"/>
							<String ID="string_276" HPOS="805" VPOS="1478" WIDTH="49" HEIGHT="22" WC="0.93" CONTENT="dess"/><SP WIDTH="12" VPOS="1478" HPOS="854"/>
							<String ID="string_277" HPOS="866" VPOS="1478" WIDTH="46" HEIGHT="22" WC="0.92" CONTENT="hel-"/>
						</TextLine>
					</TextBlock>
				</ComposedBlock>
				<GraphicalElement ID="cblock_3" HPOS="998" VPOS="0" WIDTH="13" HEIGHT="687"></GraphicalElement >
			</PrintSpace>
		</Page>
	</Layout>
</alto>
