1031 1756
769 177 40 22 225

100 241 87 25 nämna,
210 246 61 15 anser
286 239 38 29 jag
343 238 116 29 ordningen
480 239 32 22 för
527 239 98 22 ärendets
641 239 130 28 behandling
785 240 57 22 böra-

100 281 52 13 vara
170 273 76 27 sådan,
262 277 30 17 att
307 274 103 27 förslaget
424 274 7 20 i
446 274 48 20 dess
509 273 72 22 helhet
596 275 53 20 först
663 274 116 27 genomgås
795 274 42 21 och

100 307 119 22 diskuteras
234 310 65 24 samt,
318 307 64 22 sedan
397 307 58 21 detta
470 307 66 27 skett,
551 307 74 28 frågan
640 315 34 13 om
689 307 148 28 utsträckning

100 341 24 21 af
139 341 248 28 representationsrätten
406 341 57 21 inom
483 340 174 29 borgareståndet
672 341 39 21 och
727 341 24 21 af
762 341 76 28 rättig-

100 375 62 21 heten
179 376 33 20 för
227 375 98 28 samtlige
340 375 187 21 stadsinnevänare
539 378 30 18 att
580 375 85 28 deltaga
676 375 6 20 i
695 374 34 22 val
741 375 24 21 af
774 375 63 28 borg-

99 409 91 21 mästare
206 409 40 21 och
261 409 37 21 råd
315 410 34 20 må
365 409 31 21 till
411 409 164 28 öfverläggning
591 410 113 28 företagas.

166 448 58 22 Herr
238 448 163 22 Dahlström:
429 447 41 23 Uti
485 449 40 21 den
541 449 127 28 föregående
683 449 91 21 talarens
789 449 48 22 sist-

99 483 142 22 omförmälda
262 483 96 28 yrkande
380 483 41 21 kan
441 483 38 28 jag
500 483 47 21 icke
565 483 122 27 instämma,
705 486 51 18 utan
775 490 62 14 anser

96 519 39 28 jag
153 518 7 21 i
175 521 88 18 motsats
282 517 96 26 dermed,
397 520 30 18 att
445 517 36 21 det
496 517 24 21 af
531 517 49 21 herr
593 516 96 23 Juselius
704 517 133 22 framställda

99 553 83 27 förslag
201 552 43 27 bör,
267 552 70 26 såsom
355 551 84 29 ingress
454 551 33 21 till
502 551 94 21 ståndets
612 551 107 22 utlåtande
734 552 7 21 i
756 552 81 27 ämnet,

100 587 78 28 utgöra
196 586 40 21 den
256 585 91 22 ledande
362 585 73 28 tanke,
451 585 65 22 hvarå
531 586 116 21 detsamma
661 586 72 21 stöder
747 586 34 28 sig
795 585 41 22 och

99 620 87 21 hvilken
202 615 84 26 derföre
302 620 65 21 borde
382 620 75 21 främst
472 619 83 28 uttalas,
565 619 65 22 innan
641 619 84 25 ståndet
736 620 101 28 öfvergår

98 655 34 21 till
154 655 133 28 granskuing
306 655 25 20 af
346 655 170 27 propositionens
535 654 104 21 särskilda
657 658 121 18 momenter.
807 654 28 29 Ej

100 689 66 21 heller
180 689 68 21 finner
260 690 38 27 jag
313 688 83 22 ståndet
411 689 27 27 på
453 689 66 28 något
533 689 42 21 sätt
589 696 52 14 vara
655 688 135 22 förhindradt
805 692 31 18 att

99 723 87 22 förorda
208 722 150 30 förändringar
376 724 6 20 i
401 723 26 21 de
446 723 149 26 institutioner,
614 723 76 21 hvaraf
704 723 84 21 ståndet
802 724 35 21 för

99 757 132 22 närvarande
246 758 23 20 är
284 758 6 20 i
306 756 132 29 ätnjutande,
457 757 52 21 eller
523 760 32 18 att
569 757 36 21 det
619 764 50 14 vore
684 757 24 21 af
721 757 68 21 nöden
805 759 32 19 att

99 792 85 22 ständet
203 792 68 21 skulle
294 791 69 21 säsom
387 791 69 21 vilkor
474 791 72 21 derför
564 791 108 28 uppställa
687 794 30 18 att
731 792 63 20 äfven
809 791 27 22 de

99 827 72 28 öfriga
185 824 101 23 ständens
298 824 123 30 privilegier
436 824 66 22 borde
515 826 110 28 samtidigt
638 825 139 22 underkastas
793 826 44 21 för-

98 860 116 29 ändringar
232 861 6 20 i
256 859 111 22 enahanda
381 860 68 28 syfte,
468 862 49 18 utan
533 860 86 20 förenar
630 860 38 28 jag
683 860 44 28 mig
741 860 34 21 till
794 860 43 21 alla

99 894 59 23 delar
172 895 7 21 i
195 894 40 22 den
251 894 24 21 af
288 894 48 21 herr
349 893 96 22 Juselius
461 894 76 28 gjorda
551 894 163 29 framställning.

166 928 57 22 Herr
237 928 97 22 Mölsä:
364 928 49 21 Den
428 928 78 28 nädiga
520 928 161 28 propositionen
696 929 7 20 i
715 928 122 21 förevaran-

99 964 27 22 de
149 964 61 27 fräga
230 964 24 20 är
272 962 123 28 alltigenom
411 962 73 28 byggd
500 962 27 28 pä
545 962 40 21 den
605 962 124 28 grundsats,
747 965 31 18 att
792 962 45 21 lika

98 998 126 28 rättigheter
246 997 40 21 och
308 996 149 29 skyldigheter
478 996 68 21 skulle
568 996 80 21 införas
671 996 33 22 för
721 996 43 21 alla
782 1003 54 15 sam-

99 1031 138 23 hällsklasser
255 1031 7 21 i
280 1030 58 26 stad,
353 1030 39 21 och
409 1031 62 20 äfven
484 1031 37 28 jag
537 1038 61 14 anser
612 1030 93 25 derföre,
721 1034 32 18 att
767 1030 68 22 denna

99 1065 159 28 omständighet
281 1064 133 29 nödvändigt
432 1064 66 22 mäste
516 1072 52 14 vara
585 1064 55 22 klart
655 1064 75 22 utredd
745 1066 40 20 och
801 1065 36 21 be-

99 1100 76 26 stämd,
191 1100 71 20 förrän
278 1098 122 22 diskussion
412 1106 34 13 om
459 1098 172 28 propositionens
642 1098 195 28 detaljbestämnin-

99 1141 39 21 gar
156 1134 41 21 kan
213 1133 93 27 vidtaga.
336 1126 137 28 Åtminstone
487 1132 41 21 kan
543 1132 48 22 icke
603 1133 38 28 jag
655 1132 65 21 inläta
735 1132 43 28 mig
793 1132 6 21 i
815 1132 22 21 ä-

99 1168 85 22 rendets
205 1166 140 29 behandling,
364 1166 23 22 sä
401 1166 62 29 länge
481 1166 138 22 förenämnda
637 1166 158 28 omständighet
813 1166 24 22 är

99 1202 106 29 oafgjord.

168 1236 56 20 Herr
246 1233 166 30 Tengström:
444 1233 43 29 Jag
510 1234 88 22 utbeder
619 1234 44 28 mig
685 1236 30 19 att
737 1233 21 22 fä
781 1234 56 21 fästa

100 1269 96 22 ständets
218 1268 188 29 uppmärksamhet
427 1268 60 27 derä,
513 1271 30 18 att
564 1268 175 29 skyldigheterna
760 1268 76 28 utgöra

99 1303 97 30 grunden
212 1304 32 20 för
259 1303 125 28 rättigheter
398 1303 39 20 och
453 1303 18 27 ej
487 1303 91 20 tvärtom
594 1305 55 18 samt
663 1305 31 18 att
709 1302 46 26 det,
766 1301 71 22 sävidt

98 1339 38 28 jag
152 1338 40 20 kan
208 1337 55 26 inse,
282 1344 51 14 vore
351 1339 30 18 att
396 1337 6 20 i
418 1336 91 21 omvänd
526 1336 91 28 ordning
632 1335 105 22 behandla
751 1335 86 28 frägan,

100 1380 34 13 om
153 1379 47 13 man
220 1371 49 21 ville
288 1371 56 21 först
358 1370 115 21 bestämma
488 1370 73 21 hvilka
575 1369 153 28 rättigheterna
744 1369 35 21 äro
795 1368 42 22 och

99 1405 121 21 sedermera
236 1403 181 29 skyldigheterna.
453 1402 70 22 Sedan
542 1410 47 13 man
605 1403 75 20 vunnit
695 1402 82 21 visshet
791 1402 46 21 der-

100 1446 34 14 om
157 1438 73 21 hvilka
248 1437 147 30 skyldigheter
410 1437 72 28 äligga
497 1436 26 21 de
539 1436 70 21 skilda
623 1436 109 21 klasserna
746 1436 7 20 i
769 1436 69 21 stads-

100 1473 122 26 samhället,
237 1472 41 21 kan
294 1479 48 14 man
357 1471 48 22 med
419 1471 87 28 ledning
521 1471 63 21 deraf
596 1470 85 21 utstaka
695 1469 26 23 de
736 1470 101 29 rättighe-

128 1518 62 23 Välloft.
200 1517 139 24 borgareständets
344 1517 83 24 protukoll
435 1517 98 24 landtdagen
542 1516 119 18 1863—1862
675 1515 30 19 2:a
716 1517 21 16 B.
783 1512 25 19 15
