1014 1773
794 133 28 21 53

106 194 45 29 sigt
168 197 32 19 att
218 194 48 22 icke
280 194 74 22 vidare
368 194 69 22 sända
450 196 147 27 representant
610 194 33 22 till
657 194 132 30 landtdagen
804 195 46 29 bör,

90 253 5 4 —
105 229 70 28 enligt
196 229 43 21 min
258 229 74 27 tanke,
347 228 110 22 betraktas
475 229 28 28 på
521 236 80 14 samma
616 229 53 27 sätt,
684 236 46 15 som
745 229 28 22 då
787 230 8 21 i
810 230 39 21 all-

105 263 88 21 mänhet
207 263 71 29 nägon
293 263 23 21 af
329 262 110 22 städernas
451 265 169 26 representanter
631 263 67 22 under
708 263 142 30 landtdagens

106 297 96 21 fortvaro
217 297 34 28 sig
266 297 110 29 aflägsnar
390 296 41 22 och
446 296 85 28 uteblir,
545 297 101 28 antingen
658 297 73 25 derom
743 297 39 22 hos
792 297 58 22 stän-

105 331 37 21 det
161 331 91 21 anmälts
270 331 52 21 eller
335 331 55 21 icke.
419 330 77 29 Enligt
510 331 134 28 grundlagen
660 331 39 21 bör
713 331 86 28 staden,
815 339 35 14 om

105 365 43 21 ock
166 365 123 22 densamma
303 365 7 21 i
325 364 77 22 sädant
416 365 38 20 fall
470 364 81 29 undgär
565 367 32 19 att
611 364 91 23 bekosta
716 365 134 22 underhället

104 400 36 21 för
158 401 184 26 .representanten,
360 398 67 21 likväl
446 398 54 22 efter
514 399 107 28 taxering,
637 399 97 28 grundad
750 399 28 28 pä
792 399 58 22 stän-

105 433 48 21 dets
173 433 80 27 beslut,
271 433 87 28 deltaga
376 433 7 20 i
399 432 136 22 bestridande
549 433 25 21 af
586 432 95 22 ständets
697 433 106 21 samfälda
818 436 32 18 ut-

104 467 73 28 gifter,
192 475 48 13 men
255 467 72 28 nägon
342 473 70 14 annan
427 466 82 29 päföljd
525 466 38 21 har
577 469 185 26 representantens
778 470 72 19 uteva-

105 508 25 14 ro
149 501 27 28 ej.
211 500 76 28 Nägra
301 499 78 22 talares
394 500 115 28 yttranden
524 507 65 22 synas
604 500 28 29 gä
651 503 23 18 ut
692 500 29 29 pä
742 503 31 19 att
792 501 58 22 stän-

105 535 38 22 det
165 535 66 22 borde
253 534 89 29 vidtaga
360 534 76 28 ätgärd
455 541 34 14 om
504 533 165 30 borgerskapets
685 535 6 21 i
707 535 85 28 Kajana
808 536 43 21 för-

105 569 112 29 pligtande
232 571 32 19 att
278 569 121 28 ombesörja
413 571 32 18 att
460 568 37 21 det
508 568 131 22 fortfarande
651 568 70 22 blefve
732 568 36 22 vid
781 569 69 22 landt-

105 603 71 30 dagen
198 603 176 28 representeradt.
412 602 82 29 Hvarje
511 602 129 29 tillgörande
659 603 6 21 i
684 603 91 22 berörde
793 605 58 27 syfte

105 645 63 15 anser
187 639 38 28 jag
247 645 52 14 vara
317 637 125 28 olämpligt,
460 638 55 21 ännu
532 644 57 14 mera
603 637 48 22 med
667 637 99 22 afseende
782 637 12 21 ä
808 638 42 21 den

105 673 65 21 korta
184 672 31 21 tid
231 673 24 20 af
267 671 37 21 tvä
318 671 108 27 mänader,
441 678 46 14 som
502 672 34 21 för
547 671 142 29 landtdagens
702 679 148 14 sammanvaro

105 707 98 27 återstår,
218 706 41 22 och
275 706 42 21 min
334 706 86 28 mening
435 706 23 20 är
469 705 91 28 derföre,
573 709 30 17 att
615 706 64 21 saken
693 706 65 22 borde
770 706 81 22 lemnas

105 741 107 21 beroende
226 740 37 22 vid
279 740 41 22 den
336 741 24 20 af
372 739 48 22 herr
436 740 120 22 talmannen
571 740 46 22 deri
633 740 77 30 gjorda
724 741 105 21 anmälan.

174 780 56 22 Herr
239 780 26 22 C.
274 780 25 21 F.
308 779 142 29 Grönberg
465 780 84 28 yttrade
563 783 38 24 att,
613 780 67 29 enligt
691 780 53 22 hans
756 781 94 28 mening,

105 815 75 28 hvarje
198 814 48 22 stad
264 814 7 21 i
289 813 82 28 landet,
390 814 25 21 sä
433 814 63 28 länge
514 814 130 28 landtdagen
660 815 84 26 fortfar,
760 815 39 21 bör
813 815 38 21 der

105 857 53 13 vara
178 848 162 29 representerad
362 848 102 28 antingen
486 856 78 20 genom
583 848 103 22 särskildt
705 849 79 21 ombud
800 849 52 21 eller

105 884 43 21 ock
163 884 141 21 tillsammans
318 882 50 22 med
382 882 72 29 någon
469 891 68 13 annan
553 882 54 22 stad.
631 882 90 23 Talaren
737 884 67 29 ansåg
815 883 37 22 det

106 925 52 15 vara
173 919 24 20 af
209 918 85 29 Kajana
310 917 58 22 stads
381 917 132 29 borgerskap
525 917 7 21 i
545 917 78 29 högsta
634 917 53 29 grad
700 917 152 29 otillständigt,

105 955 33 20 att
156 953 34 21 för
205 952 33 29 sig
253 952 69 21 väcka
337 952 60 28 fråga
412 959 35 14 om
463 951 98 22 befrielse
576 952 47 21 från
638 953 98 26 nämnde,
752 952 100 23 städerne

105 986 117 30 äliggande
244 986 136 29 skyldighet,
398 989 56 18 samt
472 986 51 21 ville
539 985 122 28 framhålla,
676 986 124 26 huruledes,
816 993 35 14 om

105 1021 61 22 detta
181 1021 57 28 finge
252 1020 48 27 ske,
320 1021 64 20 äfven
399 1020 78 28 mänga
491 1019 66 22 andra
573 1019 71 22 städer
659 1020 71 21 kunde
745 1020 57 21 finna
818 1021 34 20 för

106 1055 56 29 godt
176 1058 31 18 att
221 1055 28 28 pä
264 1054 70 29 grund
349 1055 25 20 af
385 1054 142 21 ekonomiska
541 1054 48 21 skäl
604 1053 104 22 äterkalla
723 1055 46 20 sina
780 1062 72 20 repre-

105 1092 109 19 sentanter
233 1089 46 21 från
297 1086 141 31 landtdagen,
457 1087 24 22 sä
495 1091 32 18 att
541 1088 102 28 slutligen
658 1088 102 29 möjligen
775 1088 78 22 endast

106 1125 198 27 representanterne
316 1123 33 20 för
361 1121 158 22 hufvudstaden
527 1122 66 27 jemte
605 1121 49 22 herr
665 1122 122 21 talmannen
798 1122 54 22 blef-

107 1165 27 15 ve
150 1165 54 20 gvar
219 1157 33 22 för
267 1160 31 18 att
312 1159 146 26 representera
472 1156 84 21 landets
571 1156 141 30 borgerskap.

176 1196 57 22 Herr
248 1191 142 33 Öhrnberg
408 1196 99 21 förmälte
525 1196 34 29 sig
577 1195 49 22 dela
647 1195 49 22 herr
712 1195 140 30 Tengströms

109 1232 57 29 äsigt
177 1231 81 26 derom,
274 1234 31 18 att
320 1231 28 21 all
362 1230 78 29 åtgärd
455 1230 47 22 från
516 1229 97 23 ständets
628 1229 47 22 sida
689 1231 7 20 i
712 1231 141 22 förevarande

108 1267 40 21 sak
169 1265 125 29 lämpligast
314 1264 72 22 kunde
408 1264 111 21 uteblifva.
556 1263 103 22 Talarens
678 1265 58 20 förra
754 1264 100 29 yttrande

107 1300 58 22 hade
187 1299 67 21 ocksä
275 1299 48 21 icke
340 1299 65 21 afsett
422 1302 65 18 annat
504 1299 27 21 än
546 1300 31 20 ett
592 1298 109 22 uttalande
716 1299 26 21 af
752 1298 42 22 den
810 1306 44 14 me-

108 1335 64 27 ning,
190 1336 30 18 att
242 1333 65 21 sedan
327 1333 75 28 frägan
421 1332 85 29 engäng
521 1332 72 22 blifvit
607 1332 33 20 till
655 1332 96 21 ständets
767 1332 87 21 bedöm-

109 1367 77 23 mande
204 1366 157 27 öfverlemnad,
378 1366 65 22 äfven
457 1366 28 21 de
500 1366 133 28 handlingar,
648 1373 46 14 som
710 1365 68 22 skulle
793 1366 60 28 ligga

108 1403 34 20 till
160 1400 70 29 grund
248 1401 34 21 för
297 1400 95 21 ständets
408 1400 81 26 beslut,
503 1400 68 20 borde
585 1399 86 21 ständet
685 1399 32 21 till
732 1400 121 20 kännedom

108 1434 110 24 meddelas
234 1434 40 22 och
290 1433 116 23 innehållet
421 1432 63 23 deraf
496 1432 7 22 i
517 1432 131 30 protokollet
663 1432 123 24 antecknas.
