1009 1773
171 173 42 21 432

146 241 40 21 och
209 241 126 28 tjenstemän
353 240 70 28 någon
443 240 109 28 svårighet
570 239 35 21 vid
623 238 168 30 tillämpningen:
822 234 63 26 Hvad

146 275 101 29 slutligen
270 276 49 20 herr
337 274 139 21 Parviainens
499 274 140 28 anmärkning
659 273 107 26 beträffar,
784 273 24 21 så
823 280 63 21 synes

146 310 43 27 mig
211 308 124 22 densamma
357 308 60 28 ligga
438 311 57 17 utom
514 309 76 19 ämnet.
627 307 56 21 Herr
702 307 126 21 Parviainen
848 307 39 21 har

145 343 107 28 nemligen
267 343 70 28 ingått
354 342 3 21 i
372 342 114 20 omdömen
501 349 34 13 om
550 341 27 21 de
589 342 94 25 orsaker,
694 349 46 14 som
753 341 65 21 borde
829 341 58 21 med-

145 378 48 20 föra
211 376 134 29 förpligtelse
363 376 34 21 för
412 376 79 21 landbo
507 379 31 18 att
553 376 51 20 vika
619 376 46 20 frän
681 376 136 28 lägenheten;
839 383 48 14 men

145 412 73 20 derom
237 412 24 20 är
275 418 28 14 nu
319 410 48 22 icke
378 410 71 28 fråga.
486 409 31 22 Pä
532 410 69 28 grund
617 410 24 20 af
653 409 55 22 hvad
722 411 39 27 jag
775 410 46 20 haft
836 410 51 20 äran

144 445 82 27 anföra,
242 444 33 25 får
285 445 39 28 jag
339 443 108 29 tillstyrka
462 443 129 29 antagandet
606 443 24 21 af
643 443 10 29 $
665 445 9 19 1
691 444 6 21 i
713 443 114 22 utskottets
843 444 45 21 för-

146 479 52 27 slag.

213 511 56 22 Herr
284 511 167 29 Tengström:
481 512 76 22 Under
578 512 136 27 åberopande
736 513 24 20 af
776 512 55 22 hvad
847 513 40 28 jag

145 546 64 22 redan
228 547 7 20 i
255 547 65 21 saken
339 549 76 25 yttrat,
432 547 35 20 ber
479 547 38 27 jag
533 547 55 20 ännu
605 545 21 22 få
641 546 121 27 framhålla,
777 550 32 17 att
823 547 64 21 äfven

144 581 8 20 i
170 580 67 21 andra
255 581 38 20 fall
313 581 26 20 än
354 579 27 22 de
396 581 25 20 af
433 581 43 28 mig
491 580 99 26 anförda,
605 579 28 22 då
647 583 30 18 ett
692 580 72 28 utslag
777 580 110 21 tillerkän-

144 621 37 14 nes
197 614 70 29 någon
283 614 87 29 ovanlig
385 614 53 21 eller
452 614 85 21 utöfver
552 613 72 30 regeln
640 614 81 28 gående
737 614 68 27 kraft,
816 614 71 21 säsona

144 651 14 18 t.
168 655 32 14 ex.
213 647 179 22 verkställbarhet
410 647 65 22 under
490 648 79 21 sådana
585 647 152 28 förhållanden,
752 647 27 22 då
795 648 69 28 utslag
879 647 8 21 i

146 682 115 21 allmänhet
275 683 18 26 ej
309 681 72 26 kunna
395 681 135 28 verkställas,
541 682 24 21 så
580 682 41 21 blir
635 690 26 13 en
676 681 65 22 sådan
756 682 59 21 kraft
826 682 61 21 alltid

144 717 6 20 i
166 716 76 28 sjelfva
257 716 94 28 utslaget
365 716 103 28 uttryckt.
491 715 105 28 Exempel
611 715 74 29 härpå;
697 719 58 18 utom
770 717 26 21 de
809 717 24 20 af
842 716 46 29 mig

146 751 57 21 förut
218 751 96 26 anförda,
330 750 37 21 äro
383 750 169 27 tredskodomar,
568 750 73 21 hvilka
656 751 126 21 verkställas
798 750 90 22 oaktadt

145 784 204 29 återvinningstalan
364 785 7 20 i
387 784 47 21 dem
447 784 22 21 är
481 784 82 21 lemnad
577 784 70 28 öppen
660 785 33 20 för
704 784 40 22 den
756 785 132 28 betalnings-

146 819 105 28 skyldige.
290 818 66 21 Detta
378 819 89 20 utsättes
485 818 106 27 nemligen
607 819 7 20 i
629 819 77 28 sjelfva
721 819 88 26 domen,
825 819 62 22 hvar-

146 853 83 21 förutan
249 853 104 20 exekutor
368 853 70 27 aldrig
453 853 70 21 skulle
537 852 73 22 skrida
625 853 32 21 till
673 853 61 21 deras
750 853 136 30 verkställig-

146 887 40 21 het.
217 886 43 22 Om
275 894 27 13 nu
318 888 7 20 i
340 886 201 29 afhysningsutslag
555 886 70 22 denna
639 887 62 21 deras
717 888 57 21 kraft
788 888 40 20 och
839 895 48 14 ver-

145 921 41 21 kan
201 922 47 20 icke
264 921 90 27 införes,
370 920 23 22 sä
408 920 71 22 kunde
494 921 45 26 väl,
555 923 30 18 att
602 921 59 28 börja
673 921 58 27 med,
743 922 68 20 denna
823 929 64 21 egen-

147 955 54 28 skap
219 956 40 20 hos
278 954 47 22 dem
344 962 51 13 vara
411 954 56 21 känd
483 955 34 20 för
531 954 26 21 de
572 955 133 26 exekutorer,
721 956 66 20 under
803 955 85 21 hvilkas

144 989 109 29 tjenstetid
277 989 154 28 författningen
450 989 7 21 i
476 989 71 20 ämnet
564 989 123 25 utkommit;
709 997 46 13 men
773 987 113 24 efterhand

144 1023 85 22 komme
251 1023 59 22 detta
332 1023 133 22 förhällande
488 1026 30 18 att
536 1023 51 21 räka
605 1023 6 21 i
631 1023 144 28 förgätenhet,
793 1023 93 23 likasom

145 1058 77 27 många
237 1057 66 22 andra
317 1057 176 29 lagstadganden.
517 1057 44 22 Det
577 1063 50 15 vore
642 1057 84 22 derföre
742 1059 23 20 af
773 1058 69 21 nöden
855 1060 32 19 att

144 1093 7 20 i
174 1091 199 29 afhysningsutslag
395 1091 52 22 eller
465 1091 74 22 domar
557 1091 69 22 skulle
645 1092 144 29 uttryckligen
805 1093 83 21 införas

144 1127 61 20 deras
225 1127 108 26 egenskap
352 1129 30 17 att
400 1125 72 22 kunna
491 1125 126 22 verkställas
632 1125 66 22 under
713 1126 80 21 sådana
807 1127 79 26 vilkor,

144 1168 46 13 som
209 1159 64 22 redan
293 1160 72 21 blifvit
383 1159 38 21 hos
437 1159 119 22 domstolen
571 1160 52 21 eller
640 1161 130 26 gnvernören
783 1155 102 40 fullgjor-

145 1194 36 26 da,
203 1194 105 27 nemligen
329 1193 90 28 borgens
438 1193 111 22 ställande.
587 1193 180 22 Underexekutor
785 1195 53 27 egde
857 1194 29 21 dä

144 1228 64 27 ingen
231 1227 165 28 pröfningsrätt,
419 1230 49 18 utan
491 1227 77 21 honom
591 1227 60 28 äläge
670 1227 76 22 endast
764 1231 31 18 att
810 1228 76 28 bringa

145 1262 93 28 utslaget
254 1262 33 20 till
302 1261 173 28 verkställighet,
491 1265 23 24 ty
529 1261 97 21 vilkoren
642 1269 60 19 vore,
718 1262 69 21 såsom
800 1263 38 28 jag
853 1270 33 13 re-

146 1295 41 21 dan
203 1295 102 26 nämnde,
324 1295 112 28 uppfyllde
451 1296 68 26 förut,
537 1295 90 21 likasom
643 1296 6 21 i
665 1295 35 22 det
715 1296 64 21 redan
795 1297 90 21 anförda

147 1329 68 26 fallet,
231 1329 27 20 dä
273 1329 69 27 någon
357 1329 64 20 söker
435 1328 198 27 interimsgvarstad
650 1329 67 20 under
731 1329 76 28 sjelfva
822 1330 63 20 rätte-

145 1363 90 28 gängen.
265 1362 48 21 Han
329 1363 67 20 mäste
411 1362 115 28 nemligen,
541 1363 64 20 innan
620 1363 99 20 tillätelse
735 1363 32 20 till
783 1362 101 28 gvarstad

146 1397 23 21 af
183 1397 132 28 guvernören
331 1396 118 27 meddelas,
464 1397 63 21 ställa
542 1395 86 30 borgen.

213 1437 55 21 Herr
284 1431 151 33 Öhrnberg:
465 1435 42 23 Om
527 1436 66 21 också
611 1436 48 22 herr
674 1435 138 30 Tengströms
827 1438 57 28 åsigt

144 1471 7 21 i
170 1471 66 29 öfrigt
255 1478 69 13 vunne
343 1471 95 21 ståndets
459 1471 69 28 bifall,
551 1471 22 20 så
592 1478 62 14 anser
668 1472 38 28 jag
725 1472 55 21 dock
796 1473 88 21 alldeles
