<?xml version="1.0" encoding="UTF-8"?>
<alto xmlns="http://www.loc.gov/standards/alto/ns-v3#" xmlns:xlink="http://www.w3.org/1999/xlink" xmlns:xsi="http://www.w3.org/2001/XMLSchema-instance" xsi:schemaLocation="http://www.loc.gov/standards/alto/ns-v3# http://www.loc.gov/alto/v3/alto-3-0.xsd">
	<Description>
		<MeasurementUnit>pixel</MeasurementUnit>
		<sourceImageInformation>
			<fileName>/tmp/tess_u11q8l4r_input.PNG</fileName>
		</sourceImageInformation>
		<OCRProcessing ID="OCR_0">
			<ocrProcessingStep>
				<processingSoftware>
					<softwareName>tesseract 5.3.4</softwareName>
				</processingSoftware>
			</ocrProcessingStep>
		</OCRProcessing>
	</Description>
	<Layout>
		<Page WIDTH="1014" HEIGHT="1820" PHYSICAL_IMG_NR="0" ID="page_0">
			<PrintSpace HPOS="0" VPOS="0" WIDTH="1014" HEIGHT="1820">
				<ComposedBlock ID="cblock_0" HPOS="218" VPOS="185" WIDTH="40" HEIGHT="22">
					<TextBlock ID="block_0" HPOS="218" VPOS="185" WIDTH="40" HEIGHT="22">
						<TextLine ID="line_0" HPOS="218" VPOS="185" WIDTH="40" HEIGHT="22">
							<String ID="string_0" HPOS="218" VPOS="185" WIDTH="40" HEIGHT="22" WC="0.96" CONTENT="124"/>
						</TextLine>
					</TextBlock>
				</ComposedBlock>
				<ComposedBlock ID="cblock_1" HPOS="181" VPOS="245" WIDTH="749" HEIGHT="1270">
					<TextBlock ID="block_1" HPOS="181" VPOS="245" WIDTH="749" HEIGHT="1120">
						<TextLine ID="line_1" HPOS="188" VPOS="245" WIDTH="741" HEIGHT="30">
							<String ID="string_1" HPOS="188" VPOS="247" WIDTH="34" HEIGHT="23" WC="0.96" CONTENT="för"/><SP WIDTH="11" VPOS="247" HPOS="222"/>
							<String ID="string_2" HPOS="233" VPOS="247" WIDTH="165" HEIGHT="28" WC="0.96" CONTENT="författningens"/><SP WIDTH="10" VPOS="247" HPOS="398"/>
							<String ID="string_3" HPOS="408" VPOS="245" WIDTH="136" HEIGHT="28" WC="0.93" CONTENT="utfärdande,"/><SP WIDTH="10" VPOS="245" HPOS="544"/>
							<String ID="string_4" HPOS="554" VPOS="245" WIDTH="123" HEIGHT="22" WC="0.91" CONTENT="efterlefdes"/><SP WIDTH="12" VPOS="245" HPOS="677"/>
							<String ID="string_5" HPOS="689" VPOS="246" WIDTH="7" HEIGHT="21" WC="0.96" CONTENT="i"/><SP WIDTH="12" VPOS="246" HPOS="696"/>
							<String ID="string_6" HPOS="708" VPOS="245" WIDTH="73" HEIGHT="30" WC="0.96" CONTENT="början"/><SP WIDTH="12" VPOS="245" HPOS="781"/>
							<String ID="string_7" HPOS="793" VPOS="246" WIDTH="83" HEIGHT="28" WC="0.96" CONTENT="strängt"/><SP WIDTH="11" VPOS="246" HPOS="876"/>
							<String ID="string_8" HPOS="887" VPOS="246" WIDTH="42" HEIGHT="22" WC="0.96" CONTENT="och"/>
						</TextLine>
						<TextLine ID="line_2" HPOS="188" VPOS="279" WIDTH="741" HEIGHT="30">
							<String ID="string_9" HPOS="188" VPOS="289" WIDTH="38" HEIGHT="14" WC="0.93" CONTENT="var"/><SP WIDTH="15" VPOS="289" HPOS="226"/>
							<String ID="string_10" HPOS="241" VPOS="281" WIDTH="123" HEIGHT="28" WC="0.91" CONTENT="derigenom"/><SP WIDTH="15" VPOS="281" HPOS="364"/>
							<String ID="string_11" HPOS="379" VPOS="280" WIDTH="86" HEIGHT="29" WC="0.96" CONTENT="mycket"/><SP WIDTH="15" VPOS="280" HPOS="465"/>
							<String ID="string_12" HPOS="480" VPOS="279" WIDTH="118" HEIGHT="30" WC="0.96" CONTENT="tryckande"/><SP WIDTH="15" VPOS="279" HPOS="598"/>
							<String ID="string_13" HPOS="613" VPOS="279" WIDTH="40" HEIGHT="22" WC="0.96" CONTENT="och"/><SP WIDTH="14" VPOS="279" HPOS="653"/>
							<String ID="string_14" HPOS="667" VPOS="280" WIDTH="120" HEIGHT="29" WC="0.95" CONTENT="besvärlig,"/><SP WIDTH="11" VPOS="280" HPOS="787"/>
							<String ID="string_15" HPOS="798" VPOS="280" WIDTH="88" HEIGHT="22" WC="0.93" CONTENT="emedan"/><SP WIDTH="11" VPOS="280" HPOS="886"/>
							<String ID="string_16" HPOS="897" VPOS="288" WIDTH="32" HEIGHT="14" WC="0.92" CONTENT="re-"/>
						</TextLine>
						<TextLine ID="line_3" HPOS="188" VPOS="314" WIDTH="741" HEIGHT="30">
							<String ID="string_17" HPOS="188" VPOS="315" WIDTH="114" HEIGHT="29" WC="0.91" CONTENT="geringens"/><SP WIDTH="23" VPOS="315" HPOS="302"/>
							<String ID="string_18" HPOS="325" VPOS="314" WIDTH="99" HEIGHT="24" WC="0.95" CONTENT="tillåtelse"/><SP WIDTH="19" VPOS="314" HPOS="424"/>
							<String ID="string_19" HPOS="443" VPOS="314" WIDTH="68" HEIGHT="28" WC="0.96" CONTENT="enligt"/><SP WIDTH="17" VPOS="314" HPOS="511"/>
							<String ID="string_20" HPOS="528" VPOS="315" WIDTH="123" HEIGHT="20" WC="0.96" CONTENT="densamma"/><SP WIDTH="18" VPOS="315" HPOS="651"/>
							<String ID="string_21" HPOS="669" VPOS="314" WIDTH="108" HEIGHT="22" WC="0.96" CONTENT="erfordras"/><SP WIDTH="18" VPOS="314" HPOS="777"/>
							<String ID="string_22" HPOS="795" VPOS="314" WIDTH="34" HEIGHT="22" WC="0.96" CONTENT="för"/><SP WIDTH="17" VPOS="314" HPOS="829"/>
							<String ID="string_23" HPOS="846" VPOS="314" WIDTH="83" HEIGHT="29" WC="0.96" CONTENT="hvarje,"/>
						</TextLine>
						<TextLine ID="line_4" HPOS="188" VPOS="347" WIDTH="741" HEIGHT="30">
							<String ID="string_24" HPOS="188" VPOS="350" WIDTH="63" HEIGHT="21" WC="0.96" CONTENT="äfven"/><SP WIDTH="19" VPOS="350" HPOS="251"/>
							<String ID="string_25" HPOS="270" VPOS="349" WIDTH="40" HEIGHT="22" WC="0.93" CONTENT="den"/><SP WIDTH="19" VPOS="349" HPOS="310"/>
							<String ID="string_26" HPOS="329" VPOS="349" WIDTH="147" HEIGHT="28" WC="0.92" CONTENT="oskyldigaste"/><SP WIDTH="15" VPOS="349" HPOS="476"/>
							<String ID="string_27" HPOS="491" VPOS="347" WIDTH="40" HEIGHT="22" WC="0.93" CONTENT="och"/><SP WIDTH="17" VPOS="347" HPOS="531"/>
							<String ID="string_28" HPOS="548" VPOS="348" WIDTH="157" HEIGHT="29" WC="0.91" CONTENT="obetydligaste"/><SP WIDTH="16" VPOS="348" HPOS="705"/>
							<String ID="string_29" HPOS="721" VPOS="349" WIDTH="84" HEIGHT="28" WC="0.96" CONTENT="privata"/><SP WIDTH="15" VPOS="349" HPOS="805"/>
							<String ID="string_30" HPOS="820" VPOS="349" WIDTH="109" HEIGHT="28" WC="0.95" CONTENT="förening,"/>
						</TextLine>
						<TextLine ID="line_5" HPOS="187" VPOS="381" WIDTH="742" HEIGHT="24">
							<String ID="string_31" HPOS="187" VPOS="384" WIDTH="50" HEIGHT="21" WC="0.96" CONTENT="dess"/><SP WIDTH="16" VPOS="384" HPOS="237"/>
							<String ID="string_32" HPOS="253" VPOS="383" WIDTH="97" HEIGHT="22" WC="0.96" CONTENT="ändamål"/><SP WIDTH="16" VPOS="383" HPOS="350"/>
							<String ID="string_33" HPOS="366" VPOS="383" WIDTH="34" HEIGHT="20" WC="0.96" CONTENT="må"/><SP WIDTH="14" VPOS="383" HPOS="400"/>
							<String ID="string_34" HPOS="414" VPOS="389" WIDTH="52" HEIGHT="14" WC="0.96" CONTENT="vara"/><SP WIDTH="14" VPOS="389" HPOS="466"/>
							<String ID="string_35" HPOS="480" VPOS="382" WIDTH="82" HEIGHT="21" WC="0.96" CONTENT="hvilket"/><SP WIDTH="15" VPOS="382" HPOS="562"/>
							<String ID="string_36" HPOS="577" VPOS="389" WIDTH="45" HEIGHT="14" WC="0.96" CONTENT="som"/><SP WIDTH="16" VPOS="389" HPOS="622"/>
							<String ID="string_37" HPOS="638" VPOS="381" WIDTH="61" HEIGHT="23" WC="0.96" CONTENT="helst."/><SP WIDTH="23" VPOS="381" HPOS="699"/>
							<String ID="string_38" HPOS="722" VPOS="382" WIDTH="53" HEIGHT="22" WC="0.96" CONTENT="Alla"/><SP WIDTH="14" VPOS="382" HPOS="775"/>
							<String ID="string_39" HPOS="789" VPOS="383" WIDTH="92" HEIGHT="22" WC="0.96" CONTENT="klubbar"/><SP WIDTH="11" VPOS="383" HPOS="881"/>
							<String ID="string_40" HPOS="892" VPOS="383" WIDTH="37" HEIGHT="21" WC="0.96" CONTENT="äro"/>
						</TextLine>
						<TextLine ID="line_6" HPOS="187" VPOS="415" WIDTH="742" HEIGHT="31">
							<String ID="string_41" HPOS="187" VPOS="418" WIDTH="126" HEIGHT="28" WC="0.91" CONTENT="derigenom"/><SP WIDTH="15" VPOS="418" HPOS="313"/>
							<String ID="string_42" HPOS="328" VPOS="416" WIDTH="123" HEIGHT="29" WC="0.93" CONTENT="förbjudna,"/><SP WIDTH="15" VPOS="416" HPOS="451"/>
							<String ID="string_43" HPOS="466" VPOS="416" WIDTH="71" HEIGHT="23" WC="0.93" CONTENT="derest"/><SP WIDTH="14" VPOS="416" HPOS="537"/>
							<String ID="string_44" HPOS="551" VPOS="415" WIDTH="26" HEIGHT="22" WC="0.96" CONTENT="de"/><SP WIDTH="15" VPOS="415" HPOS="577"/>
							<String ID="string_45" HPOS="592" VPOS="417" WIDTH="18" HEIGHT="27" WC="0.93" CONTENT="ej"/><SP WIDTH="17" VPOS="417" HPOS="610"/>
							<String ID="string_46" HPOS="627" VPOS="416" WIDTH="102" HEIGHT="23" WC="0.91" CONTENT="förskaffa"/><SP WIDTH="15" VPOS="416" HPOS="729"/>
							<String ID="string_47" HPOS="744" VPOS="417" WIDTH="34" HEIGHT="28" WC="0.96" CONTENT="sig"/><SP WIDTH="13" VPOS="417" HPOS="778"/>
							<String ID="string_48" HPOS="791" VPOS="417" WIDTH="138" HEIGHT="29" WC="0.96" CONTENT="regeringens"/>
						</TextLine>
						<TextLine ID="line_7" HPOS="187" VPOS="450" WIDTH="743" HEIGHT="27">
							<String ID="string_49" HPOS="187" VPOS="451" WIDTH="165" HEIGHT="26" WC="0.91" CONTENT="anktorisation,"/><SP WIDTH="23" VPOS="451" HPOS="352"/>
							<String ID="string_50" HPOS="375" VPOS="450" WIDTH="100" HEIGHT="21" WC="0.92" CONTENT="hvarföre"/><SP WIDTH="22" VPOS="450" HPOS="475"/>
							<String ID="string_51" HPOS="497" VPOS="450" WIDTH="63" HEIGHT="21" WC="0.96" CONTENT="äfven"/><SP WIDTH="22" VPOS="450" HPOS="560"/>
							<String ID="string_52" HPOS="582" VPOS="450" WIDTH="36" HEIGHT="22" WC="0.96" CONTENT="vid"/><SP WIDTH="19" VPOS="450" HPOS="618"/>
							<String ID="string_53" HPOS="637" VPOS="450" WIDTH="58" HEIGHT="21" WC="0.95" CONTENT="tiden"/><SP WIDTH="19" VPOS="450" HPOS="695"/>
							<String ID="string_54" HPOS="714" VPOS="451" WIDTH="48" HEIGHT="21" WC="0.96" CONTENT="näst"/><SP WIDTH="14" VPOS="451" HPOS="762"/>
							<String ID="string_55" HPOS="776" VPOS="451" WIDTH="54" HEIGHT="21" WC="0.92" CONTENT="efter"/><SP WIDTH="15" VPOS="451" HPOS="830"/>
							<String ID="string_56" HPOS="845" VPOS="451" WIDTH="85" HEIGHT="23" WC="0.92" CONTENT="författ-"/>
						</TextLine>
						<TextLine ID="line_8" HPOS="187" VPOS="483" WIDTH="742" HEIGHT="30">
							<String ID="string_57" HPOS="187" VPOS="486" WIDTH="91" HEIGHT="27" WC="0.93" CONTENT="ningens"/><SP WIDTH="11" VPOS="486" HPOS="278"/>
							<String ID="string_58" HPOS="289" VPOS="483" WIDTH="128" HEIGHT="24" WC="0.90" CONTENT="titfärdande"/><SP WIDTH="15" VPOS="483" HPOS="417"/>
							<String ID="string_59" HPOS="432" VPOS="484" WIDTH="26" HEIGHT="21" WC="0.96" CONTENT="de"/><SP WIDTH="16" VPOS="484" HPOS="458"/>
							<String ID="string_60" HPOS="474" VPOS="484" WIDTH="84" HEIGHT="27" WC="0.93" CONTENT="privata"/><SP WIDTH="14" VPOS="484" HPOS="558"/>
							<String ID="string_61" HPOS="572" VPOS="483" WIDTH="127" HEIGHT="29" WC="0.91" CONTENT="sällskaper,"/><SP WIDTH="14" VPOS="483" HPOS="699"/>
							<String ID="string_62" HPOS="713" VPOS="492" WIDTH="46" HEIGHT="14" WC="0.96" CONTENT="som"/><SP WIDTH="17" VPOS="492" HPOS="759"/>
							<String ID="string_63" HPOS="776" VPOS="485" WIDTH="85" HEIGHT="27" WC="0.93" CONTENT="funnos,"/><SP WIDTH="15" VPOS="485" HPOS="861"/>
							<String ID="string_64" HPOS="876" VPOS="484" WIDTH="53" HEIGHT="22" WC="0.93" CONTENT="nöd-"/>
						</TextLine>
						<TextLine ID="line_9" HPOS="187" VPOS="514" WIDTH="742" HEIGHT="34">
							<String ID="string_65" HPOS="187" VPOS="519" WIDTH="67" HEIGHT="29" WC="0.92" CONTENT="gades"/><SP WIDTH="15" VPOS="519" HPOS="254"/>
							<String ID="string_66" HPOS="269" VPOS="518" WIDTH="157" HEIGHT="22" WC="0.96" CONTENT="sammanträda"/><SP WIDTH="15" VPOS="518" HPOS="426"/>
							<String ID="string_67" HPOS="441" VPOS="517" WIDTH="66" HEIGHT="21" WC="0.96" CONTENT="under"/><SP WIDTH="15" VPOS="517" HPOS="507"/>
							<String ID="string_68" HPOS="522" VPOS="517" WIDTH="127" HEIGHT="22" WC="0.95" CONTENT="förändrade"/><SP WIDTH="14" VPOS="517" HPOS="649"/>
							<String ID="string_69" HPOS="663" VPOS="518" WIDTH="85" HEIGHT="22" WC="0.93" CONTENT="former."/><SP WIDTH="35" VPOS="518" HPOS="748"/>
							<String ID="string_70" HPOS="783" VPOS="514" WIDTH="72" HEIGHT="27" WC="0.42" CONTENT="Äfven"/><SP WIDTH="16" VPOS="514" HPOS="855"/>
							<String ID="string_71" HPOS="871" VPOS="520" WIDTH="58" HEIGHT="21" WC="0.92" CONTENT="stän-"/>
						</TextLine>
						<TextLine ID="line_10" HPOS="187" VPOS="551" WIDTH="743" HEIGHT="32">
							<String ID="string_72" HPOS="187" VPOS="554" WIDTH="66" HEIGHT="21" WC="0.91" CONTENT="derne"/><SP WIDTH="19" VPOS="554" HPOS="253"/>
							<String ID="string_73" HPOS="272" VPOS="553" WIDTH="71" HEIGHT="21" WC="0.95" CONTENT="kunna"/><SP WIDTH="19" VPOS="553" HPOS="343"/>
							<String ID="string_74" HPOS="362" VPOS="553" WIDTH="62" HEIGHT="27" WC="0.96" CONTENT="sägas"/><SP WIDTH="20" VPOS="553" HPOS="424"/>
							<String ID="string_75" HPOS="444" VPOS="551" WIDTH="64" HEIGHT="22" WC="0.96" CONTENT="hafva"/><SP WIDTH="19" VPOS="551" HPOS="508"/>
							<String ID="string_76" HPOS="527" VPOS="551" WIDTH="65" HEIGHT="23" WC="0.96" CONTENT="brutit"/><SP WIDTH="16" VPOS="551" HPOS="592"/>
							<String ID="string_77" HPOS="608" VPOS="554" WIDTH="43" HEIGHT="20" WC="0.96" CONTENT="mot"/><SP WIDTH="14" VPOS="554" HPOS="651"/>
							<String ID="string_78" HPOS="665" VPOS="552" WIDTH="69" HEIGHT="22" WC="0.96" CONTENT="denna"/><SP WIDTH="15" VPOS="552" HPOS="734"/>
							<String ID="string_79" HPOS="749" VPOS="553" WIDTH="129" HEIGHT="29" WC="0.93" CONTENT="författning"/><SP WIDTH="15" VPOS="553" HPOS="878"/>
							<String ID="string_80" HPOS="893" VPOS="561" WIDTH="37" HEIGHT="22" WC="0.92" CONTENT="ge-"/>
						</TextLine>
						<TextLine ID="line_11" HPOS="187" VPOS="585" WIDTH="742" HEIGHT="30">
							<String ID="string_81" HPOS="187" VPOS="595" WIDTH="49" HEIGHT="15" WC="0.95" CONTENT="nom"/><SP WIDTH="16" VPOS="595" HPOS="236"/>
							<String ID="string_82" HPOS="252" VPOS="586" WIDTH="111" HEIGHT="22" WC="0.95" CONTENT="bildandet"/><SP WIDTH="15" VPOS="586" HPOS="363"/>
							<String ID="string_83" HPOS="378" VPOS="586" WIDTH="23" HEIGHT="21" WC="0.95" CONTENT="af"/><SP WIDTH="13" VPOS="586" HPOS="401"/>
							<String ID="string_84" HPOS="414" VPOS="586" WIDTH="32" HEIGHT="22" WC="0.95" CONTENT="sin"/><SP WIDTH="15" VPOS="586" HPOS="446"/>
							<String ID="string_85" HPOS="461" VPOS="586" WIDTH="73" HEIGHT="23" WC="0.95" CONTENT="klubb."/><SP WIDTH="33" VPOS="586" HPOS="534"/>
							<String ID="string_86" HPOS="567" VPOS="585" WIDTH="164" HEIGHT="30" WC="0.93" CONTENT="Författningen"/><SP WIDTH="16" VPOS="585" HPOS="731"/>
							<String ID="string_87" HPOS="747" VPOS="587" WIDTH="133" HEIGHT="27" WC="0.91" CONTENT="efterlefdes,"/><SP WIDTH="15" VPOS="587" HPOS="880"/>
							<String ID="string_88" HPOS="895" VPOS="588" WIDTH="34" HEIGHT="22" WC="0.92" CONTENT="så-"/>
						</TextLine>
						<TextLine ID="line_12" HPOS="187" VPOS="620" WIDTH="742" HEIGHT="32">
							<String ID="string_89" HPOS="187" VPOS="628" WIDTH="45" HEIGHT="15" WC="0.96" CONTENT="som"/><SP WIDTH="13" VPOS="628" HPOS="232"/>
							<String ID="string_90" HPOS="245" VPOS="622" WIDTH="38" HEIGHT="28" WC="0.96" CONTENT="jag"/><SP WIDTH="15" VPOS="622" HPOS="283"/>
							<String ID="string_91" HPOS="298" VPOS="620" WIDTH="65" HEIGHT="22" WC="0.96" CONTENT="redan"/><SP WIDTH="15" VPOS="620" HPOS="363"/>
							<String ID="string_92" HPOS="378" VPOS="621" WIDTH="83" HEIGHT="26" WC="0.96" CONTENT="nämnt,"/><SP WIDTH="15" VPOS="621" HPOS="461"/>
							<String ID="string_93" HPOS="476" VPOS="620" WIDTH="8" HEIGHT="22" WC="0.96" CONTENT="i"/><SP WIDTH="15" VPOS="620" HPOS="484"/>
							<String ID="string_94" HPOS="499" VPOS="620" WIDTH="74" HEIGHT="29" WC="0.96" CONTENT="början"/><SP WIDTH="14" VPOS="620" HPOS="573"/>
							<String ID="string_95" HPOS="587" VPOS="621" WIDTH="90" HEIGHT="29" WC="0.92" CONTENT="strängt."/><SP WIDTH="22" VPOS="621" HPOS="677"/>
							<String ID="string_96" HPOS="699" VPOS="620" WIDTH="44" HEIGHT="30" WC="0.96" CONTENT="Jag"/><SP WIDTH="15" VPOS="620" HPOS="743"/>
							<String ID="string_97" HPOS="758" VPOS="622" WIDTH="37" HEIGHT="21" WC="0.96" CONTENT="vill"/><SP WIDTH="15" VPOS="622" HPOS="795"/>
							<String ID="string_98" HPOS="810" VPOS="622" WIDTH="67" HEIGHT="30" WC="0.90" CONTENT="härpå"/><SP WIDTH="15" VPOS="622" HPOS="877"/>
							<String ID="string_99" HPOS="892" VPOS="630" WIDTH="37" HEIGHT="15" WC="0.90" CONTENT="an-"/>
						</TextLine>
						<TextLine ID="line_13" HPOS="186" VPOS="654" WIDTH="741" HEIGHT="29">
							<String ID="string_100" HPOS="186" VPOS="656" WIDTH="47" HEIGHT="22" WC="0.96" CONTENT="föra"/><SP WIDTH="19" VPOS="656" HPOS="233"/>
							<String ID="string_101" HPOS="252" VPOS="659" WIDTH="31" HEIGHT="18" WC="0.96" CONTENT="ett"/><SP WIDTH="17" VPOS="659" HPOS="283"/>
							<String ID="string_102" HPOS="300" VPOS="655" WIDTH="107" HEIGHT="28" WC="0.92" CONTENT="exempel;"/><SP WIDTH="30" VPOS="655" HPOS="407"/>
							<String ID="string_103" HPOS="437" VPOS="654" WIDTH="133" HEIGHT="29" WC="0.91" CONTENT="Delegarene"/><SP WIDTH="17" VPOS="654" HPOS="570"/>
							<String ID="string_104" HPOS="587" VPOS="654" WIDTH="7" HEIGHT="23" WC="0.93" CONTENT="i"/><SP WIDTH="16" VPOS="654" HPOS="594"/>
							<String ID="string_105" HPOS="610" VPOS="655" WIDTH="157" HEIGHT="27" WC="0.91" CONTENT="sjömanshuset"/><SP WIDTH="15" VPOS="655" HPOS="767"/>
							<String ID="string_106" HPOS="782" VPOS="656" WIDTH="7" HEIGHT="21" WC="0.96" CONTENT="i"/><SP WIDTH="16" VPOS="656" HPOS="789"/>
							<String ID="string_107" HPOS="805" VPOS="656" WIDTH="122" HEIGHT="23" WC="0.96" CONTENT="Jakobstad"/>
						</TextLine>
						<TextLine ID="line_14" HPOS="187" VPOS="688" WIDTH="742" HEIGHT="28">
							<String ID="string_108" HPOS="187" VPOS="689" WIDTH="171" HEIGHT="22" WC="0.93" CONTENT="sammanträdde"/><SP WIDTH="17" VPOS="689" HPOS="358"/>
							<String ID="string_109" HPOS="375" VPOS="689" WIDTH="107" HEIGHT="27" WC="0.91" CONTENT="nemligen"/><SP WIDTH="18" VPOS="689" HPOS="482"/>
							<String ID="string_110" HPOS="500" VPOS="688" WIDTH="40" HEIGHT="22" WC="0.93" CONTENT="och"/><SP WIDTH="19" VPOS="688" HPOS="540"/>
							<String ID="string_111" HPOS="559" VPOS="689" WIDTH="186" HEIGHT="22" WC="0.91" CONTENT="öfverenskommo"/><SP WIDTH="19" VPOS="689" HPOS="745"/>
							<String ID="string_112" HPOS="764" VPOS="698" WIDTH="34" HEIGHT="13" WC="0.96" CONTENT="om"/><SP WIDTH="15" VPOS="698" HPOS="798"/>
							<String ID="string_113" HPOS="813" VPOS="693" WIDTH="32" HEIGHT="19" WC="0.96" CONTENT="ett"/><SP WIDTH="14" VPOS="693" HPOS="845"/>
							<String ID="string_114" HPOS="859" VPOS="691" WIDTH="70" HEIGHT="22" WC="0.96" CONTENT="bättre"/>
						</TextLine>
						<TextLine ID="line_15" HPOS="187" VPOS="722" WIDTH="741" HEIGHT="30">
							<String ID="string_115" HPOS="187" VPOS="724" WIDTH="109" HEIGHT="23" WC="0.91" CONTENT="ordnande"/><SP WIDTH="15" VPOS="724" HPOS="296"/>
							<String ID="string_116" HPOS="311" VPOS="723" WIDTH="23" HEIGHT="21" WC="0.96" CONTENT="af"/><SP WIDTH="13" VPOS="723" HPOS="334"/>
							<String ID="string_117" HPOS="347" VPOS="723" WIDTH="27" HEIGHT="21" WC="0.93" CONTENT="de"/><SP WIDTH="14" VPOS="723" HPOS="374"/>
							<String ID="string_118" HPOS="388" VPOS="722" WIDTH="216" HEIGHT="29" WC="0.92" CONTENT="understödsbidrag,"/><SP WIDTH="16" VPOS="722" HPOS="604"/>
							<String ID="string_119" HPOS="620" VPOS="730" WIDTH="45" HEIGHT="15" WC="0.96" CONTENT="som"/><SP WIDTH="15" VPOS="730" HPOS="665"/>
							<String ID="string_120" HPOS="680" VPOS="723" WIDTH="50" HEIGHT="29" WC="0.96" CONTENT="ingå"/><SP WIDTH="15" VPOS="723" HPOS="730"/>
							<String ID="string_121" HPOS="745" VPOS="724" WIDTH="34" HEIGHT="21" WC="0.93" CONTENT="till"/><SP WIDTH="16" VPOS="724" HPOS="779"/>
							<String ID="string_122" HPOS="795" VPOS="725" WIDTH="133" HEIGHT="27" WC="0.47" CONTENT="sjömanshn-"/>
						</TextLine>
						<TextLine ID="line_16" HPOS="186" VPOS="756" WIDTH="741" HEIGHT="32">
							<String ID="string_123" HPOS="186" VPOS="762" WIDTH="43" HEIGHT="18" WC="0.96" CONTENT="sets"/><SP WIDTH="15" VPOS="762" HPOS="229"/>
							<String ID="string_124" HPOS="244" VPOS="758" WIDTH="74" HEIGHT="26" WC="0.96" CONTENT="kassa,"/><SP WIDTH="16" VPOS="758" HPOS="318"/>
							<String ID="string_125" HPOS="334" VPOS="756" WIDTH="90" HEIGHT="24" WC="0.96" CONTENT="hvarvid"/><SP WIDTH="16" VPOS="756" HPOS="424"/>
							<String ID="string_126" HPOS="440" VPOS="756" WIDTH="120" HEIGHT="22" WC="0.96" CONTENT="bestämdes"/><SP WIDTH="16" VPOS="756" HPOS="560"/>
							<String ID="string_127" HPOS="576" VPOS="760" WIDTH="31" HEIGHT="18" WC="0.96" CONTENT="att"/><SP WIDTH="15" VPOS="760" HPOS="607"/>
							<String ID="string_128" HPOS="622" VPOS="757" WIDTH="62" HEIGHT="22" WC="0.95" CONTENT="dessa"/><SP WIDTH="16" VPOS="757" HPOS="684"/>
							<String ID="string_129" HPOS="700" VPOS="758" WIDTH="76" HEIGHT="28" WC="0.96" CONTENT="bidrag"/><SP WIDTH="15" VPOS="758" HPOS="776"/>
							<String ID="string_130" HPOS="791" VPOS="758" WIDTH="70" HEIGHT="22" WC="0.95" CONTENT="skulle"/><SP WIDTH="14" VPOS="758" HPOS="861"/>
							<String ID="string_131" HPOS="875" VPOS="759" WIDTH="52" HEIGHT="29" WC="0.96" CONTENT="utgå"/>
						</TextLine>
						<TextLine ID="line_17" HPOS="186" VPOS="790" WIDTH="741" HEIGHT="29">
							<String ID="string_132" HPOS="186" VPOS="793" WIDTH="54" HEIGHT="21" WC="0.96" CONTENT="efter"/><SP WIDTH="14" VPOS="793" HPOS="240"/>
							<String ID="string_133" HPOS="254" VPOS="792" WIDTH="58" HEIGHT="21" WC="0.96" CONTENT="vissa"/><SP WIDTH="15" VPOS="792" HPOS="312"/>
							<String ID="string_134" HPOS="327" VPOS="791" WIDTH="127" HEIGHT="21" WC="0.96" CONTENT="förändrade"/><SP WIDTH="16" VPOS="791" HPOS="454"/>
							<String ID="string_135" HPOS="470" VPOS="790" WIDTH="98" HEIGHT="29" WC="0.95" CONTENT="grunder,"/><SP WIDTH="16" VPOS="790" HPOS="568"/>
							<String ID="string_136" HPOS="584" VPOS="791" WIDTH="40" HEIGHT="21" WC="0.96" CONTENT="och"/><SP WIDTH="16" VPOS="791" HPOS="624"/>
							<String ID="string_137" HPOS="640" VPOS="798" WIDTH="44" HEIGHT="14" WC="0.96" CONTENT="som"/><SP WIDTH="13" VPOS="798" HPOS="684"/>
							<String ID="string_138" HPOS="697" VPOS="791" WIDTH="60" HEIGHT="22" WC="0.96" CONTENT="detta"/><SP WIDTH="12" VPOS="791" HPOS="757"/>
							<String ID="string_139" HPOS="769" VPOS="792" WIDTH="158" HEIGHT="22" WC="0.96" CONTENT="bestämmande"/>
						</TextLine>
						<TextLine ID="line_18" HPOS="185" VPOS="824" WIDTH="743" HEIGHT="31">
							<String ID="string_140" HPOS="185" VPOS="825" WIDTH="131" HEIGHT="24" WC="0.93" CONTENT="innefattade"/><SP WIDTH="22" VPOS="825" HPOS="316"/>
							<String ID="string_141" HPOS="338" VPOS="824" WIDTH="135" HEIGHT="30" WC="0.91" CONTENT="påläggande"/><SP WIDTH="19" VPOS="824" HPOS="473"/>
							<String ID="string_142" HPOS="492" VPOS="825" WIDTH="24" HEIGHT="20" WC="0.96" CONTENT="af"/><SP WIDTH="16" VPOS="825" HPOS="516"/>
							<String ID="string_143" HPOS="532" VPOS="832" WIDTH="26" HEIGHT="14" WC="0.96" CONTENT="en"/><SP WIDTH="15" VPOS="832" HPOS="558"/>
							<String ID="string_144" HPOS="573" VPOS="832" WIDTH="29" HEIGHT="21" WC="0.96" CONTENT="ny"/><SP WIDTH="15" VPOS="832" HPOS="602"/>
							<String ID="string_145" HPOS="617" VPOS="824" WIDTH="57" HEIGHT="22" WC="0.96" CONTENT="skatt"/><SP WIDTH="15" VPOS="824" HPOS="674"/>
							<String ID="string_146" HPOS="689" VPOS="826" WIDTH="52" HEIGHT="21" WC="0.93" CONTENT="eller"/><SP WIDTH="15" VPOS="826" HPOS="741"/>
							<String ID="string_147" HPOS="756" VPOS="827" WIDTH="86" HEIGHT="28" WC="0.91" CONTENT="pålaga,"/><SP WIDTH="16" VPOS="827" HPOS="842"/>
							<String ID="string_148" HPOS="858" VPOS="828" WIDTH="24" HEIGHT="21" WC="0.93" CONTENT="så"/><SP WIDTH="15" VPOS="828" HPOS="882"/>
							<String ID="string_149" HPOS="897" VPOS="828" WIDTH="31" HEIGHT="22" WC="0.92" CONTENT="in-"/>
						</TextLine>
						<TextLine ID="line_19" HPOS="186" VPOS="859" WIDTH="741" HEIGHT="30">
							<String ID="string_150" HPOS="186" VPOS="860" WIDTH="76" HEIGHT="21" WC="0.96" CONTENT="sändes"/><SP WIDTH="24" VPOS="860" HPOS="262"/>
							<String ID="string_151" HPOS="286" VPOS="860" WIDTH="113" HEIGHT="28" WC="0.95" CONTENT="förslaget,"/><SP WIDTH="19" VPOS="860" HPOS="399"/>
							<String ID="string_152" HPOS="418" VPOS="859" WIDTH="7" HEIGHT="21" WC="0.96" CONTENT="i"/><SP WIDTH="16" VPOS="859" HPOS="425"/>
							<String ID="string_153" HPOS="441" VPOS="859" WIDTH="99" HEIGHT="21" WC="0.93" CONTENT="afseende"/><SP WIDTH="15" VPOS="859" HPOS="540"/>
							<String ID="string_154" HPOS="555" VPOS="859" WIDTH="12" HEIGHT="21" WC="0.92" CONTENT="å"/><SP WIDTH="16" VPOS="859" HPOS="567"/>
							<String ID="string_155" HPOS="583" VPOS="860" WIDTH="146" HEIGHT="27" WC="0.96" CONTENT="fastställelse,"/><SP WIDTH="16" VPOS="860" HPOS="729"/>
							<String ID="string_156" HPOS="745" VPOS="860" WIDTH="32" HEIGHT="23" WC="0.96" CONTENT="till"/><SP WIDTH="16" VPOS="860" HPOS="777"/>
							<String ID="string_157" HPOS="793" VPOS="863" WIDTH="134" HEIGHT="26" WC="0.96" CONTENT="guvernören"/>
						</TextLine>
						<TextLine ID="line_20" HPOS="185" VPOS="893" WIDTH="743" HEIGHT="28">
							<String ID="string_158" HPOS="185" VPOS="895" WIDTH="7" HEIGHT="21" WC="0.96" CONTENT="i"/><SP WIDTH="20" VPOS="895" HPOS="192"/>
							<String ID="string_159" HPOS="212" VPOS="895" WIDTH="66" HEIGHT="26" WC="0.93" CONTENT="länet,"/><SP WIDTH="22" VPOS="895" HPOS="278"/>
							<String ID="string_160" HPOS="300" VPOS="901" WIDTH="46" HEIGHT="13" WC="0.96" CONTENT="som"/><SP WIDTH="22" VPOS="901" HPOS="346"/>
							<String ID="string_161" HPOS="368" VPOS="893" WIDTH="45" HEIGHT="21" WC="0.96" CONTENT="åter"/><SP WIDTH="22" VPOS="893" HPOS="413"/>
							<String ID="string_162" HPOS="435" VPOS="894" WIDTH="50" HEIGHT="20" WC="0.96" CONTENT="fann"/><SP WIDTH="18" VPOS="894" HPOS="485"/>
							<String ID="string_163" HPOS="503" VPOS="894" WIDTH="34" HEIGHT="27" WC="0.96" CONTENT="sig"/><SP WIDTH="15" VPOS="894" HPOS="537"/>
							<String ID="string_164" HPOS="552" VPOS="894" WIDTH="92" HEIGHT="27" WC="0.96" CONTENT="befogad"/><SP WIDTH="15" VPOS="894" HPOS="644"/>
							<String ID="string_165" HPOS="659" VPOS="896" WIDTH="31" HEIGHT="19" WC="0.96" CONTENT="att"/><SP WIDTH="15" VPOS="896" HPOS="690"/>
							<String ID="string_166" HPOS="705" VPOS="895" WIDTH="88" HEIGHT="22" WC="0.96" CONTENT="insända"/><SP WIDTH="16" VPOS="895" HPOS="793"/>
							<String ID="string_167" HPOS="809" VPOS="895" WIDTH="119" HEIGHT="24" WC="0.95" CONTENT="detsamma"/>
						</TextLine>
						<TextLine ID="line_21" HPOS="185" VPOS="926" WIDTH="742" HEIGHT="32">
							<String ID="string_168" HPOS="185" VPOS="928" WIDTH="32" HEIGHT="23" WC="0.93" CONTENT="till"/><SP WIDTH="23" VPOS="928" HPOS="217"/>
							<String ID="string_169" HPOS="240" VPOS="927" WIDTH="228" HEIGHT="29" WC="0.82" CONTENT="generalguvernören."/><SP WIDTH="37" VPOS="927" HPOS="468"/>
							<String ID="string_170" HPOS="505" VPOS="926" WIDTH="91" HEIGHT="29" WC="0.96" CONTENT="Följden"/><SP WIDTH="20" VPOS="926" HPOS="596"/>
							<String ID="string_171" HPOS="616" VPOS="927" WIDTH="47" HEIGHT="22" WC="0.96" CONTENT="blef"/><SP WIDTH="15" VPOS="927" HPOS="663"/>
							<String ID="string_172" HPOS="678" VPOS="935" WIDTH="25" HEIGHT="14" WC="0.96" CONTENT="en"/><SP WIDTH="16" VPOS="935" HPOS="703"/>
							<String ID="string_173" HPOS="719" VPOS="928" WIDTH="65" HEIGHT="29" WC="0.96" CONTENT="skarp"/><SP WIDTH="15" VPOS="928" HPOS="784"/>
							<String ID="string_174" HPOS="799" VPOS="929" WIDTH="79" HEIGHT="29" WC="0.96" CONTENT="skrapa"/><SP WIDTH="15" VPOS="929" HPOS="878"/>
							<String ID="string_175" HPOS="893" VPOS="931" WIDTH="34" HEIGHT="21" WC="0.96" CONTENT="för"/>
						</TextLine>
						<TextLine ID="line_22" HPOS="185" VPOS="961" WIDTH="743" HEIGHT="32">
							<String ID="string_176" HPOS="185" VPOS="962" WIDTH="37" HEIGHT="22" WC="0.96" CONTENT="det"/><SP WIDTH="17" VPOS="962" HPOS="222"/>
							<String ID="string_177" HPOS="239" VPOS="961" WIDTH="41" HEIGHT="22" WC="0.96" CONTENT="den"/><SP WIDTH="20" VPOS="961" HPOS="280"/>
							<String ID="string_178" HPOS="300" VPOS="962" WIDTH="162" HEIGHT="28" WC="0.96" CONTENT="ifrågavarande"/><SP WIDTH="16" VPOS="962" HPOS="462"/>
							<String ID="string_179" HPOS="478" VPOS="961" WIDTH="144" HEIGHT="29" WC="0.96" CONTENT="kungörelsen"/><SP WIDTH="16" VPOS="961" HPOS="622"/>
							<String ID="string_180" HPOS="638" VPOS="961" WIDTH="69" HEIGHT="23" WC="0.95" CONTENT="skulle"/><SP WIDTH="16" VPOS="961" HPOS="707"/>
							<String ID="string_181" HPOS="723" VPOS="963" WIDTH="71" HEIGHT="21" WC="0.95" CONTENT="blifvit"/><SP WIDTH="14" VPOS="963" HPOS="794"/>
							<String ID="string_182" HPOS="808" VPOS="972" WIDTH="77" HEIGHT="21" WC="0.96" CONTENT="genom"/><SP WIDTH="16" VPOS="972" HPOS="885"/>
							<String ID="string_183" HPOS="901" VPOS="965" WIDTH="27" HEIGHT="22" WC="0.96" CONTENT="de"/>
						</TextLine>
						<TextLine ID="line_23" HPOS="186" VPOS="996" WIDTH="741" HEIGHT="31">
							<String ID="string_184" HPOS="186" VPOS="996" WIDTH="81" HEIGHT="28" WC="0.92" CONTENT="skedda"/><SP WIDTH="15" VPOS="996" HPOS="267"/>
							<String ID="string_185" HPOS="282" VPOS="996" WIDTH="238" HEIGHT="29" WC="0.92" CONTENT="öfverläggningarne"/><SP WIDTH="-8" VPOS="996" HPOS="520"/>
							<String ID="string_186" HPOS="512" VPOS="991" WIDTH="13" HEIGHT="40" WC="0.96" CONTENT="i"/><SP WIDTH="11" VPOS="991" HPOS="525"/>
							<String ID="string_187" HPOS="536" VPOS="997" WIDTH="71" HEIGHT="20" WC="0.93" CONTENT="ämnet"/><SP WIDTH="15" VPOS="997" HPOS="607"/>
							<String ID="string_188" HPOS="622" VPOS="997" WIDTH="131" HEIGHT="22" WC="0.90" CONTENT="öfverträdd."/><SP WIDTH="22" VPOS="997" HPOS="753"/>
							<String ID="string_189" HPOS="775" VPOS="997" WIDTH="62" HEIGHT="24" WC="0.96" CONTENT="Flere"/><SP WIDTH="16" VPOS="997" HPOS="837"/>
							<String ID="string_190" HPOS="853" VPOS="999" WIDTH="74" HEIGHT="28" WC="0.96" CONTENT="dylika"/>
						</TextLine>
						<TextLine ID="line_24" HPOS="185" VPOS="1029" WIDTH="743" HEIGHT="30">
							<String ID="string_191" HPOS="185" VPOS="1031" WIDTH="96" HEIGHT="28" WC="0.96" CONTENT="exempel"/><SP WIDTH="19" VPOS="1031" HPOS="281"/>
							<String ID="string_192" HPOS="300" VPOS="1030" WIDTH="71" HEIGHT="21" WC="0.93" CONTENT="kunde"/><SP WIDTH="19" VPOS="1030" HPOS="371"/>
							<String ID="string_193" HPOS="390" VPOS="1031" WIDTH="46" HEIGHT="20" WC="0.91" CONTENT="från"/><SP WIDTH="20" VPOS="1031" HPOS="436"/>
							<String ID="string_194" HPOS="456" VPOS="1029" WIDTH="40" HEIGHT="22" WC="0.96" CONTENT="den"/><SP WIDTH="16" VPOS="1029" HPOS="496"/>
							<String ID="string_195" HPOS="512" VPOS="1030" WIDTH="57" HEIGHT="21" WC="0.96" CONTENT="tiden"/><SP WIDTH="16" VPOS="1030" HPOS="569"/>
							<String ID="string_196" HPOS="585" VPOS="1031" WIDTH="91" HEIGHT="20" WC="0.91" CONTENT="anföras."/><SP WIDTH="37" VPOS="1031" HPOS="676"/>
							<String ID="string_197" HPOS="713" VPOS="1030" WIDTH="95" HEIGHT="23" WC="0.91" CONTENT="Numera"/><SP WIDTH="15" VPOS="1030" HPOS="808"/>
							<String ID="string_198" HPOS="823" VPOS="1032" WIDTH="105" HEIGHT="23" WC="0.83" CONTENT="handhaf-"/>
						</TextLine>
						<TextLine ID="line_25" HPOS="185" VPOS="1063" WIDTH="742" HEIGHT="30">
							<String ID="string_199" HPOS="185" VPOS="1072" WIDTH="37" HEIGHT="16" WC="0.90" CONTENT="ves"/><SP WIDTH="22" VPOS="1072" HPOS="222"/>
							<String ID="string_200" HPOS="244" VPOS="1065" WIDTH="154" HEIGHT="28" WC="0.95" CONTENT="författningen"/><SP WIDTH="22" VPOS="1065" HPOS="398"/>
							<String ID="string_201" HPOS="420" VPOS="1064" WIDTH="57" HEIGHT="24" WC="0.95" CONTENT="dock"/><SP WIDTH="18" VPOS="1064" HPOS="477"/>
							<String ID="string_202" HPOS="495" VPOS="1063" WIDTH="47" HEIGHT="24" WC="0.96" CONTENT="icke"/><SP WIDTH="18" VPOS="1063" HPOS="542"/>
							<String ID="string_203" HPOS="560" VPOS="1064" WIDTH="45" HEIGHT="21" WC="0.93" CONTENT="lika"/><SP WIDTH="14" VPOS="1064" HPOS="605"/>
							<String ID="string_204" HPOS="619" VPOS="1064" WIDTH="100" HEIGHT="28" WC="0.90" CONTENT="rigoröst."/><SP WIDTH="35" VPOS="1064" HPOS="719"/>
							<String ID="string_205" HPOS="754" VPOS="1065" WIDTH="35" HEIGHT="22" WC="0.96" CONTENT="Då"/><SP WIDTH="14" VPOS="1065" HPOS="789"/>
							<String ID="string_206" HPOS="803" VPOS="1065" WIDTH="124" HEIGHT="24" WC="0.96" CONTENT="densamma"/>
						</TextLine>
						<TextLine ID="line_26" HPOS="184" VPOS="1098" WIDTH="743" HEIGHT="29">
							<String ID="string_207" HPOS="184" VPOS="1099" WIDTH="66" HEIGHT="21" WC="0.95" CONTENT="likväl"/><SP WIDTH="22" VPOS="1099" HPOS="250"/>
							<String ID="string_208" HPOS="272" VPOS="1099" WIDTH="72" HEIGHT="21" WC="0.96" CONTENT="kunde"/><SP WIDTH="22" VPOS="1099" HPOS="344"/>
							<String ID="string_209" HPOS="366" VPOS="1098" WIDTH="68" HEIGHT="22" WC="0.93" CONTENT="blifva"/><SP WIDTH="18" VPOS="1098" HPOS="434"/>
							<String ID="string_210" HPOS="452" VPOS="1098" WIDTH="107" HEIGHT="29" WC="0.91" CONTENT="hinderlig"/><SP WIDTH="19" VPOS="1098" HPOS="559"/>
							<String ID="string_211" HPOS="578" VPOS="1099" WIDTH="32" HEIGHT="20" WC="0.96" CONTENT="för"/><SP WIDTH="18" VPOS="1099" HPOS="610"/>
							<String ID="string_212" HPOS="628" VPOS="1098" WIDTH="77" HEIGHT="29" WC="0.96" CONTENT="många"/><SP WIDTH="16" VPOS="1098" HPOS="705"/>
							<String ID="string_213" HPOS="721" VPOS="1099" WIDTH="33" HEIGHT="21" WC="0.96" CONTENT="för"/><SP WIDTH="15" VPOS="1099" HPOS="754"/>
							<String ID="string_214" HPOS="769" VPOS="1100" WIDTH="36" HEIGHT="21" WC="0.96" CONTENT="det"/><SP WIDTH="14" VPOS="1100" HPOS="805"/>
							<String ID="string_215" HPOS="819" VPOS="1101" WIDTH="108" HEIGHT="23" WC="0.96" CONTENT="allmänna"/>
						</TextLine>
						<TextLine ID="line_27" HPOS="184" VPOS="1132" WIDTH="743" HEIGHT="29">
							<String ID="string_216" HPOS="184" VPOS="1133" WIDTH="114" HEIGHT="28" WC="0.91" CONTENT="gagneliga"/><SP WIDTH="15" VPOS="1133" HPOS="298"/>
							<String ID="string_217" HPOS="313" VPOS="1133" WIDTH="93" HEIGHT="28" WC="0.96" CONTENT="företag,"/><SP WIDTH="16" VPOS="1133" HPOS="406"/>
							<String ID="string_218" HPOS="422" VPOS="1139" WIDTH="46" HEIGHT="15" WC="0.96" CONTENT="som"/><SP WIDTH="16" VPOS="1139" HPOS="468"/>
							<String ID="string_219" HPOS="484" VPOS="1140" WIDTH="76" HEIGHT="21" WC="0.96" CONTENT="genom"/><SP WIDTH="16" VPOS="1140" HPOS="560"/>
							<String ID="string_220" HPOS="576" VPOS="1132" WIDTH="130" HEIGHT="22" WC="0.96" CONTENT="association"/><SP WIDTH="16" VPOS="1132" HPOS="706"/>
							<String ID="string_221" HPOS="722" VPOS="1133" WIDTH="25" HEIGHT="22" WC="0.96" CONTENT="af"/><SP WIDTH="11" VPOS="1133" HPOS="747"/>
							<String ID="string_222" HPOS="758" VPOS="1134" WIDTH="97" HEIGHT="24" WC="0.93" CONTENT="enskilda"/><SP WIDTH="14" VPOS="1134" HPOS="855"/>
							<String ID="string_223" HPOS="869" VPOS="1135" WIDTH="58" HEIGHT="22" WC="0.92" CONTENT="kraf-"/>
						</TextLine>
						<TextLine ID="line_28" HPOS="185" VPOS="1166" WIDTH="742" HEIGHT="29">
							<String ID="string_224" HPOS="185" VPOS="1171" WIDTH="32" HEIGHT="18" WC="0.96" CONTENT="ter"/><SP WIDTH="14" VPOS="1171" HPOS="217"/>
							<String ID="string_225" HPOS="231" VPOS="1167" WIDTH="77" HEIGHT="22" WC="0.92" CONTENT="kunna"/><SP WIDTH="11" VPOS="1167" HPOS="308"/>
							<String ID="string_226" HPOS="319" VPOS="1167" WIDTH="175" HEIGHT="28" WC="0.91" CONTENT="tillvägabringas"/><SP WIDTH="18" VPOS="1167" HPOS="494"/>
							<String ID="string_227" HPOS="512" VPOS="1166" WIDTH="39" HEIGHT="21" WC="0.95" CONTENT="och"/><SP WIDTH="15" VPOS="1166" HPOS="551"/>
							<String ID="string_228" HPOS="566" VPOS="1167" WIDTH="93" HEIGHT="27" WC="0.96" CONTENT="utföras,"/><SP WIDTH="16" VPOS="1167" HPOS="659"/>
							<String ID="string_229" HPOS="675" VPOS="1171" WIDTH="56" HEIGHT="19" WC="0.95" CONTENT="samt"/><SP WIDTH="14" VPOS="1171" HPOS="731"/>
							<String ID="string_230" HPOS="745" VPOS="1168" WIDTH="64" HEIGHT="24" WC="0.96" CONTENT="äfven"/><SP WIDTH="15" VPOS="1168" HPOS="809"/>
							<String ID="string_231" HPOS="824" VPOS="1170" WIDTH="103" HEIGHT="22" WC="0.96" CONTENT="särskildt"/>
						</TextLine>
						<TextLine ID="line_29" HPOS="184" VPOS="1201" WIDTH="743" HEIGHT="30">
							<String ID="string_232" HPOS="184" VPOS="1202" WIDTH="34" HEIGHT="22" WC="0.96" CONTENT="för"/><SP WIDTH="21" VPOS="1202" HPOS="218"/>
							<String ID="string_233" HPOS="239" VPOS="1201" WIDTH="66" HEIGHT="29" WC="0.96" CONTENT="bolag"/><SP WIDTH="21" VPOS="1201" HPOS="305"/>
							<String ID="string_234" HPOS="326" VPOS="1201" WIDTH="25" HEIGHT="21" WC="0.95" CONTENT="af"/><SP WIDTH="19" VPOS="1201" HPOS="351"/>
							<String ID="string_235" HPOS="370" VPOS="1201" WIDTH="40" HEIGHT="22" WC="0.96" CONTENT="den"/><SP WIDTH="24" VPOS="1201" HPOS="410"/>
							<String ID="string_236" HPOS="434" VPOS="1201" WIDTH="155" HEIGHT="26" WC="0.96" CONTENT="beskaffenhet,"/><SP WIDTH="19" VPOS="1201" HPOS="589"/>
							<String ID="string_237" HPOS="608" VPOS="1208" WIDTH="46" HEIGHT="14" WC="0.96" CONTENT="som"/><SP WIDTH="18" VPOS="1208" HPOS="654"/>
							<String ID="string_238" HPOS="672" VPOS="1209" WIDTH="29" HEIGHT="14" WC="0.96" CONTENT="nu"/><SP WIDTH="19" VPOS="1209" HPOS="701"/>
							<String ID="string_239" HPOS="720" VPOS="1203" WIDTH="23" HEIGHT="20" WC="0.96" CONTENT="är"/><SP WIDTH="15" VPOS="1203" HPOS="743"/>
							<String ID="string_240" HPOS="758" VPOS="1203" WIDTH="7" HEIGHT="20" WC="0.96" CONTENT="i"/><SP WIDTH="15" VPOS="1203" HPOS="765"/>
							<String ID="string_241" HPOS="780" VPOS="1203" WIDTH="69" HEIGHT="28" WC="0.93" CONTENT="fråga,"/><SP WIDTH="16" VPOS="1203" HPOS="849"/>
							<String ID="string_242" HPOS="865" VPOS="1205" WIDTH="62" HEIGHT="22" WC="0.92" CONTENT="utber"/>
						</TextLine>
						<TextLine ID="line_30" HPOS="181" VPOS="1235" WIDTH="745" HEIGHT="30">
							<String ID="string_243" HPOS="181" VPOS="1236" WIDTH="39" HEIGHT="29" WC="0.96" CONTENT="jag"/><SP WIDTH="15" VPOS="1236" HPOS="220"/>
							<String ID="string_244" HPOS="235" VPOS="1237" WIDTH="43" HEIGHT="26" WC="0.95" CONTENT="mig"/><SP WIDTH="16" VPOS="1237" HPOS="278"/>
							<String ID="string_245" HPOS="294" VPOS="1235" WIDTH="22" HEIGHT="21" WC="0.96" CONTENT="få"/><SP WIDTH="14" VPOS="1235" HPOS="316"/>
							<String ID="string_246" HPOS="330" VPOS="1235" WIDTH="88" HEIGHT="26" WC="0.96" CONTENT="föreslå,"/><SP WIDTH="16" VPOS="1235" HPOS="418"/>
							<String ID="string_247" HPOS="434" VPOS="1237" WIDTH="30" HEIGHT="18" WC="0.96" CONTENT="att"/><SP WIDTH="14" VPOS="1237" HPOS="464"/>
							<String ID="string_248" HPOS="478" VPOS="1235" WIDTH="7" HEIGHT="20" WC="0.96" CONTENT="i"/><SP WIDTH="11" VPOS="1235" HPOS="485"/>
							<String ID="string_249" HPOS="496" VPOS="1235" WIDTH="64" HEIGHT="21" WC="0.96" CONTENT="slutet"/><SP WIDTH="12" VPOS="1235" HPOS="560"/>
							<String ID="string_250" HPOS="572" VPOS="1235" WIDTH="24" HEIGHT="21" WC="0.96" CONTENT="af"/><SP WIDTH="8" VPOS="1235" HPOS="596"/>
							<String ID="string_251" HPOS="604" VPOS="1235" WIDTH="41" HEIGHT="21" WC="0.96" CONTENT="den"/><SP WIDTH="11" VPOS="1235" HPOS="645"/>
							<String ID="string_252" HPOS="656" VPOS="1235" WIDTH="138" HEIGHT="30" WC="0.96" CONTENT="författning,"/><SP WIDTH="13" VPOS="1235" HPOS="794"/>
							<String ID="string_253" HPOS="807" VPOS="1244" WIDTH="47" HEIGHT="15" WC="0.93" CONTENT="som"/><SP WIDTH="11" VPOS="1244" HPOS="854"/>
							<String ID="string_254" HPOS="865" VPOS="1237" WIDTH="61" HEIGHT="23" WC="0.92" CONTENT="kom-"/>
						</TextLine>
						<TextLine ID="line_31" HPOS="184" VPOS="1269" WIDTH="741" HEIGHT="30">
							<String ID="string_255" HPOS="184" VPOS="1277" WIDTH="45" HEIGHT="14" WC="0.96" CONTENT="mer"/><SP WIDTH="17" VPOS="1277" HPOS="229"/>
							<String ID="string_256" HPOS="246" VPOS="1273" WIDTH="32" HEIGHT="19" WC="0.95" CONTENT="att"/><SP WIDTH="14" VPOS="1273" HPOS="278"/>
							<String ID="string_257" HPOS="292" VPOS="1270" WIDTH="6" HEIGHT="20" WC="0.95" CONTENT="i"/><SP WIDTH="16" VPOS="1270" HPOS="298"/>
							<String ID="string_258" HPOS="314" VPOS="1270" WIDTH="72" HEIGHT="23" WC="0.94" CONTENT="ämnet"/><SP WIDTH="13" VPOS="1270" HPOS="386"/>
							<String ID="string_259" HPOS="399" VPOS="1269" WIDTH="108" HEIGHT="26" WC="0.94" CONTENT="utfärdas,"/><SP WIDTH="15" VPOS="1269" HPOS="507"/>
							<String ID="string_260" HPOS="522" VPOS="1276" WIDTH="26" HEIGHT="13" WC="0.97" CONTENT="en"/><SP WIDTH="16" VPOS="1276" HPOS="548"/>
							<String ID="string_261" HPOS="564" VPOS="1269" WIDTH="92" HEIGHT="24" WC="0.93" CONTENT="särskild"/><SP WIDTH="15" VPOS="1269" HPOS="656"/>
							<String ID="string_262" HPOS="671" VPOS="1270" WIDTH="12" HEIGHT="27" WC="0.92" CONTENT="&amp;"/><SP WIDTH="15" VPOS="1270" HPOS="683"/>
							<String ID="string_263" HPOS="698" VPOS="1269" WIDTH="71" HEIGHT="24" WC="0.96" CONTENT="kunde"/><SP WIDTH="15" VPOS="1269" HPOS="769"/>
							<String ID="string_264" HPOS="784" VPOS="1271" WIDTH="61" HEIGHT="28" WC="0.93" CONTENT="ingå,"/><SP WIDTH="17" VPOS="1271" HPOS="845"/>
							<String ID="string_265" HPOS="862" VPOS="1271" WIDTH="63" HEIGHT="22" WC="0.93" CONTENT="hvar-"/>
						</TextLine>
						<TextLine ID="line_32" HPOS="183" VPOS="1303" WIDTH="741" HEIGHT="28">
							<String ID="string_266" HPOS="183" VPOS="1303" WIDTH="85" HEIGHT="28" WC="0.93" CONTENT="igenom"/><SP WIDTH="23" VPOS="1303" HPOS="268"/>
							<String ID="string_267" HPOS="291" VPOS="1303" WIDTH="153" HEIGHT="28" WC="0.93" CONTENT="förordningen"/><SP WIDTH="18" VPOS="1303" HPOS="444"/>
							<String ID="string_268" HPOS="462" VPOS="1303" WIDTH="25" HEIGHT="21" WC="0.96" CONTENT="af"/><SP WIDTH="15" VPOS="1303" HPOS="487"/>
							<String ID="string_269" HPOS="502" VPOS="1303" WIDTH="42" HEIGHT="21" WC="0.97" CONTENT="den"/><SP WIDTH="15" VPOS="1303" HPOS="544"/>
							<String ID="string_270" HPOS="559" VPOS="1303" WIDTH="13" HEIGHT="21" WC="0.95" CONTENT="4"/><SP WIDTH="12" VPOS="1303" HPOS="572"/>
							<String ID="string_271" HPOS="584" VPOS="1304" WIDTH="47" HEIGHT="27" WC="0.95" CONTENT="juni"/><SP WIDTH="17" VPOS="1304" HPOS="631"/>
							<String ID="string_272" HPOS="648" VPOS="1303" WIDTH="53" HEIGHT="22" WC="0.95" CONTENT="1849"/><SP WIDTH="15" VPOS="1303" HPOS="701"/>
							<String ID="string_273" HPOS="716" VPOS="1303" WIDTH="33" HEIGHT="23" WC="0.95" CONTENT="till"/><SP WIDTH="20" VPOS="1303" HPOS="749"/>
							<String ID="string_274" HPOS="769" VPOS="1304" WIDTH="28" HEIGHT="22" WC="0.95" CONTENT="all"/><SP WIDTH="14" VPOS="1304" HPOS="797"/>
							<String ID="string_275" HPOS="811" VPOS="1305" WIDTH="58" HEIGHT="22" WC="0.96" CONTENT="kraft"/><SP WIDTH="15" VPOS="1305" HPOS="869"/>
							<String ID="string_276" HPOS="884" VPOS="1306" WIDTH="40" HEIGHT="22" WC="0.96" CONTENT="och"/>
						</TextLine>
						<TextLine ID="line_33" HPOS="183" VPOS="1336" WIDTH="224" HEIGHT="29">
							<String ID="string_277" HPOS="183" VPOS="1336" WIDTH="80" HEIGHT="23" WC="0.93" CONTENT="verkan"/><SP WIDTH="16" VPOS="1336" HPOS="263"/>
							<String ID="string_278" HPOS="279" VPOS="1336" WIDTH="128" HEIGHT="29" WC="0.91" CONTENT="upphäfdes."/>
						</TextLine>
					</TextBlock>
					<TextBlock ID="block_2" HPOS="182" VPOS="1376" WIDTH="743" HEIGHT="139">
						<TextLine ID="line_34" HPOS="251" VPOS="1376" WIDTH="674" HEIGHT="32">
							<String ID="string_279" HPOS="251" VPOS="1380" WIDTH="57" HEIGHT="20" WC="0.91" CONTENT="Herr"/><SP WIDTH="15" VPOS="1380" HPOS="308"/>
							<String ID="string_280" HPOS="323" VPOS="1379" WIDTH="135" HEIGHT="21" WC="0.91" CONTENT="Thermén:"/><SP WIDTH="24" VPOS="1379" HPOS="458"/>
							<String ID="string_281" HPOS="482" VPOS="1376" WIDTH="70" HEIGHT="25" WC="0.95" CONTENT="Äfven"/><SP WIDTH="14" VPOS="1376" HPOS="552"/>
							<String ID="string_282" HPOS="566" VPOS="1380" WIDTH="38" HEIGHT="28" WC="0.96" CONTENT="jag"/><SP WIDTH="12" VPOS="1380" HPOS="604"/>
							<String ID="string_283" HPOS="616" VPOS="1388" WIDTH="61" HEIGHT="14" WC="0.96" CONTENT="anser"/><SP WIDTH="12" VPOS="1388" HPOS="677"/>
							<String ID="string_284" HPOS="689" VPOS="1380" WIDTH="41" HEIGHT="22" WC="0.96" CONTENT="den"/><SP WIDTH="13" VPOS="1380" HPOS="730"/>
							<String ID="string_285" HPOS="743" VPOS="1383" WIDTH="127" HEIGHT="21" WC="0.93" CONTENT="omnämnda"/><SP WIDTH="12" VPOS="1383" HPOS="870"/>
							<String ID="string_286" HPOS="882" VPOS="1384" WIDTH="43" HEIGHT="22" WC="0.92" CONTENT="för-"/>
						</TextLine>
						<TextLine ID="line_35" HPOS="183" VPOS="1413" WIDTH="740" HEIGHT="33">
							<String ID="string_287" HPOS="183" VPOS="1414" WIDTH="118" HEIGHT="28" WC="0.96" CONTENT="ordningen"/><SP WIDTH="15" VPOS="1414" HPOS="301"/>
							<String ID="string_288" HPOS="316" VPOS="1414" WIDTH="25" HEIGHT="20" WC="0.96" CONTENT="af"/><SP WIDTH="11" VPOS="1414" HPOS="341"/>
							<String ID="string_289" HPOS="352" VPOS="1413" WIDTH="40" HEIGHT="21" WC="0.96" CONTENT="den"/><SP WIDTH="16" VPOS="1413" HPOS="392"/>
							<String ID="string_290" HPOS="408" VPOS="1414" WIDTH="12" HEIGHT="21" WC="0.96" CONTENT="4"/><SP WIDTH="12" VPOS="1414" HPOS="420"/>
							<String ID="string_291" HPOS="432" VPOS="1414" WIDTH="48" HEIGHT="28" WC="0.96" CONTENT="juni"/><SP WIDTH="16" VPOS="1414" HPOS="480"/>
							<String ID="string_292" HPOS="496" VPOS="1414" WIDTH="53" HEIGHT="20" WC="0.96" CONTENT="1849"/><SP WIDTH="17" VPOS="1414" HPOS="549"/>
							<String ID="string_293" HPOS="566" VPOS="1414" WIDTH="52" HEIGHT="21" WC="0.93" CONTENT="böra"/><SP WIDTH="15" VPOS="1414" HPOS="618"/>
							<String ID="string_294" HPOS="633" VPOS="1414" WIDTH="120" HEIGHT="28" WC="0.90" CONTENT="upphäfvas"/><SP WIDTH="16" VPOS="1414" HPOS="753"/>
							<String ID="string_295" HPOS="769" VPOS="1416" WIDTH="40" HEIGHT="21" WC="0.93" CONTENT="och"/><SP WIDTH="13" VPOS="1416" HPOS="809"/>
							<String ID="string_296" HPOS="822" VPOS="1417" WIDTH="101" HEIGHT="29" WC="0.91" CONTENT="stadgan-"/>
						</TextLine>
						<TextLine ID="line_36" HPOS="182" VPOS="1446" WIDTH="743" HEIGHT="34">
							<String ID="string_297" HPOS="182" VPOS="1448" WIDTH="36" HEIGHT="21" WC="0.96" CONTENT="det"/><SP WIDTH="16" VPOS="1448" HPOS="218"/>
							<String ID="string_298" HPOS="234" VPOS="1448" WIDTH="84" HEIGHT="26" WC="0.75" CONTENT="härom,"/><SP WIDTH="10" VPOS="1448" HPOS="318"/>
							<String ID="string_299" HPOS="328" VPOS="1448" WIDTH="70" HEIGHT="21" WC="0.96" CONTENT="såsom"/><SP WIDTH="12" VPOS="1448" HPOS="398"/>
							<String ID="string_300" HPOS="410" VPOS="1447" WIDTH="50" HEIGHT="22" WC="0.92" CONTENT="herr"/><SP WIDTH="10" VPOS="1447" HPOS="460"/>
							<String ID="string_301" HPOS="470" VPOS="1446" WIDTH="129" HEIGHT="30" WC="0.96" CONTENT="Tengström"/><SP WIDTH="12" VPOS="1446" HPOS="599"/>
							<String ID="string_302" HPOS="611" VPOS="1448" WIDTH="120" HEIGHT="30" WC="0.96" CONTENT="föreslagit,"/><SP WIDTH="11" VPOS="1448" HPOS="731"/>
							<String ID="string_303" HPOS="742" VPOS="1449" WIDTH="117" HEIGHT="31" WC="0.93" CONTENT="lämpligen"/><SP WIDTH="12" VPOS="1449" HPOS="859"/>
							<String ID="string_304" HPOS="871" VPOS="1452" WIDTH="54" HEIGHT="22" WC="0.92" CONTENT="kun-"/>
						</TextLine>
						<TextLine ID="line_37" HPOS="182" VPOS="1481" WIDTH="740" HEIGHT="34">
							<String ID="string_305" HPOS="182" VPOS="1490" WIDTH="27" HEIGHT="16" WC="0.91" CONTENT="na"/><SP WIDTH="21" VPOS="1490" HPOS="209"/>
							<String ID="string_306" HPOS="230" VPOS="1482" WIDTH="50" HEIGHT="30" WC="0.95" CONTENT="ingå"/><SP WIDTH="18" VPOS="1482" HPOS="280"/>
							<String ID="string_307" HPOS="298" VPOS="1482" WIDTH="6" HEIGHT="24" WC="0.96" CONTENT="i"/><SP WIDTH="19" VPOS="1482" HPOS="304"/>
							<String ID="string_308" HPOS="323" VPOS="1481" WIDTH="41" HEIGHT="23" WC="0.93" CONTENT="den"/><SP WIDTH="16" VPOS="1481" HPOS="364"/>
							<String ID="string_309" HPOS="380" VPOS="1481" WIDTH="109" HEIGHT="24" WC="0.92" CONTENT="blifvande"/><SP WIDTH="15" VPOS="1481" HPOS="489"/>
							<String ID="string_310" HPOS="504" VPOS="1482" WIDTH="155" HEIGHT="30" WC="0.96" CONTENT="författningen"/><SP WIDTH="15" VPOS="1482" HPOS="659"/>
							<String ID="string_311" HPOS="674" VPOS="1490" WIDTH="35" HEIGHT="15" WC="0.96" CONTENT="om"/><SP WIDTH="16" VPOS="1490" HPOS="709"/>
							<String ID="string_312" HPOS="725" VPOS="1484" WIDTH="128" HEIGHT="31" WC="0.90" CONTENT="aktiebolag."/><SP WIDTH="29" VPOS="1484" HPOS="853"/>
							<String ID="string_313" HPOS="882" VPOS="1487" WIDTH="40" HEIGHT="23" WC="0.87" CONTENT="Sä-"/>
						</TextLine>
					</TextBlock>
				</ComposedBlock>
			</PrintSpace>
		</Page>
	</Layout>
</alto>
