1017 1792
779 179 40 22 353

106 245 100 27 fikation,
222 254 45 14 som
283 245 57 23 dock
355 246 24 23 är
392 245 45 23 helt
449 245 39 23 och
502 245 64 23 hållet
578 245 99 29 förfelad,
690 246 81 22 hvilket
784 246 62 22 bland

107 284 64 18 annat
194 281 40 20 kan
253 288 33 14 ses
306 281 63 21 deraf
384 284 31 18 att
434 282 104 20 utskottet
553 282 126 20 utmönstrat
695 282 130 20 marknaden
840 282 7 20 i

106 311 135 31 NyKarleby
264 314 57 26 stad,
344 314 37 22 der
404 316 69 27 någon
492 314 102 21 marknad
614 316 17 26 ej
651 314 72 22 hållits
739 314 28 28 på
782 315 65 27 några

107 348 40 21 och
159 346 71 23 trettio
242 348 33 21 års
287 349 38 26 tid,
337 348 64 22 ehurn
414 356 25 14 en
451 348 65 22 sådan
528 348 102 21 marknad
643 347 131 23 fortfarande
785 356 63 20 gvar-

106 382 45 21 står
165 383 7 20 i
188 382 149 28 almanackan,
353 384 37 20 der
405 384 73 25 äfven,
494 384 70 20 såsom
580 383 35 21 det
630 390 74 21 synes,
717 381 130 23 marknaden

106 416 7 21 i
128 415 131 28 Jakobstad,
275 424 45 14 som
336 416 85 30 nyligen
438 416 122 28 afskaffats,
576 415 129 23 fortfarande
719 416 32 21 lär
761 418 86 20 komma

106 454 30 17 att
151 453 112 26 upptagas.
298 451 63 21 Hvad
376 451 64 21 sedan
458 451 130 21 vidkommer
604 451 74 27 frågan
693 459 34 13 om
743 452 103 20 utsättan-

106 484 26 21 de
155 485 24 20 af
199 485 252 27 marknadsterminerna,
470 486 24 20 så
512 486 56 20 afser
583 485 115 27 petitionen
715 488 30 18 att
761 493 24 13 en
802 486 45 20 sär-

105 518 57 21 skild
183 518 64 28 nådig
265 519 126 28 förordning
410 520 64 20 måtte
493 519 95 21 utfärdas
604 517 108 30 angående
727 519 63 21 dessa
805 523 42 17 ter-

106 553 79 21 miners
208 552 98 22 framtida
329 554 120 20 utsättande
471 553 33 21 till
526 552 106 29 onsdagar
651 553 40 21 och
711 552 135 30 thorsdagar.

104 586 79 22 Denna
199 587 125 27 förordning
339 586 69 22 skalle
424 587 82 21 således
522 587 66 21 blifva
603 589 30 19 ett
647 587 117 21 rättesnöre
776 587 33 21 för
819 587 27 21 de

106 620 170 27 vederbörande,
292 627 45 15 som
353 622 79 20 utsätta
443 621 253 25 marknadsterminerna;
713 628 46 14 men
772 620 28 22 då
810 621 37 21 det

106 654 23 22 är
144 655 124 28 regeringen
285 655 51 28 sjelf
348 655 39 21 och
403 657 63 26 ingen
482 662 79 19 annan,
580 661 46 15 som
642 654 126 22 bestämmer
783 654 64 22 dessa

105 689 107 26 terminer,
231 689 23 21 så
273 696 63 22 synes
356 696 25 14 en
397 690 66 20 sådan
480 688 124 29 förordning
620 695 50 14 vara
686 689 43 21 helt
745 688 40 22 och
801 689 46 21 häl-

104 722 30 22 let
149 722 134 29 öfverflödig.
318 723 106 21 Hvarföre
438 724 45 26 just
498 723 40 21 alla
553 721 126 23 marknader
693 722 70 22 skulle
778 723 68 21 hållas

105 758 29 28 på
157 758 107 27 onsdagar
283 758 40 21 och
343 758 127 27 thorsdagar
485 757 41 21 kan
539 758 38 27 jag
592 757 18 28 ej
628 757 65 21 heller
707 756 64 22 finna.
803 756 42 22 Om

106 792 63 20 äfven
191 791 93 29 dagarne
306 792 49 20 näst
376 792 45 20 före
441 792 39 20 och
500 792 54 20 efter
568 791 109 29 söndagen
692 792 18 27 ej
727 792 70 27 lämpa
812 792 34 27 sig

106 826 33 21 för
157 826 134 26 marknader,
309 826 24 21 så
351 826 65 21 borde
433 825 76 27 likväl,
525 828 57 18 utom
598 825 107 29 onsdagar
720 824 39 22 och
776 826 70 20 thors-

105 860 73 28 dagar,
201 860 62 21 äfven
286 860 26 21 de
330 860 44 21 lika
394 860 114 28 oskyldiga
527 859 121 28 tisdagarne
664 859 38 21 och
719 858 126 30 fredagarne

104 895 73 20 kunna
191 894 70 21 dertill
277 894 115 21 användas.
422 893 12 22 I
450 893 66 30 tredje
531 894 95 28 punkten
642 894 23 21 af
674 894 118 27 petitionen
803 894 43 22 för-

105 929 63 22 ordas
191 930 74 27 sträng
288 929 118 28 sedepolis,
430 932 30 18 ett
478 928 47 29 slag
544 929 24 21 af
580 928 65 28 polis,
663 935 46 14 som
722 929 39 27 jag
776 928 69 29 aldrig

104 964 45 21 förr
165 963 48 21 hört
227 963 97 22 omtalas.
353 962 42 22 Väl
412 963 38 21 har
462 964 37 28 jag
514 963 41 20 läst
570 971 34 12 om
621 962 168 28 brottmålspolis
805 962 40 21 och

104 997 171 29 ordningspolis,
294 1005 47 14 men
358 997 107 28 sedepolis
480 997 38 22 har
533 997 83 22 härtills
632 997 55 21 varit
703 997 32 22 för
751 997 44 27 mig
809 996 36 22 nå-

104 1031 91 30 gonting
211 1032 87 21 alldeles
314 1031 86 21 okändt.
422 1031 44 28 Jag
481 1031 41 21 kan
538 1031 18 29 ej
573 1031 66 21 heller
655 1031 58 27 fatta,
729 1031 54 20 huru
799 1031 47 21 sed-

104 1066 105 29 ligheten,
231 1073 45 14 som
299 1067 24 19 är
345 1066 66 27 nägot
432 1065 46 21 inre
496 1066 38 20 hos
553 1065 134 25 menniskan,
703 1065 55 21 skall
773 1065 72 21 kunna

105 1101 67 21 blifva
195 1103 30 18 ett
247 1099 88 22 föremäl
358 1100 32 21 för
409 1099 152 28 polismaktens
581 1099 140 22 verksamhet.
755 1097 44 30 Jag
815 1099 30 21 ät-

104 1135 106 21 minstone
225 1137 36 18 vet
276 1135 25 27 ej,
317 1133 52 22 huru
382 1134 38 28 jag
436 1133 69 22 skulle
521 1133 51 22 bära
587 1133 44 28 mig
645 1133 28 27 ät,
688 1141 34 13 om
735 1134 38 27 jag
787 1133 58 29 finge

105 1169 119 28 befallning
239 1170 31 19 att
284 1168 95 28 iakttaga
394 1167 115 28 sedepolis.
538 1167 36 21 Då
588 1175 50 13 vore
653 1168 18 27 ej
687 1171 65 17 annat
763 1170 32 18 att
805 1168 38 27 gö-

104 1211 23 13 ra
146 1204 27 20 än
192 1206 31 17 att
241 1203 53 20 söka
309 1202 84 21 komma
409 1202 67 21 under
492 1201 49 22 fund
558 1201 47 22 med
620 1201 97 21 enskilda
731 1207 113 22 personers

104 1237 107 28 sedlighet
226 1245 76 20 genom
318 1240 31 17 att
364 1237 72 28 lyssna
451 1237 32 20 till
498 1236 62 21 deras
572 1235 81 22 samtal.
677 1236 65 21 Detta
753 1237 24 20 är
788 1235 57 22 dock

104 1272 18 27 ej
138 1272 111 27 meningen
266 1271 6 20 i
288 1271 127 27 petitionen,
431 1273 51 18 utan
497 1271 75 20 endast
587 1273 31 18 att
629 1269 216 28 polismyndigheter-

104 1313 27 14 na
154 1305 61 21 skola
235 1305 116 21 öfvervaka
369 1305 146 27 iakttagandet
535 1304 24 21 af
572 1303 56 22 vissa
643 1304 88 27 stadgar
747 1311 33 13 om
797 1303 48 24 ord-

104 1340 52 27 ning
178 1339 40 20 och
237 1339 82 20 stillhet
337 1339 34 20 vid
388 1338 133 25 marknader,
536 1345 44 13 som
598 1338 70 20 kunna
683 1345 51 13 vara
750 1337 95 22 utfärda-

104 1373 33 21 de.
175 1372 51 21 Med
250 1373 99 20 afseende
368 1373 12 20 ä
398 1373 42 20 alla
458 1372 62 21 dessa
536 1371 181 28 omständigheter
732 1379 62 13 anser
805 1372 39 27 jag

104 1407 45 26 mig
165 1407 50 20 böra
235 1407 117 26 tillstyrka,
368 1410 31 16 att
417 1406 84 20 ständet
516 1406 50 20 ville
581 1405 68 21 lemna
664 1405 47 20 hela
726 1405 116 26 petitionen

104 1439 88 22 derhän.
230 1439 47 21 Den
299 1439 54 20 enda
375 1438 74 28 åtgärd
471 1446 48 13 man
538 1438 6 21 i
564 1437 115 28 anledning
697 1438 63 21 deraf
773 1437 70 21 kunde

104 1472 89 29 vidtaga
208 1481 49 13 vore
276 1476 41 23 att,
331 1473 7 20 i
353 1472 71 21 stället
444 1473 32 20 för
492 1474 30 18 att
537 1474 77 25 antaga
630 1471 165 27 presteståndets
812 1471 31 20 in-

132 1518 62 24 Välloji.
205 1517 138 25 burgareståndets
349 1517 81 24 protokoll
440 1517 97 23 lundtdagen
546 1517 120 17 1863—1864
679 1516 30 18 2:a
721 1517 20 17 B.
788 1511 27 22 23
