1020 1803
790 168 26 21 75

167 228 48 23 Vill
236 229 85 22 ståndet
342 229 116 29 godkänna
479 229 146 23 betänkandet
647 230 47 21 med
715 230 41 23 den
775 230 71 21 förän-

98 261 71 30 dring,
184 266 32 18 att
230 263 85 22 ståndet
329 263 70 22 skulle
414 264 67 21 uttala
496 264 41 21 den
553 264 56 28 äsigt
624 267 31 18 att
670 264 39 21 hos
721 263 61 22 Hans
794 264 53 28 Kej-

98 296 80 29 serliga
196 296 104 29 Majestät
317 297 7 21 i
339 297 171 28 underdänighet
525 297 66 21 borde
606 297 96 21 anhällas
718 300 32 18 att
764 298 82 28 förslag

99 329 33 22 till
147 329 42 23 den
204 330 109 22 blifvande
329 330 156 29 författningen
501 338 34 13 om
547 325 93 39 myntets
647 330 131 29 förändring
794 331 53 21 efter

98 362 38 22 det
150 363 103 22 metriska
268 366 102 26 systemet
384 364 69 22 skulle
468 364 33 21 till
516 364 125 22 ständernes
655 364 135 29 granskning
804 364 42 23 och

98 397 140 23 fastställelse
253 398 158 21 öfverlemnas?

166 430 36 23 De
216 438 47 15 som
279 431 95 23 önskade
389 432 36 21 det
440 432 68 27 förra,
524 432 69 21 skulle
608 438 63 15 svara
683 431 106 29 jakande,
804 432 42 21 och

98 465 28 25 de
140 472 47 15 som
202 465 95 23 önskade
313 465 36 21 det
364 473 84 20 senare,
461 473 64 14 svara
539 466 104 22 nekande,

167 498 85 23 Genom
271 500 93 21 anställd
383 500 100 28 votering
498 500 94 21 uttalade
607 500 34 28 sig
655 500 86 22 ständet
755 500 49 21 med
819 500 25 21 21

97 534 71 21 röster
183 536 58 20 emot
256 534 12 22 5
285 534 32 21 för
333 534 131 29 antagandet
478 535 24 20 af
514 534 38 22 det
567 534 57 22 förra
639 534 142 22 alternativet.

166 567 67 22 Emot
244 568 59 21 detta
315 549 67 50 beslut
392 553 5 10 «
396 568 104 22 anmältes
511 568 132 22 reservation
655 569 24 21 af
687 568 74 22 herrar
774 563 73 27 Ohrn-

98 602 54 28 berg
166 602 41 23 och
222 602 77 26 Holm,
316 602 73 21 hvilka
403 602 121 28 äberopade
539 603 49 21 herr
603 602 85 24 Mölsäs
701 602 99 29 yttrande
812 610 34 13 om

97 636 126 22 ständernes
244 635 105 30 rättighet
370 638 31 19 att
423 636 117 22 bestämma
558 636 36 22 det
612 636 122 22 metalliska
752 639 94 26 myntets

98 670 62 21 skrot
175 670 41 21 och
231 670 61 21 korn.

166 703 102 22 Härefter
284 704 90 27 beslöts,
390 706 31 19 att
439 704 140 22 medständen
597 704 69 22 skulle
682 711 76 22 genom
774 707 72 25 proto-

97 737 139 30 kollsutdrag
256 738 135 21 underrättas
414 746 34 13 om
467 738 96 22 ständets
581 738 6 21 i
603 738 70 22 denna
689 739 60 28 fräga
764 738 82 22 fattade

98 772 110 22 särskilda
229 772 71 23 beslut
323 775 55 20 samt
399 772 121 24 kännedom
540 772 73 24 derom
633 772 28 28 pä
676 773 112 21 enahanda
802 774 45 20 sätt

98 806 111 22 meddelas
227 806 244 33 expeditionsutskottet
490 806 7 21 i
512 806 102 22 afseende
629 806 13 21 ä
656 806 41 22 den
712 806 29 29 pä
756 806 92 22 nämnde

98 841 85 21 utskott
198 840 155 22 ankommande
368 840 74 21 vidare
457 840 75 29 ätgärd
548 840 7 21 i
570 840 73 22 saken.

166 874 59 23 Herr
239 875 151 23 talmannen
406 874 102 28 föredrog
522 874 173 24 statsutskottets
712 874 135 22 betänkande

98 908 45 22 N:o
158 909 23 27 2,
199 908 8 23 i
225 908 117 29 anledning
365 908 24 22 af
409 908 61 22 Hans
492 908 124 29 Kejserliga
634 908 114 28 Majestäts
768 909 80 28 nådiga

98 942 135 30 proposition
256 942 112 29 angående
385 942 95 24 revision
500 943 24 24 af
536 942 42 25 den
593 950 77 21 genom
686 943 79 28 nådiga
780 943 67 21 mani-

98 978 64 21 festet
176 977 42 21 den
234 977 12 21 9
262 977 56 28 april
333 976 56 22 1840
403 976 106 29 stadgade
524 976 131 30 omsättning
667 977 24 21 af
699 976 148 29 räntepersed-

97 1011 61 22 larne
173 1012 7 24 i
195 1010 81 26 landet.

166 1045 68 21 Detta
256 1045 171 21 statsutskottets
446 1044 135 23 betänkande
600 1044 47 22 blef
659 1044 24 22 af
697 1044 85 22 ståndet
797 1047 50 19 utan

98 1079 125 25 diskussion
238 1079 107 28 enhälligt
359 1082 98 25 antaget;
472 1079 88 21 hvarom
576 1078 200 29 protokollsutdrag
788 1079 59 21 skul-

97 1113 22 22 le
134 1113 33 22 till
182 1112 141 23 medständen
337 1113 42 21 och
395 1112 241 29 expeditionsutskottet
650 1112 108 22 afsändas.

167 1147 82 22 Vidare
270 1147 115 28 föredrogs
407 1147 79 28 utdrag
508 1147 25 21 af
548 1146 170 28 presteståndets
736 1147 112 28 protokoll

99 1182 35 21 för
156 1181 41 21 den
216 1182 12 22 9
245 1181 41 24 och
302 1181 26 20 13
343 1181 92 21 oktober
457 1183 55 19 samt
532 1181 24 20 17
573 1181 112 22 december
708 1180 97 22 sistlidne
824 1181 24 21 år

99 1216 113 25 äfvensom
230 1215 42 22 den
290 1215 13 21 9
318 1214 146 23 innevarande
486 1214 89 33 månad',
597 1214 73 21 hvilka
692 1214 156 28 protokollsut-

99 1249 55 33 drag
170 1250 54 21 efter
238 1249 144 28 uppläsandet
397 1249 39 22 här
450 1249 88 28 intogos
554 1248 24 22 så
593 1247 105 30 lydande:

303 1287 100 30 ”Utdrag
421 1289 25 20 af
457 1287 170 28 prestaståndets
642 1287 37 22 vid
694 1287 131 28 landtdagen
840 1288 8 21 i

269 1321 140 29 Helsingfors
435 1321 168 28 pleniprotokoll
630 1322 34 21 för
686 1321 162 25 nedannämnde

270 1356 67 29 dagar
351 1355 24 24 år
391 1355 61 26 1868.
497 1351 2 2 —

379 1395 50 24 Den
443 1395 13 21 9
471 1395 98 22 oktober.

168 1430 93 25 Prosten
279 1429 30 20 H.
325 1429 78 24 Heikel
419 1430 100 26 uppläste
534 1429 40 20 och
589 1429 121 24 inlemnade
724 1431 31 21 ett
769 1436 79 17 memo-

101 1464 40 26 rial
156 1463 26 26 af
192 1458 159 41 nedanintagne
366 1461 94 34 lydelse;
