1017 1798
776 170 41 21 297

105 232 82 22 skottet
205 233 38 21 har
261 233 18 28 ej
296 232 116 22 framhållit
430 233 68 28 några
516 232 47 22 skäl
582 233 33 21 för
633 232 59 22 detta
706 232 139 29 tillgörande,

104 266 41 20 och
167 266 37 21 det
226 273 50 14 vore
298 266 85 22 derföre
404 266 98 28 önskligt
519 269 31 18 att
565 266 74 21 härom
654 266 81 21 erhålla
749 267 97 20 närmare

104 300 133 28 upplysning
256 307 76 21 genom
348 300 69 28 någon
433 300 25 21 af
470 300 27 21 de
512 299 64 22 bland
592 299 94 22 ståndets
701 299 146 27 medlemmar,

104 340 47 15 som
166 334 7 21 i
188 334 106 21 utskottet
309 333 93 29 bidragit
416 333 33 21 till
466 333 153 22 betänkandets
634 333 145 22 utarbetande.

171 373 58 22 Herr
242 372 132 23 Juselius:
402 372 46 30 Jag
465 373 39 23 har
523 373 125 28 visserligen
667 373 7 21 i
693 373 106 21 utskottet
813 382 34 21 yr-

104 408 38 22 kat
160 408 27 28 på
206 411 126 18 momentets
352 407 159 27 bibehållande,
527 415 47 14 men
589 406 92 23 flertalet
696 408 24 21 af
733 408 115 21 utskottets

103 441 118 23 ledamöter
236 442 86 21 röstade
338 442 34 22 för
386 442 49 22 dess
450 441 136 23 uteslutande
598 442 27 28 på
636 441 40 21 den
688 441 77 29 grund,
777 444 32 18 att
821 442 28 21 då

103 475 130 29 föregående
255 479 95 19 moment
368 476 117 21 innehåller
503 476 111 21 föreskrift
632 475 72 22 derom
723 479 33 18 att
775 476 73 22 doma-

104 518 38 14 ren
160 510 142 29 ovilkorligen
322 511 23 20 är
363 510 88 28 skyldig
469 513 31 18 att
515 510 85 21 utfärda
615 510 112 26 fastebref,
743 510 24 21 så
782 510 66 21 borde

105 544 36 21 det
160 544 22 21 få
200 548 99 24 antagas,
321 544 64 21 äfven
400 551 35 15 om
451 544 104 21 fastebref
567 544 18 28 ej
602 544 70 22 kunde
688 544 115 28 uppvisas,
818 547 31 18 att

105 578 78 21 sädant
201 578 66 21 likväl
287 578 70 21 blifvit
372 578 6 21 i
393 578 50 28 laga
458 578 92 28 ordning
565 577 120 27 utfärdadt,
699 590 28 4 —
743 578 35 20 vid
794 578 55 21 hvil-

104 612 37 22 ket
163 612 133 21 förhållande
318 611 118 29 stadgande
455 611 72 21 derom
549 614 31 18 att
598 612 85 21 afskrift
702 612 24 21 af
744 612 106 21 fastebref

104 645 67 22 borde
187 646 95 21 karteras
297 645 48 22 med
361 645 72 22 halfva
449 645 102 28 beloppet
565 648 58 19 emot
641 645 114 30 originalet
772 645 77 22 sakna-

104 680 27 21 de
147 680 49 21 stöd
211 681 30 20 uti
256 680 90 21 rättvisa
361 679 39 22 och
417 679 103 29 billighet.

174 719 57 23 Herr
246 719 167 28 Tengström:
435 718 49 29 Mig
498 726 77 22 synes,
590 721 32 19 att
635 719 106 21 utskottet
752 719 47 22 haft
809 719 42 28 gil-

104 755 47 28 tiga
168 755 47 22 skäl
232 755 33 22 för
281 754 135 21 uteslutande
431 754 25 21 af
468 754 64 28 sagde
548 757 99 18 moment.
676 753 125 22 Detsamma
817 754 32 20 in-

104 789 97 21 nehåller
221 788 107 28 nemligen
351 796 25 13 en
400 787 112 22 föreskrift
529 795 34 13 om
583 787 112 28 bevisning
715 787 85 27 derom,
818 791 33 18 att

105 823 72 27 någon
193 822 118 29 olaglighet
326 821 36 22 vid
378 821 112 22 fastebrefs
506 821 128 22 utfärdande
649 822 24 21 af
686 821 101 22 domaren
802 821 48 22 icke

106 857 72 22 blifvit
194 857 118 27 begången.
344 855 67 22 Detta
425 856 23 21 är
464 855 108 22 stridande
588 858 57 18 emot
659 855 41 21 den
717 856 82 27 princip
815 863 36 13 om

106 891 123 28 bevisning,
247 898 47 14 som
309 890 6 22 i
332 890 65 28 öfrigt
412 890 118 28 genomgår
544 889 38 21 vår
596 889 146 29 lagstiftning,
761 889 41 22 och
817 889 34 22 till

106 925 54 29 följd
176 925 79 22 hvaraf
266 924 49 28 den,
330 931 47 15 som
391 924 7 21 i
414 924 116 22 allmänhet
540 923 74 29 påstår
624 926 31 20 att
667 924 111 21 underslef
786 923 65 28 skett,

106 960 40 22 bör
160 960 77 22 sådant
251 966 78 21 genom
344 958 60 22 bevis
419 958 80 29 styrka.
528 957 36 22 En
580 958 86 28 negativ
679 958 112 28 bevisning
802 958 49 22 der-

106 1002 34 13 om
163 997 32 18 att
216 993 119 29 olaglighet
353 993 18 28 ej
392 992 72 22 blifvit
482 992 122 29 begången,
621 993 38 21 bör
674 992 48 22 icke
737 992 67 22 heller
819 993 31 21 uti

106 1028 140 22 förevarande
262 1027 37 23 fall
314 1028 86 22 komma
415 1026 7 21 i
439 1026 66 29 fråga.

173 1062 78 28 Enligt
266 1062 25 21 af
303 1062 48 21 herr
365 1060 151 23 talmannen
530 1060 74 22 derom
620 1060 119 23 framställd
752 1061 100 29 proposi-

106 1097 57 27 tion,
186 1099 77 25 antogs
281 1096 48 21 med
348 1095 111 22 obestridd
476 1095 156 29 röstpluralitet
647 1094 116 23 utskottets
779 1095 73 22 betän-

106 1131 72 22 kande
194 1130 109 28 angående
318 1130 108 21 fastebref.

175 1164 58 22 Herr
249 1163 153 23 Wesander:
432 1162 138 23 Beträffande
589 1162 98 28 frisedel,
705 1164 24 20 är
747 1162 42 22 den
803 1163 50 22 der-

107 1200 35 21 för
161 1198 112 24 bestämda
291 1197 222 29 kartasigillataafgift
528 1198 54 21 visst
596 1198 18 27 ej
632 1197 53 29 hög,
699 1200 51 19 utan
769 1197 84 23 kanske

108 1240 86 15 snarare
210 1233 32 20 för
257 1232 43 28 låg,
315 1232 28 21 då
357 1240 49 14 man
421 1232 65 21 lastar
501 1234 30 18 ett
546 1232 44 21 helt
606 1232 81 29 fartyg,
700 1239 47 13 men
760 1232 33 20 för
804 1232 49 27 den,

108 1275 46 14 som
173 1266 49 23 med
241 1268 72 29 fartyg
332 1266 100 22 afsänder
446 1269 30 19 ett
490 1266 83 22 mindre
588 1266 56 28 parti
658 1273 71 19 varor,
744 1265 61 23 torde
821 1266 32 22 af-

108 1302 68 30 giften
192 1300 55 22 dock
263 1308 51 15 vara
329 1300 56 29 dryg
400 1308 49 21 nog.

176 1335 57 21 Herr
248 1335 154 21 Dahlström
424 1334 66 29 ansåg
512 1334 42 22 den
576 1334 163 28 ifrågavarande
761 1335 92 28 afgiften

108 1378 52 18 vara
183 1369 88 23 alldeles
289 1369 89 30 lämplig
398 1368 40 23 och
456 1368 98 23 erinrade
573 1371 31 19 att
618 1368 124 23 densamma
757 1368 34 23 för
806 1370 49 20 när-

110 1403 93 23 varande
218 1404 64 27 utgör
297 1404 47 26 fyra
358 1402 72 29 kopek
445 1403 81 21 silfver.

177 1435 57 22 Herr
249 1435 96 22 Wolff:
369 1436 43 21 För
427 1436 42 20 min
484 1436 35 21 del
534 1436 39 20 har
585 1436 39 27 jag
637 1436 54 21 intet
706 1439 31 18 att
752 1437 102 20 anmärka

109 1473 58 22 emot
186 1470 101 30 afgiftens
307 1469 88 30 belopp;
418 1476 47 15 men
478 1469 39 29 jag
533 1469 49 22 ville
598 1469 121 29 hemställa,
735 1476 34 15 om
785 1471 17 27 ej
819 1469 36 23 det
