1006 1800
789 171 39 21 327

114 232 56 22 intill
186 233 108 28 utgången
311 233 23 21 af
348 233 44 21 året
406 234 48 20 näst
465 234 53 20 efter
530 234 43 26 det,
585 233 121 22 hvarunder
717 234 62 21 nästa
789 234 70 21 landt-

114 267 46 28 dag
181 267 173 21 sammanträder.
392 266 34 22 En
446 268 67 20 sådan
532 267 179 29 tidsbestämning
729 268 61 21 torde
806 268 52 21 böra

115 301 93 27 införas,
230 302 88 20 emedan
337 301 69 27 någon
426 302 30 20 tid
475 302 61 28 åtgår
550 302 64 21 innan
630 302 75 28 frågan
721 310 33 12 om
770 310 29 20 ny
815 302 44 20 för-

115 335 93 28 fattning
227 336 7 20 i
253 336 71 20 ämnet
342 336 74 20 hinner
436 335 115 22 behandlas
567 336 40 21 och
623 336 154 28 författoingen
793 336 66 21 utfär-

114 370 46 21 das.
193 369 78 30 Enligt
290 370 56 21 hvad
365 370 144 22 betänkandet
523 371 88 26 utvisar,
627 370 22 21 är
664 370 36 22 det
715 371 144 28 penningebe-

115 404 53 29 lopp
190 404 241 29 kartasigillatamedlen
453 405 100 29 inbringa
575 405 82 29 ganska
680 405 115 29 betydligt,
818 404 41 22 och

116 447 35 13 om
174 439 128 21 statsverket
325 439 35 21 vid
382 440 93 20 inträdet
493 440 24 20 af
533 440 23 20 år
574 440 53 21 1868
643 440 69 20 skulle
727 440 86 20 komma
828 443 31 17 att

114 474 69 21 sakna
205 473 70 22 denna
293 474 102 28 tillgång,
414 474 71 21 kunde
503 474 129 21 statsverket
647 474 123 29 derigenom
784 473 75 22 råka
848 469 15 38 i

115 508 85 29 verklig
215 508 140 28 förlägenhet.
558 518 5 1 =

184 547 56 22 Herr
254 547 132 22 Juselius:
416 548 12 20 I
449 548 70 21 denna
542 548 61 28 fräga
620 548 123 21 instämmer
759 549 38 28 jag
815 548 45 21 helt

115 582 41 22 och
180 582 66 22 hållet
267 583 7 21 i
296 582 56 22 hvad
372 582 47 21 herr
435 578 116 33 Öhrnberg
565 583 80 26 anfört,
663 582 71 22 dertill
748 583 39 28 jag
801 584 57 21 ännn

116 617 51 22 ville
182 617 102 28 tillägga,
299 620 31 18 att
345 617 104 21 utskottet
463 617 100 28 derjemte
580 617 111 28 föreslagit
703 621 30 17 att
745 617 114 22 ständerne

116 651 7 22 i
138 651 62 22 deras
216 651 148 28 underdäniga
378 659 50 13 svar
443 651 12 20 &
470 651 40 22 den
526 651 79 28 nådiga
617 652 160 27 propositionen
790 652 70 21 skulle

115 685 68 21 uttala
198 685 40 21 den
254 685 92 26 önskan,
362 689 31 17 att
407 686 58 21 inför
476 687 49 20 näst
536 686 200 21 sammanträdande
748 686 93 27 ständer,
853 687 8 20 i

116 720 154 28 sammanhang
286 719 47 22 med
350 720 171 28 räkenskaperne
537 720 61 21 öfver
612 720 40 21 den
665 721 108 20 allmänna
785 721 75 22 bevill-

116 755 90 28 ningen,
227 754 140 28 redovisning
387 754 129 28 framlägges
530 754 78 29 jemväl
625 755 33 20 för
674 754 149 23 användandet
838 755 25 23 af

116 789 57 21 hvad
189 796 78 21 genom
282 788 248 29 kartasigillataafgiften
545 787 86 22 influtit.
654 788 34 21 En
701 789 65 20 sädan
777 789 84 21 önskan

116 830 62 14 anser
198 824 38 27 jag
258 822 48 22 icke
326 823 51 20 böra
397 823 24 20 af
433 823 113 21 ständerne
562 823 139 27 framställas,
720 824 23 22 af
759 823 36 22 det
813 823 48 21 skäl

117 861 31 18 att
159 858 39 27 jag
213 860 46 18 tror
274 856 36 21 det
324 857 48 20 icke
387 864 51 13 vara
454 857 116 28 anledning
582 860 31 18 att
625 857 176 23 sammanblanda
813 858 49 21 kar-

117 891 240 28 tasigillatainkomsten
379 891 48 21 med
450 891 70 29 öfriga
543 891 148 28 bevillningar.
731 891 49 21 Och
804 887 57 26 hvad

116 926 78 28 sjelfva
212 925 166 28 redovisningen
398 925 107 27 beträffar,
524 925 23 21 sä
566 925 71 21 blefve
652 925 51 27 den,
719 927 94 27 afvifven
829 927 32 20 öf-

116 968 39 14 ver
177 960 56 21 blott
256 967 25 14 en
304 960 54 21 enda
380 960 151 27 inkomsttitel,
555 959 133 30 fullkomligt
711 960 150 29 betydelselös.

116 995 45 28 Jag
183 998 100 18 motsatte
306 995 44 28 mig
369 994 103 29 förslaget
491 994 73 22 härom
583 995 64 21 äfven
662 994 70 21 såsom
749 994 90 21 medlem
855 995 7 20 i

117 1029 115 26 utskottet,
249 1029 65 22 ehuru
331 1029 70 20 denna
416 1029 42 22 min
474 1028 107 21 särskilda
596 1029 85 28 mening
697 1029 48 20 icke
759 1028 80 23 inflatit
856 1030 6 19 i

117 1064 43 21 min
176 1063 142 26 reservation,
334 1063 23 20 af
370 1063 64 20 orsak
449 1065 31 18 att
494 1063 76 28 frågan
585 1063 7 20 i
608 1063 105 21 utskottet
725 1064 88 21 väcktes
826 1063 36 21 vid

116 1098 50 21 dess
188 1098 53 21 sista
263 1097 155 22 sammanträde
438 1097 45 21 före
498 1097 60 28 julen
573 1100 56 17 samt
644 1097 69 27 någon
730 1097 31 21 tid
777 1097 86 22 dåmera

116 1133 49 20 icke
176 1131 95 22 återstod
286 1131 44 28 mig
346 1134 30 18 att
390 1132 54 28 göra
458 1131 78 28 tillägg
552 1130 32 22 till
599 1131 41 21 den
656 1132 6 20 i
678 1132 69 27 öfriga
759 1131 60 22 delar
830 1139 33 14 re-

116 1167 42 21 dan
175 1166 155 27 färdigskrifna
344 1166 165 21 reservationen.

185 1200 57 22 Herr
257 1199 91 23 Krank
365 1200 100 21 förenade
480 1201 33 27 sig
529 1199 47 22 med
592 1199 48 23 herr
654 1199 103 23 Juselius.

185 1240 58 22 Herr
256 1239 167 29 Tengström:
445 1240 100 22 Rörande
558 1240 166 29 olämpligheten
737 1241 24 20 af
771 1241 93 21 bestäm-

114 1276 84 28 ningen
218 1275 85 27 derom,
326 1278 31 18 att
375 1275 155 27 författningen
548 1274 8 21 i
571 1275 59 21 detta
645 1275 61 21 ämne
721 1275 68 21 skulle
805 1276 58 27 gälla

114 1310 60 22 blott
196 1309 31 23 till
248 1309 106 29 utgången
375 1310 25 20 af
415 1309 24 21 år
459 1309 60 27 1867,
538 1310 23 20 är
581 1310 61 20 äfven
656 1310 37 27 jag
709 1316 49 14 ense
774 1310 47 21 med
837 1310 27 21 de

118 1343 130 29 föregående
266 1343 103 25 talarene,
389 1351 47 14 inen
452 1344 96 20 deremot
565 1350 50 14 vore
627 1344 39 27 jag
681 1344 47 20 icke
744 1344 50 28 böjd
810 1347 31 18 att
856 1344 7 21 i

118 1378 69 23 likhet
202 1378 48 22 med
265 1378 48 21 dem
328 1378 119 28 tillstyrka,
463 1378 36 21 det
513 1378 89 28 afgiften
619 1377 70 21 skalle
705 1378 51 28 utgå
771 1378 31 21 till
819 1379 46 20 året

118 1413 55 20 efter
188 1412 144 26 nästföljande
346 1411 115 28 landtdags
477 1412 202 21 sammankallande.
711 1411 112 23 Terminen
840 1414 24 19 är

118 1446 34 21 för
168 1444 110 21 obestämd
295 1444 40 21 och
351 1444 70 21 kunde
437 1452 51 13 vara
503 1447 30 18 ett
548 1446 65 19 motiv
630 1445 34 20 för
678 1445 143 28 landtdagens
833 1447 31 19 af-

118 1478 125 30 lägsnande.
272 1478 44 29 Jag
332 1478 69 22 skulle
417 1478 67 22 hellre
499 1479 80 21 föreslå
593 1481 32 19 att
639 1479 114 27 terminen,
768 1483 51 17 utan
835 1482 30 18 att
