1009 1742
789 135 40 22 247

176 196 72 24 Sedan
263 197 49 21 herr
327 197 149 21 talmannen
496 198 83 28 tillsagt
597 200 31 19 att
646 198 152 22 diskussionen
813 199 7 21 i
835 200 22 21 ä-

108 230 77 25 rendet
205 230 46 22 åter
273 230 70 23 skulle
362 231 88 28 vidtaga
469 232 27 27 på
511 232 170 28 eftermiddagen
695 232 93 22 klockan
804 233 52 27 fem,

110 264 113 28 upphörde
239 264 112 22 sessionen
365 265 94 21 klockan
474 266 48 20 half
535 266 32 21 till
582 269 39 18 tre.

661 300 21 16 In
696 300 60 17 fidem:

560 327 93 23 Sixtus
667 325 160 24 Calamnius.

306 469 121 34 Tisdagen
447 469 47 25 den
513 471 32 23 26
559 469 102 32 januari,

109 513 94 22 klockan
225 515 42 20 fem
286 515 55 20 efter
358 514 115 29 middagen
493 514 172 22 sammanträdde
680 514 178 29 borgareständet

110 548 32 21 till
158 549 96 28 plenum,
270 548 76 21 dervid
361 548 96 22 ständets
471 549 100 28 samtlige
586 548 137 23 medlemmar
738 550 35 28 sig
787 549 72 23 infan-

109 589 40 20 no,
171 586 60 18 utom
253 583 49 21 herr
320 582 140 28 Lindegvist,
483 589 46 15 som
548 583 25 21 af
584 583 59 21 förut
657 583 120 22 anteeknad
793 583 65 22 orsak

110 624 40 14 var
164 617 152 27 frånvarande,
335 620 56 18 samt
408 617 49 21 herr
472 615 140 31 Tengström,
628 624 46 15 som
690 618 80 21 anmält
785 617 73 22 förfall

111 652 25 21 af
148 651 110 22 inträffadt
273 651 133 21 illamående.

179 685 121 22 Fortsattes
318 685 48 22 med
385 685 151 22 diskussionen
553 685 8 22 i
580 685 75 30 frågan
674 693 34 14 om
724 687 135 28 reorganisa-

110 721 48 21 tion
177 720 23 21 af
216 720 109 22 städernes
341 720 268 29 kommunalförvaltning,
625 720 75 22 dervid
715 721 33 21 till
763 720 95 23 behand-

110 755 46 29 ling
171 755 144 22 förekommo:

179 789 67 22 Mom.
263 791 20 26 8,
298 791 20 25 9,
335 790 25 21 10
376 789 41 22 och
434 790 25 20 12
474 789 7 22 i
497 789 40 22 den
552 789 79 29 nådiga
647 790 170 27 propositionen.

178 823 57 22 Herr
251 823 88 22 Mölsä
354 824 95 27 yttrade:
478 824 46 21 För
545 825 43 20 min
608 825 35 20 del
661 825 70 20 skulle
745 825 40 28 jag
807 832 50 14 anse

111 861 31 19 att
157 858 61 21 ordet
232 858 193 28 ”röstberättigad”
439 858 7 21 i
462 858 94 28 punkten
573 859 27 20 10
615 858 66 22 borde
693 859 58 27 utgå.
781 858 77 29 Enligt

110 892 44 21 min
177 892 56 28 åsigt
256 892 53 21 böra
326 892 108 27 nemligen
450 892 63 21 äfven
530 892 27 21 de
571 892 138 21 medlemmar
725 892 24 22 af
761 892 97 21 kommu-

109 934 53 19 nen,
178 933 46 14 som
239 926 48 21 icke
302 927 37 20 äro
354 926 191 29 röstberättigade,
560 925 69 22 likväl
644 926 87 29 deltaga
741 926 7 21 i
760 926 99 28 utgifter-

108 968 28 14 ne
152 961 33 20 för
200 960 141 21 kommunens
356 968 159 20 gemensamma
529 960 72 22 behof.
631 960 70 21 Bland
717 960 141 29 egenskaper,

110 1002 47 14 som
180 994 107 22 erfordras
304 994 36 21 för
357 994 129 28 rättigheten
505 996 32 20 att
551 994 8 21 i
574 994 140 21 kommunens
728 994 131 29 angelägen-

109 1029 61 21 heter
193 1029 47 21 föra
262 1028 70 28 talan,
355 1028 37 21 vill
412 1029 39 28 jag
469 1029 114 21 omnämna
601 1029 136 28 egenskapen
757 1031 32 18 att
806 1036 53 14 vara

111 1063 120 29 välfrejdad
247 1063 41 21 och
304 1066 30 18 att
350 1070 51 14 vara
415 1062 57 22 finsk
487 1062 148 29 medborgare.
665 1062 127 22 Emellertid
803 1063 54 21 kun-

110 1105 28 14 na
158 1097 63 21 bland
241 1096 140 22 kommunens
403 1096 138 22 medlemmar
562 1096 69 22 finnas
653 1104 109 20 personer,
785 1096 74 22 hvilka

111 1132 48 21 icke
175 1132 78 21 besitta
268 1130 63 22 dessa
346 1130 140 29 egenskaper,
501 1138 49 14 men
565 1130 68 22 likväl
648 1135 15 16 t.
679 1139 33 13 ex.
727 1139 40 20 ega
783 1131 52 28 gård
850 1131 8 20 i

108 1166 91 26 staden,
221 1165 43 21 och
287 1165 62 21 desse
371 1165 68 21 måste
457 1165 35 20 väl
510 1172 63 14 anses
588 1164 101 29 skyldige
705 1168 32 18 att
751 1165 86 28 deltaga
852 1165 7 21 i

109 1199 141 22 bestridande
266 1200 24 20 af
302 1198 87 22 stadens
405 1206 156 20 gemensamma
574 1199 96 28 utgifter.

180 1232 57 22 Herr
252 1232 96 22 Wolff:
377 1232 72 22 Sedan
473 1232 85 22 ståndet
579 1232 68 21 under
665 1232 152 22 diskussionen
837 1233 25 20 af

110 1266 122 28 punkterne
248 1267 11 20 1
276 1266 40 21 och
332 1266 12 20 2
361 1266 65 20 redan
446 1266 62 21 fattat
523 1266 70 22 beslut
608 1266 91 21 rörande
714 1266 26 21 de
755 1266 105 28 egenska-

111 1308 47 20 per,
177 1307 46 14 som
241 1299 108 22 erfordras
366 1300 33 20 för
415 1302 30 18 att
460 1307 53 14 vara
526 1300 91 20 medlem
633 1300 7 20 i
655 1307 26 13 en
697 1299 162 22 stadskommun

110 1334 44 22 och
173 1335 6 20 i
197 1334 124 21 densamma
336 1334 177 28 röstberättigad,
529 1340 62 14 anser
603 1334 38 28 jag
657 1334 60 28 fråga
732 1334 74 21 derom
822 1341 38 13 nu-

112 1374 59 14 mera
185 1368 48 20 icke
249 1368 53 19 böra
317 1368 84 26 uppstå.

183 1399 56 22 Herr
255 1399 97 22 Mölsä:
383 1399 92 22 Ståndet
493 1402 38 19 har
550 1400 92 21 bestämt
660 1400 26 20 de
701 1400 78 27 vilkor,
792 1400 68 21 under

112 1434 76 22 hvilka
203 1442 25 13 en
242 1434 93 21 medlem
349 1434 7 20 i
369 1434 193 21 stadskommunen
578 1434 40 21 kan
631 1442 40 20 ega
684 1435 41 20 rätt
738 1434 48 21 att
783 1430 9 36 i
797 1434 63 22 dessa
