1017 1781
202 186 41 19 150

174 250 32 19 att
224 246 79 22 sådana
318 246 47 28 djur
381 245 66 22 under
462 245 75 28 loppet
552 245 24 20 af
589 245 40 21 fem
645 244 24 21 år
684 243 71 22 blifvit
770 243 94 28 skjutna,
880 250 34 14 om

174 281 41 21 ock
232 281 53 21 blott
300 280 32 21 till
348 283 30 18 ett
393 279 58 22 antal
466 280 24 21 af
502 280 75 20 nitton.

242 320 57 22 Herr
315 319 98 23 Hildén
428 319 107 28 erinrade,
551 322 30 18 att
595 319 38 21 det
647 319 24 21 af
681 319 136 20 länsinännen
829 317 87 29 uppgif-

175 363 27 14 na
221 355 142 23 förhållandet
381 355 46 22 med
444 354 75 22 hillern
535 353 94 23 berodde
645 353 27 29 pä
687 357 30 17 ett
731 353 99 28 misstag,
845 353 71 21 såsom

176 391 62 21 äfven
255 389 59 23 fallet
328 397 51 13 vore
394 389 48 22 med
457 389 111 28 uppgiften
586 397 32 12 om
635 389 84 27 gladan.

244 429 69 22 Sedan
328 429 150 22 diskussionen
493 428 91 21 rörande
599 429 68 20 första
681 427 94 28 punkten
788 434 26 14 nu
826 434 38 14 var
875 426 43 21 slu-

177 463 44 28 tad,
232 463 143 22 framställdes
388 463 23 21 af
420 463 49 21 herr
480 463 148 22 talmannen
645 462 92 28 följande
750 461 168 28 propositioner:

247 504 39 22 1:o,
316 501 133 23 Godkänner
464 503 83 21 ståndet
563 503 113 20 utskottets
693 502 81 28 förslag
789 501 83 26 derom,
888 504 32 18 att

178 538 112 29 vildgåsen
312 538 41 21 och
375 545 80 14 svanen
476 537 61 21 skola
555 537 7 22 i
581 537 40 21 den
641 536 109 22 blifvande
766 535 152 28 författningen

178 575 106 26 upptagas
300 571 64 23 bland
379 571 84 22 klassen
480 572 24 20 af
516 572 80 28 nyttigt
611 570 118 23 villebråd?

246 605 135 24 Besvarades
395 609 51 18 utan
462 606 97 27 votering
571 605 98 29 jakande,
856 623 2 3 ;

248 647 40 21 2:0.
318 645 71 23 Anser
407 646 83 21 ståndet
508 645 71 28 ejdern
600 645 39 21 och
657 645 128 22 beckasinen
800 644 52 21 böra
868 651 53 21 upp-

180 680 77 23 räknas
273 681 6 20 i
294 680 86 22 klassen
396 680 24 21 af
432 679 79 30 nyttigt
527 679 117 22 villebråd?

249 714 133 23 Besvarades
398 715 62 21 äfven
473 714 100 29 jakande.

249 755 42 20 3:0.
320 754 70 21 Anser
404 753 85 22 ståndet
503 753 64 22 haren
580 754 61 21 äfven
654 753 52 22 böra
717 753 32 22 till
760 753 91 22 nämnde
862 753 60 22 klass

182 788 115 25 hänföras?

250 823 76 22 Svaret
340 822 62 21 utföll
415 822 100 29 jakande,

250 864 41 20 4:0.
321 863 70 22 Anser
407 863 84 21 ståndet
505 862 80 29 ugglan
600 863 53 21 böra
667 863 131 22 förekomma
813 863 7 21 i
835 863 88 22 klassen

184 898 24 22 af
220 897 128 28 skadedjur?

251 931 164 30 Propositionen
431 930 128 23 besvarades
574 931 47 21 med
637 932 40 27 nej.

252 973 41 22 5:0.
322 971 46 22 Vill
384 971 83 22 ståndet
479 971 89 22 hänföra
579 971 80 29 ugglan
671 971 32 22 till
714 972 87 22 klassen
812 973 25 21 af
845 972 79 23 oskad-

184 1007 42 29 ligt
239 1005 119 22 villebråd?

252 1041 135 23 Besvarades
400 1040 100 29 jakande.

253 1082 41 21 6:0.
324 1080 46 24 Vill
385 1081 85 23 ståndet
481 1080 114 32 godkänna
606 1080 113 22 utskottets
732 1080 134 23 betänkande
877 1080 49 23 der-

187 1122 44 20 om,
246 1118 31 19 att
292 1118 55 18 utter
361 1115 40 21 och
417 1115 55 28 skjäl
487 1114 69 22 skulle
571 1118 105 25 upptagas
691 1115 7 22 i
713 1114 85 24 klassen
813 1115 25 23 af
849 1114 77 26 skade-

187 1149 61 29 djur?

188 1187 55 19 samt
257 1184 70 22 såsom
342 1183 221 28 kontraproposition:

254 1217 47 21 Vill
319 1217 84 21 ståndet
421 1217 90 21 hänföra
525 1220 55 18 utter
594 1216 40 22 och
651 1216 54 30 skjäl
719 1217 34 21 till
767 1217 85 22 klassen
868 1218 25 21 af
904 1225 24 13 o-

188 1250 95 29 skadligt
297 1250 119 24 villebråd?
446 1250 48 22 Och
511 1251 67 21 skulle
594 1251 161 29 propositionen
766 1251 100 22 besvaras
878 1251 48 22 med

185 1285 23 29 ja
224 1288 55 18 samt
294 1284 237 30 kontrapropositionen
547 1284 47 22 med
609 1286 41 27 nej.

256 1318 132 21 Besvarades
410 1319 47 30 med
477 1320 23 25 ja
522 1319 39 21 och
584 1320 33 26 nej
637 1319 39 20 och
696 1318 97 30 vatering
811 1318 117 22 anställdes

189 1352 48 20 med
255 1355 31 17 ett
303 1352 88 20 resultat
409 1352 24 20 af
447 1353 24 19 15
488 1353 67 20 röster
571 1355 56 17 emot
643 1352 36 24 15;
702 1352 50 22 derå
767 1359 24 13 en
808 1352 45 20 före
868 1355 60 18 vote-

190 1385 167 28 ringssedlarnes
371 1385 152 28 uppräknande
535 1385 101 23 särskildt
647 1385 71 28 aflagd
731 1386 39 21 och
782 1386 99 21 förvarad
890 1394 39 13 vo-

190 1420 140 30 teringssedel
346 1419 110 31 öppnades
467 1420 40 22 och
519 1420 88 23 befanns
619 1420 106 22 innehålla
734 1420 33 28 ja;
782 1420 7 20 i
801 1420 52 28 följd
866 1420 62 22 hvar-

191 1454 25 21 af
227 1455 94 21 ständets
337 1454 69 22 beslut
421 1455 49 26 blef,
486 1458 30 18 att
530 1458 56 18 ntter
601 1455 38 21 och
655 1456 62 26 skjäl,
732 1456 28 27 pä
772 1455 42 21 sätt
824 1455 105 23 utskottet

191 1489 120 31 föreslagit,
325 1489 69 23 skulle
409 1489 98 23 hänföras
525 1490 30 22 till
571 1489 85 23 klassen
672 1490 24 22 af
707 1488 120 31 skadedjur.
