1036 1820
785 183 25 22 21

100 247 78 28 följder
199 246 72 21 kunna
293 247 24 20 af
336 245 49 22 dess
403 245 141 29 begagnande
562 245 128 22 föranledas.
722 245 41 22 Att
780 245 59 22 detta

99 288 53 13 vore
174 280 60 21 fallet
252 280 46 21 med
318 280 189 28 sytningsaftalen,
522 280 41 21 kan
576 280 38 28 jag
629 280 17 27 ej
662 280 51 21 inse.
742 279 44 29 Jag
801 280 38 21 har

99 316 53 19 stätt
167 315 6 20 i
189 314 89 28 mycken
295 314 100 27 beröring
409 313 48 21 med
473 314 106 28 allmogen
594 313 41 21 och
647 314 7 20 i
666 313 114 22 allmänhet
791 313 48 22 med

99 348 217 21 rättsförbällandena
330 347 27 28 pä
371 347 84 28 landet,
470 355 47 13 men
531 347 39 21 har
584 347 48 21 icke
646 347 81 21 kunnat
741 347 57 21 finna
809 351 31 18 att

99 383 43 20 den
157 382 141 21 oinskränkta
313 381 129 28 rättigheten
457 385 32 18 att
503 382 51 28 ingä
568 381 80 21 sädane
662 381 51 21 aftal
726 389 51 14 vore
788 382 51 21 väd-

99 417 39 28 lig.
170 416 93 22 Derföre
282 423 61 14 anser
355 417 39 27 jag
409 419 31 18 att
455 415 93 22 hvarken
564 415 161 29 propositionen
740 416 52 21 eller
807 419 32 18 ut-

99 452 93 30 skottets
215 450 134 22 betänkande
367 451 6 20 i
392 450 69 21 denna
479 450 34 20 del
529 451 52 20 böra
596 454 98 24 antagas,
710 454 50 16 utan
775 451 64 27 ägare

99 483 26 24 af
137 485 101 28 fastighet
254 484 131 22 fortfarande
399 484 91 21 likasom
506 484 105 21 härintills
627 483 116 22 bibehällas
759 482 36 22 vid
807 484 32 20 sin

98 520 44 21 rätt
163 523 31 17 att
216 519 36 21 vid
270 518 140 28 fastighetens
428 518 135 21 öfverlåtelse
581 518 33 20 till
630 525 67 13 annan
713 525 76 20 person
805 518 35 21 be-

99 554 61 28 tinga
174 553 34 28 sig
223 553 26 21 de
264 552 70 22 vilkor
349 552 40 21 och
405 552 113 26 förmäner,
533 552 41 20 han
586 552 68 20 finner
666 552 123 28 lämpligast
799 552 40 20 och

98 587 134 22 tillirädaren
255 587 23 21 är
301 586 62 29 villig
384 589 31 18 att
433 586 114 28 medgifva.
580 582 70 24 Äfven
666 593 64 21 synes
746 586 35 20 det
796 586 44 28 mig

92 622 109 28 -temligen
217 620 153 22 ändamälslöst
384 623 31 18 att
429 620 86 20 utfärda
529 627 26 13 en
569 620 158 20 inskränkande
743 620 35 28 lag
793 620 48 20 här-

100 665 45 18 om,
167 656 28 21 dä
212 655 42 21 den
273 654 60 22 alltid
353 654 40 21 kan
413 654 114 28 kringgäs,
542 658 15 17 t.
572 661 33 14 ex.
620 661 76 20 genom
713 653 128 28 betingande

100 691 25 21 af
137 698 26 13 en
178 689 66 22 sådan
260 689 61 21 ränta
338 689 26 27 pä
378 687 172 29 köpeskillingen
566 691 30 17 att
611 687 41 21 den
668 691 118 17 motsvarar
797 691 43 24 syt-

100 725 63 28 ning,
185 727 24 25 ty
231 723 36 21 det
289 722 61 21 torde
369 722 72 21 kunna
459 725 98 24 antagas,
572 725 32 17 att
622 721 36 21 det
676 723 17 26 ej
710 721 55 21 skall
780 721 61 28 dröja

100 759 64 28 länge
182 758 64 21 innan
261 757 75 21 räntan
351 756 106 21 förklaras
473 756 36 26 fri,
524 755 24 22 sä
562 759 31 17 att
607 755 41 21 den
663 756 41 20 kan
719 756 24 20 af
756 755 85 22 kontra-

100 793 102 21 henterne
220 793 54 20 efter
292 790 70 28 behag
381 790 134 21 bestämmas.
552 789 75 22 Skulle
645 797 47 13 man
707 789 67 21 likväl
791 789 51 28 vilja

75 820 3 2 *
99 826 118 22 inskränka
231 824 128 29 rättigheten
375 824 33 21 till
423 823 98 28 sytnings
537 823 127 28 betingande
679 823 35 20 vid
728 823 113 28 fastighets

100 860 145 27 Ofverlätelse,
260 859 24 21 sä
300 866 61 13 anser
373 859 38 27 jag
425 857 38 22 det
477 858 24 20 af
513 857 141 28 lagutskottet
666 857 123 28 föreslagna
799 858 42 20 sät-

100 898 32 17 tet
153 893 71 22 dertill
246 900 51 14 vara
319 893 36 20 det
373 891 147 29 lämpligaste,
538 891 52 21 eller
608 894 32 17 att
654 891 36 20 det
704 892 33 19 mä
753 891 51 21 bero
819 891 25 21 af

99 928 106 22 domstols
228 927 102 28 pröfning
349 929 30 18 att
399 926 117 20 bestämma
530 925 52 21 huru
599 927 55 18 stort
668 925 77 27 belopp
762 926 24 19 af
797 928 45 25 syt-

101 963 81 27 ningen
198 962 32 21 får
245 962 6 20 i
268 960 125 29 lägenheten
408 959 117 22 intecknas.
554 958 53 21 Men
622 958 69 21 skulle
706 958 66 21 också
783 959 58 21 detta

101 996 82 28 förslag
205 996 47 20 icke
271 995 73 21 kunna
361 994 136 28 godkännas,
516 993 24 22 så
554 1000 51 13 vore
620 992 34 21 väl
669 992 41 21 den
726 993 24 20 af
761 992 80 21 ridder-

101 1031 77 27 skapet
197 1030 41 20 och
257 1028 62 22 adeln
338 1031 93 25 antagna
445 1027 147 21 modifikation
608 1027 23 21 af
644 1026 40 22 den
700 1026 78 29 nådiga
792 1034 49 20 pro-

101 1065 133 29 positionen,
256 1064 52 21 eller
330 1066 31 18 att
381 1062 126 28 inteckning
528 1061 33 21 till
585 1060 98 22 säkerhet
701 1062 34 20 för
753 1061 88 29 sytning

101 1099 70 21 skulle
190 1098 112 28 förvägras
317 1096 75 22 endast
406 1097 8 20 i
429 1096 37 21 det
480 1096 37 20 fall
532 1098 32 18 att
578 1094 125 29 lägenheten
718 1094 65 22 redan
799 1096 43 20 för-

101 1137 25 18 ut
141 1134 24 20 är
180 1132 104 29 graverad
299 1130 48 22 med
362 1130 125 28 inteckning
503 1130 33 21 för
551 1137 69 13 annan
632 1129 97 29 sytning,
743 1132 31 18 att
786 1130 56 20 före-

102 1168 80 28 dragas
197 1166 88 22 framför
300 1165 171 28 propositionen,
486 1164 67 28 enligt
568 1163 86 21 hvilken
670 1162 124 29 inteckning
809 1164 33 20 för

103 1202 52 29 gäld
176 1201 41 21 och
239 1200 89 22 arrende
346 1200 64 20 äfven
428 1198 69 22 skulle
515 1198 77 28 utgöra
605 1196 77 22 hinder
695 1197 34 21 för
743 1197 98 29 sytnings

102 1235 149 23 intecknande.

171 1280 57 22 Herr
241 1277 132 24 Jusélius:
401 1278 12 21 I
434 1280 89 20 motsats
545 1280 45 19 mot
611 1276 49 22 herr
680 1276 73 22 Mölsä
776 1277 40 21 och
835 1278 8 20 i

103 1316 69 22 likhet
192 1314 48 21 med
259 1314 142 28 lagutskottet
419 1319 62 14 anser
493 1312 47 28 jag,
555 1314 32 18 att
600 1311 28 21 de
642 1310 116 28 olämpliga
773 1311 69 21 förbe-

103 1350 46 21 håll
164 1348 36 21 vid
215 1347 167 28 fastighetsköp,
397 1354 46 13 som
459 1345 123 28 isynnerhet
596 1345 28 27 på
639 1352 74 14 senare
727 1344 56 21 tider
795 1345 47 21 bör-

101 1385 34 28 jat
149 1383 45 21 ofta
210 1382 141 25 förekomma,
367 1380 85 28 påkalla
467 1378 173 29 lagstiftningens
655 1378 188 27 uppmärksamhet

104 1417 43 23 och
165 1419 31 19 att
209 1415 135 29 lagstiftaren
357 1415 24 21 är
396 1414 49 21 fullt
459 1412 120 30 berättigad
594 1416 30 17 att
639 1412 115 21 inskränka
768 1413 75 28 rättig-

105 1452 64 21 beten
183 1450 82 26 dertill,
280 1449 27 21 dä
321 1449 36 21 det
371 1448 117 21 allmännas
503 1447 35 20 väl
553 1446 37 22 det
604 1446 91 20 kräfver.
724 1445 35 21 En
775 1446 66 21 sådan

105 1482 161 30 nödvändighet
288 1490 63 21 synes
373 1481 44 29 mig
435 1481 65 21 äfven
516 1487 29 14 nu
560 1487 51 14 vara
626 1480 34 21 för
674 1478 94 29 banden,
783 1479 59 29 isyn-
