1020 1820
208 190 40 20 148

180 251 41 21 öck
240 251 69 22 erinra
327 258 34 14 om
377 250 137 21 föreskriften
529 251 7 20 i
553 250 53 21 1808
622 250 35 22 års
670 249 135 30 jagtstadga,
821 253 31 18 att
867 245 57 32 katt,

180 293 48 15 som
249 285 101 22 anträffas
370 285 6 20 i
392 285 55 28 skog
462 285 52 21 eller
529 285 64 28 hage,
609 284 33 21 mä
658 285 81 21 saklöst
754 284 25 22 af
791 285 80 21 enhvar
885 285 38 21 dö-

180 319 49 28 das,
248 319 33 22 till
304 319 173 22 förekommande
496 319 25 21 af
536 319 40 22 den
596 319 77 27 skada,
688 327 45 14 som
749 319 25 22 af
786 319 74 29 dylika
875 319 49 28 djur

180 354 136 22 förorsakas.
327 354 28 27 pä
378 354 101 28 fågelägg
501 353 39 21 och
563 361 74 21 ungar.
674 353 45 22 Vid
738 354 40 21 den
798 361 34 14 om
849 355 76 20 hösten

180 388 99 22 sistlidne
294 388 23 21 är
332 387 105 22 afslutade
453 387 88 28 riksdag
555 389 8 20 i
579 387 90 29 Sverige
687 388 65 21 hafva
768 388 40 21 ock
828 387 96 22 ständer-

181 425 27 19 he
223 422 110 22 derstädes
348 421 97 30 godkänt
460 425 31 18 ett
505 422 75 21 sådant
590 421 119 29 stadgande
721 423 7 20 i
740 422 100 21 afseende
852 423 12 20 å
875 422 50 21 dess

181 457 117 28 intagande
319 457 32 20 uti
372 459 32 18 ett
421 456 28 21 då
467 456 118 28 uppgjordt
603 456 83 28 förslag
701 456 32 21 till
749 464 29 21 ny
789 456 137 29 jagtstadga,

182 491 57 22 dock
254 491 100 27 sålunda,
370 494 31 18 att
416 490 149 28 ridderskapet
580 490 39 22 och
635 491 62 21 adeln
710 494 54 17 samt
776 491 150 28 borgarestän-

183 525 42 22 det
241 528 80 24 ansett,
343 528 31 18 att
391 524 110 23 dödandet
519 526 24 20 af
559 525 72 21 kattor
646 525 69 21 skulle
731 526 79 20 tillåtas
827 525 100 21 öfverallt

183 562 36 19 ute
237 559 13 21 å
268 559 70 27 mark,
356 566 48 14 men
419 562 81 25 preste-
515 560 40 20 och
572 558 160 22 bondestånden
749 559 77 21 bifallit
841 560 33 20 till
890 559 37 21 de-

183 601 36 15 ras
238 593 99 21 dödande
356 593 75 21 endast
447 594 8 20 i
473 594 55 27 skog
544 594 40 21 och
600 594 61 27 hage.
691 593 85 29 Frågan
791 594 61 21 torde
868 594 6 21 i
890 602 37 13 an-

184 628 89 28 ledning
294 628 25 21 af
334 628 70 21 denna
422 628 147 28 skiljaktighet
584 628 64 20 hafva
664 628 71 21 blifvit
751 628 127 28 hänskjuten
895 628 33 21 till

185 663 105 21 förstärkt
305 662 91 27 utskott,
412 670 48 13 men
473 663 37 28 jag
526 662 81 21 känner
622 663 18 27 ej
657 662 52 21 huru
726 662 40 21 den
778 663 65 21 sedan
856 663 73 21 blifvit

184 696 104 29 slutligen
304 696 92 29 afgjord.

254 735 57 22 Herr
327 735 142 22 Sundman:
498 736 12 21 I
525 736 68 21 likhet
607 736 49 21 med
671 735 52 22 flere
735 736 129 29 föregående
876 737 53 21 tala-

185 770 34 28 re,
233 772 61 27 tager
309 771 62 21 äfven
384 771 38 28 jag
437 770 65 21 haren
517 771 7 20 i
539 771 90 27 försvar,
647 771 55 21 helst
717 778 47 13 man
781 775 49 17 utan
846 771 84 29 svärig-

186 804 38 22 het
244 804 43 22 kan
310 804 84 28 skydda
412 805 101 28 trädgärd
533 805 40 21 och
593 805 106 21 fruktträd
716 806 33 20 för
764 805 48 21 dess
828 806 101 21 äverkan.

187 839 77 23 Såsom
279 838 49 22 herr
343 837 81 22 Hildén
440 833 129 39 föreslagit,
579 833 74 39 borde,
669 840 67 28 enligt
751 840 43 20 min
809 840 74 25 tanke,
899 841 32 20 äf-

187 881 42 13 ven
248 873 72 28 ejdern
336 872 40 21 och
392 873 128 21 beckasinen
536 873 21 22 få
572 873 56 28 plats
645 873 63 22 bland
723 874 81 29 nyttigt
820 874 110 22 villebråd.

188 907 117 22 Dessutom
320 907 69 21 skulle
402 908 38 27 jag
455 907 122 26 hemställa,
592 915 34 13 om
642 907 36 22 det
693 909 17 27 ej
727 916 51 13 vore
794 909 90 28 nyttigt,
900 912 31 18 att

188 942 35 20 för
236 942 57 20 vissa
308 941 80 21 trakter
403 942 25 20 af
439 941 72 21 landet
527 941 99 28 förbjuda
642 942 118 28 förstöring
775 942 51 22 eller
838 944 48 27 jagt
901 944 31 20 ef-

188 979 33 17 ter
236 983 43 21 ung
294 975 62 28 skjäl.
392 974 31 22 Vi
441 978 50 18 veta
506 978 31 18 att
555 976 155 21 innevänarene
728 977 28 27 pä
770 976 50 22 flere
834 978 74 20 ställen
924 978 7 20 i

189 1013 57 25 yttre
261 1009 141 29 skärgärden,
418 1009 69 21 säsom
503 1013 14 17 t.
533 1018 32 12 ex.
581 1010 28 27 pä
620 999 87 42 Äland,
723 1011 65 21 under
804 1012 83 20 vintern
899 1012 33 21 till

190 1043 37 22 det
245 1046 67 19 mesta
327 1044 56 20 lefva
398 1044 24 20 af
434 1044 104 28 skjälkött
552 1044 40 21 och
608 1044 36 21 det
659 1046 24 20 är
698 1052 44 22 ung
756 1045 66 28 skjäl,
838 1054 45 13 som
898 1050 35 17 ut-

190 1079 41 28 gör
245 1078 63 21 deras
322 1078 57 21 föda.
402 1077 43 22 För
461 1078 66 29 öfrigt
542 1086 60 14 anser
615 1080 47 27 jag,
675 1082 37 24 att,
723 1080 70 20 säsom
806 1080 48 21 herr
866 1080 66 22 Holm

191 1112 121 28 föreslagit,
336 1112 83 28 katten,
438 1112 27 22 dä
482 1112 42 22 den
543 1113 101 21 anträffas
660 1117 59 17 utom
734 1114 89 28 gärden,
840 1115 45 21 fritt
899 1115 34 21 mä

192 1146 75 22 dödas.

261 1181 57 21 Herr
332 1181 157 21 Lemström:
519 1180 75 23 Ocksä
606 1182 39 28 jag
660 1190 61 14 anser
736 1182 64 22 haren
816 1183 52 22 böra
882 1183 52 22 hän-

194 1216 59 22 föras
275 1216 33 21 till
330 1217 80 27 nyttigt
432 1216 114 26 villebräd,
565 1216 93 21 hvarhos
674 1218 37 27 jag
726 1218 86 20 förenar
827 1218 44 28 mig
885 1218 49 22 med

194 1250 49 21 herr
264 1249 96 22 Juselius
382 1250 55 26 deri,
455 1253 31 17 att
505 1250 54 28 skjäl
579 1250 39 22 och
634 1254 55 18 utter
705 1250 51 22 böra
771 1251 77 21 räknas
864 1252 32 21 till
911 1259 23 14 o-

194 1284 96 27 skadligt
304 1284 111 21 villebråd.
437 1283 48 21 Den
501 1284 75 26 fördel,
592 1292 47 13 man
656 1284 39 22 har
709 1286 25 20 af
745 1285 62 21 dessa
822 1286 113 21 sistnämn-
951 1296 4 4 -

194 1318 30 21 da
245 1317 54 28 djur,
321 1318 127 28 öfverväger
466 1318 107 28 betydligt
590 1318 41 21 den
649 1319 63 28 ringa
730 1316 118 30 skada,*de
863 1320 72 22 kunna

183 1351 167 21 "åstadkomma.

264 1389 58 22 Herr
337 1384 147 33 Öhrnberg:
513 1389 12 21 I
546 1390 116 28 anledning
681 1392 24 19 af
720 1391 27 20 de
764 1391 172 30 anmärkningar,

198 1429 47 17 som
265 1424 67 22 under
349 1423 151 23 diskussionen
518 1424 7 22 i
541 1424 58 22 detta
614 1424 77 22 ärende
708 1424 70 23 blifvit
793 1426 142 28 framställda,

200 1458 38 22 vill
257 1458 49 29 jag,
328 1457 70 22 såsom
417 1458 94 22 ledamot
528 1459 25 21 af
564 1458 36 22 det
615 1459 92 27 utskott,
723 1460 36 22 der
774 1460 75 29 frågan
865 1461 72 22 blifvit

200 1492 91 29 beredd,
313 1493 122 29 omnämna,
452 1496 31 18 att
500 1492 8 23 i
521 1493 106 23 utskottet
641 1494 82 29 förslag
737 1495 36 21 väl
788 1495 87 22 väcktes
890 1496 48 22 der-
