<?xml version="1.0" encoding="UTF-8"?>
<alto xmlns="http://www.loc.gov/standards/alto/ns-v3#" xmlns:xlink="http://www.w3.org/1999/xlink" xmlns:xsi="http://www.w3.org/2001/XMLSchema-instance" xsi:schemaLocation="http://www.loc.gov/standards/alto/ns-v3# http://www.loc.gov/alto/v3/alto-3-0.xsd">
	<Description>
		<MeasurementUnit>pixel</MeasurementUnit>
		<sourceImageInformation>
			<fileName>/tmp/tess_uogbgbo9_input.PNG</fileName>
		</sourceImageInformation>
		<OCRProcessing ID="OCR_0">
			<ocrProcessingStep>
				<processingSoftware>
					<softwareName>tesseract 5.3.4</softwareName>
				</processingSoftware>
			</ocrProcessingStep>
		</OCRProcessing>
	</Description>
	<Layout>
		<Page WIDTH="1028" HEIGHT="1759" PHYSICAL_IMG_NR="0" ID="page_0">
			<PrintSpace HPOS="0" VPOS="0" WIDTH="1028" HEIGHT="1759">
				<ComposedBlock ID="cblock_0" HPOS="758" VPOS="180" WIDTH="39" HEIGHT="22">
					<TextBlock ID="block_0" HPOS="758" VPOS="180" WIDTH="39" HEIGHT="22">
						<TextLine ID="line_0" HPOS="758" VPOS="180" WIDTH="39" HEIGHT="22">
							<String ID="string_0" HPOS="758" VPOS="180" WIDTH="39" HEIGHT="22" WC="0.95" CONTENT="237"/>
						</TextLine>
					</TextBlock>
				</ComposedBlock>
				<ComposedBlock ID="cblock_1" HPOS="87" VPOS="242" WIDTH="747" HEIGHT="1290">
					<TextBlock ID="block_1" HPOS="87" VPOS="242" WIDTH="741" HEIGHT="336">
						<TextLine ID="line_1" HPOS="87" VPOS="242" WIDTH="740" HEIGHT="30">
							<String ID="string_1" HPOS="87" VPOS="242" WIDTH="94" HEIGHT="30" WC="0.92" CONTENT="räckligt"/><SP WIDTH="14" VPOS="242" HPOS="181"/>
							<String ID="string_2" HPOS="195" VPOS="242" WIDTH="47" HEIGHT="23" WC="0.96" CONTENT="skäl"/><SP WIDTH="16" VPOS="242" HPOS="242"/>
							<String ID="string_3" HPOS="258" VPOS="244" WIDTH="18" HEIGHT="28" WC="0.93" CONTENT="ej"/><SP WIDTH="17" VPOS="244" HPOS="276"/>
							<String ID="string_4" HPOS="293" VPOS="244" WIDTH="115" HEIGHT="21" WC="0.92" CONTENT="förefinnas"/><SP WIDTH="14" VPOS="244" HPOS="408"/>
							<String ID="string_5" HPOS="422" VPOS="246" WIDTH="31" HEIGHT="19" WC="0.93" CONTENT="att"/><SP WIDTH="15" VPOS="246" HPOS="453"/>
							<String ID="string_6" HPOS="468" VPOS="244" WIDTH="98" HEIGHT="28" WC="0.92" CONTENT="fråntaga"/><SP WIDTH="12" VPOS="244" HPOS="566"/>
							<String ID="string_7" HPOS="578" VPOS="244" WIDTH="137" HEIGHT="21" WC="0.93" CONTENT="kommunens"/><SP WIDTH="11" VPOS="244" HPOS="715"/>
							<String ID="string_8" HPOS="726" VPOS="243" WIDTH="101" HEIGHT="21" WC="0.91" CONTENT="medlem-"/>
						</TextLine>
						<TextLine ID="line_2" HPOS="88" VPOS="276" WIDTH="738" HEIGHT="30">
							<String ID="string_9" HPOS="88" VPOS="285" WIDTH="45" HEIGHT="13" WC="0.96" CONTENT="mar"/><SP WIDTH="18" VPOS="285" HPOS="133"/>
							<String ID="string_10" HPOS="151" VPOS="277" WIDTH="129" HEIGHT="29" WC="0.95" CONTENT="rättigheten"/><SP WIDTH="19" VPOS="277" HPOS="280"/>
							<String ID="string_11" HPOS="299" VPOS="280" WIDTH="40" HEIGHT="24" WC="0.96" CONTENT="att,"/><SP WIDTH="16" VPOS="280" HPOS="339"/>
							<String ID="string_12" HPOS="355" VPOS="285" WIDTH="34" HEIGHT="14" WC="0.96" CONTENT="om"/><SP WIDTH="15" VPOS="285" HPOS="389"/>
							<String ID="string_13" HPOS="404" VPOS="278" WIDTH="26" HEIGHT="20" WC="0.96" CONTENT="de"/><SP WIDTH="15" VPOS="278" HPOS="430"/>
							<String ID="string_14" HPOS="445" VPOS="278" WIDTH="24" HEIGHT="21" WC="0.96" CONTENT="så"/><SP WIDTH="15" VPOS="278" HPOS="469"/>
							<String ID="string_15" HPOS="484" VPOS="278" WIDTH="33" HEIGHT="22" WC="0.96" CONTENT="för"/><SP WIDTH="15" VPOS="278" HPOS="517"/>
							<String ID="string_16" HPOS="532" VPOS="278" WIDTH="53" HEIGHT="28" WC="0.96" CONTENT="godt"/><SP WIDTH="14" VPOS="278" HPOS="585"/>
							<String ID="string_17" HPOS="599" VPOS="278" WIDTH="67" HEIGHT="26" WC="0.93" CONTENT="finna,"/><SP WIDTH="15" VPOS="278" HPOS="666"/>
							<String ID="string_18" HPOS="681" VPOS="277" WIDTH="76" HEIGHT="29" WC="0.93" CONTENT="sjelfve"/><SP WIDTH="14" VPOS="277" HPOS="757"/>
							<String ID="string_19" HPOS="771" VPOS="276" WIDTH="55" HEIGHT="21" WC="0.92" CONTENT="utöf-"/>
						</TextLine>
						<TextLine ID="line_3" HPOS="88" VPOS="310" WIDTH="739" HEIGHT="29">
							<String ID="string_20" HPOS="88" VPOS="318" WIDTH="28" HEIGHT="14" WC="0.95" CONTENT="va"/><SP WIDTH="19" VPOS="318" HPOS="116"/>
							<String ID="string_21" HPOS="135" VPOS="311" WIDTH="32" HEIGHT="21" WC="0.96" CONTENT="sin"/><SP WIDTH="21" VPOS="311" HPOS="167"/>
							<String ID="string_22" HPOS="188" VPOS="310" WIDTH="176" HEIGHT="28" WC="0.96" CONTENT="beslutanderätt,"/><SP WIDTH="23" VPOS="310" HPOS="364"/>
							<String ID="string_23" HPOS="387" VPOS="311" WIDTH="56" HEIGHT="21" WC="0.96" CONTENT="helst"/><SP WIDTH="14" VPOS="311" HPOS="443"/>
							<String ID="string_24" HPOS="457" VPOS="312" WIDTH="80" HEIGHT="21" WC="0.96" CONTENT="antalet"/><SP WIDTH="15" VPOS="312" HPOS="537"/>
							<String ID="string_25" HPOS="552" VPOS="312" WIDTH="24" HEIGHT="20" WC="0.96" CONTENT="af"/><SP WIDTH="11" VPOS="312" HPOS="576"/>
							<String ID="string_26" HPOS="587" VPOS="310" WIDTH="178" HEIGHT="29" WC="0.92" CONTENT="röstberättigade"/><SP WIDTH="15" VPOS="310" HPOS="765"/>
							<String ID="string_27" HPOS="780" VPOS="318" WIDTH="47" HEIGHT="20" WC="0.91" CONTENT="per-"/>
						</TextLine>
						<TextLine ID="line_4" HPOS="87" VPOS="340" WIDTH="740" HEIGHT="27">
							<String ID="string_28" HPOS="87" VPOS="352" WIDTH="65" HEIGHT="14" WC="0.95" CONTENT="soner"/><SP WIDTH="21" VPOS="352" HPOS="152"/>
							<String ID="string_29" HPOS="173" VPOS="345" WIDTH="7" HEIGHT="21" WC="0.96" CONTENT="i"/><SP WIDTH="22" VPOS="345" HPOS="180"/>
							<String ID="string_30" HPOS="202" VPOS="345" WIDTH="71" HEIGHT="21" WC="0.96" CONTENT="städer"/><SP WIDTH="21" VPOS="345" HPOS="273"/>
							<String ID="string_31" HPOS="294" VPOS="345" WIDTH="48" HEIGHT="21" WC="0.96" CONTENT="med"/><SP WIDTH="19" VPOS="345" HPOS="342"/>
							<String ID="string_32" HPOS="361" VPOS="345" WIDTH="82" HEIGHT="22" WC="0.95" CONTENT="mindre"/><SP WIDTH="18" VPOS="345" HPOS="443"/>
							<String ID="string_33" HPOS="461" VPOS="347" WIDTH="27" HEIGHT="20" WC="0.95" CONTENT="än"/><SP WIDTH="18" VPOS="347" HPOS="488"/>
							<String ID="string_34" HPOS="506" VPOS="340" WIDTH="98" HEIGHT="27" WC="0.96" CONTENT="tvåtusen"/><SP WIDTH="17" VPOS="340" HPOS="604"/>
							<String ID="string_35" HPOS="621" VPOS="345" WIDTH="127" HEIGHT="21" WC="0.96" CONTENT="innevånare"/><SP WIDTH="15" VPOS="345" HPOS="748"/>
							<String ID="string_36" HPOS="763" VPOS="344" WIDTH="7" HEIGHT="21" WC="0.96" CONTENT="i"/><SP WIDTH="15" VPOS="344" HPOS="770"/>
							<String ID="string_37" HPOS="785" VPOS="344" WIDTH="42" HEIGHT="21" WC="0.96" CONTENT="alla"/>
						</TextLine>
						<TextLine ID="line_5" HPOS="88" VPOS="378" WIDTH="740" HEIGHT="31">
							<String ID="string_38" HPOS="88" VPOS="379" WIDTH="38" HEIGHT="21" WC="0.96" CONTENT="fall"/><SP WIDTH="22" VPOS="379" HPOS="126"/>
							<String ID="string_39" HPOS="148" VPOS="380" WIDTH="23" HEIGHT="20" WC="0.96" CONTENT="är"/><SP WIDTH="23" VPOS="380" HPOS="171"/>
							<String ID="string_40" HPOS="194" VPOS="380" WIDTH="82" HEIGHT="28" WC="0.96" CONTENT="ganska"/><SP WIDTH="18" VPOS="380" HPOS="276"/>
							<String ID="string_41" HPOS="294" VPOS="380" WIDTH="69" HEIGHT="28" WC="0.95" CONTENT="ringa."/><SP WIDTH="32" VPOS="380" HPOS="363"/>
							<String ID="string_42" HPOS="395" VPOS="380" WIDTH="75" HEIGHT="22" WC="0.90" CONTENT="Säsom"/><SP WIDTH="19" VPOS="380" HPOS="470"/>
							<String ID="string_43" HPOS="489" VPOS="382" WIDTH="30" HEIGHT="18" WC="0.96" CONTENT="ett"/><SP WIDTH="14" VPOS="382" HPOS="519"/>
							<String ID="string_44" HPOS="533" VPOS="379" WIDTH="125" HEIGHT="30" WC="0.95" CONTENT="ytterligare"/><SP WIDTH="14" VPOS="379" HPOS="658"/>
							<String ID="string_45" HPOS="672" VPOS="379" WIDTH="47" HEIGHT="21" WC="0.96" CONTENT="skäl"/><SP WIDTH="16" VPOS="379" HPOS="719"/>
							<String ID="string_46" HPOS="735" VPOS="378" WIDTH="34" HEIGHT="22" WC="0.96" CONTENT="för"/><SP WIDTH="14" VPOS="378" HPOS="769"/>
							<String ID="string_47" HPOS="783" VPOS="378" WIDTH="45" HEIGHT="21" WC="0.96" CONTENT="min"/>
						</TextLine>
						<TextLine ID="line_6" HPOS="88" VPOS="412" WIDTH="740" HEIGHT="30">
							<String ID="string_48" HPOS="88" VPOS="413" WIDTH="57" HEIGHT="28" WC="0.89" CONTENT="åsigt"/><SP WIDTH="17" VPOS="413" HPOS="145"/>
							<String ID="string_49" HPOS="162" VPOS="413" WIDTH="108" HEIGHT="29" WC="0.96" CONTENT="angående"/><SP WIDTH="16" VPOS="413" HPOS="270"/>
							<String ID="string_50" HPOS="286" VPOS="414" WIDTH="59" HEIGHT="21" WC="0.96" CONTENT="detta"/><SP WIDTH="14" VPOS="414" HPOS="345"/>
							<String ID="string_51" HPOS="359" VPOS="414" WIDTH="70" HEIGHT="27" WC="0.96" CONTENT="ämne,"/><SP WIDTH="16" VPOS="414" HPOS="429"/>
							<String ID="string_52" HPOS="445" VPOS="414" WIDTH="96" HEIGHT="21" WC="0.96" CONTENT="anhåller"/><SP WIDTH="11" VPOS="414" HPOS="541"/>
							<String ID="string_53" HPOS="552" VPOS="414" WIDTH="39" HEIGHT="28" WC="0.96" CONTENT="jag"/><SP WIDTH="15" VPOS="414" HPOS="591"/>
							<String ID="string_54" HPOS="606" VPOS="414" WIDTH="100" HEIGHT="28" WC="0.96" CONTENT="slutligen"/><SP WIDTH="16" VPOS="414" HPOS="706"/>
							<String ID="string_55" HPOS="722" VPOS="413" WIDTH="22" HEIGHT="21" WC="0.92" CONTENT="få"/><SP WIDTH="13" VPOS="413" HPOS="744"/>
							<String ID="string_56" HPOS="757" VPOS="412" WIDTH="71" HEIGHT="29" WC="0.89" CONTENT="tilläg-"/>
						</TextLine>
						<TextLine ID="line_7" HPOS="88" VPOS="447" WIDTH="739" HEIGHT="29">
							<String ID="string_57" HPOS="88" VPOS="455" WIDTH="34" HEIGHT="21" WC="0.95" CONTENT="ga,"/><SP WIDTH="16" VPOS="455" HPOS="122"/>
							<String ID="string_58" HPOS="138" VPOS="450" WIDTH="31" HEIGHT="18" WC="0.96" CONTENT="att"/><SP WIDTH="14" VPOS="450" HPOS="169"/>
							<String ID="string_59" HPOS="183" VPOS="447" WIDTH="47" HEIGHT="21" WC="0.96" CONTENT="med"/><SP WIDTH="15" VPOS="447" HPOS="230"/>
							<String ID="string_60" HPOS="245" VPOS="448" WIDTH="49" HEIGHT="21" WC="0.96" CONTENT="dess"/><SP WIDTH="16" VPOS="448" HPOS="294"/>
							<String ID="string_61" HPOS="310" VPOS="448" WIDTH="119" HEIGHT="28" WC="0.96" CONTENT="antagande"/><SP WIDTH="15" VPOS="448" HPOS="429"/>
							<String ID="string_62" HPOS="444" VPOS="447" WIDTH="27" HEIGHT="22" WC="0.93" CONTENT="de"/><SP WIDTH="15" VPOS="447" HPOS="471"/>
							<String ID="string_63" HPOS="486" VPOS="447" WIDTH="66" HEIGHT="22" WC="0.91" CONTENT="vådor"/><SP WIDTH="15" VPOS="447" HPOS="552"/>
							<String ID="string_64" HPOS="567" VPOS="447" WIDTH="84" HEIGHT="21" WC="0.96" CONTENT="komma"/><SP WIDTH="15" VPOS="447" HPOS="651"/>
							<String ID="string_65" HPOS="666" VPOS="450" WIDTH="31" HEIGHT="18" WC="0.93" CONTENT="att"/><SP WIDTH="15" VPOS="450" HPOS="697"/>
							<String ID="string_66" HPOS="712" VPOS="447" WIDTH="115" HEIGHT="27" WC="0.92" CONTENT="aflägsnas,"/>
						</TextLine>
						<TextLine ID="line_8" HPOS="88" VPOS="481" WIDTH="740" HEIGHT="29">
							<String ID="string_67" HPOS="88" VPOS="489" WIDTH="47" HEIGHT="13" WC="0.96" CONTENT="som"/><SP WIDTH="18" VPOS="489" HPOS="135"/>
							<String ID="string_68" HPOS="153" VPOS="481" WIDTH="71" HEIGHT="21" WC="0.96" CONTENT="kunde"/><SP WIDTH="16" VPOS="481" HPOS="224"/>
							<String ID="string_69" HPOS="240" VPOS="488" WIDTH="61" HEIGHT="15" WC="0.96" CONTENT="anses"/><SP WIDTH="15" VPOS="488" HPOS="301"/>
							<String ID="string_70" HPOS="316" VPOS="482" WIDTH="79" HEIGHT="28" WC="0.95" CONTENT="uppstå"/><SP WIDTH="15" VPOS="482" HPOS="395"/>
							<String ID="string_71" HPOS="410" VPOS="488" WIDTH="76" HEIGHT="22" WC="0.93" CONTENT="genom"/><SP WIDTH="15" VPOS="488" HPOS="486"/>
							<String ID="string_72" HPOS="501" VPOS="481" WIDTH="161" HEIGHT="28" WC="0.91" CONTENT="upphäfvandet"/><SP WIDTH="14" VPOS="481" HPOS="662"/>
							<String ID="string_73" HPOS="676" VPOS="481" WIDTH="25" HEIGHT="21" WC="0.96" CONTENT="af"/><SP WIDTH="13" VPOS="481" HPOS="701"/>
							<String ID="string_74" HPOS="714" VPOS="481" WIDTH="114" HEIGHT="21" WC="0.96" CONTENT="utskottets"/>
						</TextLine>
						<TextLine ID="line_9" HPOS="88" VPOS="514" WIDTH="740" HEIGHT="30">
							<String ID="string_75" HPOS="88" VPOS="515" WIDTH="82" HEIGHT="28" WC="0.96" CONTENT="förslag"/><SP WIDTH="15" VPOS="515" HPOS="170"/>
							<String ID="string_76" HPOS="185" VPOS="515" WIDTH="131" HEIGHT="22" WC="0.96" CONTENT="beträffande"/><SP WIDTH="16" VPOS="515" HPOS="316"/>
							<String ID="string_77" HPOS="332" VPOS="515" WIDTH="86" HEIGHT="22" WC="0.93" CONTENT="fordran"/><SP WIDTH="15" VPOS="515" HPOS="418"/>
							<String ID="string_78" HPOS="433" VPOS="516" WIDTH="13" HEIGHT="20" WC="0.92" CONTENT="å"/><SP WIDTH="15" VPOS="516" HPOS="446"/>
							<String ID="string_79" HPOS="461" VPOS="518" WIDTH="30" HEIGHT="18" WC="0.93" CONTENT="ett"/><SP WIDTH="14" VPOS="518" HPOS="491"/>
							<String ID="string_80" HPOS="505" VPOS="515" WIDTH="161" HEIGHT="28" WC="0.91" CONTENT="minimibelopp"/><SP WIDTH="15" VPOS="515" HPOS="666"/>
							<String ID="string_81" HPOS="681" VPOS="515" WIDTH="25" HEIGHT="21" WC="0.93" CONTENT="af"/><SP WIDTH="12" VPOS="515" HPOS="706"/>
							<String ID="string_82" HPOS="718" VPOS="514" WIDTH="110" HEIGHT="30" WC="0.92" CONTENT="utskylder"/>
						</TextLine>
						<TextLine ID="line_10" HPOS="89" VPOS="549" WIDTH="373" HEIGHT="29">
							<String ID="string_83" HPOS="89" VPOS="550" WIDTH="34" HEIGHT="21" WC="0.93" CONTENT="för"/><SP WIDTH="14" VPOS="550" HPOS="123"/>
							<String ID="string_84" HPOS="137" VPOS="550" WIDTH="185" HEIGHT="28" WC="0.92" CONTENT="rösträttighetens"/><SP WIDTH="17" VPOS="550" HPOS="322"/>
							<String ID="string_85" HPOS="339" VPOS="549" WIDTH="123" HEIGHT="22" WC="0.90" CONTENT="utöfvande."/>
						</TextLine>
					</TextBlock>
					<TextBlock ID="block_2" HPOS="157" VPOS="583" WIDTH="569" HEIGHT="29">
						<TextLine ID="line_11" HPOS="157" VPOS="583" WIDTH="569" HEIGHT="29">
							<String ID="string_86" HPOS="157" VPOS="584" WIDTH="58" HEIGHT="21" WC="0.93" CONTENT="Herr"/><SP WIDTH="14" VPOS="584" HPOS="215"/>
							<String ID="string_87" HPOS="229" VPOS="584" WIDTH="87" HEIGHT="21" WC="0.90" CONTENT="Mölsä"/><SP WIDTH="14" VPOS="584" HPOS="316"/>
							<String ID="string_88" HPOS="330" VPOS="583" WIDTH="105" HEIGHT="22" WC="0.96" CONTENT="instämde"/><SP WIDTH="16" VPOS="583" HPOS="435"/>
							<String ID="string_89" HPOS="451" VPOS="584" WIDTH="6" HEIGHT="20" WC="0.96" CONTENT="i"/><SP WIDTH="16" VPOS="584" HPOS="457"/>
							<String ID="string_90" HPOS="473" VPOS="583" WIDTH="132" HEIGHT="22" WC="0.96" CONTENT="förestående"/><SP WIDTH="15" VPOS="583" HPOS="605"/>
							<String ID="string_91" HPOS="620" VPOS="583" WIDTH="106" HEIGHT="29" WC="0.96" CONTENT="yttrande."/>
						</TextLine>
					</TextBlock>
					<TextBlock ID="block_3" HPOS="89" VPOS="617" WIDTH="744" HEIGHT="743">
						<TextLine ID="line_12" HPOS="158" VPOS="617" WIDTH="670" HEIGHT="29">
							<String ID="string_92" HPOS="158" VPOS="617" WIDTH="56" HEIGHT="21" WC="0.96" CONTENT="Herr"/><SP WIDTH="15" VPOS="617" HPOS="214"/>
							<String ID="string_93" HPOS="229" VPOS="617" WIDTH="170" HEIGHT="29" WC="0.95" CONTENT="Tengström:"/><SP WIDTH="25" VPOS="617" HPOS="399"/>
							<String ID="string_94" HPOS="424" VPOS="617" WIDTH="51" HEIGHT="21" WC="0.87" CONTENT="Ifall"/><SP WIDTH="15" VPOS="617" HPOS="475"/>
							<String ID="string_95" HPOS="490" VPOS="617" WIDTH="40" HEIGHT="21" WC="0.93" CONTENT="den"/><SP WIDTH="17" VPOS="617" HPOS="530"/>
							<String ID="string_96" HPOS="547" VPOS="617" WIDTH="145" HEIGHT="29" WC="0.90" CONTENT="sjelfstyrelse,"/><SP WIDTH="16" VPOS="617" HPOS="692"/>
							<String ID="string_97" HPOS="708" VPOS="618" WIDTH="120" HEIGHT="22" WC="0.91" CONTENT="stadskom-"/>
						</TextLine>
						<TextLine ID="line_13" HPOS="89" VPOS="652" WIDTH="739" HEIGHT="28">
							<String ID="string_98" HPOS="89" VPOS="660" WIDTH="102" HEIGHT="14" WC="0.91" CONTENT="munerne"/><SP WIDTH="21" VPOS="660" HPOS="191"/>
							<String ID="string_99" HPOS="212" VPOS="652" WIDTH="130" HEIGHT="21" WC="0.95" CONTENT="tillkommer"/><SP WIDTH="22" VPOS="652" HPOS="342"/>
							<String ID="string_100" HPOS="364" VPOS="652" WIDTH="40" HEIGHT="21" WC="0.96" CONTENT="och"/><SP WIDTH="18" VPOS="652" HPOS="404"/>
							<String ID="string_101" HPOS="422" VPOS="652" WIDTH="87" HEIGHT="20" WC="0.96" CONTENT="hvilken"/><SP WIDTH="18" VPOS="652" HPOS="509"/>
							<String ID="string_102" HPOS="527" VPOS="652" WIDTH="26" HEIGHT="21" WC="0.96" CONTENT="de"/><SP WIDTH="20" VPOS="652" HPOS="553"/>
							<String ID="string_103" HPOS="573" VPOS="652" WIDTH="24" HEIGHT="22" WC="0.96" CONTENT="af"/><SP WIDTH="15" VPOS="652" HPOS="597"/>
							<String ID="string_104" HPOS="612" VPOS="652" WIDTH="58" HEIGHT="22" WC="0.96" CONTENT="ålder"/><SP WIDTH="18" VPOS="652" HPOS="670"/>
							<String ID="string_105" HPOS="688" VPOS="652" WIDTH="81" HEIGHT="28" WC="0.96" CONTENT="åtnjuta"/><SP WIDTH="18" VPOS="652" HPOS="769"/>
							<String ID="string_106" HPOS="787" VPOS="652" WIDTH="41" HEIGHT="21" WC="0.97" CONTENT="och"/>
						</TextLine>
						<TextLine ID="line_14" HPOS="89" VPOS="685" WIDTH="739" HEIGHT="29">
							<String ID="string_107" HPOS="89" VPOS="694" WIDTH="46" HEIGHT="14" WC="0.96" CONTENT="som"/><SP WIDTH="23" VPOS="694" HPOS="135"/>
							<String ID="string_108" HPOS="158" VPOS="686" WIDTH="108" HEIGHT="20" WC="0.92" CONTENT="dessutom"/><SP WIDTH="24" VPOS="686" HPOS="266"/>
							<String ID="string_109" HPOS="290" VPOS="686" WIDTH="68" HEIGHT="20" WC="0.92" CONTENT="hvilar"/><SP WIDTH="18" VPOS="686" HPOS="358"/>
							<String ID="string_110" HPOS="376" VPOS="685" WIDTH="27" HEIGHT="29" WC="0.93" CONTENT="på"/><SP WIDTH="18" VPOS="685" HPOS="403"/>
							<String ID="string_111" HPOS="421" VPOS="685" WIDTH="103" HEIGHT="22" WC="0.92" CONTENT="bistorisk"/><SP WIDTH="15" VPOS="685" HPOS="524"/>
							<String ID="string_112" HPOS="539" VPOS="685" WIDTH="79" HEIGHT="29" WC="0.96" CONTENT="grund,"/><SP WIDTH="16" VPOS="685" HPOS="618"/>
							<String ID="string_113" HPOS="634" VPOS="686" WIDTH="94" HEIGHT="21" WC="0.96" CONTENT="kommer"/><SP WIDTH="16" VPOS="686" HPOS="728"/>
							<String ID="string_114" HPOS="744" VPOS="689" WIDTH="30" HEIGHT="17" WC="0.95" CONTENT="att"/><SP WIDTH="15" VPOS="689" HPOS="774"/>
							<String ID="string_115" HPOS="789" VPOS="686" WIDTH="39" HEIGHT="22" WC="0.96" CONTENT="hos"/>
						</TextLine>
						<TextLine ID="line_15" HPOS="90" VPOS="719" WIDTH="740" HEIGHT="29">
							<String ID="string_116" HPOS="90" VPOS="720" WIDTH="47" HEIGHT="21" WC="0.96" CONTENT="dem"/><SP WIDTH="21" VPOS="720" HPOS="137"/>
							<String ID="string_117" HPOS="158" VPOS="720" WIDTH="91" HEIGHT="27" WC="0.96" CONTENT="införas,"/><SP WIDTH="19" VPOS="720" HPOS="249"/>
							<String ID="string_118" HPOS="268" VPOS="726" WIDTH="61" HEIGHT="15" WC="0.96" CONTENT="anser"/><SP WIDTH="12" VPOS="726" HPOS="329"/>
							<String ID="string_119" HPOS="341" VPOS="720" WIDTH="48" HEIGHT="28" WC="0.96" CONTENT="jag,"/><SP WIDTH="15" VPOS="720" HPOS="389"/>
							<String ID="string_120" HPOS="404" VPOS="719" WIDTH="7" HEIGHT="21" WC="0.96" CONTENT="i"/><SP WIDTH="15" VPOS="719" HPOS="411"/>
							<String ID="string_121" HPOS="426" VPOS="722" WIDTH="89" HEIGHT="19" WC="0.96" CONTENT="motsats"/><SP WIDTH="15" VPOS="722" HPOS="515"/>
							<String ID="string_122" HPOS="530" VPOS="720" WIDTH="48" HEIGHT="21" WC="0.96" CONTENT="med"/><SP WIDTH="15" VPOS="720" HPOS="578"/>
							<String ID="string_123" HPOS="593" VPOS="720" WIDTH="27" HEIGHT="21" WC="0.96" CONTENT="de"/><SP WIDTH="15" VPOS="720" HPOS="620"/>
							<String ID="string_124" HPOS="635" VPOS="720" WIDTH="68" HEIGHT="28" WC="0.93" CONTENT="begge"/><SP WIDTH="15" VPOS="720" HPOS="703"/>
							<String ID="string_125" HPOS="718" VPOS="720" WIDTH="112" HEIGHT="28" WC="0.90" CONTENT="föregåen-"/>
						</TextLine>
						<TextLine ID="line_16" HPOS="90" VPOS="753" WIDTH="739" HEIGHT="29">
							<String ID="string_126" HPOS="90" VPOS="754" WIDTH="27" HEIGHT="21" WC="0.92" CONTENT="de"/><SP WIDTH="22" VPOS="754" HPOS="117"/>
							<String ID="string_127" HPOS="139" VPOS="754" WIDTH="102" HEIGHT="26" WC="0.91" CONTENT="talarene,"/><SP WIDTH="23" VPOS="754" HPOS="241"/>
							<String ID="string_128" HPOS="264" VPOS="757" WIDTH="31" HEIGHT="18" WC="0.91" CONTENT="avt"/><SP WIDTH="18" VPOS="757" HPOS="295"/>
							<String ID="string_129" HPOS="313" VPOS="754" WIDTH="21" HEIGHT="21" WC="0.93" CONTENT="åt"/><SP WIDTH="15" VPOS="754" HPOS="334"/>
							<String ID="string_130" HPOS="349" VPOS="753" WIDTH="97" HEIGHT="22" WC="0.91" CONTENT="städerne"/><SP WIDTH="15" VPOS="753" HPOS="446"/>
							<String ID="string_131" HPOS="461" VPOS="754" WIDTH="62" HEIGHT="21" WC="0.96" CONTENT="äfven"/><SP WIDTH="16" VPOS="754" HPOS="523"/>
							<String ID="string_132" HPOS="539" VPOS="754" WIDTH="34" HEIGHT="21" WC="0.93" CONTENT="må"/><SP WIDTH="15" VPOS="754" HPOS="573"/>
							<String ID="string_133" HPOS="588" VPOS="754" WIDTH="142" HEIGHT="22" WC="0.92" CONTENT="öfverlemnas"/><SP WIDTH="16" VPOS="754" HPOS="730"/>
							<String ID="string_134" HPOS="746" VPOS="757" WIDTH="40" HEIGHT="24" WC="0.96" CONTENT="att,"/><SP WIDTH="16" VPOS="757" HPOS="786"/>
							<String ID="string_135" HPOS="802" VPOS="754" WIDTH="27" HEIGHT="28" WC="0.96" CONTENT="på"/>
						</TextLine>
						<TextLine ID="line_17" HPOS="90" VPOS="787" WIDTH="740" HEIGHT="30">
							<String ID="string_136" HPOS="90" VPOS="789" WIDTH="43" HEIGHT="21" WC="0.96" CONTENT="sätt"/><SP WIDTH="16" VPOS="789" HPOS="133"/>
							<String ID="string_137" HPOS="149" VPOS="788" WIDTH="143" HEIGHT="22" WC="0.96" CONTENT="betänkandet"/><SP WIDTH="14" VPOS="788" HPOS="292"/>
							<String ID="string_138" HPOS="306" VPOS="787" WIDTH="124" HEIGHT="27" WC="0.93" CONTENT="innehåller,"/><SP WIDTH="15" VPOS="787" HPOS="430"/>
							<String ID="string_139" HPOS="445" VPOS="788" WIDTH="74" HEIGHT="28" WC="0.92" CONTENT="sjelfve"/><SP WIDTH="16" VPOS="788" HPOS="519"/>
							<String ID="string_140" HPOS="535" VPOS="788" WIDTH="22" HEIGHT="21" WC="0.93" CONTENT="få"/><SP WIDTH="14" VPOS="788" HPOS="557"/>
							<String ID="string_141" HPOS="571" VPOS="788" WIDTH="76" HEIGHT="28" WC="0.91" CONTENT="afgöra"/><SP WIDTH="15" VPOS="788" HPOS="647"/>
							<String ID="string_142" HPOS="662" VPOS="796" WIDTH="34" HEIGHT="13" WC="0.96" CONTENT="om"/><SP WIDTH="15" VPOS="796" HPOS="696"/>
							<String ID="string_143" HPOS="711" VPOS="796" WIDTH="28" HEIGHT="13" WC="0.93" CONTENT="nu"/><SP WIDTH="12" VPOS="796" HPOS="739"/>
							<String ID="string_144" HPOS="751" VPOS="788" WIDTH="79" HEIGHT="29" WC="0.92" CONTENT="ifråga-"/>
						</TextLine>
						<TextLine ID="line_18" HPOS="90" VPOS="822" WIDTH="740" HEIGHT="29">
							<String ID="string_145" HPOS="90" VPOS="823" WIDTH="94" HEIGHT="21" WC="0.96" CONTENT="varande"/><SP WIDTH="20" VPOS="823" HPOS="184"/>
							<String ID="string_146" HPOS="204" VPOS="822" WIDTH="160" HEIGHT="29" WC="0.93" CONTENT="angelägenhet."/><SP WIDTH="37" VPOS="822" HPOS="364"/>
							<String ID="string_147" HPOS="401" VPOS="823" WIDTH="40" HEIGHT="20" WC="0.92" CONTENT="Att"/><SP WIDTH="18" VPOS="823" HPOS="441"/>
							<String ID="string_148" HPOS="459" VPOS="823" WIDTH="26" HEIGHT="20" WC="0.95" CONTENT="de"/><SP WIDTH="18" VPOS="823" HPOS="485"/>
							<String ID="string_149" HPOS="503" VPOS="824" WIDTH="68" HEIGHT="20" WC="0.93" CONTENT="större"/><SP WIDTH="15" VPOS="824" HPOS="571"/>
							<String ID="string_150" HPOS="586" VPOS="822" WIDTH="98" HEIGHT="22" WC="0.91" CONTENT="städerne"/><SP WIDTH="15" VPOS="822" HPOS="684"/>
							<String ID="string_151" HPOS="699" VPOS="823" WIDTH="86" HEIGHT="21" WC="0.96" CONTENT="komma"/><SP WIDTH="14" VPOS="823" HPOS="785"/>
							<String ID="string_152" HPOS="799" VPOS="826" WIDTH="31" HEIGHT="18" WC="0.96" CONTENT="att"/>
						</TextLine>
						<TextLine ID="line_19" HPOS="90" VPOS="856" WIDTH="739" HEIGHT="29">
							<String ID="string_153" HPOS="90" VPOS="860" WIDTH="47" HEIGHT="18" WC="0.96" CONTENT="utse"/><SP WIDTH="20" VPOS="860" HPOS="137"/>
							<String ID="string_154" HPOS="157" VPOS="856" WIDTH="204" HEIGHT="28" WC="0.96" CONTENT="stadsfullmäktige,"/><SP WIDTH="19" VPOS="856" HPOS="361"/>
							<String ID="string_155" HPOS="380" VPOS="858" WIDTH="22" HEIGHT="19" WC="0.93" CONTENT="är"/><SP WIDTH="19" VPOS="858" HPOS="402"/>
							<String ID="string_156" HPOS="421" VPOS="856" WIDTH="119" HEIGHT="28" WC="0.89" CONTENT="sjelffallet;"/><SP WIDTH="22" VPOS="856" HPOS="540"/>
							<String ID="string_157" HPOS="562" VPOS="859" WIDTH="31" HEIGHT="18" WC="0.96" CONTENT="att"/><SP WIDTH="19" VPOS="859" HPOS="593"/>
							<String ID="string_158" HPOS="612" VPOS="856" WIDTH="44" HEIGHT="21" WC="0.93" CONTENT="åter"/><SP WIDTH="17" VPOS="856" HPOS="656"/>
							<String ID="string_159" HPOS="673" VPOS="856" WIDTH="112" HEIGHT="29" WC="0.92" CONTENT="uppdraga"/><SP WIDTH="18" VPOS="856" HPOS="785"/>
							<String ID="string_160" HPOS="803" VPOS="864" WIDTH="26" HEIGHT="14" WC="0.96" CONTENT="en"/>
						</TextLine>
						<TextLine ID="line_20" HPOS="90" VPOS="890" WIDTH="740" HEIGHT="29">
							<String ID="string_161" HPOS="90" VPOS="891" WIDTH="45" HEIGHT="21" WC="0.96" CONTENT="viss"/><SP WIDTH="18" VPOS="891" HPOS="135"/>
							<String ID="string_162" HPOS="153" VPOS="892" WIDTH="63" HEIGHT="27" WC="0.96" CONTENT="gräns"/><SP WIDTH="20" VPOS="892" HPOS="216"/>
							<String ID="string_163" HPOS="236" VPOS="891" WIDTH="89" HEIGHT="21" WC="0.96" CONTENT="emellan"/><SP WIDTH="19" VPOS="891" HPOS="325"/>
							<String ID="string_164" HPOS="344" VPOS="890" WIDTH="79" HEIGHT="27" WC="0.96" CONTENT="städer,"/><SP WIDTH="15" VPOS="890" HPOS="423"/>
							<String ID="string_165" HPOS="438" VPOS="897" WIDTH="46" HEIGHT="14" WC="0.96" CONTENT="som"/><SP WIDTH="15" VPOS="897" HPOS="484"/>
							<String ID="string_166" HPOS="499" VPOS="890" WIDTH="61" HEIGHT="22" WC="0.96" CONTENT="skola"/><SP WIDTH="15" VPOS="890" HPOS="560"/>
							<String ID="string_167" HPOS="575" VPOS="898" WIDTH="61" HEIGHT="14" WC="0.96" CONTENT="anses"/><SP WIDTH="16" VPOS="898" HPOS="636"/>
							<String ID="string_168" HPOS="652" VPOS="898" WIDTH="51" HEIGHT="14" WC="0.96" CONTENT="vara"/><SP WIDTH="15" VPOS="898" HPOS="703"/>
							<String ID="string_169" HPOS="718" VPOS="891" WIDTH="67" HEIGHT="21" WC="0.93" CONTENT="större"/><SP WIDTH="16" VPOS="891" HPOS="785"/>
							<String ID="string_170" HPOS="801" VPOS="891" WIDTH="29" HEIGHT="21" WC="0.92" CONTENT="el-"/>
						</TextLine>
						<TextLine ID="line_21" HPOS="91" VPOS="924" WIDTH="740" HEIGHT="30">
							<String ID="string_171" HPOS="91" VPOS="926" WIDTH="32" HEIGHT="20" WC="0.96" CONTENT="ler"/><SP WIDTH="21" VPOS="926" HPOS="123"/>
							<String ID="string_172" HPOS="144" VPOS="925" WIDTH="92" HEIGHT="27" WC="0.96" CONTENT="mindre,"/><SP WIDTH="23" VPOS="925" HPOS="236"/>
							<String ID="string_173" HPOS="259" VPOS="932" WIDTH="50" HEIGHT="14" WC="0.95" CONTENT="vore"/><SP WIDTH="19" VPOS="932" HPOS="309"/>
							<String ID="string_174" HPOS="328" VPOS="925" WIDTH="121" HEIGHT="27" WC="0.95" CONTENT="olämpligt,"/><SP WIDTH="20" VPOS="925" HPOS="449"/>
							<String ID="string_175" HPOS="469" VPOS="924" WIDTH="40" HEIGHT="22" WC="0.96" CONTENT="och"/><SP WIDTH="12" VPOS="924" HPOS="509"/>
							<String ID="string_176" HPOS="521" VPOS="925" WIDTH="38" HEIGHT="27" WC="0.96" CONTENT="jag"/><SP WIDTH="16" VPOS="925" HPOS="559"/>
							<String ID="string_177" HPOS="575" VPOS="924" WIDTH="66" HEIGHT="22" WC="0.96" CONTENT="håller"/><SP WIDTH="15" VPOS="924" HPOS="641"/>
							<String ID="string_178" HPOS="656" VPOS="925" WIDTH="46" HEIGHT="21" WC="0.96" CONTENT="före"/><SP WIDTH="15" VPOS="925" HPOS="702"/>
							<String ID="string_179" HPOS="717" VPOS="928" WIDTH="30" HEIGHT="18" WC="0.93" CONTENT="att"/><SP WIDTH="15" VPOS="928" HPOS="747"/>
							<String ID="string_180" HPOS="762" VPOS="925" WIDTH="69" HEIGHT="29" WC="0.91" CONTENT="regle-"/>
						</TextLine>
						<TextLine ID="line_22" HPOS="91" VPOS="958" WIDTH="740" HEIGHT="23">
							<String ID="string_181" HPOS="91" VPOS="959" WIDTH="76" HEIGHT="22" WC="0.92" CONTENT="randet"/><SP WIDTH="22" VPOS="959" HPOS="167"/>
							<String ID="string_182" HPOS="189" VPOS="960" WIDTH="23" HEIGHT="20" WC="0.96" CONTENT="af"/><SP WIDTH="19" VPOS="960" HPOS="212"/>
							<String ID="string_183" HPOS="231" VPOS="959" WIDTH="63" HEIGHT="21" WC="0.93" CONTENT="dessa"/><SP WIDTH="18" VPOS="959" HPOS="294"/>
							<String ID="string_184" HPOS="312" VPOS="958" WIDTH="147" HEIGHT="22" WC="0.92" CONTENT="förhällanden"/><SP WIDTH="19" VPOS="958" HPOS="459"/>
							<String ID="string_185" HPOS="478" VPOS="958" WIDTH="55" HEIGHT="22" WC="0.96" CONTENT="helst"/><SP WIDTH="19" VPOS="958" HPOS="533"/>
							<String ID="string_186" HPOS="552" VPOS="958" WIDTH="39" HEIGHT="22" WC="0.93" CONTENT="bör"/><SP WIDTH="14" VPOS="958" HPOS="591"/>
							<String ID="string_187" HPOS="605" VPOS="959" WIDTH="115" HEIGHT="21" WC="0.92" CONTENT="öfverlätas"/><SP WIDTH="16" VPOS="959" HPOS="720"/>
							<String ID="string_188" HPOS="736" VPOS="960" WIDTH="21" HEIGHT="20" WC="0.93" CONTENT="ät"/><SP WIDTH="14" VPOS="960" HPOS="757"/>
							<String ID="string_189" HPOS="771" VPOS="959" WIDTH="60" HEIGHT="21" WC="0.92" CONTENT="kom-"/>
						</TextLine>
						<TextLine ID="line_23" HPOS="91" VPOS="992" WIDTH="740" HEIGHT="29">
							<String ID="string_190" HPOS="91" VPOS="1001" WIDTH="89" HEIGHT="13" WC="0.91" CONTENT="munens"/><SP WIDTH="15" VPOS="1001" HPOS="180"/>
							<String ID="string_191" HPOS="195" VPOS="993" WIDTH="147" HEIGHT="21" WC="0.88" CONTENT="medlemmars"/><SP WIDTH="16" VPOS="993" HPOS="342"/>
							<String ID="string_192" HPOS="358" VPOS="993" WIDTH="68" HEIGHT="21" WC="0.92" CONTENT="sunda"/><SP WIDTH="15" VPOS="993" HPOS="426"/>
							<String ID="string_193" HPOS="441" VPOS="992" WIDTH="95" HEIGHT="22" WC="0.92" CONTENT="förständ"/><SP WIDTH="16" VPOS="992" HPOS="536"/>
							<String ID="string_194" HPOS="552" VPOS="992" WIDTH="40" HEIGHT="22" WC="0.93" CONTENT="och"/><SP WIDTH="15" VPOS="992" HPOS="592"/>
							<String ID="string_195" HPOS="607" VPOS="993" WIDTH="66" HEIGHT="28" WC="0.92" CONTENT="insigt"/><SP WIDTH="15" VPOS="993" HPOS="673"/>
							<String ID="string_196" HPOS="688" VPOS="1001" WIDTH="33" HEIGHT="13" WC="0.93" CONTENT="om"/><SP WIDTH="16" VPOS="1001" HPOS="721"/>
							<String ID="string_197" HPOS="737" VPOS="994" WIDTH="56" HEIGHT="20" WC="0.93" CONTENT="hvad"/><SP WIDTH="12" VPOS="994" HPOS="793"/>
							<String ID="string_198" HPOS="805" VPOS="993" WIDTH="26" HEIGHT="22" WC="0.97" CONTENT="de"/>
						</TextLine>
						<TextLine ID="line_24" HPOS="90" VPOS="1026" WIDTH="742" HEIGHT="30">
							<String ID="string_199" HPOS="90" VPOS="1028" WIDTH="58" HEIGHT="20" WC="0.96" CONTENT="finna"/><SP WIDTH="19" VPOS="1028" HPOS="148"/>
							<String ID="string_200" HPOS="167" VPOS="1035" WIDTH="50" HEIGHT="13" WC="0.96" CONTENT="vara"/><SP WIDTH="20" VPOS="1035" HPOS="217"/>
							<String ID="string_201" HPOS="237" VPOS="1028" WIDTH="34" HEIGHT="20" WC="0.95" CONTENT="för"/><SP WIDTH="15" VPOS="1028" HPOS="271"/>
							<String ID="string_202" HPOS="286" VPOS="1028" WIDTH="33" HEIGHT="27" WC="0.93" CONTENT="sig"/><SP WIDTH="16" VPOS="1028" HPOS="319"/>
							<String ID="string_203" HPOS="335" VPOS="1026" WIDTH="164" HEIGHT="29" WC="0.92" CONTENT="fördelaktigast"/><SP WIDTH="15" VPOS="1026" HPOS="499"/>
							<String ID="string_204" HPOS="514" VPOS="1027" WIDTH="40" HEIGHT="21" WC="0.93" CONTENT="och"/><SP WIDTH="15" VPOS="1027" HPOS="554"/>
							<String ID="string_205" HPOS="569" VPOS="1027" WIDTH="118" HEIGHT="29" WC="0.92" CONTENT="tjenligast,"/><SP WIDTH="16" VPOS="1027" HPOS="687"/>
							<String ID="string_206" HPOS="703" VPOS="1027" WIDTH="82" HEIGHT="21" WC="0.92" CONTENT="hvilket"/><SP WIDTH="14" VPOS="1027" HPOS="785"/>
							<String ID="string_207" HPOS="799" VPOS="1035" WIDTH="33" HEIGHT="13" WC="0.92" CONTENT="er-"/>
						</TextLine>
						<TextLine ID="line_25" HPOS="92" VPOS="1060" WIDTH="740" HEIGHT="30">
							<String ID="string_208" HPOS="92" VPOS="1062" WIDTH="122" HEIGHT="21" WC="0.86" CONTENT="farenheten"/><SP WIDTH="20" VPOS="1062" HPOS="214"/>
							<String ID="string_209" HPOS="234" VPOS="1069" WIDTH="44" HEIGHT="20" WC="0.92" CONTENT="nog"/><SP WIDTH="18" VPOS="1069" HPOS="278"/>
							<String ID="string_210" HPOS="296" VPOS="1062" WIDTH="70" HEIGHT="28" WC="0.92" CONTENT="gifver"/><SP WIDTH="18" VPOS="1062" HPOS="366"/>
							<String ID="string_211" HPOS="384" VPOS="1061" WIDTH="36" HEIGHT="21" WC="0.93" CONTENT="vid"/><SP WIDTH="16" VPOS="1061" HPOS="420"/>
							<String ID="string_212" HPOS="436" VPOS="1060" WIDTH="94" HEIGHT="28" WC="0.96" CONTENT="handen,"/><SP WIDTH="15" VPOS="1060" HPOS="530"/>
							<String ID="string_213" HPOS="545" VPOS="1064" WIDTH="50" HEIGHT="18" WC="0.96" CONTENT="utan"/><SP WIDTH="16" VPOS="1064" HPOS="595"/>
							<String ID="string_214" HPOS="611" VPOS="1064" WIDTH="30" HEIGHT="18" WC="0.93" CONTENT="att"/><SP WIDTH="15" VPOS="1064" HPOS="641"/>
							<String ID="string_215" HPOS="656" VPOS="1062" WIDTH="66" HEIGHT="28" WC="0.93" CONTENT="något"/><SP WIDTH="16" VPOS="1062" HPOS="722"/>
							<String ID="string_216" HPOS="738" VPOS="1062" WIDTH="94" HEIGHT="28" WC="0.89" CONTENT="förmyn-"/>
						</TextLine>
						<TextLine ID="line_26" HPOS="92" VPOS="1094" WIDTH="740" HEIGHT="29">
							<String ID="string_217" HPOS="92" VPOS="1095" WIDTH="93" HEIGHT="28" WC="0.90" CONTENT="derskap"/><SP WIDTH="23" VPOS="1095" HPOS="185"/>
							<String ID="string_218" HPOS="208" VPOS="1095" WIDTH="73" HEIGHT="21" WC="0.92" CONTENT="dervid"/><SP WIDTH="24" VPOS="1095" HPOS="281"/>
							<String ID="string_219" HPOS="305" VPOS="1096" WIDTH="23" HEIGHT="20" WC="0.96" CONTENT="är"/><SP WIDTH="22" VPOS="1096" HPOS="328"/>
							<String ID="string_220" HPOS="350" VPOS="1095" WIDTH="25" HEIGHT="21" WC="0.93" CONTENT="af"/><SP WIDTH="19" VPOS="1095" HPOS="375"/>
							<String ID="string_221" HPOS="394" VPOS="1094" WIDTH="77" HEIGHT="22" WC="0.92" CONTENT="nöden."/><SP WIDTH="36" VPOS="1094" HPOS="471"/>
							<String ID="string_222" HPOS="507" VPOS="1094" WIDTH="44" HEIGHT="29" WC="0.93" CONTENT="Jag"/><SP WIDTH="14" VPOS="1094" HPOS="551"/>
							<String ID="string_223" HPOS="565" VPOS="1094" WIDTH="119" HEIGHT="28" WC="0.92" CONTENT="tillstyrker"/><SP WIDTH="15" VPOS="1094" HPOS="684"/>
							<String ID="string_224" HPOS="699" VPOS="1095" WIDTH="133" HEIGHT="21" WC="0.93" CONTENT="fördenskull"/>
						</TextLine>
						<TextLine ID="line_27" HPOS="92" VPOS="1128" WIDTH="740" HEIGHT="28">
							<String ID="string_225" HPOS="92" VPOS="1134" WIDTH="31" HEIGHT="18" WC="0.93" CONTENT="att"/><SP WIDTH="15" VPOS="1134" HPOS="123"/>
							<String ID="string_226" HPOS="138" VPOS="1130" WIDTH="115" HEIGHT="21" WC="0.92" CONTENT="utskottets"/><SP WIDTH="17" VPOS="1130" HPOS="253"/>
							<String ID="string_227" HPOS="270" VPOS="1128" WIDTH="143" HEIGHT="27" WC="0.91" CONTENT="betänkande,"/><SP WIDTH="16" VPOS="1128" HPOS="413"/>
							<String ID="string_228" HPOS="429" VPOS="1129" WIDTH="66" HEIGHT="27" WC="0.93" CONTENT="enligt"/><SP WIDTH="15" VPOS="1129" HPOS="495"/>
							<String ID="string_229" HPOS="510" VPOS="1128" WIDTH="81" HEIGHT="22" WC="0.93" CONTENT="hvilket"/><SP WIDTH="15" VPOS="1128" HPOS="591"/>
							<String ID="string_230" HPOS="606" VPOS="1128" WIDTH="109" HEIGHT="22" WC="0.96" CONTENT="dessutom"/><SP WIDTH="11" VPOS="1128" HPOS="715"/>
							<String ID="string_231" HPOS="726" VPOS="1136" WIDTH="26" HEIGHT="14" WC="0.96" CONTENT="en"/><SP WIDTH="12" VPOS="1136" HPOS="752"/>
							<String ID="string_232" HPOS="764" VPOS="1129" WIDTH="68" HEIGHT="21" WC="0.96" CONTENT="större"/>
						</TextLine>
						<TextLine ID="line_28" HPOS="92" VPOS="1163" WIDTH="740" HEIGHT="28">
							<String ID="string_233" HPOS="92" VPOS="1164" WIDTH="65" HEIGHT="22" WC="0.92" CONTENT="frihet"/><SP WIDTH="15" VPOS="1164" HPOS="157"/>
							<String ID="string_234" HPOS="172" VPOS="1164" WIDTH="79" HEIGHT="21" WC="0.92" CONTENT="lemnas"/><SP WIDTH="16" VPOS="1164" HPOS="251"/>
							<String ID="string_235" HPOS="267" VPOS="1163" WIDTH="218" HEIGHT="27" WC="0.88" CONTENT="stadskommunerne,"/><SP WIDTH="11" VPOS="1163" HPOS="485"/>
							<String ID="string_236" HPOS="496" VPOS="1163" WIDTH="34" HEIGHT="21" WC="0.96" CONTENT="mä"/><SP WIDTH="11" VPOS="1163" HPOS="530"/>
							<String ID="string_237" HPOS="541" VPOS="1163" WIDTH="25" HEIGHT="21" WC="0.93" CONTENT="af"/><SP WIDTH="9" VPOS="1163" HPOS="566"/>
							<String ID="string_238" HPOS="575" VPOS="1163" WIDTH="84" HEIGHT="21" WC="0.93" CONTENT="ständet"/><SP WIDTH="11" VPOS="1163" HPOS="659"/>
							<String ID="string_239" HPOS="670" VPOS="1167" WIDTH="98" HEIGHT="24" WC="0.92" CONTENT="antagas;"/><SP WIDTH="15" VPOS="1167" HPOS="768"/>
							<String ID="string_240" HPOS="783" VPOS="1171" WIDTH="49" HEIGHT="13" WC="0.96" CONTENT="men"/>
						</TextLine>
						<TextLine ID="line_29" HPOS="93" VPOS="1196" WIDTH="739" HEIGHT="29">
							<String ID="string_241" HPOS="93" VPOS="1206" WIDTH="34" HEIGHT="14" WC="0.96" CONTENT="om"/><SP WIDTH="16" VPOS="1206" HPOS="127"/>
							<String ID="string_242" HPOS="143" VPOS="1198" WIDTH="69" HEIGHT="21" WC="0.93" CONTENT="denna"/><SP WIDTH="15" VPOS="1198" HPOS="212"/>
							<String ID="string_243" HPOS="227" VPOS="1198" WIDTH="56" HEIGHT="27" WC="0.92" CONTENT="äsigt"/><SP WIDTH="15" VPOS="1198" HPOS="283"/>
							<String ID="string_244" HPOS="298" VPOS="1197" WIDTH="46" HEIGHT="21" WC="0.92" CONTENT="icke"/><SP WIDTH="16" VPOS="1197" HPOS="344"/>
							<String ID="string_245" HPOS="360" VPOS="1197" WIDTH="68" HEIGHT="21" WC="0.93" CONTENT="skulle"/><SP WIDTH="16" VPOS="1197" HPOS="428"/>
							<String ID="string_246" HPOS="444" VPOS="1197" WIDTH="69" HEIGHT="28" WC="0.92" CONTENT="hyllas"/><SP WIDTH="16" VPOS="1197" HPOS="513"/>
							<String ID="string_247" HPOS="529" VPOS="1197" WIDTH="24" HEIGHT="21" WC="0.93" CONTENT="af"/><SP WIDTH="12" VPOS="1197" HPOS="553"/>
							<String ID="string_248" HPOS="565" VPOS="1196" WIDTH="95" HEIGHT="22" WC="0.92" CONTENT="ständets"/><SP WIDTH="12" VPOS="1196" HPOS="660"/>
							<String ID="string_249" HPOS="672" VPOS="1197" WIDTH="109" HEIGHT="27" WC="0.92" CONTENT="pluralitet"/><SP WIDTH="11" VPOS="1197" HPOS="781"/>
							<String ID="string_250" HPOS="792" VPOS="1197" WIDTH="40" HEIGHT="21" WC="0.96" CONTENT="och"/>
						</TextLine>
						<TextLine ID="line_30" HPOS="92" VPOS="1231" WIDTH="740" HEIGHT="28">
							<String ID="string_251" HPOS="92" VPOS="1232" WIDTH="41" HEIGHT="21" WC="0.89" CONTENT="den"/><SP WIDTH="23" VPOS="1232" HPOS="133"/>
							<String ID="string_252" HPOS="156" VPOS="1231" WIDTH="82" HEIGHT="21" WC="0.89" CONTENT="säledes"/><SP WIDTH="18" VPOS="1231" HPOS="238"/>
							<String ID="string_253" HPOS="256" VPOS="1232" WIDTH="85" HEIGHT="20" WC="0.92" CONTENT="komme"/><SP WIDTH="18" VPOS="1232" HPOS="341"/>
							<String ID="string_254" HPOS="359" VPOS="1234" WIDTH="32" HEIGHT="17" WC="0.93" CONTENT="att"/><SP WIDTH="18" VPOS="1234" HPOS="391"/>
							<String ID="string_255" HPOS="409" VPOS="1231" WIDTH="95" HEIGHT="26" WC="0.92" CONTENT="förfalla,"/><SP WIDTH="18" VPOS="1231" HPOS="504"/>
							<String ID="string_256" HPOS="522" VPOS="1238" WIDTH="62" HEIGHT="14" WC="0.96" CONTENT="anser"/><SP WIDTH="12" VPOS="1238" HPOS="584"/>
							<String ID="string_257" HPOS="596" VPOS="1231" WIDTH="38" HEIGHT="28" WC="0.96" CONTENT="jag"/><SP WIDTH="15" VPOS="1231" HPOS="634"/>
							<String ID="string_258" HPOS="649" VPOS="1234" WIDTH="31" HEIGHT="18" WC="0.96" CONTENT="att"/><SP WIDTH="16" VPOS="1234" HPOS="680"/>
							<String ID="string_259" HPOS="696" VPOS="1231" WIDTH="64" HEIGHT="21" WC="0.96" CONTENT="frihet"/><SP WIDTH="15" VPOS="1231" HPOS="760"/>
							<String ID="string_260" HPOS="775" VPOS="1231" WIDTH="6" HEIGHT="21" WC="0.93" CONTENT="i"/><SP WIDTH="16" VPOS="1231" HPOS="781"/>
							<String ID="string_261" HPOS="797" VPOS="1231" WIDTH="35" HEIGHT="21" WC="0.92" CONTENT="be-"/>
						</TextLine>
						<TextLine ID="line_31" HPOS="93" VPOS="1264" WIDTH="739" HEIGHT="29">
							<String ID="string_262" HPOS="93" VPOS="1265" WIDTH="141" HEIGHT="22" WC="0.92" CONTENT="stämmandet"/><SP WIDTH="18" VPOS="1265" HPOS="234"/>
							<String ID="string_263" HPOS="252" VPOS="1273" WIDTH="34" HEIGHT="13" WC="0.92" CONTENT="om"/><SP WIDTH="19" VPOS="1273" HPOS="286"/>
							<String ID="string_264" HPOS="305" VPOS="1264" WIDTH="205" HEIGHT="29" WC="0.92" CONTENT="stadsfullmäktiges"/><SP WIDTH="19" VPOS="1264" HPOS="510"/>
							<String ID="string_265" HPOS="529" VPOS="1264" WIDTH="120" HEIGHT="28" WC="0.96" CONTENT="antagande"/><SP WIDTH="15" VPOS="1264" HPOS="649"/>
							<String ID="string_266" HPOS="664" VPOS="1265" WIDTH="34" HEIGHT="21" WC="0.93" CONTENT="mä"/><SP WIDTH="15" VPOS="1265" HPOS="698"/>
							<String ID="string_267" HPOS="713" VPOS="1264" WIDTH="119" HEIGHT="29" WC="0.89" CONTENT="medgifvas"/>
						</TextLine>
						<TextLine ID="line_32" HPOS="93" VPOS="1298" WIDTH="740" HEIGHT="28">
							<String ID="string_268" HPOS="93" VPOS="1300" WIDTH="129" HEIGHT="21" WC="0.91" CONTENT="ätminstone"/><SP WIDTH="24" VPOS="1300" HPOS="222"/>
							<String ID="string_269" HPOS="246" VPOS="1299" WIDTH="42" HEIGHT="21" WC="0.96" CONTENT="alla"/><SP WIDTH="18" VPOS="1299" HPOS="288"/>
							<String ID="string_270" HPOS="306" VPOS="1299" WIDTH="27" HEIGHT="21" WC="0.93" CONTENT="de"/><SP WIDTH="18" VPOS="1299" HPOS="333"/>
							<String ID="string_271" HPOS="351" VPOS="1299" WIDTH="78" HEIGHT="27" WC="0.90" CONTENT="städer,"/><SP WIDTH="15" VPOS="1299" HPOS="429"/>
							<String ID="string_272" HPOS="444" VPOS="1299" WIDTH="83" HEIGHT="21" WC="0.91" CONTENT="hvilkas"/><SP WIDTH="16" VPOS="1299" HPOS="527"/>
							<String ID="string_273" HPOS="543" VPOS="1298" WIDTH="158" HEIGHT="21" WC="0.89" CONTENT="innevänaretal"/><SP WIDTH="14" VPOS="1298" HPOS="701"/>
							<String ID="string_274" HPOS="715" VPOS="1299" WIDTH="18" HEIGHT="27" WC="0.92" CONTENT="ej"/><SP WIDTH="16" VPOS="1299" HPOS="733"/>
							<String ID="string_275" HPOS="749" VPOS="1299" WIDTH="84" HEIGHT="27" WC="0.91" CONTENT="uppgär"/>
						</TextLine>
						<TextLine ID="line_33" HPOS="93" VPOS="1334" WIDTH="364" HEIGHT="26">
							<String ID="string_276" HPOS="93" VPOS="1334" WIDTH="33" HEIGHT="21" WC="0.96" CONTENT="till"/><SP WIDTH="16" VPOS="1334" HPOS="126"/>
							<String ID="string_277" HPOS="142" VPOS="1341" WIDTH="44" HEIGHT="13" WC="0.96" CONTENT="mer"/><SP WIDTH="15" VPOS="1341" HPOS="186"/>
							<String ID="string_278" HPOS="201" VPOS="1334" WIDTH="25" HEIGHT="20" WC="0.93" CONTENT="än"/><SP WIDTH="16" VPOS="1334" HPOS="226"/>
							<String ID="string_279" HPOS="242" VPOS="1336" WIDTH="92" HEIGHT="18" WC="0.92" CONTENT="tretusen"/><SP WIDTH="17" VPOS="1336" HPOS="334"/>
							<String ID="string_280" HPOS="351" VPOS="1340" WIDTH="106" HEIGHT="20" WC="0.96" CONTENT="personer."/>
						</TextLine>
					</TextBlock>
					<TextBlock ID="block_4" HPOS="93" VPOS="1360" WIDTH="741" HEIGHT="172">
						<TextLine ID="line_34" HPOS="161" VPOS="1360" WIDTH="673" HEIGHT="34">
							<String ID="string_281" HPOS="161" VPOS="1366" WIDTH="56" HEIGHT="22" WC="0.96" CONTENT="Herr"/><SP WIDTH="14" VPOS="1366" HPOS="217"/>
							<String ID="string_282" HPOS="231" VPOS="1366" WIDTH="131" HEIGHT="22" WC="0.93" CONTENT="Juselius:"/><SP WIDTH="22" VPOS="1366" HPOS="362"/>
							<String ID="string_283" HPOS="384" VPOS="1366" WIDTH="31" HEIGHT="22" WC="0.93" CONTENT="Pä"/><SP WIDTH="14" VPOS="1366" HPOS="415"/>
							<String ID="string_284" HPOS="429" VPOS="1366" WIDTH="26" HEIGHT="22" WC="0.96" CONTENT="de"/><SP WIDTH="16" VPOS="1366" HPOS="455"/>
							<String ID="string_285" HPOS="471" VPOS="1366" WIDTH="46" HEIGHT="22" WC="0.93" CONTENT="skäl"/><SP WIDTH="14" VPOS="1366" HPOS="517"/>
							<String ID="string_286" HPOS="531" VPOS="1366" WIDTH="49" HEIGHT="21" WC="0.90" CONTENT="herr"/><SP WIDTH="12" VPOS="1366" HPOS="580"/>
							<String ID="string_287" HPOS="592" VPOS="1360" WIDTH="114" HEIGHT="34" WC="0.90" CONTENT="Öhrnberg"/><SP WIDTH="12" VPOS="1360" HPOS="706"/>
							<String ID="string_288" HPOS="718" VPOS="1366" WIDTH="116" HEIGHT="22" WC="0.90" CONTENT="framställt"/>
						</TextLine>
						<TextLine ID="line_35" HPOS="94" VPOS="1400" WIDTH="739" HEIGHT="28">
							<String ID="string_289" HPOS="94" VPOS="1402" WIDTH="86" HEIGHT="20" WC="0.92" CONTENT="förenar"/><SP WIDTH="19" VPOS="1402" HPOS="180"/>
							<String ID="string_290" HPOS="199" VPOS="1401" WIDTH="37" HEIGHT="27" WC="0.96" CONTENT="jag"/><SP WIDTH="20" VPOS="1401" HPOS="236"/>
							<String ID="string_291" HPOS="256" VPOS="1401" WIDTH="43" HEIGHT="27" WC="0.96" CONTENT="mig"/><SP WIDTH="19" VPOS="1401" HPOS="299"/>
							<String ID="string_292" HPOS="318" VPOS="1401" WIDTH="6" HEIGHT="20" WC="0.96" CONTENT="i"/><SP WIDTH="16" VPOS="1401" HPOS="324"/>
							<String ID="string_293" HPOS="340" VPOS="1400" WIDTH="41" HEIGHT="21" WC="0.96" CONTENT="den"/><SP WIDTH="15" VPOS="1400" HPOS="381"/>
							<String ID="string_294" HPOS="396" VPOS="1400" WIDTH="24" HEIGHT="20" WC="0.96" CONTENT="af"/><SP WIDTH="13" VPOS="1400" HPOS="420"/>
							<String ID="string_295" HPOS="433" VPOS="1400" WIDTH="76" HEIGHT="20" WC="0.93" CONTENT="honom"/><SP WIDTH="15" VPOS="1400" HPOS="509"/>
							<String ID="string_296" HPOS="524" VPOS="1400" WIDTH="94" HEIGHT="20" WC="0.93" CONTENT="uttalade"/><SP WIDTH="14" VPOS="1400" HPOS="618"/>
							<String ID="string_297" HPOS="632" VPOS="1400" WIDTH="97" HEIGHT="27" WC="0.93" CONTENT="mening,"/><SP WIDTH="15" VPOS="1400" HPOS="729"/>
							<String ID="string_298" HPOS="744" VPOS="1400" WIDTH="89" HEIGHT="20" WC="0.93" CONTENT="sälunda"/>
						</TextLine>
						<TextLine ID="line_36" HPOS="93" VPOS="1432" WIDTH="740" HEIGHT="30">
							<String ID="string_299" HPOS="93" VPOS="1434" WIDTH="68" HEIGHT="22" WC="0.96" CONTENT="likväl"/><SP WIDTH="23" VPOS="1434" HPOS="161"/>
							<String ID="string_300" HPOS="184" VPOS="1437" WIDTH="30" HEIGHT="18" WC="0.96" CONTENT="att"/><SP WIDTH="19" VPOS="1437" HPOS="214"/>
							<String ID="string_301" HPOS="233" VPOS="1435" WIDTH="37" HEIGHT="27" WC="0.96" CONTENT="jag"/><SP WIDTH="18" VPOS="1435" HPOS="270"/>
							<String ID="string_302" HPOS="288" VPOS="1434" WIDTH="50" HEIGHT="21" WC="0.93" CONTENT="ville"/><SP WIDTH="19" VPOS="1434" HPOS="338"/>
							<String ID="string_303" HPOS="357" VPOS="1434" WIDTH="78" HEIGHT="21" WC="0.96" CONTENT="föreslå"/><SP WIDTH="19" VPOS="1434" HPOS="435"/>
							<String ID="string_304" HPOS="454" VPOS="1434" WIDTH="40" HEIGHT="21" WC="0.93" CONTENT="den"/><SP WIDTH="15" VPOS="1434" HPOS="494"/>
							<String ID="string_305" HPOS="509" VPOS="1432" WIDTH="112" HEIGHT="22" WC="0.96" CONTENT="redaktion"/><SP WIDTH="15" VPOS="1432" HPOS="621"/>
							<String ID="string_306" HPOS="636" VPOS="1432" WIDTH="23" HEIGHT="22" WC="0.93" CONTENT="af"/><SP WIDTH="12" VPOS="1432" HPOS="659"/>
							<String ID="string_307" HPOS="671" VPOS="1432" WIDTH="162" HEIGHT="29" WC="0.96" CONTENT="ifrågavarande"/>
						</TextLine>
						<TextLine ID="line_37" HPOS="95" VPOS="1466" WIDTH="737" HEIGHT="31">
							<String ID="string_308" HPOS="95" VPOS="1468" WIDTH="142" HEIGHT="29" WC="0.92" CONTENT="stadganden,"/><SP WIDTH="19" VPOS="1468" HPOS="237"/>
							<String ID="string_309" HPOS="256" VPOS="1475" WIDTH="46" HEIGHT="14" WC="0.92" CONTENT="som"/><SP WIDTH="21" VPOS="1475" HPOS="302"/>
							<String ID="string_310" HPOS="323" VPOS="1468" WIDTH="72" HEIGHT="22" WC="0.90" CONTENT="blifvit"/><SP WIDTH="15" VPOS="1468" HPOS="395"/>
							<String ID="string_311" HPOS="410" VPOS="1468" WIDTH="23" HEIGHT="22" WC="0.93" CONTENT="af"/><SP WIDTH="13" VPOS="1468" HPOS="433"/>
							<String ID="string_312" HPOS="446" VPOS="1467" WIDTH="148" HEIGHT="29" WC="0.92" CONTENT="ridderskapet"/><SP WIDTH="15" VPOS="1467" HPOS="594"/>
							<String ID="string_313" HPOS="609" VPOS="1466" WIDTH="39" HEIGHT="22" WC="0.93" CONTENT="och"/><SP WIDTH="16" VPOS="1466" HPOS="648"/>
							<String ID="string_314" HPOS="664" VPOS="1466" WIDTH="62" HEIGHT="22" WC="0.93" CONTENT="adeln"/><SP WIDTH="16" VPOS="1466" HPOS="726"/>
							<String ID="string_315" HPOS="742" VPOS="1471" WIDTH="90" HEIGHT="25" WC="0.93" CONTENT="antagen"/>
						</TextLine>
						<TextLine ID="line_38" HPOS="95" VPOS="1502" WIDTH="236" HEIGHT="30">
							<String ID="string_316" HPOS="95" VPOS="1504" WIDTH="41" HEIGHT="22" WC="0.96" CONTENT="och"/><SP WIDTH="16" VPOS="1504" HPOS="136"/>
							<String ID="string_317" HPOS="152" VPOS="1504" WIDTH="24" HEIGHT="22" WC="0.96" CONTENT="är"/><SP WIDTH="15" VPOS="1504" HPOS="176"/>
							<String ID="string_318" HPOS="191" VPOS="1503" WIDTH="22" HEIGHT="22" WC="0.93" CONTENT="sä"/><SP WIDTH="15" VPOS="1503" HPOS="213"/>
							<String ID="string_319" HPOS="228" VPOS="1502" WIDTH="103" HEIGHT="30" WC="0.95" CONTENT="lydande:"/>
						</TextLine>
					</TextBlock>
				</ComposedBlock>
				<GraphicalElement ID="cblock_2" HPOS="1018" VPOS="1296" WIDTH="10" HEIGHT="463"></GraphicalElement >
			</PrintSpace>
		</Page>
	</Layout>
</alto>
