1014 1814
207 189 40 21 100

528 250 47 29 81.

243 290 58 22 Herr
315 290 133 22 Juselius:
477 289 76 22 Ehuru
569 290 39 28 jag
627 296 62 14 anser
707 292 31 18 att
752 288 104 22 utskottet
871 288 25 21 af
907 289 14 26 8

179 325 10 21 1
209 325 8 21 i
235 325 40 21 den
295 325 78 29 nådiga
388 323 162 29 propositionen
568 324 18 28 ej
608 323 62 22 bordt
685 323 67 29 draga
767 322 40 22 den
823 323 99 26 slutsats,

177 362 32 19 att
230 359 138 22 stadfästelse
390 359 34 21 för
442 358 42 22 alla
502 358 60 29 slags
579 358 67 28 bolag
660 358 118 26 erfordras,
793 358 51 20 enär
858 357 13 29 &
886 357 12 21 7
914 357 7 20 i

177 392 164 30 propositionen
363 392 124 28 "innehåller,
506 396 31 18 att
555 400 34 14 om
608 392 123 28 aktiebolag
749 391 72 23 träder
836 392 7 21 i
859 391 62 21 verk-

177 428 83 22 sambet
275 430 51 19 utan
342 430 30 19 att
386 426 66 22 hafva
466 427 84 21 erhållit
565 426 144 27 stadfästelse,
721 426 55 22 skall
788 426 133 28 bolagsman,

177 470 45 15 som
238 462 12 22 å
265 462 99 29 bolagets
379 462 81 29 vägnar
474 462 70 28 ingått
559 461 149 27 förbindelser,
724 461 73 22 derför
811 461 33 21 stå
855 461 7 21 i
874 468 48 21 per-

177 496 73 30 sonlig
269 496 147 29 ansvarighet,
439 496 70 22 såsom
527 496 34 22 för
580 504 68 13 annan
664 496 32 22 sin
712 495 139 28 förbindelse,
867 496 55 21 efter

177 532 78 21 allmän
271 532 44 29 lag,
334 532 24 20 så
372 530 38 23 vill
422 531 39 28 jag
475 530 57 22 dock
547 530 87 22 förorda
649 530 120 29 antagande
784 531 24 21 af
820 537 101 22 paragra-

177 567 43 27 fen,
235 566 64 21 sådan
316 565 40 22 den
372 565 61 29 lyder
448 565 5 21 i
469 565 116 21 utskottets
597 565 89 28 förslag.
708 564 52 21 Men
774 564 55 21 hvad
841 565 80 21 beträt-

177 600 33 21 far
231 600 116 21 utskottets
368 599 7 21 i
398 600 116 21 motiverne
537 599 84 29 yttrade
644 599 56 28 åsigt
718 602 32 17 att
768 599 153 22 stadfästelsen

177 634 67 22 borde
263 635 64 20 sökas
346 634 7 21 i
367 634 115 28 kejserliga
500 637 97 18 senatens
614 634 242 28 justitiedepartement,
877 633 46 22 hål-

177 668 32 22 ler
224 669 38 28 jag
281 669 46 21 före
346 671 30 18 att
390 669 174 28 propositionens
580 667 111 22 föreskrift
706 668 72 21 derom
795 671 30 18 att
840 668 82 21 stadfä-

177 703 80 22 stelsen
269 702 67 23 borde
352 702 108 22 meddelas
476 703 24 20 af
512 705 98 19 senatens
626 702 260 28 ekonomiedepartement
898 703 23 21 är

177 745 58 14 mera
249 737 154 29 principenlig,
418 738 88 21 emedan
522 736 158 23 stadfästandet
695 737 24 21 af
731 739 30 18 ett
776 737 145 29 bolagsregle-

175 775 70 19 mente
261 773 23 20 är
298 775 31 18 ett
344 771 136 22 ekonomiskt
494 771 88 27 ärende,
599 772 62 21 hvars
673 771 161 29 handläggning
846 772 20 28 ej
879 771 41 22 kan

175 806 121 22 tillkomma
311 809 98 19 senatens
422 806 236 29 justitiedepartement,
673 813 45 14 som
735 806 23 20 är
773 806 83 21 landets
868 805 54 30 hög-

175 843 34 18 sta
231 840 100 21 domstol.
368 840 104 21 Flertalet
490 841 24 20 af
529 841 26 20 de
570 840 141 21 ekonomiska
728 840 78 28 frågor,
822 848 46 13 som
884 841 37 21 be-

175 874 92 21 handlas
289 875 25 20 af
333 874 292 28 ekonomiedepartementet,
645 875 23 20 är
686 875 24 20 af
725 874 45 21 lika
788 875 86 28 mycket
886 875 34 28 jn-

176 908 64 22 diciel
259 908 157 28 beskaffenhet,
436 916 46 14 som
500 908 36 28 de,
552 908 74 21 hvilka
640 909 38 20 här
693 909 73 20 kunna
781 909 139 21 förekomma.

243 947 57 22 Herr
316 947 86 23 Holm:
432 948 115 22 Utskottet
562 948 38 21 har
614 948 7 21 i
636 948 155 29 motiveringen
808 948 113 22 beträffan-

176 982 27 22 de
219 983 69 21 forum
305 983 34 21 för
354 983 151 21 fastställelsen
521 983 24 21 af
558 983 174 29 bolagsreglorne
747 983 127 27 frambållit,
890 987 32 17 att

176 1017 106 22 utskottet
297 1017 46 21 icke
359 1018 81 20 kunnat
456 1017 83 22 biträda
554 1018 162 27 propositionen
732 1018 6 21 i
753 1018 70 21 denna
838 1018 45 27 del,
900 1018 24 21 af

176 1052 64 21 orsak
259 1054 31 18 att
309 1051 196 29 bolagsordningen
524 1052 56 21 afser
599 1052 135 28 reglerandet
749 1052 24 22 af
785 1052 136 22 rättsförhål-

175 1086 77 22 landen
275 1086 78 21 mellan
377 1086 244 28 bolagsintressenterne
640 1086 39 21 och
699 1086 67 28 tredje
784 1094 54 14 man.
870 1086 50 22 Och

175 1127 46 14 som
237 1128 25 13 en
278 1120 66 21 sådan
360 1120 108 28 reglering
482 1120 25 21 af
518 1127 113 21 personers
646 1120 202 22 rättsförbållanden
865 1122 23 20 är
900 1121 25 21 af

172 1153 93 29 juridisk
287 1156 43 24 art,
353 1154 38 20 har
413 1154 104 21 utskottet
536 1154 70 21 funnit
624 1154 159 28 granskningen
799 1155 24 20 af
836 1155 86 28 bolags-

175 1187 120 29 ordningen
313 1187 41 21 och
373 1188 49 21 dess
441 1188 148 21 fastställande
607 1188 121 21 tillkomma
740 1188 181 30 justitiedeparte-

178 1224 86 20 mentet.

242 1255 59 22 Herr
315 1254 97 32 Mölsä:
441 1254 71 23 Jemte
527 1255 36 22 det
578 1256 62 21 äfven
654 1257 38 27 jag
707 1256 45 21 lika
763 1256 47 22 med
823 1256 48 22 herr
881 1256 40 22 Ju-

175 1290 66 21 selius
259 1297 63 14 anser
339 1293 31 17 att
388 1289 151 22 stadfästelsen
559 1291 23 19 af
596 1290 196 29 bolagsordningen
808 1290 39 21 bör
863 1290 58 22 med-

175 1323 60 22 delas
253 1324 25 20 af
294 1326 98 18 senatens
411 1323 269 28 ekonomiedepartement,
700 1325 50 20 enär
762 1324 160 28 justitiedepar-

175 1360 102 18 tementet
295 1357 180 27 hufvudsakligen
495 1358 22 19 är
535 1364 26 14 en
580 1358 127 20 dömmande
723 1358 125 28 myndighet
864 1361 55 18 samt

175 1390 163 29 ifrågavarande
357 1390 75 28 åtgärd
448 1391 23 19 är
486 1391 24 20 af
522 1390 126 22 ekonomisk
664 1395 68 22 natur,
748 1391 38 21 vill
799 1392 37 28 jag
852 1392 69 21 föror-

176 1424 29 22 da
226 1424 121 29 antagande
366 1424 24 21 af
406 1423 114 23 utskottets
537 1424 144 28 betänkande,
697 1425 48 22 med
760 1425 40 22 den
817 1426 104 22 afvikelse

177 1463 31 17 att
222 1460 7 21 i
245 1459 126 28 paragrafen
387 1458 69 21 skulle
471 1459 80 21 införas
565 1459 158 22 bestämmande
734 1459 73 22 derom
820 1464 30 18 att
862 1461 58 22 stad-

176 1494 101 22 fästelsen
297 1493 64 22 sökes
380 1493 6 22 i
402 1496 96 19 senatens
514 1494 266 29 ekonomiedepartement.
