1031 1770
188 182 41 20 420

161 251 45 14 som
226 244 47 21 icke
292 249 64 23 synes
375 242 67 22 sakna
457 242 57 24 skäl,
530 241 128 23 åtminstone
674 242 46 22 icke
735 248 77 22 genom
828 241 76 23 redak-

160 278 87 22 tionsfel
264 277 51 22 eller
329 277 149 27 misskrifning
494 276 70 22 blifvit
579 284 25 13 ur
618 277 116 22 utskottets
749 277 81 28 förslag
846 277 58 21 bort»

160 311 92 22 lemnad.
288 311 81 22 Derom
393 318 37 14 var
453 311 105 27 nemligen
577 311 48 21 icke
639 311 40 21 alls
695 312 60 28 fråga
769 312 7 20 i
791 312 111 21 utskottet.

161 346 64 22 Hvad
249 346 100 21 beträffar
367 345 26 21 de
413 345 165 29 bestämningar,
593 352 47 14 som
655 345 111 29 verkligen
782 346 71 21 blifvit
867 353 37 21 ge-

160 388 50 14 nom
230 380 89 28 misstag
341 378 143 28 utelemnade,
506 380 24 21 sä
552 379 37 21 vill
609 380 39 28 jag
669 380 122 28 uppriktigt
808 380 96 21 erkänna

160 418 32 18 att
207 416 38 27 jag
260 414 6 20 i
282 414 24 22 så
321 413 66 22 måtto
403 414 23 21 är
444 413 96 29 delaktig
558 414 7 20 i
583 414 111 28 misstaget
712 414 51 21 eller
782 414 121 28 glömskan,

160 451 31 18 att
206 449 39 27 jag
263 455 38 14 var
319 447 90 22 medlem
428 448 24 21 af
464 447 40 21 den
519 448 57 21 inom
592 447 105 22 utskottet
712 447 85 22 bildade
812 448 92 27 komite,

160 482 116 21 bestäende
298 481 24 21 af
342 488 26 14 en
386 480 95 22 ledamot
499 481 47 21 frän
565 481 73 28 hvarje
653 481 72 27 ständ,
741 489 45 14 som
802 481 54 28 egde
872 485 31 17 att

160 516 93 28 granska
276 515 114 21 utskottets
409 515 82 27 förslag
509 515 7 21 i
531 515 101 21 afseende
647 514 12 21 å
672 515 152 28 redaktionen,
838 516 65 21 innan

160 550 118 21 detsamma
293 549 32 21 till
338 549 106 27 justering
460 549 120 21 framlades.

228 588 57 21 Herr
301 588 143 21 Sundman:
473 587 35 22 Då
526 588 36 21 det
580 588 162 29 ifrågavarande
764 588 139 30 stadgandet,

160 624 71 20 såsom
252 622 52 22 både
323 622 48 21 herr
386 622 128 28 Tengström
530 623 41 21 och
584 623 38 28 jag
637 623 65 21 redan
718 623 98 28 upplyst,
832 623 72 21 blifvit

160 658 24 20 af
204 657 104 21 utskottet
330 659 84 25 antaget
433 656 40 21 och
492 656 76 22 endast
582 664 76 20 genom
673 657 67 27 något
754 657 90 28 misstag
858 661 47 17 ute-

159 691 91 21 lemnats
265 698 25 14 ur
304 690 48 22 dess
368 690 92 28 förslag,
476 690 36 21 ber
524 691 39 27 jag
578 690 21 21 få
610 690 119 28 hemställa,
741 698 34 14 om
786 691 48 21 icke
846 691 59 22 stän-

160 725 37 21 det
214 725 72 21 kunde
301 727 50 18 utan
367 724 73 22 vidare
456 724 92 30 omgång
564 728 78 25 antaga
656 724 118 22 detsamma
789 726 70 21 såsom
874 728 31 19 ett

160 760 78 28 tillägg
252 759 32 21 till
300 759 59 21 detta
374 759 88 27 förslag.

229 798 56 22 Herr
301 798 137 21 Thermén:
460 794 73 26 Äfven
546 799 37 27 jag
599 798 81 22 erinrar
694 799 54 28 mig,
764 802 31 18 att
809 798 37 22 vid
862 799 43 21 frå-

161 840 53 22 gans
230 833 132 28 behandling
377 832 6 22 i
399 832 227 26 ekonomieutskottet,
642 833 88 21 hvarvid
744 833 37 29 jag
792 834 71 21 såsom
875 834 30 21 le-

161 867 73 21 damot
257 867 24 20 af
304 866 105 21 utskottet
431 867 80 28 jemväl
536 874 39 13 var
600 867 116 27 tillstädes,
741 866 165 29 ifrågavarande

161 901 136 28 bestämning
318 900 148 22 diskuterades
489 901 39 21 och
552 904 84 26 antogs.
673 901 40 21 Att
732 901 23 22 så
774 903 23 20 är
815 901 39 22 och
874 905 31 18 att

161 935 123 22 densamma
302 935 82 22 således
403 935 77 21 endast
497 935 25 22 af
534 935 98 29 glömska
647 935 52 22 eller
714 936 89 29 misstag
818 936 87 21 utelem-

161 973 47 17 nats
230 977 25 13 ur
278 969 114 21 utskottets
416 969 80 28 förslag
515 976 63 21 synes
599 969 62 22 äfven
677 969 96 29 tydligen
788 970 70 27 deraf,
874 974 31 18 att

162 1003 41 22 den
218 1003 68 22 finnes
302 1003 101 21 förordad
418 1003 6 22 i
440 1003 116 22 utskottets
571 1003 135 29 motivering.

230 1037 56 22 Herr
301 1033 151 33 Öhrnberg:
482 1037 34 21 Då
531 1038 27 20 de
574 1038 79 28 frågor,
669 1038 6 20 i
688 1038 74 20 hvilka
773 1038 133 21 kommunal-

160 1073 102 20 stämmas
280 1072 68 21 beslut
362 1072 67 27 enligt
444 1072 12 28 &
472 1072 26 20 70
513 1072 61 21 skola
589 1071 143 23 underställas
748 1072 114 28 kejserliga
873 1079 34 15 se-

161 1109 75 19 natens
259 1106 112 28 pröfning,
393 1106 33 20 till
448 1106 36 20 det
506 1105 154 29 väsentligaste
678 1113 65 21 synas
763 1113 50 13 vara
828 1107 24 21 af
864 1106 42 21 den

163 1139 157 27 beskaffenhet,
342 1142 31 19 att
390 1140 72 28 någon
481 1140 125 28 förändring
621 1140 8 20 i
644 1139 62 21 dessa
722 1140 69 21 beslut
806 1141 17 27 ej
840 1148 66 20 gerna

161 1174 43 21 kan
220 1175 84 20 komma
319 1174 7 20 i
342 1174 69 28 fråga,
435 1177 50 17 utan
503 1174 108 21 desamma
630 1174 33 20 till
685 1173 54 28 följd
762 1174 24 20 af
806 1174 99 21 ärendets

162 1211 62 18 natur
238 1208 67 21 måste
321 1208 101 28 antingen
437 1208 7 20 i
460 1208 32 21 sin
508 1208 72 22 helhet
595 1208 117 21 fastställas
727 1208 52 21 eller
794 1208 41 22 ock
851 1209 55 27 ogil-

162 1243 42 25 las,
227 1242 68 21 finner
315 1243 37 27 jag
375 1250 87 13 numera
483 1246 30 17 att
533 1246 29 17 ett
582 1242 102 21 särskildt
698 1242 119 28 stadgande
832 1242 75 22 härom

162 1276 61 21 torde
243 1276 71 21 kunna
333 1276 116 28 undvaras,
468 1276 100 22 hvarföre
585 1277 38 28 jag
638 1276 63 22 äfven
717 1276 37 22 vill
770 1276 75 29 frångå
859 1278 49 20 mitt

162 1310 96 27 yrkande
274 1310 72 26 derpå.

231 1343 31 20 På
276 1343 73 21 derom
365 1344 24 19 af
402 1344 48 21 herr
465 1344 147 21 talmannen
629 1343 118 22 framställd
764 1344 142 27 proposition,

162 1381 77 24 antogs
254 1377 12 28 &
282 1377 25 20 71
324 1377 48 21 med
388 1377 41 22 den
445 1377 131 29 uteslutning
592 1378 23 21 af
627 1386 25 13 en
668 1378 34 21 del
718 1379 24 20 af
755 1379 67 20 första
837 1386 71 19 mom.,

164 1420 45 13 som
230 1411 96 28 betingas
345 1413 25 20 af
385 1411 40 22 den
443 1412 7 21 i
469 1413 13 28 &
499 1413 26 20 14
544 1412 81 21 skedda
644 1412 129 28 ändringen,
788 1416 55 18 samt
857 1413 49 21 med

164 1446 76 27 tillägg
263 1446 24 20 af
306 1446 27 21 de
357 1446 68 28 begge
447 1447 53 21 sista
519 1454 63 13 mom.
599 1447 24 20 af
638 1447 70 21 denna
723 1447 12 28 $
751 1447 5 20 i
773 1446 40 22 den
828 1447 79 29 nådiga

162 1480 172 29 propositionen,
351 1480 72 22 hvilka
438 1481 8 21 i
462 1481 144 22 betänkandet
621 1481 136 28 utelemnats,
768 1481 139 29 hvarigenom
