1023 1739
771 183 39 21 143

171 244 57 22 Herr
242 244 87 23 Mölsä
343 244 94 29 yttrade,
453 247 30 19 att
497 244 28 22 dä
535 244 83 29 äsigten
628 244 73 22 derom
712 245 60 21 torde
782 245 57 22 inom

104 278 85 22 ständet
210 286 51 14 vara
283 278 88 27 allmän,
392 281 31 19 att
440 277 96 22 Joensuu
555 278 31 22 uti
604 278 162 28 ifrägavarande
784 280 56 20 afse-

104 312 54 22 ende
173 313 75 21 främst
263 312 66 22 borde
343 312 137 28 tillgodoses,
498 312 71 28 gällde
585 312 74 28 frågan
674 312 120 28 egentligen
809 313 32 21 fö-
856 334 5 5 ,

104 346 93 22 reträdet
211 347 89 21 emellan
315 345 88 22 Ekenäs
419 346 40 21 och
473 346 128 26 Sordavala;
617 346 39 21 och
671 346 125 22 hemställide
808 350 32 18 ta-

103 381 70 27 laren,
188 388 35 14 om
237 381 18 28 ej
271 380 57 22 valet
342 380 88 21 emellan
445 380 27 21 de
486 380 131 22 sistnämnde
632 383 83 18 orterne
727 380 70 22 kunde
808 381 33 21 öf-

104 414 119 22 verlemnas
237 415 22 21 ät
273 414 136 28 regeringen,
421 414 28 28 pä
460 414 87 22 hvilken
559 413 86 31 frägans
657 414 116 29 afgörande
784 414 56 22 dock

105 449 101 28 slutligen
221 448 101 22 berodde.

170 487 59 23 Herr
244 482 139 34 Öhrnberg
397 487 66 29 ansäg
477 487 37 22 det
527 495 52 15 vara
593 488 25 21 af
629 488 46 29 vigt
689 490 40 24 att,
744 488 33 22 till
788 488 52 22 und-

104 522 92 22 vikande
218 523 25 21 af
260 522 160 27 missförständ,
442 522 116 28 petitionen
581 522 48 22 med
650 523 83 29 tydliga
751 522 89 30 ordalag

104 556 85 22 komme
207 559 31 19 att
255 556 117 28 innehälla,
394 559 32 18 att
444 564 34 14 om
493 556 40 22 ock
547 556 98 22 Joensuu
660 557 13 21 i
682 557 89 21 främsta
784 564 56 15 rum-

104 595 44 18 met
158 590 125 22 förordades
295 590 33 22 till
343 590 121 22 erhällande
479 592 24 20 af
516 590 65 29 högre
597 591 175 22 elementarskola
786 594 55 20 samt

103 626 87 23 dernäst
205 625 86 22 Ekenäs
307 625 51 21 eller
374 624 128 29 Sordavala,
517 625 85 22 ståndet
616 626 66 21 likväl
697 626 67 28 ansåg
778 627 62 21 äfven

104 661 27 22 de
146 660 70 29 öfriga
229 667 29 14 nu
272 659 146 30 ifrägakomne
433 659 71 22 städer
519 667 51 14 vara
585 660 6 21 i
608 659 67 22 behof
683 661 25 21 af
715 660 125 22 läroanstal-

103 699 33 18 ter
151 695 40 21 och
206 694 98 29 samtlige
319 695 208 28 petitionsförslagen
543 694 81 23 säledes
639 695 98 28 förtjente
749 695 24 22 af
780 702 61 21 rege-

103 729 86 29 ringens
204 729 123 28 synnerliga
341 729 194 28 uppmärksamhet.

170 768 57 22 Herr
241 768 172 21 Hämäläinen
431 768 84 29 yttrade
534 768 40 21 den
593 767 64 30 äsigt,
677 771 30 19 att
722 769 118 23 Sordavala

103 803 66 22 borde
184 803 89 21 framför
288 803 42 20 alla
345 803 69 28 öfriga
429 810 27 13 nu
472 802 146 29 ifrägakomne
633 803 71 22 städer
715 803 48 22 med
774 803 66 29 högre

104 837 176 24 elementarskola
295 837 75 20 förses.

170 877 57 23 Herr
242 876 149 22 talmannen
406 876 120 22 förklarade
541 876 149 22 diskussionen
705 885 51 14 vara
770 877 70 23 slutad

104 911 40 22 och
159 911 131 22 framställde
306 911 93 29 följande
413 911 145 28 proposition:

171 945 46 22 Vill
235 942 85 24 ständet
338 949 77 24 antaga
430 945 113 21 utskottets
557 945 8 21 i
581 945 74 29 frägan
671 946 82 29 afgifna
767 946 73 22 betän-

170 1013 63 22 Efter
248 1013 91 22 anställd
354 1014 98 28 votering
466 1010 77 31 antogs
554 1013 143 22 betänkandet
709 1015 47 21 med
770 1015 24 20 17
805 1015 35 21 rö-

106 1052 44 17 ster
164 1051 57 18 emot
237 1048 31 21 12.

171 1087 79 22 Vidare
269 1087 95 21 uttalade
377 1087 34 28 sig
426 1087 93 27 ständet,
535 1087 52 22 efter
602 1087 73 22 derom
691 1088 24 21 af
728 1088 46 21 herr
790 1089 50 20 tal-

103 1125 107 18 mannen
225 1121 118 22 framställd
359 1121 143 28 proposition,
517 1121 48 21 med
581 1121 26 21 15
622 1123 68 20 röster
700 1126 57 17 emot
768 1123 26 20 14
806 1123 34 20 för

103 1155 40 22 den
162 1155 64 29 äsigt,
245 1158 30 18 att
294 1155 138 21 medständen
447 1155 47 21 icke
508 1155 68 21 skulle
591 1155 33 21 till
639 1155 127 29 deltagande
781 1157 7 20 i
802 1164 39 20 pe-

102 1189 90 22 titionen
207 1189 108 29 inbjudas;
337 1189 39 21 och
393 1189 83 22 komme
490 1189 81 22 således
587 1189 40 22 den
643 1190 145 29 underdäniga
801 1198 38 21 pe-

103 1224 89 21 titionen
215 1227 30 18 att
268 1223 83 22 affattas
370 1223 7 21 i
396 1223 93 29 enlighet
510 1223 48 22 med
576 1224 113 21 utskottets
706 1225 133 21 betänkande

104 1261 54 19 samt
180 1261 31 18 att
228 1258 71 22 säsom
312 1257 191 29 borgareständets
521 1257 98 23 enskilda
637 1257 75 23 besvär
730 1259 32 21 till
777 1258 61 22 Hans

102 1292 121 30 Kejserliga
238 1292 103 28 Majestät
355 1292 7 20 i
378 1291 170 29 underdänighet
561 1292 109 22 inlemnas.

171 1336 116 24 Sessionen
302 1337 53 22 slöts
370 1337 92 21 klockan
477 1336 42 22 tvä.

646 1373 21 15 In
679 1373 59 15 fidem:

544 1398 91 22 Sixtus
652 1397 158 23 Calamnius.
