1014 1809
793 164 40 21 269

115 227 98 28 uppstått
227 227 7 21 i
250 226 100 22 afseende
365 227 12 21 å
392 226 116 29 följderne,
522 226 34 22 till
572 227 40 21 och
627 227 48 22 med
691 234 52 15 anse
757 227 105 29 rådligast

115 264 31 17 att
169 260 44 22 helt
231 261 41 21 och
292 261 66 21 hållet
374 260 96 29 afstyrka
485 260 42 21 den
542 260 79 28 nådiga
636 261 174 27 propositionens
826 269 36 13 an-

114 294 105 28 tagande;
233 302 48 13 men
297 301 45 14 som
356 295 39 27 jag
407 296 18 26 ej
438 294 81 21 kunnat
530 296 54 27 göra
596 294 41 21 den
648 294 155 27 kombination,
815 301 47 15 som

114 327 40 22 här
176 328 67 26 afses,
266 328 133 29 fullkomligt
421 328 47 21 klar
490 329 34 20 för
542 328 55 29 mig,
615 328 39 21 vill
670 329 38 28 jag
727 329 18 28 ej
762 328 54 21 söka
831 331 31 18 att

114 363 53 26 göra
183 362 68 21 denna
267 363 43 20 min
326 363 56 28 åsigt
397 362 107 29 gällande.
537 362 44 29 Jag
596 363 79 21 önskar
690 363 28 28 på
732 363 38 21 det
784 363 78 28 högsta

114 399 31 18 att
167 396 26 21 de
216 396 173 29 betänkligheter
404 398 39 27 jag
461 397 6 20 i
484 397 65 21 saken
565 397 64 28 hyser
644 397 65 21 måtte
724 398 7 20 i
747 397 114 21 framtiden

114 431 47 20 visa
179 431 34 29 sig
232 431 126 28 ogrundade
373 431 40 21 och
429 431 73 21 landet
517 431 110 29 verkligen
643 432 86 21 komma
744 431 33 21 till
793 431 70 28 åtnju-

114 465 65 20 tande
194 465 23 20 af
230 465 26 21 de
272 465 101 27 fördelar,
390 473 46 14 som
451 465 47 21 med
516 465 175 30 kombinationen
708 466 63 21 afses.
795 464 67 22 Detta

114 500 70 20 skulle
199 500 33 20 för
247 499 44 29 mig
306 507 53 13 vara
374 507 26 14 en
416 503 45 18 stor
476 499 77 29 glädje.
587 499 45 22 För
647 500 41 21 den
703 499 102 22 händelse
820 499 42 21 lik-

114 533 36 21 väl
165 537 40 24 att,
221 534 70 21 såsom
304 535 39 27 jag
360 534 89 27 befarar,
465 534 63 21 dessa
543 534 172 29 betänkligheter
730 534 70 22 skulle
816 533 46 22 vin-

114 576 28 13 na
158 568 129 21 bekräftelse
303 569 24 20 af
340 567 158 28 erfarenheten,
514 568 67 21 måste
593 569 49 28 jag,
655 569 34 20 för
700 571 31 18 att
743 568 60 21 freda
813 568 49 21 mitt

115 606 94 17 samvete
224 603 33 20 för
272 602 144 21 förebråelsen
432 605 31 18 att
478 602 65 21 hafva
557 603 48 21 med
622 603 42 21 min
679 603 46 20 röst
736 601 126 23 medverkat

115 637 32 20 till
167 644 24 13 en
213 637 32 21 för
264 636 74 22 landet
352 637 87 28 skadlig
454 636 86 29 åtgärd,
555 644 110 14 reservera
679 637 46 28 mig
739 639 58 19 emot
812 644 50 20 pro-

115 671 132 27 positionevs
266 671 127 27 antagande.
431 670 44 29 Jag
493 671 57 20 inser
568 671 36 21 väl
620 674 31 19 att
665 671 44 21 min
724 671 58 28 äsigt
796 671 7 20 i
818 671 44 20 äm-

115 709 36 16 net
170 705 46 21 icke
236 705 37 21 har
289 705 67 28 utsigt
372 708 30 18 att
417 705 65 21 vinna
497 705 113 29 framgång
625 709 58 18 emot
698 705 40 22 den
754 705 108 21 allmänna

115 739 114 28 meningen
248 747 35 13 om
301 743 76 24 nyttän
396 739 40 21 och
452 739 191 28 nödvändigheten
659 740 24 21 af
695 739 27 22 de
738 739 124 28 föreslagna

115 774 139 29 ätyärderne,
277 781 48 14 men
347 774 39 20 har
402 773 69 21 likväl
490 777 70 18 ansett
578 774 44 28 mig
638 773 88 30 skyldig
741 776 31 19 att
786 773 76 22 härom

115 809 68 20 uttala
202 809 50 28 mig.
290 807 77 22 Såsom
384 809 39 27 jag
441 808 65 21 redan
524 809 86 27 antydt,
625 808 127 21 inskränker
765 809 38 28 jag
818 807 45 28 mig

115 843 68 20 likväl
199 843 32 21 till
247 846 32 17 att
294 842 84 21 biträda
393 843 49 20 herr
456 842 81 21 Malms
552 842 85 28 yttrade
652 843 93 26 mening.

184 881 59 22 Herr
257 881 131 22 Juselius:
411 881 44 28 Jag
470 882 41 20 kan
527 883 18 27 ej
562 881 50 21 fullt
626 881 48 21 dela
690 881 26 21 de
732 882 24 20 af
768 881 50 21 flere
831 881 33 21 fö-

116 916 106 29 regående
243 916 69 21 talare
334 916 132 21 framställda
485 915 172 30 betänkligheter
675 915 74 22 derom
765 918 32 18 att
810 914 54 21 Fin-

116 950 62 21 lands
195 951 56 20 bank
267 951 17 27 ej
302 950 69 21 skulle
387 950 71 21 kunna
472 951 8 20 i
495 950 113 21 framtiden
624 949 116 28 uppehålla
754 949 76 22 värdet
842 950 24 20 af

116 986 48 19 sina
179 985 77 27 sedlar,
272 984 124 29 isynnerhet
410 992 35 13 om
461 983 94 28 banken,
571 983 71 22 såsom
657 983 117 29 föreslaget
785 983 79 27 blifvit,

117 1019 171 28 omorganiseras
312 1019 39 20 och
372 1019 73 21 ställes
465 1018 67 21 under
547 1017 125 22 ständernes
688 1017 105 26 kontroll;
814 1025 50 13 men

117 1061 35 13 om
175 1053 66 20 också
263 1056 30 17 ett
316 1052 77 21 sådant
412 1052 37 21 fall
469 1053 33 20 för
516 1059 26 13 en
558 1052 31 21 tid
606 1052 68 21 skulle
690 1051 96 28 inträffa,
801 1059 62 14 anser

114 1088 38 27 jag
171 1087 56 21 dock
246 1087 70 20 denna
335 1087 115 28 olägenbet
468 1093 50 14 vara
534 1086 24 20 af
570 1085 82 22 mindre
668 1086 111 28 betydelse
794 1086 26 20 än
836 1085 28 22 de

117 1122 62 21 svåra
197 1121 108 27 förluster,
325 1121 78 21 bvaraf
420 1120 72 21 landet
507 1127 77 22 genom
599 1121 40 20 den
654 1120 124 21 nuvarande
794 1123 70 25 mynt-

117 1156 130 27 ställningen
263 1156 22 20 år
300 1156 54 20 efter
369 1155 23 21 år
408 1155 99 21 drabbas.
541 1154 52 21 Med
609 1155 100 20 afseende
725 1155 51 20 härä
792 1154 72 21 anbål-

117 1191 32 20 ler
161 1191 38 27 jag
215 1191 64 20 äfven
295 1193 30 17 att
341 1189 21 21 få
376 1189 90 21 sålunda
481 1189 111 21 modifiera
606 1189 48 20 mitt
669 1189 58 20 förra
742 1187 99 29 yttrande
858 1187 6 21 i

118 1225 80 26 ämnet,
222 1227 30 17 att
272 1225 38 27 jag
330 1223 126 28 obetingadt
471 1223 41 21 och
528 1225 50 18 utan
594 1223 70 20 vilkor
679 1222 120 28 tillstyrker
814 1229 50 20 pro-

117 1259 134 28 positionens
275 1257 119 28 antagande
412 1258 7 19 i
438 1257 49 21 dess
506 1257 79 21 helhet.
621 1256 12 21 I
649 1256 115 28 anledning
779 1256 23 21 af
816 1255 48 22 herr

118 1292 80 21 Malms
214 1292 82 27 förslag
311 1295 31 17 att
357 1292 95 21 bankens
468 1291 70 21 sedlar
553 1291 45 21 tills
614 1290 73 21 vidare
699 1289 66 22 borde
777 1290 27 27 gå
814 1289 50 22 med

118 1326 131 29 tvängskars
264 1326 6 21 i
286 1325 84 27 landet,
386 1325 36 22 ber
435 1326 39 27 jag
489 1325 22 21 få
526 1324 103 22 särskildt
644 1323 112 28 anmärka,
773 1326 31 19 att
818 1323 47 22 det-

118 1364 22 18 ta
154 1360 79 22 strider
248 1363 56 18 emot
318 1359 84 22 landets
418 1359 106 22 allmänna
536 1359 93 26 önskan,
642 1358 96 29 uttryckt
751 1358 64 21 bland
827 1366 37 14 an-

117 1398 38 18 nat
173 1395 7 20 i
199 1402 25 13 en
246 1394 92 28 petition
356 1394 7 21 i
378 1394 72 21 ämnet
464 1394 33 20 till
512 1393 62 21 Hans
588 1392 104 29 Majestät
706 1393 116 27 Kejsaren,
838 1399 26 14 en

117 1429 92 27 petition
231 1429 7 20 i
260 1428 23 21 så
305 1431 46 18 stor
372 1427 72 26 skala,
466 1430 31 18 att
514 1427 64 28 ingen
596 1434 70 13 annan
681 1426 69 22 sådan
764 1426 100 21 hitintills

119 1462 72 22 blifvit
213 1461 38 22 hos
271 1468 36 15 oss
326 1461 59 22 sedd.
422 1461 78 22 Denna
515 1460 91 28 petition
621 1459 73 30 gällde
709 1459 65 23 bland
790 1461 74 26 annat,
