1023 1728
226 196 39 21 130

196 258 55 27 viss,
273 257 98 28 vanligen
390 257 73 29 längre
482 256 41 28 tid,
539 256 82 22 hvilket
635 256 71 22 kunde
722 256 53 22 både
791 257 32 21 för
838 256 41 22 den
894 264 39 14 ena

196 292 41 20 och
252 292 65 20 andra
331 291 155 21 kontrabenten
501 290 48 22 leda
563 291 33 21 till
611 291 82 28 obehag
708 291 40 21 och
760 291 110 25 förluster;
885 298 48 14 men

195 326 68 21 finnes
278 326 7 20 i
301 325 152 28 författningen
467 327 31 19 ett
512 324 118 29 stadgande
641 325 8 21 i
659 325 37 21 det
707 325 62 28 syfte,
781 324 47 22 herr
840 324 93 22 Groten-

196 360 50 21 felts
269 359 80 28 förslag
371 360 62 25 afser,
452 359 23 21 så
493 359 43 20 står
555 359 36 21 det
609 359 181 21 kommanditären
809 359 66 27 öppet
892 361 41 24 att,

195 393 28 22 då
233 393 42 21 han
289 393 67 21 finner
371 393 36 21 det
421 392 48 22 med
484 393 32 21 sin
532 393 69 21 fördel
616 392 238 27 öfverensstämmande,
870 392 63 28 skilja

195 428 34 27 sig
244 427 46 21 från
305 427 86 28 bolaget
406 427 53 21 efter
474 430 32 18 tre
521 427 100 21 månader
635 427 58 21 förut
707 427 68 21 skedd
790 427 142 28 uppsägning.

194 462 78 21 Denna
294 461 81 21 förmån
397 461 69 21 skulle
486 460 80 22 honom
589 461 45 21 åter
652 461 98 21 beröfvas
769 468 76 21 genom
860 460 37 21 det
911 460 24 21 af

195 495 48 22 herr
259 495 127 28 Tengström
401 495 121 28 föreslagna
536 495 99 28 tillägget
649 495 32 21 till
697 496 11 27 &
723 495 20 21 2.

261 533 58 22 Herr
334 535 85 20 Holm:
448 535 44 20 För
513 535 43 20 min
579 535 34 20 del
635 541 61 14 anser
711 535 48 28 jag,
777 534 7 21 i
803 534 66 21 likhet
883 534 49 21 med

194 569 57 21 hvad
274 569 140 28 lagutskottet
429 568 120 28 föreslagit,
572 571 31 18 att
619 568 24 21 15
658 568 49 28 kap.
726 567 29 21 H.
774 567 25 22 B.
817 568 115 21 innefattar

194 603 50 21 fullt
258 603 130 27 tillräckliga
403 602 158 28 bestämningar
576 602 34 21 för
624 602 58 21 detta
697 602 48 26 fall,
759 605 50 18 utan
825 605 30 18 att
865 602 67 28 något

194 637 77 28 tillägg
289 637 71 20 dertill
379 636 110 27 behöfves,
505 636 39 21 och
560 636 55 21 hvad
632 636 67 28 enligt
713 636 13 20 2
741 636 13 28 &
770 637 12 19 5
797 643 63 14 mom.
875 635 56 22 skall
953 648 1 3 -

193 671 8 21 i
217 670 199 28 bolagskontraktet
431 673 103 25 upptagas
550 670 51 21 eller
615 672 47 19 ”om
674 669 40 22 och
725 670 54 20 huru
790 672 45 25 tyst
847 670 84 28 bolags-

193 712 50 14 man
265 704 34 21 mä
317 704 32 21 sin
367 704 63 20 rätti
446 703 86 27 bolaget
546 704 32 20 till
594 711 68 13 annan
677 704 116 20 öfverläta”
808 711 63 21 synes
886 704 45 28 mig

193 738 63 21 äfven
272 745 50 13 vara
337 738 33 20 för
385 737 119 20 ändamålet
518 737 209 28 tillfyllestgörande.
755 737 45 21 Vid
815 738 66 21 sådan
893 738 38 21 bo-

192 772 109 28 lagsmans
323 771 94 20 dödsfall
439 771 43 20 stär
504 770 36 21 det
562 771 63 20 äfven
644 771 53 20 hans
714 771 55 21 enka
788 772 73 27 öppet,
878 772 52 20 atti

193 805 59 21 detta
266 805 99 21 afseende
379 805 54 27 göra
448 804 55 21 hvad
519 805 41 20 hon
577 805 100 28 behagar,
692 805 40 20 och
745 806 38 27 jag
797 813 62 13 anser
869 806 18 27 ej
900 808 31 19 att

192 839 80 21 hennes
286 839 43 20 rätt
343 838 69 21 skulle
428 839 88 20 utsättas
532 838 34 21 för
581 838 70 28 nägon
667 838 64 27 väda,
746 839 27 23 dä
789 839 41 20 hon
845 839 39 21 har
899 842 32 18 att

192 876 79 25 trygga
289 872 34 28 sig
341 872 35 21 vid
396 872 25 20 15
437 871 48 28 kap.
500 871 29 21 H.
545 871 25 21 B.
587 872 40 21 och
643 873 12 20 5
671 880 62 14 mom.
749 873 12 20 2
777 873 11 28 &
804 873 5 20 i
825 872 40 21 den
881 873 49 21 blif-

193 907 69 20 vande
277 905 161 28 författningen.
466 905 102 22 Deremot
583 905 70 22 kunde
669 905 96 29 bolagets
781 907 88 20 beständ
885 907 45 21 ofta

193 940 51 22 bero
263 939 75 28 derpä,
356 939 105 22 huruvida
478 939 27 22 de
522 940 69 21 medel
606 940 155 21 kommanditär
776 941 6 20 i
799 941 84 27 bolaget
898 941 32 21 in-

193 977 43 18 satt
251 974 44 21 äter
310 976 85 25 uttagas
411 973 51 21 eller
476 973 57 27 icke,
549 973 40 21 och
605 973 59 22 detta
678 981 62 14 anser
752 975 38 28 jag
805 976 17 27 ej
836 975 52 21 böra
899 975 31 21 äf-

192 1011 100 24 ventyras
307 1015 77 20 genom
399 1007 128 28 antagandet
542 1008 24 21 af
573 1008 79 21 sådana
663 1009 113 20 minutiösa
787 1009 142 28 stadganden,

192 1048 46 14 som
254 1041 47 21 dem
317 1041 48 21 herr
380 1040 123 22 Grotenfelt
517 1041 118 28 föreslagit.

259 1080 58 22 Herr
331 1080 136 21 Thermen:
497 1080 42 21 Det
558 1081 25 21 af
597 1081 104 21 utskottet
716 1082 121 28 föreslagna
852 1082 78 30 tillägg

192 1115 25 21 af
235 1115 6 20 5
257 1122 62 13 mom.
335 1115 6 20 i
357 1115 12 27 &
385 1116 12 18 2
413 1122 61 13 anser
486 1115 37 28 jag
541 1115 53 21 böra
612 1115 126 27 bibehållas,
754 1116 88 21 emedan
860 1117 36 21 det
910 1118 18 27 ej

191 1148 44 21 kan
250 1156 51 13 vara
315 1148 104 28 likgiltigt
433 1149 34 20 för
481 1148 26 21 de
522 1148 141 28 gvarstäende
677 1149 174 28 bolagsmännen,
866 1150 63 22 hvem

192 1189 47 14 som
255 1182 70 20 träder
341 1182 5 20 i
363 1182 40 20 den
419 1182 114 28 afgäendes
548 1182 75 22 ställe..

260 1216 57 21 Herr
333 1211 148 33 Öhrnberg:
509 1216 65 21 Emot
590 1216 147 22 bibehållande
753 1217 24 21 af
789 1218 12 20 5
816 1225 63 13 mom.
894 1218 7 20 i
916 1218 13 28 KI

192 1250 24 26 2,
238 1250 76 21 sådant
335 1250 36 20 det
393 1250 65 21 redan
477 1250 71 21 blifvit
567 1251 24 20 af
607 1250 83 21 ståndet
704 1251 121 27 godkändt,
841 1252 37 20 vill
890 1252 39 27 jag

192 1284 47 20 icke
255 1285 52 26 göra
322 1284 149 27 anmärkning,
486 1291 46 13 men
549 1284 36 20 det
596 1284 23 20 af
629 1284 46 20 herr
687 1284 126 28 Tengström
825 1285 104 28 föreslag-

192 1325 27 13 na
235 1317 76 28 tillägg
325 1317 33 20 till
373 1324 80 14 samma
467 1320 94 18 moment
575 1317 42 21 kan
629 1318 38 28 jag
682 1318 17 28 ej
717 1318 120 28 godkänna.
861 1318 67 22 Utom

192 1350 57 22 hvad
265 1352 38 28 jag
318 1351 64 21 redan
397 1350 96 22 deremot
508 1352 107 26 anmärkt,
631 1358 63 22 synes
709 1352 36 21 det
760 1352 43 29 mig
818 1352 62 22 äfven
896 1353 38 22 stä:

192 1385 7 20 i
215 1393 25 13 en
259 1385 44 21 viss
319 1385 52 21 strid
387 1385 47 21 med
450 1386 11 19 6
477 1393 63 13 mom.
556 1385 6 21 i
578 1393 80 13 samma
673 1387 22 25 $,
711 1393 45 13 som
769 1387 78 27 jemväl
863 1387 66 21 redan

193 1420 25 20 af
233 1419 84 21 ståndet
335 1419 98 29 antagits.
469 1418 66 23 Detta
549 1422 93 19 moment
656 1420 71 28 lyder:
743 1420 70 22 ”tiden
827 1421 33 21 för
875 1421 54 21 hvil-

193 1454 41 21 ken
250 1453 87 29 bolaget
351 1453 70 21 blifvit
435 1454 110 28 ingänget,
560 1454 72 21 derest
642 1454 73 21 härom
728 1455 201 23 öfverenskommel-

194 1495 23 13 se
239 1488 102 21 träffats.”
379 1488 60 22 Skall
461 1495 28 14 nu
510 1496 63 14 mom.
593 1488 12 21 5
625 1488 79 22 erhålla
722 1489 41 21 den
782 1489 80 28 lydelse
881 1490 48 21 herr
