1017 1795
775 186 41 22 299

101 247 75 28 löning
194 247 63 23 fattat
276 248 35 21 det
330 248 79 27 beslut,
425 251 31 18 att
470 248 62 22 desse
547 248 67 22 borde
628 248 81 21 erhålla
723 249 70 21 större
808 256 37 13 an-

101 281 35 22 del
158 281 8 20 i
187 281 188 29 tingsgästningen
396 283 28 20 än
443 281 27 22 de
485 282 77 21 hittills
578 282 7 21 i
600 281 117 22 allmänhet
731 282 114 28 uppburit,

100 315 69 23 finner
188 316 38 28 jag
245 315 38 21 allt
301 315 47 22 skäl
363 315 81 27 dertill,
460 319 32 18 att
506 316 155 27 kartasigillata
676 315 33 22 till
723 315 63 22 deras
801 315 44 28 lys-

100 349 124 29 ningssedel
239 349 70 22 skulle
325 349 127 22 bestämmas
468 349 67 29 högre
550 350 26 21 än
592 350 41 22 fem
649 350 70 25 mark;
734 350 111 21 äfvensom

98 384 39 30 jag
159 391 63 14 anser
243 383 37 23 det
301 391 52 16 vara
370 384 110 28 lämpligt,
499 387 31 18 att
544 384 129 29 apothekare
688 385 72 20 erlade
775 384 70 21 denna

101 418 64 28 afgift
179 418 48 21 med
243 418 79 29 fyratio
337 418 60 22 mark
412 419 41 21 och
469 419 89 21 sålunda
572 418 88 22 ställdes
671 418 90 22 emellan
772 426 73 21 gross-

100 451 123 24 handlande
237 455 56 18 samt
309 453 32 20 in-
356 453 40 20 och
411 452 210 22 utrikeshandlande.

168 491 58 22 Herr
249 491 166 30 Tengström:
446 492 138 22 Beträffande
607 492 130 28 apothekare
759 493 86 20 förenar

98 526 39 31 jag
155 526 44 28 mig
217 526 48 21 med
281 527 52 20 sista
348 527 92 27 talaren,
463 535 48 13 men
527 527 109 28 angående
651 527 141 21 nämndemän
809 534 35 21 sy-

101 567 37 16 nes
155 560 44 29 mig
213 561 116 23 utskottets
345 561 81 29 förslag
441 561 47 21 icke
504 561 52 22 böra
570 561 93 28 frångås.
693 560 104 22 Deremot
808 569 37 13 an-

100 601 35 15 ser
147 595 39 28 jag
201 595 127 21 rusthållare
343 595 52 21 böra
410 595 89 28 erlägga
513 595 41 21 den
569 595 7 21 i
591 595 78 28 nådiga
680 595 165 29 propositionen

101 628 122 29 föreslagna
238 629 65 28 afgift
317 629 24 22 af
353 629 31 21 tio
398 629 72 28 mark,
485 629 82 24 hvilket
583 629 78 28 belopp
676 630 107 21 utskottet
793 629 51 21 ned-

100 666 43 19 satt
157 663 34 21 till
205 663 82 21 hälften
302 663 66 22 deraf.

169 702 56 23 Herr
241 703 143 25 Frenckell
406 703 68 29 ansåg
496 703 26 22 de
544 703 163 28 ifrågavarande
730 703 115 28 afgifterne

100 745 52 14 vara
175 737 24 21 af
218 737 24 22 så
259 737 63 28 ringa
340 737 140 29 betydenhet,
496 740 30 20 att
541 737 37 21 det
592 744 51 14 vore
658 737 132 28 fullkomligt
804 737 41 21 lik-

102 771 80 29 giltigt,
197 771 60 22 såväl
273 772 34 21 för
322 774 68 19 staten
406 779 46 13 som
466 771 42 22 den
522 771 104 27 enskilde,
641 779 34 13 om
690 771 27 21 de
728 770 75 29 höjdes
815 771 30 21 el-

100 805 32 22 ler
146 805 123 22 minskades
283 805 49 23 med
347 805 67 28 några
429 805 67 22 mark.
520 805 43 22 Om
578 813 48 13 man
639 805 158 28 sammansloge
808 812 37 14 an-

100 839 53 23 talet
168 839 23 22 af
204 839 26 21 de
246 839 140 28 apothekare,
402 847 46 14 som
463 839 81 29 årligen
559 839 52 28 ingå
625 839 117 29 giftermål,
757 839 24 22 så
792 839 53 22 blef-

100 881 27 15 ve
145 873 144 22 statskassans
308 873 95 22 inkomst
427 881 77 21 genom
526 873 103 28 afgiftens
651 873 124 28 förhöjning
796 881 49 13 san-

100 907 97 30 nerligen
215 909 18 28 ej
254 912 52 23 stor,
324 920 28 4 —
366 907 92 23 likasom
473 908 80 22 talaren
569 908 64 21 äfven
647 915 53 14 vore
715 907 130 29 öfvertygad

100 943 85 27 derom,
201 945 31 19 att
250 949 25 14 en
295 942 140 31 apothekare,
452 949 45 16 som
512 942 89 21 ämnade
617 941 59 22 träda
691 942 7 21 i
713 941 132 29 äktenskap,

100 977 49 24 icke
171 976 70 23 skulle
263 977 56 23 fästa
337 977 34 28 sig
388 976 76 21 dervid
483 984 35 13 om
532 976 42 21 han
589 976 34 21 för
637 976 34 21 sin
685 975 160 30 lysningssedel

100 1011 58 29 finge
173 1010 71 22 betala
259 1011 66 28 några
339 1010 61 22 mark
414 1018 46 14 mer
474 1011 53 21 eller
540 1010 90 21 mindre.

168 1044 57 22 Herr
240 1044 97 23 Wolff:
359 1044 44 29 Jag
418 1045 38 21 vill
471 1046 18 27 ej
505 1045 95 21 bestrida
614 1047 31 18 att
656 1044 25 22 så
691 1044 102 22 förhåller
804 1045 41 28 sig,

101 1087 48 15 som
163 1079 48 22 herr
226 1079 114 23 Frenckell
355 1081 72 19 senast
441 1081 76 26 yttrat,
532 1079 41 21 och
588 1078 36 22 det
639 1079 22 20 är
677 1079 18 28 ej
711 1079 34 21 för
760 1082 31 18 att
803 1079 42 22 öka

101 1117 80 20 statens
196 1113 106 27 inkomst,
317 1120 46 16 som
375 1113 39 30 jag
429 1113 111 29 föreslagit
554 1113 68 28 högre
637 1113 62 28 afgift
711 1113 34 21 för
757 1113 87 28 apothe-

101 1148 62 29 kare,
185 1155 48 16 men
249 1148 38 28 jag
307 1154 61 15 anser
387 1155 25 14 en
428 1147 44 22 viss
488 1147 83 28 princip
586 1147 42 21 och
642 1147 135 28 konseqvens
792 1147 53 21 böra

101 1182 107 30 genomgå
229 1182 74 28 hvarje
319 1181 8 22 i
345 1181 190 29 lagstiftningsväg
554 1181 133 24 tillkommen
706 1181 139 29 författning,

101 1217 42 21 och
158 1217 34 21 för
207 1219 31 19 att
252 1216 71 21 denna
337 1215 85 29 princip
437 1217 18 26 ej
471 1216 34 21 må
518 1215 92 28 rubbas,
628 1215 76 27 borde,
719 1215 67 29 enligt
800 1215 45 21 min

100 1251 75 25 tanke,
191 1250 129 29 apothekare
335 1250 31 22 uti
381 1249 163 30 ifrågavarande
558 1249 39 23 fall
612 1250 109 21 beskattas
735 1249 49 22 med
794 1252 51 19 tret-

101 1285 30 23 tio
147 1285 33 21 till
195 1285 41 20 och
251 1284 49 21 med
315 1284 78 29 fyratio
408 1284 68 23 mark,

169 1318 64 21 Efter
247 1318 74 22 derom
335 1318 25 23 af
372 1318 49 23 herr
435 1318 150 23 talmannen
600 1318 135 21 framställda
746 1318 99 27 proposi-

101 1353 77 26 tioner,
193 1352 125 29 godkändes
333 1352 48 21 med
392 1352 160 28 öfvervägande
562 1352 156 28 röstpluralitet
728 1352 117 21 utskottets

101 1386 135 24 betänkande
259 1386 109 28 angående
390 1386 116 29 stämpladt
527 1393 83 23 papper
632 1385 32 23 till
686 1385 159 29 lysningssedel

102 1421 56 22 både
173 1421 33 20 för
221 1420 138 26 rusthällare,
373 1420 142 23 nämndemän
530 1420 40 22 och
586 1420 136 27 apothekare.

170 1453 59 22 Herr
244 1452 26 22 O.
284 1453 22 21 J.
323 1453 140 28 Grönberg
477 1453 84 28 yttrade
576 1452 105 29 följande:
709 1452 14 21 I
737 1453 51 28 följe
799 1453 46 28 af
835 1448 13 38 &

103 1489 42 24 204
160 1489 7 23 i
185 1487 115 32 kejserliga
319 1487 153 30 förordningen
491 1495 35 15 om
540 1487 52 22 lots-
607 1486 40 23 och
663 1486 146 23 bäkväsendet
823 1487 25 24 af
