1014 1798
189 203 41 23 294

160 265 106 29 bjudning
280 266 34 21 till
328 265 156 23 bondeståndet
500 268 31 20 att
545 266 75 21 förena
635 265 33 28 sig
683 265 31 23 uti
729 268 31 19 ett
772 264 39 23 hos
823 268 82 26 preste=

161 300 86 22 ståndet
268 300 66 21 väckt
355 300 94 28 förslag,
471 299 111 29 angående
604 299 132 29 underdånig
757 300 91 29 petition
870 306 35 15 om

160 334 134 21 afskaffande
312 334 25 21 af
352 333 41 22 den
412 334 8 20 i
438 333 79 29 nådiga
531 334 143 27 kungörelsen
689 334 24 21 af
725 334 41 21 den
782 334 27 20 30
820 334 85 27 januari

162 368 54 23 1862
228 375 64 14 mom.
306 368 25 21 17
344 368 103 28 stadgade
462 368 154 27 terminsafgift
630 368 25 20 af
666 375 38 15 sex
715 368 60 21 rubel
787 368 34 21 för
832 368 74 27 bvarje

160 402 38 21 vid
216 402 137 28 gymnasium
371 401 51 21 eller
432 401 76 31 högre
526 401 177 29 elementarskola
717 401 119 22 inskrifven
851 402 55 26 elev,

161 437 53 21 som
229 436 49 23 icke
295 434 72 24 kunde
380 435 168 29 vederbörligen
567 436 75 28 styrka
661 439 31 17 att
707 436 111 31 synnerlig
834 436 73 28 fattig-

161 470 51 21 dom
233 470 67 22 sådan
324 470 74 28 afgifts
416 469 131 29 erläggande
561 469 114 27 bindrade;
699 469 40 23 och
755 470 55 22 hade
827 469 79 22 bonde-

161 504 85 23 ståndet
261 504 82 28 antagit
358 504 89 22 berörde
462 504 128 29 inbjudning
601 504 119 27 såtillvida,
732 507 31 18 att
774 504 84 22 ståndet
870 512 37 14 an-

160 542 44 18 sett
221 538 142 23 omförmälda
378 538 64 28 afgift
457 539 53 21 böra
525 538 76 22 endast
615 538 109 22 nedsättas
740 539 31 21 till
788 539 81 21 hälften
885 539 25 23 af

161 572 50 22 dess
224 580 29 14 nu
268 572 100 30 gällande
383 573 79 28 belopp
478 572 40 22 och
534 573 82 22 således
632 573 33 21 till
679 576 33 18 tre
727 573 61 23 rubel
799 574 33 20 för
843 572 64 22 hvar-

159 608 22 28 je
197 608 81 22 termin.

229 641 104 29 Samtlige
349 640 137 25 förenämnde
502 640 208 30 protokollsutdrag,
726 641 74 22 hvilka
813 642 93 28 angingo

162 675 95 27 ärender,
276 675 49 21 dem
343 675 85 21 ståndet
446 675 65 21 redan
527 675 33 21 till
576 676 75 30 slutlig
664 675 77 29 åtgärd
756 676 95 21 förehaft
865 675 41 22 och

160 710 50 24 icke
221 710 113 30 påkallade
346 710 72 21 vidare
431 710 85 28 åtgärd,
532 710 70 21 skulle
613 710 76 28 läggas
701 710 33 21 till
745 710 161 29 handlingarne.

230 756 103 23 Härefter
354 756 110 20 fortsattes
486 755 41 21 den
549 755 67 21 under
637 755 160 29 förmiddagens
823 756 83 22 session

161 790 117 32 påbörjade
300 790 160 28 granskningen
483 790 23 24 af
523 793 151 21 sammansatta
693 793 62 21 stats-
775 791 40 21 och
832 790 75 22 bevill-

161 824 181 29 ningsutskottets
365 824 135 23 betänkande
519 824 7 21 i
544 824 115 28 anledning
677 824 24 24 af
714 824 79 28 nådiga
808 826 99 27 proposi-

161 859 73 21 tionen
246 866 35 14 om
291 858 93 22 revision
396 859 25 20 af
430 858 178 29 författningarne
620 858 109 29 angående
741 858 166 30 kartasigillata-

163 893 97 29 afgiften.

230 927 58 22 Herr
302 927 88 22 Wolff
405 927 95 31 yttrade:
529 927 45 29 Jag
588 930 62 25 tager
663 927 46 28 mig
724 927 90 28 friheten
829 931 32 18 att
875 927 38 24 fä-,

163 965 34 18 sta
218 961 96 22 ständets
336 961 190 29 uppmärksamhet
544 961 76 28 derpä,
639 964 31 18 att
688 961 106 23 utskottet
807 962 100 23 uteslutit

162 995 223 28 kartasigillataafgift
401 996 34 21 för
450 995 82 28 diplom
547 995 12 22 ä
574 995 92 23 honorär
681 995 155 28 doktorsgrad,
852 996 55 21 hvil-

161 1030 43 21 ken
223 1029 63 28 afgift
305 1029 3 22 i
322 1029 42 22 den
378 1029 80 28 nädiga
472 1029 162 29 propositionen
650 1029 110 29 upptagits
775 1030 32 21 till
823 1030 85 21 etthun-

162 1064 39 21 dra
222 1063 67 22 mark.
326 1062 76 23 Under
421 1063 135 28 äberopande
576 1064 23 21 af
611 1063 49 21 herr
675 1063 84 22 Taubes
775 1065 132 23 reservation

163 1102 58 18 emot
242 1098 70 23 denna
333 1097 35 22 del
387 1098 25 21 af
425 1098 154 27 betänkandet,
594 1105 63 16 anser
669 1099 38 27 jag
723 1098 162 28 bestämningen
900 1099 7 21 i

163 1132 89 23 berörde
267 1131 101 23 afseende
381 1132 9 21 i
400 1131 42 22 den
453 1132 79 28 nädiga
542 1131 162 29 propasitionen
716 1131 53 22 böra
781 1132 125 23 bibehällas.

230 1166 58 21 Herr
302 1165 133 23 Juselius:
464 1165 114 23 Utskottet
593 1166 37 21 har
643 1165 70 29 utgätt
728 1166 47 21 frän
790 1166 41 22 den
844 1167 63 28 äsigt,

163 1203 32 19 att
209 1200 90 21 nämnde
315 1200 64 29 afgift
393 1201 18 27 ej
428 1200 66 21 borde
510 1207 40 22 ega
564 1207 57 20 rum,
637 1199 27 21 dä
679 1198 36 23 det
730 1207 51 14 vore
796 1201 61 28 fräga
872 1208 35 14 om

163 1242 27 13 en
211 1234 57 26 titel,
292 1241 46 14 som
356 1234 101 27 vanligen
477 1233 83 22 utdelas
578 1234 24 21 af
617 1233 60 24 lärda
692 1233 100 23 samfund
807 1235 41 20 och
863 1235 45 22 mä-

163 1267 72 24 hända
249 1268 46 21 ofta
310 1270 57 19 emot
380 1267 53 21 dens
448 1267 93 28 önskan,
556 1275 46 13 som
617 1267 63 24 deraf
693 1267 41 21 blir
749 1267 102 29 delaktig.

231 1301 57 21 Herr
303 1301 95 22 Wolff:
427 1301 44 29 Jag
491 1301 37 22 vill
548 1302 19 27 ej
582 1301 56 21 neka
656 1301 82 27 dertill,
757 1304 32 20 att
805 1302 102 28 mängen,

163 1342 47 16 som
228 1335 86 24 erhållit
332 1335 66 28 titlar,
417 1335 56 22 helst
487 1335 52 22 eller
554 1335 129 21 åtminstone
697 1335 45 23 lika
757 1343 66 20 gerna
837 1336 70 22 skulle

163 1369 57 20 varit
240 1369 49 20 dem
307 1369 95 25 förutan;
425 1376 48 13 men
491 1368 7 21 i
514 1369 116 28 anledning
648 1368 25 21 af
688 1368 169 29 anmärkningen
876 1372 32 21 att

163 1402 123 22 densamma
304 1402 69 22 skulle
387 1402 83 22 utdelas
486 1403 24 21 af
522 1402 60 21 lärda
598 1401 109 29 samfund,
723 1402 38 22 vill
773 1403 39 29 jag
826 1403 81 30 erinra,

165 1440 31 18 att
210 1437 66 28 sagde
291 1436 129 25 utmärkelse
434 1437 70 28 gifves
521 1437 23 21 af
556 1438 133 28 regeringen,

232 1471 81 21 Herrar
334 1471 142 27 Sundman,
502 1466 149 33 Öhrnberg,
678 1471 160 30 Tengström
865 1473 42 24 och

165 1505 146 32 Bergstedt
326 1505 101 25 förenade
442 1506 34 29 sig
490 1506 48 24 med
553 1506 49 23 herr
617 1505 76 25 Wolff,
