1028 1784
223 179 42 22 210

194 246 87 18 rarenes
296 242 61 21 löner
371 241 73 23 blifvit
459 240 105 30 förhöjda,
577 242 24 21 så
615 248 51 16 vore
681 241 37 21 det
733 241 47 22 icke
796 241 92 29 obilligt,
903 248 35 14 om

194 280 79 23 staten,
289 284 46 14 som
351 276 124 28 härigenom
489 276 94 22 åhvälfts
599 277 82 28 ganska
692 275 113 30 betydliga
816 276 124 27 kostnader,

194 312 64 21 äfven
277 310 71 23 kunde
366 310 95 29 påräkna
479 310 71 29 någon
569 310 150 22 motsvarande
734 310 105 27 inkomst,
856 310 83 28 derige-

194 353 51 14 nom
263 348 32 19 att
313 345 81 21 enhvar
411 344 8 21 i
434 344 69 22 bättre
519 345 182 28 omständigheter
717 344 73 28 stadd,
805 346 64 20 hvars
885 344 53 22 barn

194 380 100 29 begagna
309 380 34 28 sig
358 380 24 20 af
394 378 111 28 skolorna,
521 379 48 21 med
584 380 67 27 några
662 379 60 21 rubel
735 379 100 29 bidrager
846 379 33 21 till
890 378 49 22 des-

195 422 34 14 sas
251 413 119 22 underhåll.
406 412 65 22 Hvad
489 412 198 30 söndagsskolorna
705 413 108 27 beträffar,
832 414 24 20 så
870 413 68 22 borde

194 448 37 21 väl
253 448 43 21 alla
317 448 26 20 de
365 447 77 27 elever,
464 454 47 14 som
529 447 38 21 der
585 447 94 27 inträda,
698 447 72 22 kunna
789 447 101 21 hänföras
905 447 34 21 till

194 482 87 22 klassen
303 482 26 21 af
343 481 116 22 medellösa
477 481 40 21 och
537 481 83 21 således
635 489 52 14 vara
701 481 97 22 befriade
813 481 46 21 från
875 482 64 27 afgif-

194 519 47 19 tens
257 515 138 29 erläggaade,
410 516 41 20 och
466 523 34 13 om
515 515 63 21 dessa
593 516 73 21 skolor
681 516 37 20 äro
733 523 45 14 mer
792 516 52 21 eller
855 515 83 22 mindre

194 550 101 26 besökta,
310 551 62 20 torde
387 550 76 21 sådant
477 550 181 29 hufvudsakligen
672 550 52 22 bero
740 551 25 21 af
775 550 95 21 lärarens
884 550 55 28 dug-

194 584 70 30 lighet
279 584 41 22 och
335 584 102 28 förmåga.

263 624 59 22 Herr
337 623 149 22 talmannen
505 624 101 28 upplyste
623 624 8 21 i
642 623 121 30 anledning
777 624 26 21 af
814 624 74 28 frågan
904 632 35 14 om

194 659 192 28 terminsafgiftens
401 659 104 21 inverkan
520 659 28 27 på
563 658 207 29 söndagsskolorna,
786 662 30 18 att
831 667 26 13 en
871 660 69 20 sådan

196 694 63 28 afgift
277 693 48 21 icke
343 694 24 21 är
382 693 33 21 för
430 692 63 22 dessa
507 692 74 22 skolor
595 693 144 29 ovilkorligen
754 693 118 28 påbjuden,
886 696 53 18 utan

195 735 53 14 vore
269 727 36 22 det
323 726 156 22 öfverlemnadt
497 727 32 22 till
544 727 74 28 hvarje
633 727 59 21 stads
708 727 133 29 borgerskap
858 730 30 18 att
903 728 37 21 be-

196 763 90 20 stämma
301 760 105 22 huruvida
420 761 71 21 denna
506 761 64 29 afgift
584 761 55 21 skall
651 761 7 21 i
670 761 49 21 dess
731 762 157 28 söndagsskola
898 769 40 21 ega

196 803 47 15 rum
258 796 53 21 eller
325 795 54 22 icke.

263 834 58 22 Herr
335 834 158 22 Lemström:
521 834 50 30 Mig
586 842 64 21 synes
665 835 37 21 det
716 836 95 28 obilligt,
826 839 31 18 att
868 836 34 21 för
913 837 27 21 de

197 870 64 26 barn,
283 869 85 21 hvilkas
390 869 106 21 föräldrar
514 870 27 21 bo
559 870 8 21 i
585 869 42 22 den
642 870 58 27 stad,
715 870 38 21 der
768 870 76 21 skolan
860 870 80 28 finnes,

197 905 70 20 skulle
285 904 100 28 erläggas
403 903 162 30 terminsafgift,
584 903 88 22 hvilken
687 905 56 21 visat
757 905 34 28 sig
806 906 83 27 ganska
904 906 36 21 be-

197 938 109 29 tungande
325 938 33 21 för
375 938 8 21 i
402 938 100 21 städerne
520 938 83 22 bosatte
617 938 82 22 mindre
715 939 123 21 bemedlade
853 941 87 26 tjenste-

196 972 59 27 män,
274 971 123 29 isynnerhet
412 979 35 14 om
462 971 27 22 de
504 972 65 21 hafva
584 972 50 21 flere
650 973 50 20 barn
715 973 8 21 i
737 973 83 21 skolan.
848 973 45 29 Jag
909 974 31 21 bi-

192 1006 77 22 träder
283 1006 84 21 derföre
381 1006 119 27 petitionen
513 1006 8 21 i
537 1005 49 22 dess
601 1006 77 21 helhet.

192 1066 2 2 N
265 1039 56 22 Herr
336 1039 95 22 Wolff:
459 1039 45 28 Jag
526 1040 95 21 anhåller
644 1041 21 20 få
683 1041 74 21 förena
776 1042 45 28 mig
838 1042 6 21 i
860 1042 41 21 den
917 1043 25 21 af

196 1074 49 21 herr
260 1073 126 22 Dahlström
401 1073 95 22 uttalade
511 1074 64 28 äsigt.
604 1073 42 22 Väl
662 1082 65 21 synes
741 1075 38 21 det
793 1075 83 28 förslag
890 1075 49 22 herr

196 1107 128 29 Tengström
347 1107 106 22 framstält
474 1108 64 21 hafva
556 1115 30 14 en
603 1108 44 21 viss
667 1109 98 28 billighet
784 1109 33 22 för
832 1110 43 28 sig;
890 1118 48 13 men

198 1142 28 21 dä
243 1145 70 18 staten
331 1142 13 21 å
362 1149 39 14 ena
419 1142 60 21 sidan
496 1143 39 28 gör
550 1145 58 18 stora
622 1143 149 28 uppoffringar
786 1144 33 20 för
834 1147 31 17 att
881 1144 59 21 bilda

198 1177 75 20 ämnen
289 1176 33 20 för
337 1178 30 19 ett
381 1176 104 21 särskildt
499 1176 59 27 fack,
574 1176 37 21 det
624 1177 102 26 militära,
741 1178 7 20 i
763 1177 82 22 hvilket
856 1178 83 21 afseen-

198 1210 27 21 de
246 1210 99 21 eleverne
362 1209 8 21 i
388 1209 84 22 landets
488 1209 141 30 kadettkorps
645 1211 18 28 ej
680 1211 55 21 blott
750 1211 65 22 hafva
828 1212 112 21 undervis-

198 1244 79 27 ningen
291 1243 144 27 kostnadsfri,
450 1248 50 17 utan
516 1245 63 21 äfven
594 1245 32 20 till
642 1252 25 13 en
682 1248 45 18 stor
742 1245 35 22 del
792 1247 60 27 njuta
863 1246 77 22 under-

199 1277 43 22 håll
264 1278 28 27 pä
313 1280 80 19 statens
413 1278 128 27 bekostnad,
560 1279 23 20 sä
603 1286 63 21 synas
680 1280 91 21 rättvisa
785 1280 40 21 och
841 1280 100 29 billighet

199 1311 81 27 fordra,
303 1314 31 18 att
352 1312 18 27 ej
389 1312 37 26 de,
442 1319 46 14 som
504 1313 80 20 besöka
598 1313 83 20 landets
697 1313 74 21 skolor
786 1314 34 20 för
835 1317 31 17 att
881 1314 58 21 bilda

199 1345 34 28 sig
254 1345 34 20 för
309 1344 41 21 den
372 1345 64 21 civila
458 1346 224 27 tjenstemannabanan
705 1346 51 21 eller
776 1347 67 21 andra
861 1347 79 28 yrken,

200 1378 76 22 skulle:
287 1379 104 28 betungas
400 1374 11 39 -
410 1378 49 22 med
474 1379 87 29 afgifter
576 1379 34 22 för
624 1380 188 29 undervisningen.
841 1380 35 22 Då
891 1389 49 14 man

200 1413 18 28 ej
237 1413 66 21 sätter
321 1412 7 21 i
343 1413 60 28 fråga
418 1415 31 19 att
463 1414 100 27 uppoffra
578 1417 80 19 statens
672 1413 70 24 medel
757 1415 28 28 pä
800 1415 140 30 kadettkorp-

200 1455 48 20 sen,
266 1447 67 22 borde
351 1447 129 24 ätminstone
494 1449 180 30 undervisningen
689 1450 7 21 i
712 1449 26 22 de
753 1450 70 29 öfriga
837 1451 103 22 skolorna

200 1490 51 14 vara
266 1481 139 23 kostnadsfri.
602 1499 2 2 ä
