1009 1809
774 174 40 21 441

289 238 125 33 Fredagen
434 238 46 25 den
501 240 29 23 12
549 238 105 25 februari

102 281 93 23 klockan
211 282 57 21 elfva
282 283 46 21 före
344 283 112 28 middagen
478 282 171 23 sammanträdde
667 282 176 28 borgareståndet

103 316 33 21 till
153 316 95 28 plenum,
263 316 74 23 dervid
353 317 41 21 alla
409 317 95 20 ståndets
519 317 137 21 medlemmar
667 323 51 14 voro
730 315 112 26 tillstädes,

103 354 59 18 utom
178 350 72 22 herrar
264 350 127 28 Bergstedt,
407 358 45 14 som
468 351 7 20 i
490 351 69 28 grund
574 352 24 21 af
610 350 94 23 anmäldt
719 350 71 22 förfall
807 350 36 21 har

104 384 26 23 de
152 384 117 26 uteblifvit,
292 383 128 28 Lindeqvist
442 385 39 20 och
500 384 124 26 Frenckell,
646 384 73 21 hvilka
737 384 48 22 med
801 384 43 21 till-

103 417 63 22 stånd
186 418 45 21 från
246 417 76 22 staden
340 417 99 27 bortrest,
463 421 55 18 samt
533 417 137 27 Parviainen,
692 425 46 15 som
753 417 90 23 anmälts

103 452 26 23 af
140 451 110 22 inträffadt
264 452 126 21 illamående
406 459 51 14 vara
472 451 90 22 hindrad
578 455 31 18 att
624 453 33 27 sig
671 451 87 24 infinna,
840 447 2 2 |

171 485 44 22 Till
227 486 107 28 justering
348 486 111 28 upplästes
471 485 94 22 ståndets
577 486 167 30 pleniprotokoll
756 485 34 22 för
801 485 42 23 den

103 521 27 23 29
146 520 96 21 sistlidne
254 520 93 28 januari.

168 553 140 30 Justeringen
330 554 83 21 afbröts
435 562 77 22 genom
531 555 125 21 ankomsten
675 555 24 23 af
714 562 26 13 en
755 554 88 29 deputa-

104 589 46 23 tion
174 589 46 22 från
242 589 167 28 presteståndet,
432 589 65 23 under
519 589 117 21 anförande
654 590 23 19 af
693 589 48 21 herr
756 593 87 23 prosten

103 623 87 26 Heikel,
205 621 87 24 hvilken
307 623 39 28 gaf
358 623 114 21 tillkänna:
485 624 39 25 1:0,
537 627 31 17 att
580 623 156 28 presteständet
747 623 97 28 godkänt

103 657 253 28 expeditionsutskottets
368 657 83 29 förslag
463 657 31 21 till
506 657 124 21 ständernes
643 657 144 28 underdåniga
795 665 49 14 svar

103 692 7 21 i
133 691 115 28 anledning
270 691 24 21 af
314 691 78 28 nådiga
414 691 159 28 propositionen
592 698 34 14 om
645 691 161 28 förebyggande
821 691 25 21 af

104 725 117 28 olämpliga
243 725 105 21 förbehåll
370 725 35 21 vid
424 725 157 28 fastighetsköp
600 725 40 21 och
653 725 191 28 jordegendomars

104 759 133 22 öfverdrifna
252 759 134 28 betungande
401 759 47 21 med
460 760 88 28 sytning
560 759 40 21 och
612 759 66 22 andra
689 759 86 26 besvär;
790 763 54 17 samt

104 795 41 27 £2:0,
161 797 30 18 att
206 793 64 22 sedan
286 793 242 29 expeditionsutskottet
543 794 38 20 hos
596 793 156 28 presteständet
763 794 81 20 anmält

104 828 73 22 derom
194 832 30 17 att
239 828 26 21 de
281 828 176 28 skiljaktigheter,
473 835 45 14 som
534 828 6 21 i
556 828 98 21 ständens
670 828 70 21 beslut
751 828 93 21 förefun-

104 871 38 13 nes
160 862 132 24 beträffande
308 862 58 21 vissa
380 862 58 21 delar
453 862 7 21 i
475 862 41 20 den
530 862 80 28 nädiga
624 862 161 28 propositionen
800 861 43 21 N:o

105 898 38 27 11,
158 896 110 29 angående
283 904 104 20 anonyma
402 896 51 21 eller
469 896 122 29 aktiebolag
602 896 40 21 och
655 899 56 25 tysta
722 896 52 21 eller
784 896 60 21 kom-

104 931 158 28 manditbolag,
274 930 100 29 utgjorde
385 931 75 20 binder
472 931 32 21 för
515 930 143 29 uppsättande
670 931 24 20 af
702 933 30 18 ett
744 931 33 20 för
788 931 57 20 stän-

104 965 66 24 derne
192 967 131 25 gemensamt
344 964 142 28 underdänigt
507 971 49 14 svar
574 964 7 21 i
599 965 80 24 ämnet,
695 964 54 21 hade
764 967 80 24 preste-

104 999 95 25 ståndet,
215 999 32 20 för
263 1001 31 18 att
308 998 148 21 åstadkomma
471 998 40 21 den
526 998 7 20 i
549 997 89 22 berörde
654 997 99 22 afseende
765 998 79 27 nödiga

104 1033 119 30 plaralitet,
242 1031 48 22 med
310 1031 128 28 frängäende
453 1031 24 21 af
490 1031 48 21 dess
554 1031 57 21 förra
626 1031 70 22 beslut
714 1030 130 23 beträffande

104 1066 97 29 lydelsen
218 1067 23 20 af
254 1067 26 27 $$
296 1066 12 21 3
324 1065 40 22 och
380 1066 12 20 7
407 1065 7 21 i
428 1065 102 29 förslaget
542 1065 109 28 angående
662 1065 41 21 den
716 1065 129 22 förstnämn-

104 1101 28 22 de
150 1104 58 18 arten
228 1101 24 22 af
265 1100 73 28 bolag,
354 1100 84 21 förenat
453 1100 35 27 sig
502 1107 34 14 om
551 1099 149 28 ridderskapet
714 1099 41 21 och
771 1099 73 22 adelns

104 1135 41 22 och
168 1134 188 29 borgareständets
378 1134 159 28 samstämmiga
560 1134 80 27 beslut,
662 1137 54 18 samt
735 1134 109 21 instämt
830 1130 17 37 i

104 1169 151 28 ridderskapet
273 1168 40 21 och
332 1168 73 21 adelns
424 1168 40 21 och
480 1167 165 22 boudeständets
660 1168 83 29 förslag
758 1171 31 18 att
803 1168 41 21 den

106 1203 109 22 blifvande
238 1202 153 28 författningen
413 1202 69 21 skulle
503 1201 81 22 erhålla
607 1209 25 14 en
651 1209 28 21 ny
697 1202 23 30 &,
739 1202 41 21 den
796 1203 24 20 ll
838 1203 7 20 i

106 1238 128 27 ordningen,
257 1237 25 20 af
296 1236 36 21 det
350 1236 104 27 innehäll,
471 1236 84 21 hvartill
570 1236 63 21 dessa
648 1236 36 21 tvä
698 1236 62 21 ständ
776 1236 68 21 beslu-

106 1273 36 24 tit;
157 1270 39 22 och
213 1270 127 21 framfördes
355 1269 101 30 derjemte
470 1277 25 14 en
511 1270 127 28 inbjudning
654 1269 31 22 till
698 1270 147 28 borgarestän-

105 1306 38 21 det
158 1307 32 19 att
204 1305 6 20 i
226 1304 166 28 presteständets
407 1304 129 21 sistberörde
551 1303 75 29 åtgärd
642 1304 33 28 sig
691 1305 79 20 förena.

173 1338 64 21 Efter
251 1338 36 21 det
302 1337 150 29 deputationen
468 1337 72 22 blifvit
552 1339 23 20 af
583 1337 48 22 herr
646 1338 149 21 talmannen
810 1338 36 21 be-

105 1373 80 22 tackad
203 1372 40 22 och
259 1372 89 27 afträdt,
367 1372 115 21 afslutades
494 1372 131 28 justeringen
641 1372 25 21 af
677 1372 169 30 pleniprotokol-

106 1409 30 21 let
158 1408 34 20 för
210 1406 40 22 den
269 1407 26 20 29
311 1407 93 27 januari,
427 1406 51 22 derä
496 1407 40 21 och
552 1406 64 21 sedan
633 1406 49 22 herr
697 1406 148 22 talmannen

106 1442 105 21 förklarat
225 1442 33 26 sig
274 1441 51 27 vilja
340 1440 32 20 till
388 1441 164 27 öfverläggning
567 1441 7 19 i
589 1440 84 21 ständet
688 1440 113 21 framdeles
814 1442 32 19 fö-

105 1476 91 28 redraga
212 1473 145 32 nyssnämyde
370 1474 23 21 af
404 1474 158 30 presteständet
576 1473 76 29 gjorda
668 1474 135 29 inbjuduing,
816 1474 30 21 vi-
