1036 1798
798 166 25 22 13

110 228 73 28 frågan
206 228 85 21 komme
313 231 32 18 att
362 228 33 21 till
414 228 101 22 ståndens
534 229 108 21 allmänna
658 229 170 22 besvärsutskott
844 230 6 19 i

109 262 100 21 afseende
224 262 12 21 å
252 262 72 22 vidare
340 262 131 29 bebandling
486 263 126 21 remitteras.

624 298 21 16 In
657 298 59 16 fidem:

522 324 58 22 And.
595 324 59 22 John
670 324 124 30 Hornborg.

175 358 86 22 Beslöts
280 362 31 18 att
331 358 90 22 berörde
440 358 199 29 protokollsutdrag
658 359 68 21 skulle
745 359 60 29 ligga
823 360 29 27 på

108 392 76 22 bordet
199 393 32 21 till
247 394 61 20 nästa
323 394 93 28 plenum.

175 432 102 23 Härefter
293 434 101 28 föredrog
408 433 49 21 herr
471 433 150 22 talmannen
636 409 93 53 följande
745 434 47 21 från
806 434 47 28 lag-

108 468 107 22 utskottet
229 468 100 22 inkomne
345 468 158 27 betänkanden,
518 468 118 28 nemligen:

176 502 22 28 a)
228 501 164 29 Lagutskottets
415 484 133 40 betänkande
567 502 44 22 N:o
630 502 22 27 8,
671 502 7 21 i
696 502 116 29 anledning
832 503 24 21 af

108 536 62 22 Hans
188 536 123 29 Kejserliga
329 536 113 29 Majestäts
458 536 78 29 nådiga
551 537 135 27 proposition
702 544 34 14 om
751 537 102 28 förebyg-

109 571 70 29 gande
201 572 24 20 af
245 571 117 28 olämpliga
384 570 106 22 förbehåll
510 570 35 22 vid
565 571 159 28 fastighetsköp
739 570 41 22 och
793 571 60 29 jord-

108 604 141 30 egendomars
265 604 133 22 öfverdrifna
414 604 134 30 betungande
564 605 48 21 med
628 605 87 29 sytning
730 605 41 22 och
786 604 67 22 andra

108 640 87 25 besvär;

177 674 23 28 b)
229 674 166 28 Lagutskottets
415 674 133 21 betänkande
562 673 45 22 N:o
623 674 37 27 10,
678 674 7 21 i
701 674 115 28 anledning
831 674 25 21 af

108 708 62 21 Hans
185 708 123 28 Kejserliga
323 707 112 29 Majestäts
451 708 78 29 nådiga
544 708 135 29 proposition
695 708 109 29 angående
816 708 37 22 hä-

108 742 205 22 radsnämndemäns
329 742 118 30 antagande
464 742 40 22 och
520 743 108 27 aflöning;

176 778 23 28 c)
228 777 165 28 Lagutskottets
413 776 132 22 betänkande
560 776 44 22 N:o
621 778 35 26 11,
676 777 7 21 i
698 776 118 29 anledning
831 777 24 21 af

108 811 62 22 Hans
193 810 124 30 Kejserliga
337 810 114 30 Majestäts
478 810 78 30 nådiga
581 811 135 28 proposition
742 811 111 29 angående

109 845 152 29 upphäfvande
285 846 24 21 af
325 845 189 29 indigenatsrätten
533 846 34 20 för
584 845 132 22 läroståndet
734 846 58 21 inom
808 845 45 21 lan-

110 880 46 26 det;
171 884 54 18 samt

177 915 24 27 d)
231 914 165 29 Lagutskottets
416 914 132 22 betänkande
563 913 44 22 N:o
624 915 36 26 12,
678 915 7 20 i
700 914 116 29 anledning
832 914 25 21 af

110 948 61 22 Hans
193 949 124 28 Kejserliga
339 948 113 29 Majestäts
478 949 78 28 nådiga
582 949 135 28 proposition
743 948 110 29 angående

112 983 150 28 upphäfvande
278 984 23 20 af
315 983 149 28 ridderskapet
479 983 40 21 och
535 983 73 21 adelns
623 983 134 21 uteslutande
768 983 44 21 rätt
823 985 31 18 att

110 1018 41 27 äga
166 1017 114 28 frälsejord
296 1017 48 21 med
359 1017 136 21 säterifrihet.

177 1051 87 21 Beslöts
279 1051 33 21 till
328 1051 159 28 bordläggning
502 1051 24 20 af
537 1051 92 21 nämnde
645 1051 47 28 fyra
703 1051 151 22 betänkanden

110 1086 33 21 till
159 1087 60 20 nästa
235 1086 94 28 plenum.

178 1125 81 21 Vidare
279 1125 112 29 föredrogs
410 1125 228 22 ekonomieutskottets
657 1125 134 22 betänkande
810 1125 44 22 N:o

112 1161 22 26 1,
149 1160 7 21 i
171 1159 116 29 anledning
302 1160 25 21 af
338 1159 62 22 Hans
416 1159 122 29 Kejserliga
553 1159 113 28 Majestäts
682 1159 79 29 nådiga
776 1167 78 20 propo-

111 1195 63 20 sition
197 1194 112 29 angående
331 1194 168 28 reorganisation
522 1194 23 21 af
563 1194 109 21 städernes
688 1194 166 21 kommunalför-

111 1228 103 29 valtning.

178 1261 32 22 Pä
228 1262 158 28 framställning
406 1262 23 21 af
445 1262 48 21 herr
509 1257 141 33 Öhrnberg
664 1261 90 28 beslöts,
774 1264 31 19 att
821 1262 34 21 be-

110 1297 63 21 rörde
196 1296 145 27 betänkande,
365 1296 47 21 med
435 1297 99 21 afseende
553 1297 12 20 å
584 1297 82 20 ämnets
684 1295 106 22 särskilda
809 1296 47 29 vigt

111 1332 35 20 för
165 1330 186 29 borgareståndet,
370 1330 70 21 skulle
459 1331 28 27 på
502 1330 111 21 obestämd
629 1330 31 21 tid
676 1330 130 28 bordläggas
821 1331 35 20 för

111 1367 31 18 att
157 1364 32 21 till
205 1364 131 28 behandling
351 1365 116 27 företagas,
483 1364 65 21 sedan
563 1366 31 19 ett
608 1365 68 20 större
692 1363 58 22 antal
765 1363 24 22 af
798 1363 58 22 stån-

112 1399 46 21 dets
173 1397 138 22 medlemmar
326 1398 76 21 hunnit
417 1399 33 28 sig
465 1399 110 21 härstädes
590 1397 86 22 infinna.

179 1437 57 21 Herr
254 1437 150 22 talmannen
427 1437 91 22 anmälte
540 1440 31 18 att
592 1437 34 21 till
648 1437 153 28 föredragning
826 1445 29 13 nu

113 1471 68 22 skulle
203 1471 53 29 följa
275 1471 48 21 herr
341 1471 139 28 Lindeqvists
500 1471 185 28 petitionsförslag
699 1478 35 14 om
750 1470 107 22 särskilda
