1006 1809
184 170 41 20 528

155 232 115 28 sparbank.
289 236 3 3 '
304 231 76 22 Skulle
398 231 123 22 utlånandet
539 232 48 21 icke
606 232 71 21 kunna
695 232 39 21 ske
748 234 51 19 utan
815 232 82 28 svårig-

155 266 46 25 het,
220 266 24 21 så
262 266 23 21 är
304 266 160 21 föreståndaren
480 265 33 22 för
528 265 166 22 straffanstalten
710 266 47 21 ieke
773 266 66 21 heller
854 266 43 21 för-

154 299 84 29 pligtad
254 304 31 18 att
300 300 73 21 derom
389 300 92 28 besörja,
496 300 40 21 och
549 301 39 28 jag
602 300 42 21 kan
659 300 47 21 ieke
722 300 44 21 inse
781 303 73 24 annat,
869 301 28 20 än

155 337 32 18 att
201 342 26 13 en
243 335 66 20 sådan
324 334 111 21 föreskrift
448 334 8 21 i
470 334 78 29 högsta
563 334 53 28 grad
631 335 23 20 är
669 337 31 18 att
715 335 92 20 förorda.

223 373 57 22 Herr
294 373 131 22 Juselius:
454 369 73 26 Äfven
543 375 38 29 jag
599 374 67 21 finner
684 375 116 20 utskottets
815 374 82 28 förslag

156 415 51 14 vara
224 409 8 20 i
251 408 42 21 allo
312 408 126 21 välbetänkt
456 407 41 22 och
515 408 41 21 kan
573 404 17 32 ej
607 408 57 21 finna
679 407 73 22 hvilka
767 408 130 21 förvecklin-

156 450 39 21 gar
213 443 63 21 deraf
289 443 70 21 blefve
375 450 25 14 en
416 443 60 27 följd.
512 442 80 29 Någon
608 442 102 29 vidlyftig
726 443 114 28 bokföring
855 443 42 20 kan

155 478 19 27 ej
193 477 68 21 heller
279 477 86 21 komma
382 477 8 20 i
405 477 71 28 fråga,
495 477 87 21 emedan
598 477 148 21 förräntandet
760 477 23 20 af
796 484 103 21 sparpen-

154 511 80 28 ningen
255 511 48 22 icke
325 518 66 21 gerna
409 511 42 21 kan
466 511 38 21 ske
519 511 133 21 annorlunda
667 511 27 21 än
709 519 78 21 genom
801 511 96 22 medlens

155 545 120 22 insättande
290 546 7 21 i
312 545 119 28 sparbank,
446 545 41 21 och
502 545 7 21 i
524 546 77 21 sådant
616 545 36 22 fall
668 546 24 21 är
706 545 36 22 det
756 545 80 28 denna,
850 553 47 14 som

156 580 34 21 för
205 579 69 22 boken
290 580 40 21 och
346 580 126 21 verkställer
486 580 132 28 kalkylerne.

222 619 58 22 Herr
295 619 136 22 Thermén:
467 619 44 21 Vid
533 619 125 22 utlånandet
680 620 24 20 af
720 620 89 28 fångens
827 619 70 22 medel

154 654 43 21 kan
217 654 69 21 denne
300 657 15 18 t.
331 660 32 15 ex.
381 661 50 14 anse
450 656 30 19 att
498 653 76 22 sådant
591 654 48 21 icke
654 654 49 21 sker
718 655 28 27 på
761 660 42 22 nog
819 653 78 22 fördel-

155 688 74 28 aktiga
246 688 78 27 vilkor,
346 688 83 21 hvilket
447 688 44 21 åter
513 688 42 21 kan
569 694 28 21 ge
612 688 115 28 anledning
742 688 32 21 till
789 688 108 28 missämja

157 722 89 21 emellan
266 722 75 28 fångar
357 722 39 21 och
413 721 40 22 den
469 722 25 21 af
506 721 178 23 straffanstaltens
699 723 137 27 tjenstemän,
851 729 46 14 som

154 757 128 20 verkställer
296 757 157 27 penningarnes
469 756 143 21 förräntande.

221 790 58 21 Herr
294 790 109 21 Hildén:
425 790 43 29 Jag
483 790 39 21 vill
538 788 107 30 anmärka,
661 793 31 18 att
702 790 36 22 det
749 791 47 21 icke
808 791 41 21 blir
860 791 37 21 nå-

154 830 43 24 gon
220 826 24 20 af
263 824 179 22 straffanstaltens
464 825 138 27 tjenstemän,
620 830 51 16 utan
690 825 145 27 sparkanken,
851 832 46 14 som

154 860 96 20 kommer
272 862 31 18 att
325 859 95 21 förränta
443 859 143 27 penningarne
604 859 40 21 och
667 859 72 21 derför
760 860 53 27 göra
833 859 64 27 redo,

154 896 55 19 samt
224 896 31 18 att
270 893 79 28 fången
364 892 41 31 och
420 892 221 29 fångvårdsstyrelsen
657 893 82 22 således
754 894 7 21 i
776 894 58 21 detta
845 894 52 21 hän-

154 927 77 22 seende
247 927 64 21 hafva
326 927 53 20 intet
394 930 31 17 att
440 927 50 21 med
503 927 121 21 hvarandra
638 927 75 21 skaffa:

223 960 56 22 Herr
295 957 95 25 Mölsä:
420 960 174 22 Bestämmandet
608 969 35 13 om
658 961 183 29 sparpenningens
854 963 43 20 för-

153 995 104 22 räntande
273 1002 62 14 anser
347 995 38 28 jag
401 995 76 28 utgöra
492 1003 26 13 en
530 995 66 21 sådan
608 995 136 28 detaljfräga;
756 999 31 18 att
799 996 27 23 all
838 997 59 27 pröf-

154 1031 52 27 ning
228 1030 23 21 af
271 1030 124 21 densamma
416 1029 116 28 lämpligen
551 1029 71 22 kunde
642 1030 112 25 uteblifva;
774 1030 39 21 och
830 1031 67 28 enligt

153 1065 44 20 min
213 1064 63 21 tanke
292 1064 24 21 är
331 1067 30 17 ett
375 1063 119 28 stadgande
509 1063 7 20 i
531 1063 140 22 omförmälde
686 1064 100 21 afseende
797 1065 18 28 ej
828 1064 68 22 heller

153 1098 114 28 behöfligt.
305 1097 44 21 Det
370 1098 67 20 finnes
459 1097 77 28 många
559 1097 66 22 andra
644 1099 41 20 sätt
703 1101 31 18 att
748 1098 148 22 åstadkomma

153 1139 81 14 samma
249 1131 69 22 fördel
334 1131 33 21 för
382 1131 89 28 fången,
486 1134 15 17 t.
517 1139 32 13 ex.
566 1139 75 21 genom
658 1135 30 18 att
702 1133 42 20 öka
759 1133 100 28 beloppet
874 1134 25 21 af

156 1166 54 21 hans
226 1166 151 28 sparpenning.
409 1165 36 22 Dä
460 1166 98 28 lämpligt
574 1165 84 22 tillfälle
672 1167 68 20 finnes
756 1170 31 17 att
802 1168 95 20 förränta

153 1201 72 20 denna
243 1199 155 28 sparpenning,
417 1199 55 21 skall
491 1199 220 28 fängvärdsstyrelsen
727 1200 102 29 troligen;
845 1205 50 17 utan

153 1234 93 21 särskild
263 1233 119 27 föreskrift,
398 1233 72 21 derom
486 1233 86 28 vidtaga
587 1233 85 29 ätgärd,
689 1233 39 21 och
745 1235 74 20 sädant
835 1233 67 23 torde'

153 1268 45 21 helt
217 1268 39 21 och
272 1267 66 22 hållet
353 1267 139 22 öfverlemnas
508 1267 21 22 ät
544 1268 116 28 styrelsens
676 1275 86 22 omsorg
777 1269 40 21 och
833 1269 62 28 godt-

153 1302 107 22 finnande.

221 1336 57 20 Herr
294 1330 150 33 Öhroberg:
473 1335 12 20 I
500 1335 52 21 strid
568 1338 44 18 mot
626 1336 49 21 herr
690 1334 73 23 Mölsä
777 1336 67 22 måste
856 1337 39 28 jag

153 1370 113 21 framhälla
287 1368 182 28 angelägenheten
491 1369 62 21 deraf
569 1373 31 17 att
619 1370 84 21 ständet
720 1378 28 12 nu
768 1370 77 21 uttalar
860 1372 34 20 sin

153 1404 58 28 äsigt
225 1404 7 20 i
247 1404 81 24 ämnet;
350 1406 23 25 ty
389 1410 34 14 om
439 1402 114 22 utskottets
570 1403 132 22 betänkande
717 1404 7 20 i
739 1404 68 21 denna
823 1404 34 22 del
873 1406 25 21 af

153 1438 115 22 ständerne
283 1442 98 23 antages,
397 1438 23 20 sä
435 1437 102 22 behöfves
553 1438 75 21 endast
639 1438 61 22 Hans
710 1438 122 30 Kejserliga
845 1438 48 23 Ma-

150 1474 77 28 jestäts
251 1472 137 22 fastställelse
409 1472 51 21 derä
478 1473 34 22 för
530 1475 30 19 att
578 1472 66 30 sagde
659 1473 117 29 stadgande
791 1474 54 21 skall
861 1482 32 14 er-
