1020 1764
201 167 40 21 448

242 229 55 21 Herr
313 223 140 34 Öhrnberg
467 228 76 28 ansåg,
559 230 30 19 att
604 227 64 21 sedan
684 227 84 21 ståndet
783 225 64 23 redati
860 223 52 24 hän-

174 263 43 21 fört
232 263 64 21 örnen
312 263 32 20 till
360 262 116 29 skadedjur
491 262 39 21 och
545 270 27 13 nu
588 261 75 22 endast
679 269 49 14 vore
744 261 59 28 fråga
818 269 34 13 om
872 261 39 21 alle

173 299 77 20 männä
272 296 92 29 gränder
387 297 33 21 för
443 304 25 14 en
487 296 126 29 författning
631 296 6 21 i
656 296 80 26 ämnet,
752 295 23 22 sä
791 296 70 21 blefve
875 295 37 21 det

173 331 89 28 onödigt
274 334 31 19 att
316 331 29 20 uti
361 330 161 29 ifrågavarande
538 330 98 21 afseende
651 330 96 21 meddela
762 329 102 22 särskildt
879 333 33 17 ut-

173 362 85 25 lätande
280 373 34 13 om
336 365 119 28 fiskljusen,
478 365 83 20 hvilket
579 364 157 21 bestämmande
756 364 70 21 kunde
841 364 70 21 öfver-

172 400 82 21 lemnas
276 399 21 21 åt
319 399 61 21 deras
403 399 100 28 pröfning
522 399 40 20 och
580 398 140 28 tillgörande;
739 398 73 21 hvilka
826 398 85 21 komme

173 437 31 18 att
218 433 98 22 utarbeta
330 433 76 28 sjelfva
422 433 151 28 författningen
589 433 40 20 och
644 432 49 21 dess
708 433 93 28 detaljer.

240 467 56 21 Herr
309 466 121 22 Juselius
452 467 49 20 fann
520 467 41 20 den
579 467 25 20 af
618 466 49 21 herr
682 461 116 34 Öhrnberg
817 465 93 22 uttalade

173 502 56 27 åsigt.
244 501 82 29 ganska
340 501 75 27 riktig,
430 508 47 13 men
493 501 65 28 ansåg
569 500 69 22 denna
650 501 83 28 princip
745 501 67 20 likväl
823 508 26 13 nu
862 501 48 20 icke

173 536 52 21 böra
240 536 24 22 så
278 536 83 27 strängt
376 535 71 28 följas,
460 534 27 21 dä
502 535 37 20 det
553 542 51 13 vore
615 535 61 28 fråga
688 543 33 12 om
733 536 32 19 att
775 535 53 21 söka
839 534 72 21 ästad-

171 569 86 22 komma
279 569 107 28 pluralitet
408 569 88 21 emellan
516 569 100 21 ståndens
632 569 89 28 stridiga
737 569 79 25 beslut;
834 569 7 21 i
856 569 55 21 hvil-

170 604 38 21 ket
222 603 98 22 afseende
336 603 80 21 talaren
432 603 62 21 äfven
510 603 113 22 förordade
638 607 30 17 att
683 603 92 26 ståndet;
790 603 49 21 med
854 603 57 21 frän-

172 638 81 29 gående
276 638 23 21 af
318 637 48 22 dess
390 638 57 21 förra
465 637 79 26 beslut,
567 637 138 28 hvarigenom
724 641 56 17 utter
799 637 40 21 oeh
854 637 56 28 skjäl

171 673 71 21 blifvit
264 672 105 21 hänförda
390 672 33 21 till
441 671 123 29 skadedjur,
581 671 69 22 skulle
666 671 61 30 fytta
741 671 49 22 dem
805 672 32 21 till
853 671 57 22 klas-

170 715 37 14 sen
223 708 24 20 af
259 706 109 28 oskadligt
383 706 108 21 villebråd.

239 741 56 21 Herr
309 740 166 28 Tengström:
507 737 123 31 Fiskljusen
648 741 24 20 är
689 747 25 14 en
731 743 32 18 art
778 740 25 21 af
815 741 38 20 örn
869 740 42 21 och

169 775 37 22 det
227 775 38 28 gär
286 775 116 28 ingalunda
424 781 26 14 an
473 777 30 18 att
525 773 26 22 de
573 774 27 27 pä
622 781 80 14 samma
724 774 60 21 ställe
807 774 103 22 särskildt

171 813 113 24 upptagas.
316 808 44 21 För
380 811 30 18 att
425 808 96 28 begagna
536 815 25 13 en
577 808 99 26 liknelse,
693 807 70 22 blefve
778 808 36 21 det
829 816 81 14 samma

169 842 143 28 förhällande,
335 849 45 14 som
399 842 27 21 dä
441 841 217 22 Stockholmsboerne
674 843 52 27 säga
740 841 59 22 ”folk
815 843 40 20 och
869 842 42 22 fin-

170 879 57 20 nar.”

236 911 57 22 Herr
307 910 155 29 Bergstedt:
491 910 124 29 Fiskljusen
634 910 68 22 kallas
722 911 38 20 hos
779 918 36 14 oss
834 910 7 21 i
860 918 50 14 nor-

169 945 40 22 den
226 946 48 21 med
289 949 83 18 namnet
388 945 80 21 fiskörn
485 945 51 21 eller
551 945 92 20 hafsörn.
678 944 47 22 Den
741 945 61 21 föder
817 945 34 28 sig
866 945 44 21 förs

168 981 115 28 nämligast
297 979 47 22 med
358 979 49 27 fisk,
422 979 39 22 och
477 987 34 13 om
527 987 47 13 man
590 979 74 21 träffar
677 979 29 28 pä
721 979 48 21 dess
785 979 34 28 bo,
831 979 24 21 sä
869 980 41 20 fin,

167 1022 37 14 ner
219 1022 48 13 man
284 1014 36 21 der
336 1014 99 28 vanligen
449 1013 42 22 fisk
506 1013 7 21 i
528 1013 84 28 mängd.

235 1048 56 23 Herr
306 1048 148 29 talmannen
476 1047 133 22 framställde
628 1047 51 22 härä
697 1048 94 28 följande
809 1048 99 29 proposi-

170 1083 78 21 tioner:

235 1117 40 20 1:0.
307 1116 45 22 Vill
374 1116 85 21 ståndet
481 1117 74 20 förena
577 1116 34 28 sig
632 1115 48 22 med
700 1116 147 28 ridderskapet
865 1117 41 21 och

168 1151 61 21 adeln
241 1153 55 19 samt
311 1150 157 28 presteståndet
483 1151 52 26 deri,
550 1154 31 17 att
595 1150 111 28 fiskljusen
722 1155 105 24 upptages
842 1151 64 21 bland

169 1184 128 29 skadedjur?

233 1219 132 21 Besvarades
380 1219 48 21 med
443 1219 159 28 öfvervägande
619 1219 154 28 :östpluralitet
785 1219 99 28 jakandes

234 1254 40 20 2:0.
305 1253 45 21 Vill
369 1253 92 28 ståndet,
485 1253 47 22 med
551 1253 129 28 frängäende
696 1254 24 20 af
732 1253 49 22 dess
797 1254 58 21 förra
870 1254 36 21 be-

166 1287 52 26 slut,
233 1287 90 22 hänföra
338 1291 55 18 utter
408 1287 39 22 och
463 1288 54 27 skjäl
533 1287 33 21 till
582 1287 126 29 skadedjur?

233 1320 133 21 Besvarades
382 1320 103 28 enhälligt
497 1321 100 27 jakande.

483 1365 68 22 Mom.
568 1365 19 22 3;

214 1399 57 22 Herr
279 1398 92 23 Hildén
382 1399 112 22 förordade
503 1403 31 18 att
542 1399 85 22 ståndet
635 1401 29 21 uti
673 1400 163 30 ifrågavarande
845 1401 59 29 skilj-

164 1434 74 29 aktiga
259 1434 59 21 delar
336 1434 69 21 skulle
422 1435 74 20 förena
514 1435 33 28 sig
566 1435 29 21 uti
611 1435 148 29 ridderskapet
774 1435 39 22 och
830 1436 74 22 adelns

165 1469 79 27 beslut,
263 1476 45 14 som
326 1469 69 21 bättre
410 1469 26 21 än
451 1468 27 22 de
493 1469 68 21 andra
575 1469 99 22 ståndens
690 1469 70 22 kunde
772 1469 84 30 jemkas
871 1471 33 21 till
