1025 1761
178 171 40 23 506

149 233 37 21 det
203 232 93 25 utskott,
314 238 46 15 som
379 231 76 22 beredt
469 231 75 28 frågan
559 231 40 22 och
615 231 45 22 deri
676 231 87 30 afgifvit
777 231 117 22 betänkan-

149 267 38 27 de,
208 269 51 19 utan
281 266 132 29 föregången
435 266 99 21 anmälan
552 265 39 22 hos
606 265 101 28 stånden,
721 265 116 22 verkställa
852 265 42 22 den

149 300 81 30 nödiga
248 300 241 28 sammanjemkningen,
513 299 108 23 hvarefter
640 300 36 22 det
690 300 124 29 uppgjorda
825 299 70 29 jemk-

148 334 171 30 ningsförslaget
334 334 69 22 skulle
417 334 102 22 ståndens
534 334 132 29 granskning
680 334 151 22 underställas.

216 368 147 22 Förestående
379 368 24 22 af
415 369 48 21 herr
477 368 151 22 talmannen
642 368 79 29 gjorda
735 368 160 29 framställning

149 403 48 23 blef
216 403 25 21 af
260 402 86 22 ståndet
363 402 107 30 enhälligt
487 402 99 26 bifallen;
608 402 51 22 derå
674 402 33 22 till
719 402 107 29 justering
840 410 55 20 upp-

148 438 66 21 lästes
238 439 32 20 ett
287 436 200 30 protokollsutdrag
505 437 34 21 för
555 436 41 22 den
611 437 12 21 9
639 437 7 21 i
661 436 69 22 denne
745 436 87 28 månad,
847 443 47 15 som

148 472 72 22 skulle
241 471 33 22 till
296 471 140 22 medstånden
454 471 41 22 och
513 471 242 29 expeditionsutskottet
769 471 125 29 expedieras

149 508 57 20 samt
220 505 131 23 innefattade
366 505 95 22 ståndets
478 504 69 23 beslut
561 506 8 21 i
584 505 116 29 anledning
715 505 24 22 af
751 505 80 29 nådiga
845 512 50 22 pro-

149 540 125 29 positionen
289 539 110 29 angående
415 539 283 29 kommunalförvaltningen
713 539 28 28 på
755 540 80 22 landet.

218 579 140 23 Granskades
384 579 40 22 och
446 579 126 29 godkändes
594 579 251 28 expeditionsutskottets
863 579 32 22 in-

150 615 79 22 komna
250 614 83 29 förslag
355 613 34 22 till
411 613 125 22 ständernes
554 613 149 29 underdåniga
720 621 50 14 svar
788 614 12 21 å
815 613 80 30 nådiga

148 648 165 30 propositionen
328 647 111 29 angående
454 647 70 22 medel
539 648 32 21 till
586 647 175 22 förekommande
776 648 24 21 af
812 648 26 21 de
849 648 46 21 olä-

149 682 110 29 genheter,
278 689 53 15 som:
339 681 122 22 förorsakas
476 689 78 22 genom
568 681 92 23 landbos
675 681 89 23 tredska
778 684 31 19 att
824 682 75 29 afflyt-

149 719 33 26 ta,
196 716 90 22 hvarom:
300 715 155 22 underrättelse
470 715 70 22 skulle
554 723 78 21 genom
647 715 201 30 protokollsutdrag
859 724 36 14 ex-

149 750 216 30 peditionsutskottet
380 749 115 22 meddelas.

217 791 87 22 Ankom
319 797 27 15 en
361 789 124 30 deputation
500 790 48 22 frän
562 789 150 30 ridderskapet
727 790 40 23 och
783 790 62 23 ädeln
857 798 38 14 un-

149 825 39 22 der
202 825 117 22 anförande
334 825 25 21 af
370 824 49 22 herr
434 827 100 19 senatorn
548 824 134 29 Furuhjelm,
699 832 46 14 som
760 825 39 28 gaf
808 825 87 22 tillkän-

149 867 35 20 na,
199 862 31 19 att
245 859 156 22 ofvanberörde
413 858 7 21 i
432 858 233 22 talmanskonferensen
677 859 78 22 väckta
767 858 82 30 förslag
860 867 35 14 om

150 894 66 22 sättet
230 894 34 21 för
279 892 206 29 sammanjemkning
499 892 25 22 af
536 892 100 22 ständens
651 892 92 28 stridiga
757 892 72 22 beslut
839 894 7 20 i
858 893 37 22 da-

149 935 53 21 gens
219 928 87 28 plenum
321 927 73 22 blifvit
409 927 24 21 af
444 927 49 21 herr
507 927 197 21 landtmarskalken
719 926 40 22 hos
773 926 123 23 ridderska-

149 964 37 27 pet
201 962 41 22 och
257 961 63 22 adeln
334 961 133 27 framstäldt,
483 964 55 18 samt
553 964 31 18 att
599 960 98 22 bemälde
713 961 72 27 stånd,
797 961 32 21 till
840 962 55 21 und-

149 996 94 22 vikande
264 996 26 21 af
305 995 27 22 de
351 995 134 29 svärigheter
503 1002 47 15 som
564 995 72 21 kunde
651 995 123 22 föranledas
789 995 63 21 deraf
863 998 32 19 att

149 1030 42 22 den
212 1029 165 29 ifrägavarande
399 1029 232 29 sammanjemkningen
653 1029 86 21 komme
761 1032 31 19 att
809 1037 86 21 gemen-

150 1066 56 20 samt
220 1063 128 22 verkställas
363 1063 25 21 af
398 1065 77 20 tvenne
485 1063 93 22 utskotts
591 1063 125 28 ledamöter,
727 1062 74 23 hvilka
812 1064 83 22 säledes

148 1098 36 22 till
198 1098 80 22 antalet
292 1098 72 21 blefve
378 1098 83 29 ganska
475 1098 87 29 mänga,
579 1097 86 23 beslutit
680 1100 32 19 att
727 1098 169 29 expeditionsut-

148 1133 82 21 skottet
244 1133 71 21 skulle
332 1131 140 23 tillerkännas
490 1134 43 20 rätt
548 1135 40 24 att,
604 1135 50 18 utan
670 1132 98 22 anmälan
783 1132 39 23 hos
837 1133 58 22 stän-

149 1167 49 27 den,
212 1167 8 21 i
235 1166 80 22 sädana
330 1166 39 21 fall
383 1166 83 22 förvisa
481 1173 25 15 en
522 1167 62 28 fräga
595 1166 82 22 direkte
689 1166 33 21 till
734 1167 161 21 vederbörande

149 1200 93 28 utskott,
257 1207 47 15 som
319 1199 54 30 egde
388 1200 99 28 uppgöra
498 1200 217 29 jemkningsförslag,
731 1200 83 22 hvilket
828 1201 67 22 sedan

150 1234 71 22 skulle
235 1234 144 22 underställas
394 1234 101 22 ständens
510 1234 140 29 granskning.

216 1268 161 29 Deputationen
393 1268 128 22 betackades
537 1269 24 21 af
572 1268 49 22 herr
636 1268 150 22 talmannen
804 1269 41 22 och
864 1270 32 21 af-

149 1302 86 25 trädde;
256 1302 52 20 derä
327 1302 113 27 föredrogs
459 1302 153 27 lagutskottets
632 1302 36 20 vid
687 1302 86 28 plenum
788 1302 41 21 den
846 1303 25 20 13
887 1303 8 21 i

151 1336 69 21 denne
234 1335 79 21 mänad
329 1335 120 28 bordlagda
463 1335 135 22 betänkande
612 1335 44 21 N:o
674 1336 35 26 14,
722 1336 7 20 i
744 1336 118 29 anledning
873 1337 25 21 af

149 1370 63 22 Hans
232 1369 123 30 Kejserliga
377 1368 114 30 Majestäts
510 1369 80 30 nådiga
608 1370 136 29 proposition
762 1370 133 24 beträffande

148 1405 108 22 alimänna
270 1404 94 30 grunder
379 1404 33 22 för
426 1412 27 15 en
468 1412 29 22 ny
513 1404 166 30 brottmålslag..

217 1438 72 24 Sedan
307 1439 27 23 de
352 1440 8 21 i
378 1439 75 29 början
469 1440 25 21 af
507 1439 144 23 betänkandet
665 1440 176 23 förekommande
856 1440 39 23 all-

148 1475 78 22 männa
244 1474 91 22 motiver
353 1474 73 23 blifvit
441 1475 109 29 uppläste,
566 1474 98 23 förmälte
679 1474 50 23 herr
743 1475 152 23 talmannen
