1017 1773
204 176 41 22 152

176 237 40 23 ord
239 236 122 29 bemäktiga
383 236 34 28 sig
435 236 58 27 dem,
513 236 27 29 pä
555 242 80 16 samma
650 236 43 20 sätt
707 236 50 22 som
768 238 14 19 t.
799 243 32 15 ex,
847 242 26 15 en
888 243 32 15 re-

176 271 76 27 gande,
270 270 87 22 hvilken
372 277 34 15 ser
421 277 26 14 en
463 270 35 22 räf
511 269 35 23 vid
562 270 80 28 vägen,
657 269 42 21 kan
714 269 71 28 skjuta
800 269 49 23 den.
878 269 42 23 Be-

176 304 105 24 träffande
296 305 45 21 äter
355 304 75 28 frägan
446 311 34 14 om
494 303 105 29 rättighet
614 304 34 22 för
663 304 48 26 den,
727 311 45 15 som
788 304 58 22 särat
860 303 61 23 ville-

176 339 66 27 bråd,
257 342 30 20 att
303 339 86 28 förfölja
404 338 41 23 och
460 338 57 22 döda
532 338 37 22 det
583 337 28 29 pä
626 345 80 16 annans
721 338 70 27 mark,
807 346 62 15 anser
881 338 39 29 jag

176 374 68 29 något
258 373 119 29 stadgande
391 372 7 24 i
414 373 59 23 detta
488 372 99 24 afseende
601 372 48 22 icke
664 372 53 22 böra
732 373 25 21 af
768 372 86 24 ståndet
866 373 56 21 före-

176 408 56 28 slås,
253 407 89 23 emedan
361 407 58 23 detta
437 408 64 28 utgör
519 414 26 14 en
564 406 211 30 detaljbestämning,
790 414 46 15 som
851 407 71 29 ligger

176 445 60 19 utom
257 441 125 24 ständernes
405 440 139 29 befogenhet,
563 441 58 28 enär,
639 441 68 28 enligt
722 440 41 22 den
778 441 79 28 nådiga
872 448 50 21 pro-

176 476 133 30 positionen,
323 476 49 23 dem
388 475 75 22 endast
477 475 130 22 tillkommer
623 478 31 19 att
668 478 57 25 yttra
741 475 33 28 sig
788 475 91 22 rörande
894 475 28 22 de

177 510 107 23 allmänna
299 510 119 29 grunderne
434 511 33 20 för
482 517 26 14 en
525 509 109 22 blifvande
649 509 129 30 författning
792 510 7 23 i
815 510 78 21 ämnet.

246 543 56 24 Herr
317 543 108 24 Hildén:
455 543 12 21 I
489 543 52 22 strid
561 547 57 18 emot
635 543 49 22 herr
703 543 142 30 Tengströms
866 544 58 28 åsigt

179 585 62 15 anser
253 579 38 28 jag
306 578 42 24 den
361 578 166 30 ifrågavarande
542 578 95 27 punkten
652 578 97 31 tydligen
765 579 58 28 syfta
834 578 88 27 derhän,

177 615 32 20 att
223 613 80 22 enhvar
317 612 70 23 skulle
402 612 21 23 få
438 612 89 23 anställa
540 613 48 27 jagt
602 613 53 22 efter
671 612 116 29 skadedjur
802 613 28 28 på
841 620 81 15 annans

176 647 60 28 ägor,
258 647 45 22 Det
318 647 67 21 måste
399 647 107 28 nemligen
521 654 52 14 vara
587 647 122 29 sjelffallet,
724 650 31 18 att
769 647 48 27 den,
833 654 46 15 som
894 647 29 28 på

177 681 132 24 främmande
323 681 71 27 mark,
409 681 68 22 under
491 689 25 14 en
532 688 47 15 resa
595 681 51 22 eller
658 681 62 28 eljest
732 681 142 26 händelsevis,
886 689 37 14 an-

177 715 74 24 träffar
265 718 31 20 ett
310 715 122 28 skadedjur,
448 715 27 22 då
490 716 62 21 äfven
568 723 50 20 eger
633 716 42 20 rätt
690 718 31 19 att
735 715 57 24 döda
806 716 42 22 det,
879 715 43 22 Or-

162 748 1 3 *
177 749 37 22 det
228 750 90 27 ”fånga”
332 749 89 23 innebär
435 749 64 22 redan
515 752 31 18 att
561 749 36 22 det
612 749 18 28 ej
646 750 23 22 är
684 750 61 27 fråga
757 757 34 14 om
802 751 66 27 något
880 750 44 28 tills

176 783 72 29 fälligt
266 787 50 19 utan
335 787 30 18 ett
384 783 107 28 afsigtligt
507 783 104 29 jagande,
630 783 85 21 hvartill
735 783 39 22 hör
789 784 132 29 rättigheten

178 820 31 21 att
230 818 83 21 ströfva
331 817 99 28 omkring
449 817 27 28 på
494 819 90 27 ägorne,
600 817 40 21 och
653 818 38 28 jag
706 825 62 14 anser
783 818 76 21 sådant
873 819 49 21 icke

177 859 52 14 vara
251 851 101 28 förenligt
373 851 48 22 med
440 851 40 22 den
500 852 127 28 grundsats,
643 855 31 18 att
689 852 154 25 innebafvaren
858 853 25 21 af
894 861 28 15 en

177 886 102 29 lägenhet
296 886 39 21 bör
350 893 51 14 vara
417 885 73 22 fredad
506 886 47 21 från
569 886 114 28 obehörigt
697 886 85 30 intrång
796 887 12 21 å
824 888 37 22 sitt
876 896 45 13 om-

177 920 58 23 råde.
272 920 76 23 Såsom
367 920 65 21 redan
454 920 71 22 blifvit
544 920 107 27 anmärkt,
667 920 69 24 skulle
755 922 41 22 ock
816 930 25 13 en
856 922 67 24 sådan

178 954 103 28 rättighet
299 954 83 28 ganska
400 954 40 21 lätt
455 954 72 22 kunna
542 955 131 21 missbrukas
689 956 99 27 sålunda,
804 960 32 18 att
850 964 26 14 en
889 957 33 29 jär

177 996 61 21 gare,
256 995 46 14 som
320 988 115 28 uppehölle
453 988 34 29 sig
506 988 27 28 på
551 995 80 14 annans
651 989 60 22 mark
731 990 34 21 för
779 993 31 18 att
822 991 52 28 jaga
890 991 32 22 få-

178 1023 34 28 gel
228 1023 52 22 eller
295 1026 64 19 annat
373 1023 72 30 dylikt
458 1023 115 26 villebråd,
589 1030 33 15 om
639 1022 40 22 han
696 1024 138 27 anträffades,
850 1025 72 22 kunde

177 1057 88 22 ursäkta
279 1057 35 28 sig
329 1057 97 26 dermed,
441 1060 31 18 att
487 1057 52 22 hans
554 1057 67 27 afsigt
635 1057 76 21 endast
726 1065 50 14 vore
788 1062 31 17 att
831 1059 92 23 anställa

175 1091 49 29 jagt
238 1091 54 23 efter
307 1090 122 30 skadedjur,
458 1090 44 29 Jag
517 1091 90 22 föreslår
621 1091 97 28 derföre,
733 1095 31 20 att
779 1093 95 27 ståndet,
889 1094 35 20 rö.

177 1124 66 23 rande
257 1125 165 28 ifrågavarande
437 1125 70 27 ämne,
523 1125 70 24 skulle
608 1125 69 23 uttala
693 1126 34 28 sig
741 1126 7 21 i
763 1127 36 20 det
813 1129 67 26 syfte,
892 1130 33 19 att

178 1159 85 24 enhvar,
279 1166 46 13 som
341 1159 12 20 å
367 1165 82 16 annans
464 1159 59 22 mark
535 1159 140 28 tillfälligtvis
687 1159 101 22 anträffar
800 1160 123 28 skadedjur,

178 1192 35 23 må
228 1193 45 22 fritt
289 1192 52 23 fälla
355 1192 43 27 det,
413 1199 48 16 men
477 1196 31 19 att
522 1192 49 28 den,
586 1200 45 15 som
648 1193 12 22 å
675 1201 81 14 annans
770 1195 61 23 mark
843 1195 37 20 vill
890 1195 34 28 ja-

178 1234 28 22 ga
220 1227 51 22 eller
287 1226 65 29 fånga
366 1226 79 23 sådana
459 1227 55 29 djur,
530 1227 39 24 bör
583 1228 73 22 derom
669 1228 58 22 förut
738 1227 124 24 underrätta
872 1229 48 28 den,

178 1267 46 16 som
237 1260 77 30 jorden
329 1260 132 23 innehafver.

245 1294 58 23 Herr
318 1293 87 25 Mölsä
423 1294 50 23 ville
492 1295 121 26 framhålla,
633 1295 114 23 huruledes
764 1304 26 15 en
806 1297 115 28 jordegare

177 1328 73 22 kunde
264 1328 22 22 få
301 1327 36 24 det
351 1327 68 26 infall,
436 1331 31 21 att
482 1328 51 29 sjelf
546 1329 47 23 icke
609 1328 88 29 vidtaga
712 1329 70 28 någon
798 1330 74 30 åtgärd
889 1331 33 23 till

179 1360 118 23 förödande
317 1361 25 22 af
357 1361 90 27 rofdjur,
466 1369 46 16 som
531 1362 76 21 fannes
626 1362 27 27 på
668 1362 53 23 hans
737 1363 70 28 mark,
822 1367 54 19 samt
892 1368 32 20 att

178 1395 64 23 äfven
257 1395 52 29 vilja
323 1395 100 28 förbjuda
438 1395 65 23 andra
519 1400 30 19 att
564 1397 52 28 göra
631 1397 42 23 det,
696 1397 44 23 Det
754 1401 74 27 syntes
840 1399 81 24 talaren

178 1429 95 27 derföre,
295 1432 32 20 att
345 1430 81 23 enhvar
442 1430 64 24 borde
521 1438 52 15 vara
587 1431 71 22 dertill
674 1431 132 30 berättigad,
820 1433 57 22 hvad
894 1434 27 24 de

161 1485 5 6 ,
178 1463 127 24 omnämnde
320 1465 48 29 fyra
383 1465 67 22 större
465 1465 141 28 skadedjuren
619 1465 106 29 beträffar,
738 1466 56 23 dock
807 1469 54 23 efter
874 1468 48 24 der=

178 1506 35 16 om
229 1497 38 25 hos
280 1497 204 33 jordinnehafvaren
500 1499 67 25 skedd
583 1500 105 24 anmälan
