1014 1823
711 187 4 6 +
776 177 26 23 97

89 247 77 24 genom
182 239 41 25 den
239 241 96 23 närmare
347 242 160 30 granskningen
519 243 42 21 och
570 242 40 22 den
623 240 133 31 diskussion,
768 243 63 23 hvar-

89 277 33 21 till
141 277 70 21 denna
230 277 125 27 föranleder,
370 277 96 21 kommer
480 277 33 21 till
529 277 126 29 fullständig
669 278 66 28 insigt
749 277 80 22 derom.

88 310 45 29 Jag
155 316 62 16 anser
236 311 73 21 vidare
328 313 31 19 ätt
373 311 27 21 de
415 311 107 21 allmänna
536 311 147 28 grundsatser,
698 319 46 15 som
761 312 71 22 blifvit

87 346 26 21 af
132 345 27 21 de
182 345 129 29 föregäende
333 345 94 21 talarene
444 345 94 29 yttrade,
557 345 47 21 icke
619 345 72 22 blifvit
704 346 8 21 i
727 346 105 29 förslaget

85 379 150 28 förnärmade,
250 388 48 13 men
314 382 31 19 att
359 387 36 14 om
409 379 59 22 detta
482 380 7 20 i
504 386 26 14 en
545 379 52 22 eller
612 387 69 14 annan
693 380 82 22 mindre
787 388 44 14 om-

89 413 124 30 ständighet
233 422 52 14 vore
303 414 152 27 förhällandet,
473 414 76 21 sädant
563 414 41 21 kan
621 414 36 22 vid
672 414 160 30 granskningen

86 447 91 30 jemkas.
211 448 44 22 Det
272 449 25 20 är
315 448 146 29 oundvikligt,
477 451 31 19 att
526 448 36 22 vid
582 448 95 31 skeende
688 443 144 40 omorganisa-

88 483 45 21 tion
157 483 24 21 af
200 482 26 22 de
249 482 169 22 administrativa
440 482 160 22 embetsverken
623 482 41 22 och
686 482 145 23 domstolatne

89 517 89 29 tjenster
193 516 72 22 kunna
280 518 86 20 komma
381 520 30 19 att
425 516 112 29 indragas,
553 524 47 14 men
615 524 46 14 som
673 516 59 22 detta
743 516 39 23 bör
793 517 38 21 ske

89 554 51 18 utan
156 551 77 21 förlust
248 552 34 20 för
297 546 125 33 tjensternes
438 551 147 26 innehafvare,
601 550 52 22 böra
663 551 62 21 desse
736 550 97 23 bibehäl-

89 586 34 22 las
138 585 36 21 vid
190 585 27 22 de
231 585 158 21 löneförmäner
403 584 27 22 de
445 584 92 30 ätnjutit.
559 583 102 23 Deremot
672 584 23 22 är
707 584 36 22 det
753 583 79 31 billigt,

90 622 32 19 att
140 620 54 21 efter
211 619 235 29 tjensteindragningen
465 619 41 21 den
521 618 94 23 inkomst
629 619 92 29 upphör,
737 627 46 14 som
797 627 36 14 en-

89 654 50 22 dast
153 653 82 30 utgjort
249 654 120 28 ersättning
384 654 33 20 för
431 654 90 28 utgifter
535 654 6 20 i
557 654 41 20 och
614 652 33 22 för
661 653 172 29 tjensteutöfnins

90 695 51 23 gen,
157 688 71 22 säsom
243 691 31 19 att
288 688 41 21 den
345 689 136 27 tjensteman,
496 688 87 21 hvilken
599 688 33 21 för
646 693 59 16 resot
719 688 8 20 i
742 688 91 21 embets-

83 722 97 28 ärender
203 725 36 26 egt
259 722 98 28 uppbära
378 722 68 28 skjuts
469 722 40 21 och
528 722 195 28 dagtraktamente,
742 721 92 22 förlorar

90 757 64 22 dessa
168 757 150 28 ersättningar,
336 756 27 21 då
379 756 40 21 han
436 755 18 30 ej
470 762 44 15 mer
529 755 103 23 behöfver
647 757 96 28 företaga
758 756 76 29 dylika

89 798 68 20 resor,
172 794 24 26 ty
211 791 6 21 i
233 794 88 18 motsatt
336 790 37 22 fall
387 790 69 22 skulle
471 790 42 22 han
528 790 86 22 komma
625 786 34 26 att
673 786 81 33 åtnjuta
765 791 69 21 större

90 826 104 25 inkomst,
210 826 26 20 än
251 824 28 22 dä
294 825 41 21 han
351 831 38 15 var
403 825 7 21 i
426 825 84 29 verklig
525 823 100 30 utöfning
636 825 24 21 af
668 824 32 22 sin
712 824 122 29 befattning

91 860 42 22 och
155 860 110 28 nödgades
284 858 34 23 för
335 859 124 21 densamma
477 859 118 21 vidkännas
611 858 144 30 hvarjehanda
769 860 65 28 utgif-

91 898 38 18 ter.
141 905 28 6 —
179 893 125 28 Förslagets
317 894 66 21 första
395 893 12 29 $
418 893 118 28 uppställer
551 893 26 22 de
593 893 106 22 allmänna
714 893 121 29 grunderne

91 929 35 22 för
143 929 164 28 författningen,
327 928 52 21 eller
396 928 74 22 hvilka
485 927 156 22 löneförmåner
656 935 25 14 en
697 929 137 27 tjensteman,

91 962 66 23 hvars
179 963 120 29 befattning
320 961 73 23 blifvit
413 962 114 29 indragen,
549 962 56 21 skall
627 962 22 21 få
667 960 108 24 bibehålla
792 962 42 22 och

91 996 75 24 hvilka
188 997 72 22 blifvit
281 997 111 22 bestämda
413 997 33 22 till
468 997 53 22 hans
539 997 100 31 ständiga
660 997 175 27 löneinkomster,

91 1031 112 23 hvaremot
224 1032 118 29 ersättning
360 1032 33 21 för
412 1031 26 22 de
457 1032 88 28 utgifter
561 1031 41 22 han
616 1032 7 20 i
639 1031 39 22 och
695 1032 33 21 för
743 1032 92 28 tjensten

92 1066 47 23 haft
156 1067 47 21 icke
222 1067 73 21 vidare
311 1067 69 20 skulle
395 1067 61 26 utgå,
471 1066 68 29 enligt
553 1065 41 22 den
609 1066 142 28 grundsatsen
766 1068 31 19 att
811 1066 24 21 så

92 1104 60 19 snart
174 1101 91 28 utgiften
287 1098 123 31 upphörde,
429 1100 65 22 borde
513 1099 41 22 ock
569 1099 145 29 ersättningen
730 1099 105 28 upphöra.

93 1132 32 24 På
147 1134 70 22 denna
239 1134 90 28 princip,
352 1134 87 21 hvilken
459 1133 38 29 jag
515 1134 68 21 finner
601 1140 51 15 vara
667 1133 48 22 med
731 1134 47 26 skäl
793 1134 42 21 och

93 1168 99 30 billighet
203 1168 239 27 öfverensstämmande,
455 1175 61 15 anser
524 1169 39 28 jag
573 1168 154 29 författningen
743 1168 6 20 i
765 1168 71 21 ämnet

94 1202 53 23 böra
161 1203 104 22 etableras
284 1206 55 18 samt
357 1210 76 21 genom
449 1202 160 26 diskussionen,
629 1209 56 19 som,
700 1202 29 28 på
743 1202 43 22 sätt
797 1202 39 28 jag

93 1238 59 21 förut
170 1240 74 26 yttrat,
263 1237 40 21 bör
321 1237 90 22 omfatta
427 1237 114 28 förslagets
556 1236 232 28 detaljbestämningar,
803 1239 34 18 ut-

94 1272 72 26 redas,
183 1271 72 21 hvilka
270 1271 158 21 löneförmåner
443 1271 61 29 skola
519 1270 100 22 hänföras
634 1270 32 22 till
681 1270 41 22 den
733 1278 40 14 ena
785 1270 52 21 eller

95 1306 66 21 andra
183 1306 24 20 af
223 1303 157 23 ofvannämnda
398 1305 127 28 kategorier.
563 1304 11 22 I
593 1304 76 22 sådant
683 1304 100 22 afseende
798 1304 39 21 vill

91 1340 40 29 jag
148 1339 55 22 först
223 1339 110 27 anmärka,
352 1338 131 22 beträffande
499 1341 12 25 $
528 1340 21 26 1,
565 1341 31 19 att
611 1338 94 22 hvarken
720 1338 41 21 den
777 1338 60 22 nädi-

95 1381 28 21 ga
138 1373 161 28 propositionen
314 1373 51 21 eller
381 1373 142 21 betänkandet
537 1380 64 21 synes
613 1378 40 22 ega
665 1372 66 28 något
742 1373 95 27 afgjordt

95 1406 108 22 företräde
219 1407 88 21 framför
322 1406 130 27 hvarandra,
468 1406 99 22 hvarföre
579 1407 38 27 jag
628 1406 123 21 instämmer
762 1406 6 21 i
780 1406 57 20 hvad

95 1440 145 22 betänkandet
261 1440 7 20 i
291 1440 69 21 denna
378 1440 35 21 del
431 1440 117 21 innehåller
563 1440 70 21 såsom
649 1440 24 20 af
685 1440 103 20 utskottet
802 1447 36 13 en-

97 1473 79 28 hälligt
189 1473 119 21 omfattadt.
337 1473 65 24 Hvad
418 1474 45 20 äter
478 1473 132 21 vidkommer
624 1472 40 23 den
680 1472 158 29 meningsskilj-

125 1522 62 24 Vällofi.
199 1523 139 24 Lorgareständets
344 1524 81 22 protokoll
434 1524 98 22 landtdagen
541 1523 120 17 1843—1864
675 1522 30 18 2:a
717 1524 20 16 B.
800 1525 5 13 (i
