1020 1798
201 167 27 21 72

171 229 80 26 förstå,
266 229 54 21 huru
335 236 49 14 man
401 228 43 22 kan
463 229 87 22 komma
568 229 33 21 till
616 228 40 22 den
672 228 67 28 åsigt,
754 230 32 20 att
800 228 37 22 det
852 228 67 21 erfor-

172 262 52 26 dras,
238 263 87 21 kortare
340 262 32 22 tid
388 263 33 21 för
436 265 32 19 att
482 263 65 21 vinna
561 262 67 29 insigt
643 265 30 19 att
689 262 112 22 bedömma
816 262 104 29 riktighe-

172 299 38 20 ten
224 297 25 22 af
261 296 149 30 debiteringen
425 297 37 22 vid
476 296 205 30 kronouppbörden.

240 336 59 23 Herr
313 336 129 23 Thermén
461 337 121 29 åberopade
602 337 71 22 såsom
691 338 34 20 sin
743 337 87 29 mening
844 336 42 23 den
898 338 24 21 af

172 371 50 23 herr
240 371 131 30 Tengström
393 374 57 19 emot
468 372 117 22 utskottets
604 372 135 22 betänkande
749 372 89 29 afgifna
852 379 68 15 reser-

170 406 86 28 vation,
279 406 46 22 deri
343 406 82 22 talaren
442 406 38 22 vid
498 406 87 30 frågans
601 406 131 29 behandling
746 407 7 21 i
769 407 106 22 utskottet
889 407 32 21 äf-

172 448 42 15 ven
229 440 56 24 hade
299 441 95 23 instämt.

240 480 59 23 Herr
314 481 150 22 talmannen
480 480 133 23 framställde
627 489 28 13 nu
672 480 158 22 nedanstäende
841 488 80 21 propo-

171 514 101 24 sitioner:

242 550 40 21 1:0.
305 549 98 29 Antager
419 549 85 23 ståndet
518 550 117 21 utskottets
651 549 134 22 betänkande
795 549 82 28 derom,
889 552 31 18 att

172 583 38 22 det
228 584 104 22 metriska
351 587 102 27 systemet
468 584 70 22 skulle
553 584 137 28 genomföras
706 584 23 21 så
744 586 59 20 snart
817 584 35 28 sig
867 584 53 28 göra

171 618 56 21 låter
242 621 55 18 samt
313 620 31 19 att
359 618 281 30 verkställighetsåtgärden
655 618 123 29 uppdrages
793 618 21 21 åt
826 618 94 22 sakkun-

172 651 50 30 nige
238 652 63 22 män?

239 685 136 24 Besvarades
389 687 50 22 med
454 687 161 28 öfvervägande
630 686 158 29 röstpluralitet
800 686 101 30 jakande.

240 733 42 22 2:0,
312 731 133 24 Godkänner
460 733 84 22 ståndet
559 733 116 22 utskottets
690 733 146 27 betänkande,
848 736 31 18 att
890 734 30 21 ef-

172 769 33 20 ter
227 769 31 20 ett
280 767 30 28 år,
332 767 93 22 räknadt
447 767 46 22 från
512 767 42 22 den
575 768 9 20 1
598 767 84 28 januari
698 767 36 21 det
749 767 31 26 år,
795 774 46 15 som
857 767 63 28 följer

172 802 50 21 näst
238 801 54 21 efter
310 801 45 27 det,
371 801 68 21 under
454 801 82 22 hvilket
551 801 41 21 den
609 801 78 29 nådiga
703 801 153 28 förordningen
872 801 49 21 bär-

172 842 36 14 om
225 835 109 27 utfärdas,
353 835 36 21 det
407 835 68 21 skulle
490 836 34 21 stå
538 835 81 21 enhvar
634 835 46 22 fritt
695 838 32 19 att
741 835 6 21 i
763 835 108 22 allmänna
885 836 35 21 rö-

172 869 71 22 relsen
258 869 99 29 begagna
371 869 27 23 de
413 877 42 21 nya
470 869 72 27 mått-,
559 869 50 22 mål-
625 869 40 22 och
681 869 137 29 vigtslagen?

240 899 72 27 Äfven
323 904 70 21 denna
404 904 135 28 proposition
551 903 129 23 besvarades
690 904 47 22 med
746 903 110 24 obestridd
864 905 55 21 röst-

172 938 110 28 pluralitet
294 938 102 29 jakande.

240 978 42 22 3:0.
311 978 71 22 Anser
397 978 95 26 ståndet,
508 978 44 22 lika
567 978 48 22 med
630 979 115 27 utskottet,
761 982 31 19 att
804 980 66 21 sedan
880 987 39 14 sex

171 1012 31 28 är,
223 1012 93 22 räknadt
337 1013 48 21 frän
407 1013 143 29 nyssberörde
573 1014 52 28 dag,
645 1012 99 28 förflutit,
764 1014 81 21 enhvar
862 1014 57 21 skall

171 1054 53 14 vara
246 1047 119 29 förpliktad
387 1050 32 18 att
439 1047 7 21 i
469 1048 107 21 allmänna
597 1047 96 23 rörelsen
717 1048 96 28 begagna
831 1048 27 22 de
876 1056 44 22 nya

171 1081 73 28 mätt-,
259 1081 52 22 mäl-
327 1081 41 21 och
383 1081 136 29 vigtslagen?

238 1121 67 22 Emot
322 1120 134 23 sistnämnda
474 1122 135 28 proposition
624 1122 136 28 uppställdes
775 1122 102 31 derjomte
891 1130 28 15 en

170 1155 24 22 sä
208 1155 95 30 lydande
318 1156 224 28 kontraproposition;

238 1190 72 21 Anser
328 1190 86 21 ständet
429 1189 40 22 den
484 1190 8 20 i
508 1189 134 23 förestäende
657 1191 135 27 proposition
808 1192 111 22 omnämn-

170 1224 29 22 da
213 1223 32 22 tid
260 1224 26 20 af
297 1230 39 15 sex
350 1223 23 23 är
389 1224 53 21 böra
456 1224 129 22 bestämmas
601 1224 33 22 till
649 1224 76 22 endast
740 1228 31 20 tre
786 1226 37 22 är?

238 1257 36 22 De
292 1264 47 15 som
359 1258 97 23 biträdde
474 1258 175 28 propositionen,
665 1259 69 21 skulle
749 1267 63 14 svara
824 1260 94 29 jakande

170 1292 41 22 och
227 1292 37 28 de,
280 1299 46 15 som
345 1292 51 22 ville
414 1293 59 23 rösta
489 1293 33 21 för
537 1293 250 30 kontrapropositionen,
804 1302 63 15 svara
881 1303 38 15 ne-

170 1326 77 22 kande.

238 1364 71 22 Sedan
328 1364 55 22 bäde
399 1365 24 27 ja
440 1364 41 21 och
500 1365 33 27 nej
550 1364 72 22 blifvit
637 1366 95 26 svaradt,
748 1366 116 22 anställdes
880 1374 38 14 vo-

170 1398 82 28 tering,
274 1405 46 14 som
338 1397 98 22 lemnade
454 1401 30 18 ett
499 1399 89 20 resultat
603 1399 24 20 af
641 1399 26 21 12
679 1400 24 27 ja
717 1399 41 21 och
776 1400 25 22 14
816 1401 45 27 nej;
883 1401 34 22 till

170 1431 54 29 följd
243 1431 79 22 hvaraf
340 1431 49 22 herr
411 1432 152 22 talmannen
582 1433 132 26 förklarade,
733 1436 31 19 att
782 1430 85 38 ståndet
882 1430 35 38 uti

168 1465 165 30 ifrågavarande
349 1465 37 22 fall
402 1466 76 22 uttalat
492 1467 34 30 sig
542 1467 34 22 för
591 1467 41 22 den
644 1467 85 23 kortare
740 1467 59 24 tiden
810 1470 24 21 af
843 1472 32 21 tre
886 1469 30 26 år,
