1023 1825
213 178 39 21 134

250 240 66 22 Emot
330 240 59 22 detta
404 240 94 21 ståndets
514 240 70 21 beslut
598 240 134 22 reserverade
747 240 34 28 sig
796 240 72 22 herrar
882 240 39 22 Ju-

184 275 74 27 selius,
273 274 116 29 Bergstedt
403 274 39 22 och
457 274 133 22 Dahlström.

250 319 81 23 Vidare
346 320 87 28 beslöts,
448 320 37 22 det
495 320 70 22 skulle
576 321 41 20 den
629 320 78 29 nådiga
718 321 160 28 propositionen
890 327 32 15 re-

183 355 95 22 mitteras
296 355 33 21 till
348 355 240 28 expeditionsutskottet
603 355 33 21 för
651 355 137 21 utarbetande
804 355 24 21 af
841 355 81 28 förslag

182 389 34 21 till
238 388 36 22 det
294 389 146 28 underdåniga
459 396 55 20 svar,
534 396 45 14 som
595 388 95 21 kommer
704 391 32 18 att
751 389 23 20 af
788 389 112 21 ständerne
914 389 8 20 i

184 423 70 21 ämnet
269 423 102 28 afgifvas,
386 423 6 20 i
408 423 82 21 hvilket
501 423 100 20 afseende
612 423 77 28 utdrag
701 430 25 13 ur
737 423 95 21 ståndets
844 423 6 20 i
863 423 59 20 ären-

183 456 37 22 det
241 457 62 21 förda
325 456 108 29 protokoll
455 456 69 21 skulle
546 456 239 28 expeditionsutskottet
803 456 119 25 meddelas;

184 491 41 21 och
247 490 65 21 borde
327 491 78 28 jemväl
425 490 26 21 de
470 491 120 26 respektive
605 490 137 21 medstånden
758 498 75 21 genom
850 493 71 24 proto-

185 524 135 29 kollsutdrag
336 524 131 21 underrättas
483 532 32 13 om
532 525 26 20 de
574 524 77 27 beslut,
662 524 84 21 ståndet
756 525 8 21 i
776 524 65 22 saken
852 525 70 26 fattat,

186 561 54 18 samt
254 559 63 21 dessa
331 559 198 28 protokollsutdrag
544 558 90 22 sålunda
649 558 94 22 affattas:

250 591 56 23 ”Vid
325 592 67 22 skedd
408 593 151 28 föredragning
575 593 24 21 af
611 592 151 28 lagutskottets
778 592 144 27 betänkande,

190 627 7 21 i
207 627 115 27 anledning
338 627 24 21 af
373 626 78 29 nådiga
465 628 160 26 propositionen
640 626 44 21 N:o
701 627 35 27 11,
752 627 108 28 angående
872 634 50 14 ano-

185 669 65 21 nyma
264 661 53 22 eller
331 661 121 28 aktiebolag
468 662 39 20 och
524 664 56 25 tysta
596 661 51 21 eller
661 661 208 28 kommanditbolag,
884 661 38 21 har

184 695 176 28 borgareståndet
381 694 47 22 med
447 694 93 28 följande
558 695 62 27 tillägg
648 690 41 37 och
713 696 35 4 förä

184 728 52 22 känt
250 728 115 22 utskottets
381 728 82 29 afgifna
479 729 131 21 betänkande
625 729 7 20 i
648 730 78 25 ämnet,
742 729 115 27 nemligen:
873 730 6 20 i
892 730 30 20 af-

184 762 77 28 seende
276 763 13 21 å
304 762 131 29 aktiebolag,
451 766 31 17 att
496 762 36 22 vid
547 770 63 13 mom.
626 764 12 20 3
654 763 6 20 i
676 764 12 27 &
704 764 12 19 2
732 762 69 22 skulle
814 763 63 28 göras
890 764 32 20 så-

184 796 52 22 dant
249 796 87 28 tillägg,
352 800 29 16 att
396 796 58 21 detta
470 800 103 17 moments
589 796 81 30 lydelse
687 797 79 21 blefve:
784 797 46 20 ”3:o
846 796 76 27 Tiden,

184 831 34 21 för
238 831 86 20 hvilken
347 830 85 27 bolaget
455 831 69 20 blifvit
543 831 112 28 ingånget,
674 831 72 20 derest
764 831 69 20 denna
848 832 23 20 är
886 831 36 21 be-

185 865 79 26 stämd,
280 864 40 22 och
336 872 33 13 om
384 864 36 21 det
435 865 24 20 är
473 865 28 27 på
516 864 109 21 obestämd
641 864 41 27 tid,
698 866 62 19 sättet
772 865 40 21 och
824 865 98 22 vilkoren

184 899 34 20 för
233 898 95 28 bolagets
343 898 153 29 upplösning;”
512 898 40 22 och
568 903 31 16 att
613 899 36 21 det
663 899 7 21 i
687 899 72 28 början
775 900 45 28 af
811 894 13 38 $
831 899 13 21 3
857 899 65 22 borde

184 932 58 21 heta:
264 932 56 21 ”Det
338 933 128 20 tillkommer
484 933 114 28 kejserliga
613 936 86 17 senaten
714 936 31 17 att
761 933 161 28 bolagsordnin-

184 974 41 20 gen
248 966 125 27 fastställa”,
395 970 54 17 samt
467 967 73 20 vidare
559 967 6 20 i
584 975 81 13 samma
678 967 23 28 $:
724 967 90 22 ”Finnes
830 967 46 23 skäl
892 971 31 18 att

184 1001 40 20 den
240 1000 61 21 sökta
316 999 150 22 stadfästelsen
478 1001 107 26 meddela,
597 1001 65 21 varde
674 1001 195 28 bolagsordningen
881 1001 41 22 och

185 1035 90 22 beslutet
293 1035 108 22 företedde
420 1035 38 20 hos
477 1035 137 28 magistraten
630 1035 52 21 eller
697 1035 147 21 häradsrätten
859 1035 7 22 i
881 1036 41 21 den

184 1072 43 22 ort,
245 1069 38 21 der
301 1068 95 29 bolagets
412 1069 101 28 styrelse,
529 1069 67 28 enligt
612 1069 204 28 bolagsordningen,
832 1070 38 21 har
885 1070 38 21 sitt

184 1103 51 21 säte.
264 1102 78 22 Rätten
364 1103 71 28 intage
453 1103 116 22 innehållet
587 1103 63 21 deraf
667 1103 135 28 fullständigt
817 1104 6 21 i
839 1104 37 21 sitt
891 1105 31 20 in-

184 1137 221 28 teckningsprotokoll
427 1138 39 22 och
489 1137 42 22 låte
549 1137 165 22 nnderrättelse?
734 1145 18 13 0.
772 1145 16 13 s.
804 1145 31 18 v.;
858 1141 64 24 samt,

184 1171 130 24 beträffande
332 1171 102 28 förslaget
451 1171 32 22 till
502 1171 207 28 kommanditbolag,
725 1174 30 18 att
770 1171 6 22 i
792 1171 47 22 dess
855 1172 67 29 tredje

184 1206 12 28 &
212 1205 78 27 skulle,
305 1205 7 21 i
327 1205 66 21 likhet
409 1205 46 21 med
468 1205 55 23 hvad
537 1205 63 21 ofvan
613 1213 33 13 om
660 1205 121 29 aktiebolag
793 1206 129 26 förordnats,

184 1240 81 22 införas
288 1240 117 26 föreskrift,
430 1243 30 18 att
478 1240 101 21 kontrakt
594 1248 34 13 om
644 1240 196 28 kommanditbolag
856 1240 66 22 borde

184 1274 77 20 företes
280 1273 36 21 vid
335 1274 110 27 magistrat
463 1275 6 20 i
485 1274 71 21 stället
574 1274 33 21 för
626 1274 156 22 rådstufvurätt
799 1278 55 18 samt
868 1275 54 21 inta-

184 1314 38 22 gas
240 1308 8 21 i
265 1308 121 27 magistrats
404 1308 41 21 och
463 1308 130 21 häradsrätts
609 1308 256 28 inteckningsprotokoll,
881 1308 41 22 och

184 1341 99 28 slutligen
303 1344 31 18 att
348 1342 12 28 &
375 1342 11 21 7
403 1342 68 21 skulle
489 1342 108 28 redigeras
617 1342 7 20 i
644 1342 94 27 enlighet
756 1342 48 21 med
819 1343 103 27 förslaget

185 1375 70 20 dertill
277 1376 7 20 i
306 1374 40 22 den
365 1375 77 28 nådiga
465 1376 166 27 propositionen.
669 1376 33 21 De
721 1376 89 20 sålunda
825 1376 97 21 beslutna

184 1408 176 28 förändringarne
378 1408 63 21 hafva
459 1410 122 21 motiverats
596 1409 69 26 deraf,
681 1412 30 17 att
726 1409 107 21 saknaden
850 1410 24 20 af
887 1409 35 22 be-

184 1442 129 28 stämningar
335 1442 108 29 angående
465 1443 95 21 vilkoren
586 1443 32 21 för
640 1443 132 28 aktiebolags
792 1443 130 30 upplösning

184 1476 71 23 kunna
273 1476 111 23 framkalla
399 1476 137 30 stridigheter
552 1477 38 22 och
607 1477 157 29 förvecklingar
780 1478 89 21 emellan
885 1478 37 22 bo-
