1017 1792
776 154 41 24 307

171 215 58 25 Herr
244 216 164 25 Dahlström:
432 216 46 33 Jag
493 216 37 25 vill
545 216 75 25 endast
631 217 110 29 anmärka,
753 222 31 19 att
794 219 50 23 hert

104 248 130 32 Tengström
255 254 71 20 säsom
349 254 46 20 skäl
413 254 34 20 för
466 254 40 21 den
521 253 67 29 högre
604 254 89 28 afgiften
708 254 57 21 velat
780 254 65 21 fram-

104 283 64 30 hålla,
183 289 31 19 att
228 286 37 22 det
279 287 163 28 ifrågavarande
458 287 142 22 förhållandet
615 287 47 22 med
673 288 66 28 ryska
750 288 94 28 köpmän

103 325 50 16 vore
172 323 30 18 ett
221 321 53 21 svek
289 321 40 21 och
346 321 110 29 bedrägeri
472 325 54 17 samt
541 325 31 17 att
586 321 104 22 Finlands
705 321 72 22 städer
791 327 52 16 vore

103 353 47 22 deri
165 351 168 32 medbrottsliga.
362 355 44 28 Jag
420 356 42 21 kan
478 356 18 28 ej
512 356 58 20 finna
585 358 31 19 att
626 355 58 22 detta
696 356 64 28 utgör
772 356 72 28 någon

103 388 69 28 grund
188 389 33 21 för
236 396 25 14 en
277 389 67 28 högre
359 389 63 28 afgift
438 390 30 21 uti
484 389 65 29 sagde
562 389 127 28 hänseende,
703 390 52 21 eller
767 390 31 20 att
809 394 35 17 sä=

90 421 53 29 ken
159 422 123 29 derigenom
298 423 69 21 skulle
378 423 22 22 få
410 431 25 13 en
448 423 101 22 vackrare
561 424 57 28 färg,
629 424 70 21 såsom
712 424 48 21 herr
772 423 72 29 Teng

102 457 67 21 ström
191 464 63 21 synes
273 457 109 21 föreställa
400 458 40 28 sig.
471 458 43 21 Om
529 458 91 28 afgiften
635 459 23 20 är
673 458 43 28 bög
731 458 51 21 eller
796 458 47 28 låg;

102 491 24 21 sä
140 492 23 20 är
178 491 64 21 saken
259 492 56 20 ändå
329 492 129 21 densamma.
489 487 79 26 Finner
583 499 48 13 man
645 492 66 28 något
722 492 57 21 orätt
789 491 54 28 deri,

103 526 24 20 sä
149 525 67 21 borde
238 531 47 15 man
308 526 57 28 syfta
382 524 92 28 derhän,
492 529 30 18 att
537 526 97 21 tillständ
649 526 30 21 uti
694 525 149 30 ifrägakomne

103 560 100 21 afseende
218 560 47 20 icke
281 560 68 21 skulle
365 560 65 29 ryska
446 560 92 28 köpmän
554 559 95 29 beviljas.

170 599 57 22 Herr
243 598 26 24 O.
278 600 26 22 F.
313 599 147 29 Grönberg:
482 599 44 22 Det
539 598 61 23 torde
615 606 51 15 vara
681 600 100 29 temligen
792 600 51 22 obe=

102 634 85 29 fogadt,
203 636 31 20 att
249 634 69 22 såsom
334 634 118 29 någonting
466 633 68 29 dåligt
546 634 40 22 och
597 634 154 22 klandervärdt
761 634 82 22 tillräk-

101 676 28 14 na
150 668 98 22 städerne
270 676 28 14 nu
317 667 163 29 ifrågavarande
499 668 132 22 förhällande
646 668 48 22 med
709 668 65 30 ryska
789 669 54 27 köps

101 704 57 20 män.
181 702 76 22 Denna
272 703 62 21 deras
349 703 101 28 rättighet
465 702 93 30 grundar
572 702 34 29 sig
621 702 27 28 pä
663 702 62 22 Hans
740 702 104 29 Kejserli-

102 744 28 22 ga
151 736 114 29 Majestäts
287 740 49 25 eget
358 736 158 22 bestämmande
535 737 40 21 och
593 736 106 28 tillständ,
718 736 83 22 hvilket
815 736 27 22 de

102 771 67 21 måste
182 771 82 21 erhålla
275 772 64 20 innan
350 770 26 22 de
388 771 20 21 få
420 772 69 20 såsom
504 771 93 28 köpmän
611 771 8 21 i
630 771 55 21 finsk
697 771 48 21 stad
755 769 87 23 inskrif-

101 812 45 14 vas.
176 802 117 25 Dessutom
307 805 39 21 vill
358 806 38 28 jag
412 805 76 27 erinra,
503 808 31 18 att
550 805 63 21 bland
625 804 54 28 dem,
694 808 60 18 utom
768 810 75 23 perso-

100 847 38 13 ner
160 839 25 21 af
199 839 66 29 ryska
283 840 112 26 nationen,
414 840 63 20 äfven
491 839 69 21 finnas
575 839 117 27 fransmän,
707 839 135 28 engelsmän,

101 874 99 27 danskar,
215 874 82 28 tyskar,
311 873 34 21 till
360 873 40 21 och
415 874 48 20 med
478 874 110 21 italienare
603 872 40 22 och
655 872 145 22 schweitzare.
829 872 13 22 I

100 907 167 22 Fredrikshamn
282 908 67 21 finnes
365 909 33 20 för
412 907 132 22 närvarande
560 907 97 29 omkring
668 907 174 22 tvåhundrafem-

100 942 30 21 tio
146 940 79 23 sädane
239 942 105 21 inskrifne
359 941 131 28 handlande,
506 948 46 15 som
566 940 48 23 icke
630 939 36 24 äro
682 939 110 24 derstädes
804 941 37 22 bo-

101 979 56 19 satte
175 976 52 21 eller
241 976 38 21 der
294 975 52 22 idka
359 976 71 27 nägon
446 975 86 22 rörelse.

168 1013 57 24 Herr
240 1013 169 31 Tengström:
441 1015 11 22 I
471 1015 115 29 anledning
605 1015 24 22 af
641 1016 48 21 herr
703 1015 138 22 Dahlströms

99 1050 100 30 yttrande
218 1050 38 21 vill
268 1051 39 27 jag
322 1049 110 27 anmärka,
451 1053 32 18 ätt
497 1049 37 22 det
547 1049 162 28 ifrägavarande
724 1049 118 22 förhällan-

102 1085 36 21 det
159 1083 48 22 med
228 1084 66 29 ryska
315 1083 93 28 köpmän
428 1083 38 22 har
484 1083 33 21 sin
532 1083 69 28 grund
616 1083 7 20 i
637 1083 27 21 de
678 1083 163 21 internationela

100 1119 141 21 relationerne
259 1117 90 22 emellan
365 1117 155 28 kejsaredömet
535 1117 40 22 och
590 1114 103 30 Finland,
709 1117 45 21 deri
769 1117 72 28 nägon

102 1153 124 28 förändring
244 1152 49 21 icke
311 1152 56 21 lärer
381 1152 71 21 kunna
467 1151 24 22 af
502 1151 70 22 finska
586 1151 113 22 ständerne
713 1151 128 28 ävägabrin-

100 1195 46 21 gas.
175 1187 44 22 Det
231 1187 41 21 kan
287 1193 51 14 vara
353 1186 111 29 likgiltigt,
480 1193 33 14 om
528 1184 64 23 dessa
607 1185 120 22 handlande
742 1187 37 20 äro
794 1192 47 21 rys-

100 1229 36 14 sar
157 1220 53 22 eller
231 1220 89 22 tillhöra
341 1221 70 28 någon
430 1227 68 14 annan
518 1220 79 21 nation.
628 1219 43 21 Det
686 1220 23 20 är
713 1215 14 39 i
746 1219 42 22 alla
803 1219 38 22 fall

100 1263 26 14 en
145 1255 87 28 chimär,
251 1263 25 13 en
294 1252 97 29 luftbild;
410 1253 47 23 med
473 1257 29 18 ett
517 1253 39 22 ord
572 1256 30 19 ett
617 1256 76 19 osannt
707 1253 134 22 förhällande

101 1292 31 19 att
154 1289 89 21 sälunda
266 1294 51 16 vara
338 1289 90 22 medlem
446 1288 7 22 i
472 1296 24 13 en
516 1288 111 27 kommun,
646 1295 46 13 som
707 1295 48 14 man
770 1287 71 29 aldrig

101 1326 42 19 sett
158 1323 40 21 och
213 1330 35 14 om
263 1321 86 23 hvilken
365 1331 48 13 man
428 1323 48 21 icke
490 1330 50 21 eger
555 1322 71 29 nägon
640 1321 128 22 kännedom.
791 1321 50 22 Den

100 1358 55 21 enda
177 1357 94 27 skilnad,
293 1364 46 14 som
361 1357 7 20 i
390 1356 100 22 afseende
508 1357 13 20 ä
539 1355 26 22 de
584 1355 56 22 olika
655 1355 185 22 nationaliteterne

100 1393 43 20 kan
158 1394 61 25 tagas
234 1391 7 20 i
257 1390 147 27 betraktande,
420 1390 70 21 består
504 1390 56 26 deri,
576 1392 31 19 att
622 1389 37 27 de,
674 1397 46 14 som
734 1389 48 22 icke
797 1389 43 22 till-

101 1425 55 21 höra
174 1425 41 20 den
230 1425 65 27 ryska
310 1424 109 25 nationen,
436 1424 42 21 fela
496 1424 92 25 mindre,
604 1424 49 20 enär
669 1423 108 28 Ryssland
791 1423 48 21 icke

100 1460 24 21 är
145 1459 62 21 deras
230 1457 129 28 fosterland,
376 1457 70 22 fastän
464 1457 26 22 de
508 1457 38 21 äro
561 1456 108 23 derstädes
685 1456 89 22 bosatte.
804 1456 35 22 Då
