<?xml version="1.0" encoding="UTF-8"?>
<alto xmlns="http://www.loc.gov/standards/alto/ns-v3#" xmlns:xlink="http://www.w3.org/1999/xlink" xmlns:xsi="http://www.w3.org/2001/XMLSchema-instance" xsi:schemaLocation="http://www.loc.gov/standards/alto/ns-v3# http://www.loc.gov/alto/v3/alto-3-0.xsd">
	<Description>
		<MeasurementUnit>pixel</MeasurementUnit>
		<sourceImageInformation>
			<fileName>/tmp/tess_sut4v585_input.PNG</fileName>
		</sourceImageInformation>
		<OCRProcessing ID="OCR_0">
			<ocrProcessingStep>
				<processingSoftware>
					<softwareName>tesseract 5.3.4</softwareName>
				</processingSoftware>
			</ocrProcessingStep>
		</OCRProcessing>
	</Description>
	<Layout>
		<Page WIDTH="1009" HEIGHT="1767" PHYSICAL_IMG_NR="0" ID="page_0">
			<PrintSpace HPOS="0" VPOS="0" WIDTH="1009" HEIGHT="1767">
				<ComposedBlock ID="cblock_0" HPOS="162" VPOS="178" WIDTH="67" HEIGHT="28">
					<TextBlock ID="block_0" HPOS="162" VPOS="178" WIDTH="67" HEIGHT="28">
						<TextLine ID="line_0" HPOS="162" VPOS="178" WIDTH="67" HEIGHT="28">
							<String ID="string_0" HPOS="162" VPOS="178" WIDTH="67" HEIGHT="28" WC="0.67" CONTENT="376"/>
						</TextLine>
					</TextBlock>
				</ComposedBlock>
				<ComposedBlock ID="cblock_1" HPOS="162" VPOS="240" WIDTH="754" HEIGHT="1250">
					<TextBlock ID="block_1" HPOS="162" VPOS="240" WIDTH="739" HEIGHT="64">
						<TextLine ID="line_1" HPOS="162" VPOS="240" WIDTH="739" HEIGHT="31">
							<String ID="string_1" HPOS="162" VPOS="240" WIDTH="137" HEIGHT="23" WC="0.93" CONTENT="kommunala"/><SP WIDTH="15" VPOS="240" HPOS="299"/>
							<String ID="string_2" HPOS="314" VPOS="242" WIDTH="110" HEIGHT="28" WC="0.91" CONTENT="utskylder"/><SP WIDTH="16" VPOS="242" HPOS="424"/>
							<String ID="string_3" HPOS="440" VPOS="243" WIDTH="39" HEIGHT="21" WC="0.93" CONTENT="och"/><SP WIDTH="16" VPOS="243" HPOS="479"/>
							<String ID="string_4" HPOS="495" VPOS="250" WIDTH="77" HEIGHT="21" WC="0.92" CONTENT="egaren"/><SP WIDTH="16" VPOS="250" HPOS="572"/>
							<String ID="string_5" HPOS="588" VPOS="244" WIDTH="17" HEIGHT="26" WC="0.92" CONTENT="ej"/><SP WIDTH="17" VPOS="244" HPOS="605"/>
							<String ID="string_6" HPOS="622" VPOS="244" WIDTH="22" HEIGHT="19" WC="0.96" CONTENT="är"/><SP WIDTH="16" VPOS="244" HPOS="644"/>
							<String ID="string_7" HPOS="660" VPOS="242" WIDTH="6" HEIGHT="21" WC="0.93" CONTENT="i"/><SP WIDTH="15" VPOS="242" HPOS="666"/>
							<String ID="string_8" HPOS="681" VPOS="242" WIDTH="126" HEIGHT="21" WC="0.91" CONTENT="kommunen"/><SP WIDTH="14" VPOS="242" HPOS="807"/>
							<String ID="string_9" HPOS="821" VPOS="242" WIDTH="80" HEIGHT="24" WC="0.92" CONTENT="bosatt;"/>
						</TextLine>
						<TextLine ID="line_2" HPOS="162" VPOS="275" WIDTH="249" HEIGHT="29">
							<String ID="string_10" HPOS="162" VPOS="275" WIDTH="62" HEIGHT="28" WC="0.93" CONTENT="eljest"/><SP WIDTH="13" VPOS="275" HPOS="224"/>
							<String ID="string_11" HPOS="237" VPOS="276" WIDTH="58" HEIGHT="21" WC="0.92" CONTENT="röste"/><SP WIDTH="14" VPOS="276" HPOS="295"/>
							<String ID="string_12" HPOS="309" VPOS="276" WIDTH="102" HEIGHT="28" WC="0.70" CONTENT="egaren”?"/>
						</TextLine>
					</TextBlock>
					<TextBlock ID="block_2" HPOS="162" VPOS="309" WIDTH="742" HEIGHT="97">
						<TextLine ID="line_3" HPOS="230" VPOS="309" WIDTH="674" HEIGHT="30">
							<String ID="string_13" HPOS="230" VPOS="309" WIDTH="132" HEIGHT="22" WC="0.91" CONTENT="Besvarades"/><SP WIDTH="23" VPOS="309" HPOS="362"/>
							<String ID="string_14" HPOS="385" VPOS="311" WIDTH="48" HEIGHT="21" WC="0.93" CONTENT="med"/><SP WIDTH="23" VPOS="311" HPOS="433"/>
							<String ID="string_15" HPOS="456" VPOS="310" WIDTH="160" HEIGHT="29" WC="0.91" CONTENT="öfvervägande"/><SP WIDTH="18" VPOS="310" HPOS="616"/>
							<String ID="string_16" HPOS="634" VPOS="310" WIDTH="154" HEIGHT="28" WC="0.92" CONTENT="röstpluralitet"/><SP WIDTH="12" VPOS="310" HPOS="788"/>
							<String ID="string_17" HPOS="800" VPOS="309" WIDTH="104" HEIGHT="29" WC="0.92" CONTENT="jakande;"/>
						</TextLine>
						<TextLine ID="line_4" HPOS="162" VPOS="342" WIDTH="741" HEIGHT="30">
							<String ID="string_18" HPOS="162" VPOS="342" WIDTH="41" HEIGHT="22" WC="0.93" CONTENT="och"/><SP WIDTH="16" VPOS="342" HPOS="203"/>
							<String ID="string_19" HPOS="219" VPOS="344" WIDTH="84" HEIGHT="21" WC="0.93" CONTENT="komme"/><SP WIDTH="16" VPOS="344" HPOS="303"/>
							<String ID="string_20" HPOS="319" VPOS="344" WIDTH="57" HEIGHT="28" WC="0.92" CONTENT="förty"/><SP WIDTH="14" VPOS="344" HPOS="376"/>
							<String ID="string_21" HPOS="390" VPOS="344" WIDTH="163" HEIGHT="28" WC="0.92" CONTENT="ifrägavarande"/><SP WIDTH="15" VPOS="344" HPOS="553"/>
							<String ID="string_22" HPOS="568" VPOS="344" WIDTH="117" HEIGHT="28" WC="0.93" CONTENT="stadgande"/><SP WIDTH="16" VPOS="344" HPOS="685"/>
							<String ID="string_23" HPOS="701" VPOS="347" WIDTH="31" HEIGHT="18" WC="0.93" CONTENT="att"/><SP WIDTH="15" VPOS="347" HPOS="732"/>
							<String ID="string_24" HPOS="747" VPOS="344" WIDTH="80" HEIGHT="20" WC="0.92" CONTENT="erhälla"/><SP WIDTH="15" VPOS="344" HPOS="827"/>
							<String ID="string_25" HPOS="842" VPOS="343" WIDTH="40" HEIGHT="21" WC="0.94" CONTENT="den"/><SP WIDTH="14" VPOS="343" HPOS="882"/>
							<String ID="string_26" HPOS="896" VPOS="343" WIDTH="7" HEIGHT="22" WC="0.94" CONTENT="i"/>
						</TextLine>
						<TextLine ID="line_5" HPOS="162" VPOS="377" WIDTH="741" HEIGHT="29">
							<String ID="string_27" HPOS="162" VPOS="377" WIDTH="135" HEIGHT="22" WC="0.92" CONTENT="förestäende"/><SP WIDTH="15" VPOS="377" HPOS="297"/>
							<String ID="string_28" HPOS="312" VPOS="379" WIDTH="134" HEIGHT="27" WC="0.96" CONTENT="proposition"/><SP WIDTH="16" VPOS="379" HPOS="446"/>
							<String ID="string_29" HPOS="462" VPOS="380" WIDTH="23" HEIGHT="20" WC="0.93" CONTENT="af"/><SP WIDTH="13" VPOS="380" HPOS="485"/>
							<String ID="string_30" HPOS="498" VPOS="379" WIDTH="49" HEIGHT="21" WC="0.90" CONTENT="herr"/><SP WIDTH="14" VPOS="379" HPOS="547"/>
							<String ID="string_31" HPOS="561" VPOS="378" WIDTH="119" HEIGHT="22" WC="0.92" CONTENT="talmannen"/><SP WIDTH="13" VPOS="378" HPOS="680"/>
							<String ID="string_32" HPOS="693" VPOS="382" WIDTH="111" HEIGHT="24" WC="0.92" CONTENT="upptagna"/><SP WIDTH="10" VPOS="382" HPOS="804"/>
							<String ID="string_33" HPOS="814" VPOS="377" WIDTH="89" HEIGHT="28" WC="0.92" CONTENT="lydelse."/>
						</TextLine>
					</TextBlock>
					<TextBlock ID="block_3" HPOS="163" VPOS="412" WIDTH="743" HEIGHT="199">
						<TextLine ID="line_6" HPOS="230" VPOS="412" WIDTH="674" HEIGHT="22">
							<String ID="string_34" HPOS="230" VPOS="412" WIDTH="41" HEIGHT="21" WC="0.87" CONTENT="2:0."/><SP WIDTH="29" VPOS="412" HPOS="271"/>
							<String ID="string_35" HPOS="300" VPOS="412" WIDTH="70" HEIGHT="22" WC="0.90" CONTENT="Anser"/><SP WIDTH="22" VPOS="412" HPOS="370"/>
							<String ID="string_36" HPOS="392" VPOS="413" WIDTH="84" HEIGHT="21" WC="0.96" CONTENT="ståndet"/><SP WIDTH="18" VPOS="413" HPOS="476"/>
							<String ID="string_37" HPOS="494" VPOS="413" WIDTH="69" HEIGHT="21" WC="0.96" CONTENT="såsom"/><SP WIDTH="19" VPOS="413" HPOS="563"/>
							<String ID="string_38" HPOS="582" VPOS="416" WIDTH="30" HEIGHT="18" WC="0.93" CONTENT="ett"/><SP WIDTH="20" VPOS="416" HPOS="612"/>
							<String ID="string_39" HPOS="632" VPOS="412" WIDTH="102" HEIGHT="22" WC="0.96" CONTENT="särskildt"/><SP WIDTH="15" VPOS="412" HPOS="734"/>
							<String ID="string_40" HPOS="749" VPOS="415" WIDTH="92" HEIGHT="18" WC="0.93" CONTENT="moment"/><SP WIDTH="15" VPOS="415" HPOS="841"/>
							<String ID="string_41" HPOS="856" VPOS="412" WIDTH="48" HEIGHT="20" WC="0.96" CONTENT="näst"/>
						</TextLine>
						<TextLine ID="line_7" HPOS="164" VPOS="447" WIDTH="740" HEIGHT="28">
							<String ID="string_42" HPOS="164" VPOS="447" WIDTH="55" HEIGHT="20" WC="0.92" CONTENT="efter"/><SP WIDTH="19" VPOS="447" HPOS="219"/>
							<String ID="string_43" HPOS="238" VPOS="448" WIDTH="139" HEIGHT="22" WC="0.91" CONTENT="förenämnda"/><SP WIDTH="19" VPOS="448" HPOS="377"/>
							<String ID="string_44" HPOS="396" VPOS="449" WIDTH="24" HEIGHT="20" WC="0.93" CONTENT="af"/><SP WIDTH="12" VPOS="449" HPOS="420"/>
							<String ID="string_45" HPOS="432" VPOS="447" WIDTH="84" HEIGHT="22" WC="0.95" CONTENT="ståndet"/><SP WIDTH="15" VPOS="447" HPOS="516"/>
							<String ID="string_46" HPOS="531" VPOS="451" WIDTH="92" HEIGHT="24" WC="0.96" CONTENT="antagna"/><SP WIDTH="15" VPOS="451" HPOS="623"/>
							<String ID="string_47" HPOS="638" VPOS="447" WIDTH="119" HEIGHT="27" WC="0.94" CONTENT="stadgande"/><SP WIDTH="15" VPOS="447" HPOS="757"/>
							<String ID="string_48" HPOS="772" VPOS="447" WIDTH="52" HEIGHT="21" WC="0.96" CONTENT="böra"/><SP WIDTH="14" VPOS="447" HPOS="824"/>
							<String ID="string_49" HPOS="838" VPOS="447" WIDTH="7" HEIGHT="20" WC="0.93" CONTENT="i"/><SP WIDTH="15" VPOS="447" HPOS="845"/>
							<String ID="string_50" HPOS="860" VPOS="447" WIDTH="44" HEIGHT="20" WC="0.92" CONTENT="för-"/>
						</TextLine>
						<TextLine ID="line_8" HPOS="163" VPOS="479" WIDTH="742" HEIGHT="31">
							<String ID="string_51" HPOS="163" VPOS="481" WIDTH="120" HEIGHT="28" WC="0.96" CONTENT="fattningen"/><SP WIDTH="15" VPOS="481" HPOS="283"/>
							<String ID="string_52" HPOS="298" VPOS="481" WIDTH="50" HEIGHT="28" WC="0.95" CONTENT="ingå"/><SP WIDTH="16" VPOS="481" HPOS="348"/>
							<String ID="string_53" HPOS="364" VPOS="481" WIDTH="103" HEIGHT="29" WC="0.93" CONTENT="följande:"/><SP WIDTH="15" VPOS="481" HPOS="467"/>
							<String ID="string_54" HPOS="482" VPOS="481" WIDTH="52" HEIGHT="22" WC="0.92" CONTENT="”äbo"/><SP WIDTH="15" VPOS="481" HPOS="534"/>
							<String ID="string_55" HPOS="549" VPOS="482" WIDTH="13" HEIGHT="21" WC="0.91" CONTENT="å"/><SP WIDTH="15" VPOS="482" HPOS="562"/>
							<String ID="string_56" HPOS="577" VPOS="481" WIDTH="165" HEIGHT="22" WC="0.95" CONTENT="kronohemman"/><SP WIDTH="16" VPOS="481" HPOS="742"/>
							<String ID="string_57" HPOS="758" VPOS="480" WIDTH="39" HEIGHT="21" WC="0.93" CONTENT="och"/><SP WIDTH="11" VPOS="480" HPOS="797"/>
							<String ID="string_58" HPOS="808" VPOS="479" WIDTH="97" HEIGHT="22" WC="0.87" CONTENT="innehaf-"/>
						</TextLine>
						<TextLine ID="line_9" HPOS="164" VPOS="515" WIDTH="740" HEIGHT="30">
							<String ID="string_59" HPOS="164" VPOS="522" WIDTH="50" HEIGHT="13" WC="0.93" CONTENT="vare"/><SP WIDTH="16" VPOS="522" HPOS="214"/>
							<String ID="string_60" HPOS="230" VPOS="516" WIDTH="23" HEIGHT="20" WC="0.93" CONTENT="af"/><SP WIDTH="14" VPOS="516" HPOS="253"/>
							<String ID="string_61" HPOS="267" VPOS="515" WIDTH="99" HEIGHT="27" WC="0.92" CONTENT="boställe,"/><SP WIDTH="16" VPOS="515" HPOS="366"/>
							<String ID="string_62" HPOS="382" VPOS="516" WIDTH="64" HEIGHT="21" WC="0.92" CONTENT="ehuru"/><SP WIDTH="17" VPOS="516" HPOS="446"/>
							<String ID="string_63" HPOS="463" VPOS="516" WIDTH="45" HEIGHT="21" WC="0.91" CONTENT="icke"/><SP WIDTH="16" VPOS="516" HPOS="508"/>
							<String ID="string_64" HPOS="524" VPOS="523" WIDTH="63" HEIGHT="22" WC="0.91" CONTENT="egare"/><SP WIDTH="15" VPOS="523" HPOS="587"/>
							<String ID="string_65" HPOS="602" VPOS="516" WIDTH="24" HEIGHT="21" WC="0.96" CONTENT="af"/><SP WIDTH="12" VPOS="516" HPOS="626"/>
							<String ID="string_66" HPOS="638" VPOS="515" WIDTH="41" HEIGHT="22" WC="0.97" CONTENT="den"/><SP WIDTH="15" VPOS="515" HPOS="679"/>
							<String ID="string_67" HPOS="694" VPOS="515" WIDTH="103" HEIGHT="28" WC="0.92" CONTENT="fastighet"/><SP WIDTH="15" VPOS="515" HPOS="797"/>
							<String ID="string_68" HPOS="812" VPOS="515" WIDTH="40" HEIGHT="20" WC="0.93" CONTENT="han"/><SP WIDTH="17" VPOS="515" HPOS="852"/>
							<String ID="string_69" HPOS="869" VPOS="515" WIDTH="35" HEIGHT="20" WC="0.93" CONTENT="be-"/>
						</TextLine>
						<TextLine ID="line_10" HPOS="166" VPOS="545" WIDTH="740" HEIGHT="39">
							<String ID="string_70" HPOS="166" VPOS="545" WIDTH="85" HEIGHT="39" WC="0.36" CONTENT="brokar,"/><SP WIDTH="17" VPOS="545" HPOS="251"/>
							<String ID="string_71" HPOS="268" VPOS="557" WIDTH="49" HEIGHT="17" WC="0.94" CONTENT="vare"/><SP WIDTH="15" VPOS="557" HPOS="317"/>
							<String ID="string_72" HPOS="332" VPOS="549" WIDTH="66" HEIGHT="26" WC="0.95" CONTENT="likväl"/><SP WIDTH="17" VPOS="549" HPOS="398"/>
							<String ID="string_73" HPOS="415" VPOS="550" WIDTH="88" HEIGHT="29" WC="0.96" CONTENT="behörig"/><SP WIDTH="15" VPOS="550" HPOS="503"/>
							<String ID="string_74" HPOS="518" VPOS="554" WIDTH="40" HEIGHT="23" WC="0.96" CONTENT="att,"/><SP WIDTH="15" VPOS="554" HPOS="558"/>
							<String ID="string_75" HPOS="573" VPOS="553" WIDTH="49" HEIGHT="18" WC="0.93" CONTENT="utan"/><SP WIDTH="16" VPOS="553" HPOS="622"/>
							<String ID="string_76" HPOS="638" VPOS="549" WIDTH="102" HEIGHT="22" WC="0.92" CONTENT="särskildt"/><SP WIDTH="13" VPOS="549" HPOS="740"/>
							<String ID="string_77" HPOS="753" VPOS="549" WIDTH="153" HEIGHT="28" WC="0.92" CONTENT="bemyndigan-"/>
						</TextLine>
						<TextLine ID="line_11" HPOS="166" VPOS="583" WIDTH="691" HEIGHT="28">
							<String ID="string_78" HPOS="166" VPOS="583" WIDTH="36" HEIGHT="28" WC="0.96" CONTENT="de,"/><SP WIDTH="16" VPOS="583" HPOS="202"/>
							<String ID="string_79" HPOS="218" VPOS="584" WIDTH="34" HEIGHT="21" WC="0.96" CONTENT="för"/><SP WIDTH="14" VPOS="584" HPOS="252"/>
							<String ID="string_80" HPOS="266" VPOS="583" WIDTH="122" HEIGHT="22" WC="0.96" CONTENT="densamma"/><SP WIDTH="15" VPOS="583" HPOS="388"/>
							<String ID="string_81" HPOS="403" VPOS="585" WIDTH="7" HEIGHT="20" WC="0.93" CONTENT="i"/><SP WIDTH="16" VPOS="585" HPOS="410"/>
							<String ID="string_82" HPOS="426" VPOS="585" WIDTH="212" HEIGHT="21" WC="0.50" CONTENT="kommunalstämma"/><SP WIDTH="15" VPOS="585" HPOS="638"/>
							<String ID="string_83" HPOS="653" VPOS="585" WIDTH="75" HEIGHT="20" WC="0.91" CONTENT="utöfva"/><SP WIDTH="14" VPOS="585" HPOS="728"/>
							<String ID="string_84" HPOS="742" VPOS="583" WIDTH="115" HEIGHT="24" WC="0.90" CONTENT="rösträtt”?"/>
						</TextLine>
					</TextBlock>
					<TextBlock ID="block_4" HPOS="166" VPOS="617" WIDTH="740" HEIGHT="133">
						<TextLine ID="line_12" HPOS="234" VPOS="617" WIDTH="672" HEIGHT="30">
							<String ID="string_85" HPOS="234" VPOS="617" WIDTH="163" HEIGHT="23" WC="0.91" CONTENT="Ofvanstående"/><SP WIDTH="19" VPOS="617" HPOS="397"/>
							<String ID="string_86" HPOS="416" VPOS="619" WIDTH="134" HEIGHT="28" WC="0.96" CONTENT="proposition"/><SP WIDTH="17" VPOS="619" HPOS="550"/>
							<String ID="string_87" HPOS="567" VPOS="621" WIDTH="75" HEIGHT="26" WC="0.96" CONTENT="antogs"/><SP WIDTH="16" VPOS="621" HPOS="642"/>
							<String ID="string_88" HPOS="658" VPOS="619" WIDTH="23" HEIGHT="20" WC="0.96" CONTENT="af"/><SP WIDTH="13" VPOS="619" HPOS="681"/>
							<String ID="string_89" HPOS="694" VPOS="617" WIDTH="84" HEIGHT="22" WC="0.96" CONTENT="ståndet"/><SP WIDTH="15" VPOS="617" HPOS="778"/>
							<String ID="string_90" HPOS="793" VPOS="617" WIDTH="113" HEIGHT="28" WC="0.96" CONTENT="enhälligt;"/>
						</TextLine>
						<TextLine ID="line_13" HPOS="167" VPOS="651" WIDTH="739" HEIGHT="30">
							<String ID="string_91" HPOS="167" VPOS="652" WIDTH="40" HEIGHT="22" WC="0.96" CONTENT="och"/><SP WIDTH="22" VPOS="652" HPOS="207"/>
							<String ID="string_92" HPOS="229" VPOS="652" WIDTH="85" HEIGHT="21" WC="0.94" CONTENT="komme"/><SP WIDTH="22" VPOS="652" HPOS="314"/>
							<String ID="string_93" HPOS="336" VPOS="653" WIDTH="82" HEIGHT="21" WC="0.94" CONTENT="således"/><SP WIDTH="22" VPOS="653" HPOS="418"/>
							<String ID="string_94" HPOS="440" VPOS="653" WIDTH="36" HEIGHT="20" WC="0.96" CONTENT="det"/><SP WIDTH="17" VPOS="653" HPOS="476"/>
							<String ID="string_95" HPOS="493" VPOS="653" WIDTH="7" HEIGHT="20" WC="0.96" CONTENT="i"/><SP WIDTH="19" VPOS="653" HPOS="500"/>
							<String ID="string_96" HPOS="519" VPOS="661" WIDTH="80" HEIGHT="12" WC="0.95" CONTENT="samma"/><SP WIDTH="21" VPOS="661" HPOS="599"/>
							<String ID="string_97" HPOS="620" VPOS="652" WIDTH="134" HEIGHT="29" WC="0.96" CONTENT="proposition"/><SP WIDTH="20" VPOS="652" HPOS="754"/>
							<String ID="string_98" HPOS="774" VPOS="651" WIDTH="132" HEIGHT="22" WC="0.96" CONTENT="framställda"/>
						</TextLine>
						<TextLine ID="line_14" HPOS="166" VPOS="686" WIDTH="740" HEIGHT="30">
							<String ID="string_99" HPOS="166" VPOS="686" WIDTH="208" HEIGHT="29" WC="0.90" CONTENT="redaktionsförslag"/><SP WIDTH="19" VPOS="686" HPOS="374"/>
							<String ID="string_100" HPOS="393" VPOS="690" WIDTH="29" HEIGHT="18" WC="0.96" CONTENT="att"/><SP WIDTH="15" VPOS="690" HPOS="422"/>
							<String ID="string_101" HPOS="437" VPOS="687" WIDTH="77" HEIGHT="29" WC="0.96" CONTENT="utgöra"/><SP WIDTH="15" VPOS="687" HPOS="514"/>
							<String ID="string_102" HPOS="529" VPOS="687" WIDTH="37" HEIGHT="22" WC="0.96" CONTENT="det"/><SP WIDTH="17" VPOS="687" HPOS="566"/>
							<String ID="string_103" HPOS="583" VPOS="687" WIDTH="65" HEIGHT="24" WC="0.96" CONTENT="andra"/><SP WIDTH="15" VPOS="687" HPOS="648"/>
							<String ID="string_104" HPOS="663" VPOS="689" WIDTH="114" HEIGHT="19" WC="0.96" CONTENT="momentet"/><SP WIDTH="15" VPOS="689" HPOS="777"/>
							<String ID="string_105" HPOS="792" VPOS="687" WIDTH="24" HEIGHT="20" WC="0.93" CONTENT="af"/><SP WIDTH="12" VPOS="687" HPOS="816"/>
							<String ID="string_106" HPOS="828" VPOS="686" WIDTH="78" HEIGHT="29" WC="0.90" CONTENT="ifråga-"/>
						</TextLine>
						<TextLine ID="line_15" HPOS="167" VPOS="720" WIDTH="129" HEIGHT="30">
							<String ID="string_107" HPOS="167" VPOS="720" WIDTH="96" HEIGHT="22" WC="0.96" CONTENT="varande"/><SP WIDTH="15" VPOS="720" HPOS="263"/>
							<String ID="string_108" HPOS="278" VPOS="721" WIDTH="18" HEIGHT="29" WC="0.92" CONTENT="&amp;."/>
						</TextLine>
					</TextBlock>
					<TextBlock ID="block_5" HPOS="167" VPOS="754" WIDTH="740" HEIGHT="65">
						<TextLine ID="line_16" HPOS="236" VPOS="754" WIDTH="671" HEIGHT="30">
							<String ID="string_109" HPOS="236" VPOS="754" WIDTH="32" HEIGHT="22" WC="0.96" CONTENT="De"/><SP WIDTH="16" VPOS="754" HPOS="268"/>
							<String ID="string_110" HPOS="284" VPOS="759" WIDTH="31" HEIGHT="17" WC="0.96" CONTENT="tre"/><SP WIDTH="16" VPOS="759" HPOS="315"/>
							<String ID="string_111" HPOS="331" VPOS="755" WIDTH="93" HEIGHT="29" WC="0.93" CONTENT="följande"/><SP WIDTH="15" VPOS="755" HPOS="424"/>
							<String ID="string_112" HPOS="439" VPOS="759" WIDTH="143" HEIGHT="20" WC="0.92" CONTENT="momenterne"/><SP WIDTH="14" VPOS="759" HPOS="582"/>
							<String ID="string_113" HPOS="596" VPOS="756" WIDTH="6" HEIGHT="21" WC="0.96" CONTENT="i"/><SP WIDTH="16" VPOS="756" HPOS="602"/>
							<String ID="string_114" HPOS="618" VPOS="755" WIDTH="144" HEIGHT="22" WC="0.96" CONTENT="betänkandet"/><SP WIDTH="14" VPOS="755" HPOS="762"/>
							<String ID="string_115" HPOS="776" VPOS="755" WIDTH="70" HEIGHT="22" WC="0.96" CONTENT="blefvo"/><SP WIDTH="11" VPOS="755" HPOS="846"/>
							<String ID="string_116" HPOS="857" VPOS="758" WIDTH="50" HEIGHT="18" WC="0.96" CONTENT="utan"/>
						</TextLine>
						<TextLine ID="line_17" HPOS="167" VPOS="789" WIDTH="489" HEIGHT="30">
							<String ID="string_117" HPOS="167" VPOS="789" WIDTH="122" HEIGHT="22" WC="0.96" CONTENT="diskussion"/><SP WIDTH="16" VPOS="789" HPOS="289"/>
							<String ID="string_118" HPOS="305" VPOS="789" WIDTH="24" HEIGHT="21" WC="0.96" CONTENT="af"/><SP WIDTH="12" VPOS="789" HPOS="329"/>
							<String ID="string_119" HPOS="341" VPOS="790" WIDTH="85" HEIGHT="21" WC="0.93" CONTENT="ståndet"/><SP WIDTH="14" VPOS="790" HPOS="426"/>
							<String ID="string_120" HPOS="440" VPOS="790" WIDTH="104" HEIGHT="29" WC="0.91" CONTENT="enbälligt"/><SP WIDTH="14" VPOS="790" HPOS="544"/>
							<String ID="string_121" HPOS="558" VPOS="793" WIDTH="98" HEIGHT="25" WC="0.96" CONTENT="antagna."/>
						</TextLine>
					</TextBlock>
					<TextBlock ID="block_6" HPOS="487" VPOS="829" WIDTH="104" HEIGHT="22">
						<TextLine ID="line_18" HPOS="487" VPOS="829" WIDTH="104" HEIGHT="22">
							<String ID="string_122" HPOS="487" VPOS="829" WIDTH="67" HEIGHT="22" WC="0.94" CONTENT="Mom."/><SP WIDTH="18" VPOS="829" HPOS="554"/>
							<String ID="string_123" HPOS="572" VPOS="831" WIDTH="19" HEIGHT="20" WC="0.96" CONTENT="5."/>
						</TextLine>
					</TextBlock>
					<TextBlock ID="block_7" HPOS="168" VPOS="863" WIDTH="742" HEIGHT="64">
						<TextLine ID="line_19" HPOS="236" VPOS="863" WIDTH="674" HEIGHT="30">
							<String ID="string_124" HPOS="236" VPOS="863" WIDTH="56" HEIGHT="21" WC="0.96" CONTENT="Herr"/><SP WIDTH="15" VPOS="863" HPOS="292"/>
							<String ID="string_125" HPOS="307" VPOS="863" WIDTH="155" HEIGHT="29" WC="0.96" CONTENT="Tengström"/><SP WIDTH="16" VPOS="863" HPOS="462"/>
							<String ID="string_126" HPOS="478" VPOS="864" WIDTH="84" HEIGHT="21" WC="0.96" CONTENT="röstade"/><SP WIDTH="17" VPOS="864" HPOS="562"/>
							<String ID="string_127" HPOS="579" VPOS="865" WIDTH="33" HEIGHT="20" WC="0.96" CONTENT="för"/><SP WIDTH="15" VPOS="865" HPOS="612"/>
							<String ID="string_128" HPOS="627" VPOS="864" WIDTH="119" HEIGHT="29" WC="0.96" CONTENT="antagande"/><SP WIDTH="16" VPOS="864" HPOS="746"/>
							<String ID="string_129" HPOS="762" VPOS="864" WIDTH="24" HEIGHT="21" WC="0.97" CONTENT="af"/><SP WIDTH="12" VPOS="864" HPOS="786"/>
							<String ID="string_130" HPOS="798" VPOS="863" WIDTH="36" HEIGHT="22" WC="0.93" CONTENT="det"/><SP WIDTH="15" VPOS="863" HPOS="834"/>
							<String ID="string_131" HPOS="849" VPOS="871" WIDTH="61" HEIGHT="14" WC="0.93" CONTENT="sena-"/>
						</TextLine>
						<TextLine ID="line_20" HPOS="168" VPOS="897" WIDTH="505" HEIGHT="30">
							<String ID="string_132" HPOS="168" VPOS="904" WIDTH="22" HEIGHT="15" WC="0.92" CONTENT="re"/><SP WIDTH="16" VPOS="904" HPOS="190"/>
							<String ID="string_133" HPOS="206" VPOS="897" WIDTH="134" HEIGHT="23" WC="0.96" CONTENT="alternativet"/><SP WIDTH="16" VPOS="897" HPOS="340"/>
							<String ID="string_134" HPOS="356" VPOS="899" WIDTH="28" HEIGHT="20" WC="0.96" CONTENT="uti"/><SP WIDTH="16" VPOS="899" HPOS="384"/>
							<String ID="string_135" HPOS="400" VPOS="898" WIDTH="160" HEIGHT="29" WC="0.96" CONTENT="ifrågavarande"/><SP WIDTH="15" VPOS="898" HPOS="560"/>
							<String ID="string_136" HPOS="575" VPOS="902" WIDTH="98" HEIGHT="17" WC="0.95" CONTENT="moment."/>
						</TextLine>
					</TextBlock>
					<TextBlock ID="block_8" HPOS="169" VPOS="931" WIDTH="743" HEIGHT="166">
						<TextLine ID="line_21" HPOS="236" VPOS="931" WIDTH="674" HEIGHT="30">
							<String ID="string_137" HPOS="236" VPOS="931" WIDTH="58" HEIGHT="23" WC="0.95" CONTENT="Herr"/><SP WIDTH="18" VPOS="931" HPOS="294"/>
							<String ID="string_138" HPOS="312" VPOS="931" WIDTH="124" HEIGHT="23" WC="0.13" CONTENT="Thermen"/><SP WIDTH="25" VPOS="931" HPOS="436"/>
							<String ID="string_139" HPOS="461" VPOS="931" WIDTH="95" HEIGHT="22" WC="0.96" CONTENT="biträdde"/><SP WIDTH="24" VPOS="931" HPOS="556"/>
							<String ID="string_140" HPOS="580" VPOS="931" WIDTH="48" HEIGHT="22" WC="0.96" CONTENT="herr"/><SP WIDTH="23" VPOS="931" HPOS="628"/>
							<String ID="string_141" HPOS="651" VPOS="931" WIDTH="137" HEIGHT="30" WC="0.95" CONTENT="Tengström,"/><SP WIDTH="22" VPOS="931" HPOS="788"/>
							<String ID="string_142" HPOS="810" VPOS="932" WIDTH="100" HEIGHT="26" WC="0.96" CONTENT="emedan,"/>
						</TextLine>
						<TextLine ID="line_22" HPOS="169" VPOS="965" WIDTH="743" HEIGHT="29">
							<String ID="string_143" HPOS="169" VPOS="965" WIDTH="68" HEIGHT="29" WC="0.93" CONTENT="enligt"/><SP WIDTH="15" VPOS="965" HPOS="237"/>
							<String ID="string_144" HPOS="252" VPOS="966" WIDTH="91" HEIGHT="22" WC="0.92" CONTENT="talarens"/><SP WIDTH="15" VPOS="966" HPOS="343"/>
							<String ID="string_145" HPOS="358" VPOS="966" WIDTH="64" HEIGHT="28" WC="0.93" CONTENT="äsigt,"/><SP WIDTH="17" VPOS="966" HPOS="422"/>
							<String ID="string_146" HPOS="439" VPOS="966" WIDTH="36" HEIGHT="21" WC="0.96" CONTENT="det"/><SP WIDTH="15" VPOS="966" HPOS="475"/>
							<String ID="string_147" HPOS="490" VPOS="967" WIDTH="18" HEIGHT="27" WC="0.96" CONTENT="ej"/><SP WIDTH="17" VPOS="967" HPOS="508"/>
							<String ID="string_148" HPOS="525" VPOS="967" WIDTH="75" HEIGHT="20" WC="0.91" CONTENT="funnes"/><SP WIDTH="16" VPOS="967" HPOS="600"/>
							<String ID="string_149" HPOS="616" VPOS="966" WIDTH="76" HEIGHT="21" WC="0.96" CONTENT="minsta"/><SP WIDTH="15" VPOS="966" HPOS="692"/>
							<String ID="string_150" HPOS="707" VPOS="966" WIDTH="47" HEIGHT="21" WC="0.96" CONTENT="skäl"/><SP WIDTH="16" VPOS="966" HPOS="754"/>
							<String ID="string_151" HPOS="770" VPOS="969" WIDTH="31" HEIGHT="18" WC="0.93" CONTENT="att"/><SP WIDTH="14" VPOS="969" HPOS="801"/>
							<String ID="string_152" HPOS="815" VPOS="967" WIDTH="97" HEIGHT="20" WC="0.92" CONTENT="förmena"/>
						</TextLine>
						<TextLine ID="line_23" HPOS="170" VPOS="1000" WIDTH="741" HEIGHT="28">
							<String ID="string_153" HPOS="170" VPOS="1000" WIDTH="56" HEIGHT="28" WC="0.96" CONTENT="gode"/><SP WIDTH="18" VPOS="1000" HPOS="226"/>
							<String ID="string_154" HPOS="244" VPOS="1001" WIDTH="101" HEIGHT="26" WC="0.96" CONTENT="männen,"/><SP WIDTH="21" VPOS="1001" HPOS="345"/>
							<String ID="string_155" HPOS="366" VPOS="1000" WIDTH="73" HEIGHT="21" WC="0.96" CONTENT="hvilka"/><SP WIDTH="18" VPOS="1000" HPOS="439"/>
							<String ID="string_156" HPOS="457" VPOS="1000" WIDTH="33" HEIGHT="21" WC="0.96" CONTENT="till"/><SP WIDTH="19" VPOS="1000" HPOS="490"/>
							<String ID="string_157" HPOS="509" VPOS="1000" WIDTH="69" HEIGHT="23" WC="0.95" CONTENT="denna"/><SP WIDTH="17" VPOS="1000" HPOS="578"/>
							<String ID="string_158" HPOS="595" VPOS="1000" WIDTH="118" HEIGHT="27" WC="0.95" CONTENT="befattning"/><SP WIDTH="15" VPOS="1000" HPOS="713"/>
							<String ID="string_159" HPOS="728" VPOS="1000" WIDTH="73" HEIGHT="22" WC="0.96" CONTENT="blifvit"/><SP WIDTH="15" VPOS="1000" HPOS="801"/>
							<String ID="string_160" HPOS="816" VPOS="1001" WIDTH="23" HEIGHT="20" WC="0.93" CONTENT="af"/><SP WIDTH="12" VPOS="1001" HPOS="839"/>
							<String ID="string_161" HPOS="851" VPOS="1000" WIDTH="60" HEIGHT="21" WC="0.90" CONTENT="dom-"/>
						</TextLine>
						<TextLine ID="line_24" HPOS="170" VPOS="1032" WIDTH="740" HEIGHT="31">
							<String ID="string_162" HPOS="170" VPOS="1034" WIDTH="42" HEIGHT="21" WC="0.93" CONTENT="stol"/><SP WIDTH="16" VPOS="1034" HPOS="212"/>
							<String ID="string_163" HPOS="228" VPOS="1033" WIDTH="98" HEIGHT="28" WC="0.92" CONTENT="utsedde,"/><SP WIDTH="16" VPOS="1033" HPOS="326"/>
							<String ID="string_164" HPOS="342" VPOS="1037" WIDTH="30" HEIGHT="18" WC="0.96" CONTENT="att"/><SP WIDTH="14" VPOS="1037" HPOS="372"/>
							<String ID="string_165" HPOS="386" VPOS="1035" WIDTH="59" HEIGHT="22" WC="0.96" CONTENT="rösta"/><SP WIDTH="16" VPOS="1035" HPOS="445"/>
							<String ID="string_166" HPOS="461" VPOS="1035" WIDTH="33" HEIGHT="21" WC="0.96" CONTENT="för"/><SP WIDTH="14" VPOS="1035" HPOS="494"/>
							<String ID="string_167" HPOS="508" VPOS="1041" WIDTH="25" HEIGHT="14" WC="0.96" CONTENT="en"/><SP WIDTH="15" VPOS="1041" HPOS="533"/>
							<String ID="string_168" HPOS="548" VPOS="1032" WIDTH="110" HEIGHT="31" WC="0.96" CONTENT="lägenhet,"/><SP WIDTH="16" VPOS="1032" HPOS="658"/>
							<String ID="string_169" HPOS="674" VPOS="1042" WIDTH="46" HEIGHT="14" WC="0.96" CONTENT="som"/><SP WIDTH="15" VPOS="1042" HPOS="720"/>
							<String ID="string_170" HPOS="735" VPOS="1035" WIDTH="43" HEIGHT="22" WC="0.96" CONTENT="står"/><SP WIDTH="15" VPOS="1035" HPOS="778"/>
							<String ID="string_171" HPOS="793" VPOS="1034" WIDTH="67" HEIGHT="21" WC="0.93" CONTENT="under"/><SP WIDTH="14" VPOS="1034" HPOS="860"/>
							<String ID="string_172" HPOS="874" VPOS="1033" WIDTH="36" HEIGHT="22" WC="0.90" CONTENT="de-"/>
						</TextLine>
						<TextLine ID="line_25" HPOS="170" VPOS="1068" WIDTH="187" HEIGHT="29">
							<String ID="string_173" HPOS="170" VPOS="1075" WIDTH="35" HEIGHT="14" WC="0.95" CONTENT="ras"/><SP WIDTH="15" VPOS="1075" HPOS="205"/>
							<String ID="string_174" HPOS="220" VPOS="1068" WIDTH="137" HEIGHT="29" WC="0.95" CONTENT="förvaltning."/>
						</TextLine>
					</TextBlock>
					<TextBlock ID="block_9" HPOS="170" VPOS="1101" WIDTH="741" HEIGHT="64">
						<TextLine ID="line_26" HPOS="238" VPOS="1101" WIDTH="673" HEIGHT="28">
							<String ID="string_175" HPOS="238" VPOS="1101" WIDTH="81" HEIGHT="24" WC="0.95" CONTENT="Herrar"/><SP WIDTH="13" VPOS="1101" HPOS="319"/>
							<String ID="string_176" HPOS="332" VPOS="1102" WIDTH="129" HEIGHT="27" WC="0.95" CONTENT="Juselius,"/><SP WIDTH="19" VPOS="1102" HPOS="461"/>
							<String ID="string_177" HPOS="480" VPOS="1102" WIDTH="154" HEIGHT="22" WC="0.82" CONTENT="Dahlström"/><SP WIDTH="15" VPOS="1102" HPOS="634"/>
							<String ID="string_178" HPOS="649" VPOS="1102" WIDTH="39" HEIGHT="21" WC="0.96" CONTENT="och"/><SP WIDTH="16" VPOS="1102" HPOS="688"/>
							<String ID="string_179" HPOS="704" VPOS="1101" WIDTH="136" HEIGHT="22" WC="0.93" CONTENT="Hackman"/><SP WIDTH="15" VPOS="1101" HPOS="840"/>
							<String ID="string_180" HPOS="855" VPOS="1103" WIDTH="56" HEIGHT="21" WC="0.92" CONTENT="före-"/>
						</TextLine>
						<TextLine ID="line_27" HPOS="170" VPOS="1135" WIDTH="466" HEIGHT="30">
							<String ID="string_181" HPOS="170" VPOS="1135" WIDTH="56" HEIGHT="22" WC="0.95" CONTENT="nade"/><SP WIDTH="15" VPOS="1135" HPOS="226"/>
							<String ID="string_182" HPOS="241" VPOS="1137" WIDTH="33" HEIGHT="27" WC="0.96" CONTENT="sig"/><SP WIDTH="16" VPOS="1137" HPOS="274"/>
							<String ID="string_183" HPOS="290" VPOS="1136" WIDTH="46" HEIGHT="21" WC="0.95" CONTENT="med"/><SP WIDTH="16" VPOS="1136" HPOS="336"/>
							<String ID="string_184" HPOS="352" VPOS="1136" WIDTH="26" HEIGHT="21" WC="0.96" CONTENT="de"/><SP WIDTH="16" VPOS="1136" HPOS="378"/>
							<String ID="string_185" HPOS="394" VPOS="1137" WIDTH="127" HEIGHT="28" WC="0.93" CONTENT="föregående"/><SP WIDTH="15" VPOS="1137" HPOS="521"/>
							<String ID="string_186" HPOS="536" VPOS="1137" WIDTH="100" HEIGHT="20" WC="0.91" CONTENT="talarene."/>
						</TextLine>
					</TextBlock>
					<TextBlock ID="block_10" HPOS="172" VPOS="1169" WIDTH="741" HEIGHT="97">
						<TextLine ID="line_28" HPOS="241" VPOS="1169" WIDTH="671" HEIGHT="30">
							<String ID="string_187" HPOS="241" VPOS="1169" WIDTH="62" HEIGHT="22" WC="0.95" CONTENT="Efter"/><SP WIDTH="19" VPOS="1169" HPOS="303"/>
							<String ID="string_188" HPOS="322" VPOS="1169" WIDTH="71" HEIGHT="22" WC="0.95" CONTENT="derom"/><SP WIDTH="17" VPOS="1169" HPOS="393"/>
							<String ID="string_189" HPOS="410" VPOS="1171" WIDTH="24" HEIGHT="21" WC="0.96" CONTENT="af"/><SP WIDTH="12" VPOS="1171" HPOS="434"/>
							<String ID="string_190" HPOS="446" VPOS="1171" WIDTH="48" HEIGHT="21" WC="0.96" CONTENT="herr"/><SP WIDTH="15" VPOS="1171" HPOS="494"/>
							<String ID="string_191" HPOS="509" VPOS="1170" WIDTH="149" HEIGHT="22" WC="0.95" CONTENT="talmannen"/><SP WIDTH="19" VPOS="1170" HPOS="658"/>
							<String ID="string_192" HPOS="677" VPOS="1170" WIDTH="119" HEIGHT="21" WC="0.92" CONTENT="framställd"/><SP WIDTH="16" VPOS="1170" HPOS="796"/>
							<String ID="string_193" HPOS="812" VPOS="1171" WIDTH="100" HEIGHT="28" WC="0.92" CONTENT="proposi-"/>
						</TextLine>
						<TextLine ID="line_29" HPOS="172" VPOS="1204" WIDTH="741" HEIGHT="29">
							<String ID="string_194" HPOS="172" VPOS="1205" WIDTH="56" HEIGHT="26" WC="0.96" CONTENT="tion,"/><SP WIDTH="20" VPOS="1205" HPOS="228"/>
							<String ID="string_195" HPOS="248" VPOS="1205" WIDTH="45" HEIGHT="20" WC="0.96" CONTENT="blef"/><SP WIDTH="13" VPOS="1205" HPOS="293"/>
							<String ID="string_196" HPOS="306" VPOS="1205" WIDTH="36" HEIGHT="20" WC="0.96" CONTENT="det"/><SP WIDTH="14" VPOS="1205" HPOS="342"/>
							<String ID="string_197" HPOS="356" VPOS="1211" WIDTH="74" HEIGHT="14" WC="0.96" CONTENT="senare"/><SP WIDTH="15" VPOS="1211" HPOS="430"/>
							<String ID="string_198" HPOS="445" VPOS="1205" WIDTH="134" HEIGHT="21" WC="0.96" CONTENT="alternativet"/><SP WIDTH="15" VPOS="1205" HPOS="579"/>
							<String ID="string_199" HPOS="594" VPOS="1204" WIDTH="47" HEIGHT="22" WC="0.93" CONTENT="med"/><SP WIDTH="15" VPOS="1204" HPOS="641"/>
							<String ID="string_200" HPOS="656" VPOS="1204" WIDTH="109" HEIGHT="22" WC="0.90" CONTENT="obestridd"/><SP WIDTH="16" VPOS="1204" HPOS="765"/>
							<String ID="string_201" HPOS="781" VPOS="1205" WIDTH="132" HEIGHT="28" WC="0.92" CONTENT="röstplurali-"/>
						</TextLine>
						<TextLine ID="line_30" HPOS="172" VPOS="1238" WIDTH="272" HEIGHT="28">
							<String ID="string_202" HPOS="172" VPOS="1241" WIDTH="30" HEIGHT="19" WC="0.96" CONTENT="tet"/><SP WIDTH="15" VPOS="1241" HPOS="202"/>
							<String ID="string_203" HPOS="217" VPOS="1239" WIDTH="24" HEIGHT="20" WC="0.96" CONTENT="af"/><SP WIDTH="12" VPOS="1239" HPOS="241"/>
							<String ID="string_204" HPOS="253" VPOS="1238" WIDTH="85" HEIGHT="21" WC="0.96" CONTENT="ståndet"/><SP WIDTH="14" VPOS="1238" HPOS="338"/>
							<String ID="string_205" HPOS="352" VPOS="1241" WIDTH="92" HEIGHT="25" WC="0.96" CONTENT="antaget."/>
						</TextLine>
					</TextBlock>
					<TextBlock ID="block_11" HPOS="173" VPOS="1271" WIDTH="743" HEIGHT="57">
						<TextLine ID="line_31" HPOS="240" VPOS="1271" WIDTH="676" HEIGHT="31">
							<String ID="string_206" HPOS="240" VPOS="1271" WIDTH="44" HEIGHT="22" WC="0.96" CONTENT="Det"/><SP WIDTH="18" VPOS="1271" HPOS="284"/>
							<String ID="string_207" HPOS="302" VPOS="1273" WIDTH="52" HEIGHT="20" WC="0.96" CONTENT="sista"/><SP WIDTH="15" VPOS="1273" HPOS="354"/>
							<String ID="string_208" HPOS="369" VPOS="1275" WIDTH="115" HEIGHT="18" WC="0.96" CONTENT="momentet"/><SP WIDTH="13" VPOS="1275" HPOS="484"/>
							<String ID="string_209" HPOS="497" VPOS="1273" WIDTH="31" HEIGHT="20" WC="0.96" CONTENT="uti"/><SP WIDTH="16" VPOS="1273" HPOS="528"/>
							<String ID="string_210" HPOS="544" VPOS="1273" WIDTH="164" HEIGHT="28" WC="0.93" CONTENT="ifrågavarande"/><SP WIDTH="15" VPOS="1273" HPOS="708"/>
							<String ID="string_211" HPOS="723" VPOS="1273" WIDTH="12" HEIGHT="28" WC="0.84" CONTENT="&amp;"/><SP WIDTH="15" VPOS="1273" HPOS="735"/>
							<String ID="string_212" HPOS="750" VPOS="1272" WIDTH="126" HEIGHT="30" WC="0.96" CONTENT="godkändes"/><SP WIDTH="15" VPOS="1272" HPOS="876"/>
							<String ID="string_213" HPOS="891" VPOS="1273" WIDTH="25" HEIGHT="21" WC="0.97" CONTENT="af"/>
						</TextLine>
						<TextLine ID="line_32" HPOS="173" VPOS="1306" WIDTH="293" HEIGHT="22">
							<String ID="string_214" HPOS="173" VPOS="1307" WIDTH="84" HEIGHT="21" WC="0.96" CONTENT="ståndet"/><SP WIDTH="15" VPOS="1307" HPOS="257"/>
							<String ID="string_215" HPOS="272" VPOS="1310" WIDTH="50" HEIGHT="17" WC="0.96" CONTENT="utan"/><SP WIDTH="15" VPOS="1310" HPOS="322"/>
							<String ID="string_216" HPOS="337" VPOS="1306" WIDTH="129" HEIGHT="22" WC="0.96" CONTENT="diskussion."/>
						</TextLine>
					</TextBlock>
					<TextBlock ID="block_12" HPOS="174" VPOS="1340" WIDTH="740" HEIGHT="92">
						<TextLine ID="line_33" HPOS="240" VPOS="1340" WIDTH="672" HEIGHT="28">
							<String ID="string_217" HPOS="240" VPOS="1340" WIDTH="71" HEIGHT="22" WC="0.95" CONTENT="Sedan"/><SP WIDTH="24" VPOS="1340" HPOS="311"/>
							<String ID="string_218" HPOS="335" VPOS="1340" WIDTH="47" HEIGHT="21" WC="0.96" CONTENT="herr"/><SP WIDTH="18" VPOS="1340" HPOS="382"/>
							<String ID="string_219" HPOS="400" VPOS="1340" WIDTH="148" HEIGHT="21" WC="0.91" CONTENT="talmannen"/><SP WIDTH="19" VPOS="1340" HPOS="548"/>
							<String ID="string_220" HPOS="567" VPOS="1340" WIDTH="82" HEIGHT="28" WC="0.91" CONTENT="tillsagt"/><SP WIDTH="18" VPOS="1340" HPOS="649"/>
							<String ID="string_221" HPOS="667" VPOS="1348" WIDTH="33" HEIGHT="13" WC="0.96" CONTENT="om"/><SP WIDTH="20" VPOS="1348" HPOS="700"/>
							<String ID="string_222" HPOS="720" VPOS="1340" WIDTH="83" HEIGHT="28" WC="0.96" CONTENT="plenum"/><SP WIDTH="16" VPOS="1340" HPOS="803"/>
							<String ID="string_223" HPOS="819" VPOS="1340" WIDTH="93" HEIGHT="21" WC="0.96" CONTENT="klockan"/>
						</TextLine>
						<TextLine ID="line_34" HPOS="174" VPOS="1373" WIDTH="740" HEIGHT="31">
							<String ID="string_224" HPOS="174" VPOS="1374" WIDTH="42" HEIGHT="22" WC="0.96" CONTENT="fem"/><SP WIDTH="16" VPOS="1374" HPOS="216"/>
							<String ID="string_225" HPOS="232" VPOS="1374" WIDTH="52" HEIGHT="22" WC="0.96" CONTENT="efter"/><SP WIDTH="20" VPOS="1374" HPOS="284"/>
							<String ID="string_226" HPOS="304" VPOS="1373" WIDTH="124" HEIGHT="30" WC="0.95" CONTENT="middagen,"/><SP WIDTH="20" VPOS="1373" HPOS="428"/>
							<String ID="string_227" HPOS="448" VPOS="1374" WIDTH="111" HEIGHT="30" WC="0.96" CONTENT="upphörde"/><SP WIDTH="15" VPOS="1374" HPOS="559"/>
							<String ID="string_228" HPOS="574" VPOS="1374" WIDTH="108" HEIGHT="29" WC="0.96" CONTENT="sessionen"/><SP WIDTH="16" VPOS="1374" HPOS="682"/>
							<String ID="string_229" HPOS="698" VPOS="1374" WIDTH="91" HEIGHT="23" WC="0.96" CONTENT="klockan"/><SP WIDTH="16" VPOS="1374" HPOS="789"/>
							<String ID="string_230" HPOS="805" VPOS="1378" WIDTH="31" HEIGHT="17" WC="0.92" CONTENT="tre"/><SP WIDTH="14" VPOS="1378" HPOS="836"/>
							<String ID="string_231" HPOS="850" VPOS="1376" WIDTH="64" HEIGHT="26" WC="0.91" CONTENT="qvart"/>
						</TextLine>
						<TextLine ID="line_35" HPOS="174" VPOS="1408" WIDTH="90" HEIGHT="24">
							<String ID="string_232" HPOS="174" VPOS="1408" WIDTH="32" HEIGHT="24" WC="0.96" CONTENT="till"/><SP WIDTH="16" VPOS="1408" HPOS="206"/>
							<String ID="string_233" HPOS="222" VPOS="1408" WIDTH="42" HEIGHT="23" WC="0.78" CONTENT="två."/>
						</TextLine>
					</TextBlock>
					<TextBlock ID="block_13" HPOS="621" VPOS="1438" WIDTH="263" HEIGHT="52">
						<TextLine ID="line_36" HPOS="720" VPOS="1438" WIDTH="92" HEIGHT="16">
							<String ID="string_234" HPOS="720" VPOS="1439" WIDTH="20" HEIGHT="15" WC="0.94" CONTENT="In"/><SP WIDTH="15" VPOS="1439" HPOS="740"/>
							<String ID="string_235" HPOS="755" VPOS="1438" WIDTH="57" HEIGHT="16" WC="0.94" CONTENT="fidem:"/>
						</TextLine>
						<TextLine ID="line_37" HPOS="621" VPOS="1465" WIDTH="263" HEIGHT="25">
							<String ID="string_236" HPOS="621" VPOS="1466" WIDTH="88" HEIGHT="24" WC="0.96" CONTENT="Sixtus"/><SP WIDTH="16" VPOS="1466" HPOS="709"/>
							<String ID="string_237" HPOS="725" VPOS="1465" WIDTH="159" HEIGHT="25" WC="0.82" CONTENT="Calamnius,"/>
						</TextLine>
					</TextBlock>
				</ComposedBlock>
			</PrintSpace>
		</Page>
	</Layout>
</alto>
