1006 1784
199 153 43 21 530

240 220 58 21 Herr
312 219 85 22 Holm:
428 220 75 28 Enligt
517 221 43 20 min
576 220 73 26 tanke,
663 220 69 21 skulle
747 220 40 20 den
802 220 8 20 i
821 219 40 21 den
873 220 38 20 täs

172 255 50 28 diga
237 255 159 27 propositionen
412 254 113 21 förordade
540 254 115 28 vilkorliga
666 254 137 28 frigifningen
815 253 38 21 hos
865 253 46 21 fän-

171 294 44 22 gen
237 288 65 21 alstra
323 288 95 28 hyckleri
438 287 39 21 och
497 288 73 21 försök
589 291 30 17 att
634 287 93 29 bedraga
742 287 168 29 fängstyrelsen,

171 322 84 21 hvilket
270 323 40 20 ock
326 322 33 22 för
373 329 25 14 en
414 321 117 22 inställsam
547 321 39 21 och
601 321 60 29 listig
675 322 121 29 förbrytare
811 322 7 21 i
833 321 77 28 mänga

172 357 37 26 fall
229 356 71 22 kunde
314 356 81 29 lyckas.
432 355 35 21 En
482 355 67 22 sådan
563 356 24 21 sä
601 355 53 28 godt
668 363 46 14 som
729 357 28 26 pä
771 355 90 22 förband
876 359 34 17 ut-

172 391 73 24 lofvad
268 389 134 29 förkortning
424 389 24 21 af
467 389 118 22 strafftiden
608 389 83 22 komme
713 390 41 21 ock
776 392 32 18 att
825 390 86 27 förtaga

172 424 83 21 straffet
272 432 26 13 en
313 424 96 28 betydlig
424 423 34 22 del
473 425 24 20 af
509 423 50 22 dess
573 423 156 22 afskräckande
744 423 109 29 egenskap
868 423 41 21 och

172 462 31 18 att
220 459 41 21 hos
276 458 51 25 den,
346 465 45 14 som
406 459 23 20 är
443 458 8 20 i
465 457 65 22 beräd
545 460 30 19 att
591 458 55 27 begä
661 458 67 26 brott,
747 458 105 28 ansenligt
867 457 43 21 för-

172 500 66 21 svaga
253 493 36 20 det
304 492 121 21 afhällande
441 492 73 27 motiv,
529 499 46 13 som
589 492 8 20 i
611 491 84 22 straffet
709 491 40 22 bör
763 492 75 20 finnas.
867 490 45 22 Det

172 526 70 22 blefve
265 526 88 21 sälunda
371 526 7 20 i
397 526 76 27 sjelfva
495 525 74 22 verket
590 525 47 21 icke
659 525 182 28 domaremakten,
858 528 52 18 utan

172 560 166 28 fängstyrelsen,
360 559 105 22 mähända
487 559 48 22 dess
557 559 70 28 lägsta
645 567 98 20 organer,
761 567 46 14 som
825 559 86 21 komiae

173 597 31 21 att
218 595 118 20 bestämma
351 593 144 29 förbrytarens
511 593 103 26 strafftid;
629 593 40 21 och
684 594 53 21 huru
749 593 124 29 förträffligt
885 601 25 14 en

172 628 207 29 fängvärdsstyrelse
401 629 26 20 än
449 627 34 22 mä
505 635 50 14 vara
575 627 90 28 ordnad,
683 628 24 21 sä
725 628 61 21 torde
804 628 35 21 det
854 628 57 21 dock

172 669 51 14 vara
245 662 119 28 betänkligt
381 665 32 17 att
430 662 22 21 ät
469 662 122 20 densamma
604 663 105 27 inrymma
724 669 26 13 en
765 661 65 22 sädan
845 662 66 20 makt.

172 695 242 29 Fängvärdsstyrelsens
435 695 142 28 förfoganden
595 696 8 20 i
622 696 88 21 berörde
725 695 100 22 afseende
839 695 72 22 kunde

173 730 41 20 ock
236 730 59 27 gifva
316 729 115 28 anledning
452 729 33 21 till
507 729 78 29 klagan
604 730 59 20 öfver
682 729 129 28 partiskhet,
829 729 82 22 hvilket

173 764 45 21 åter
232 764 69 21 skulle
316 764 97 20 nedsätta
429 764 122 21 densamma
565 764 8 20 i
589 764 152 21 allmänhetens
757 764 98 21 omdöme
870 763 41 22 och

172 798 125 28 isynnerhet
311 798 101 28 försvaga
427 798 48 21 dess
491 797 103 22 anseende
609 798 38 21 hos
663 798 108 28 fängarne.
803 798 12 21 I
829 798 82 28 gällan-

173 833 27 21 de
214 832 135 28 lagstiftning
362 832 38 21 har
415 832 107 20 dessutom
535 840 25 13 en
572 832 48 28 laga
632 832 57 21 kraft
699 840 85 13 vunnen
795 832 49 22 dom
857 833 55 21 stör-

173 874 23 13 re
213 866 74 28 helgd,
306 866 28 20 än
348 869 31 17 att
393 865 41 22 den
450 866 89 20 sålunda
553 873 44 14 mer
612 866 51 21 eller
677 866 82 21 mindre
774 866 137 29 godtyckligt

174 901 68 20 skulle
257 901 71 20 kunna
344 900 79 28 brytas.
452 899 76 29 Enligt
543 901 50 20 vära
608 900 129 29 grundlagar
753 901 22 20 är
791 901 35 21 det
837 908 74 21 regen-

172 937 36 18 ten
225 935 80 26 allena,
328 941 45 14 som
391 941 49 22 eger
454 935 76 20 utöfva
544 933 53 27 näd,
612 941 34 14 om
662 934 41 22 han
719 935 22 21 sä
756 935 35 20 för
805 934 53 29 godt
872 934 39 21 fin-

172 976 44 19 ner,
235 968 41 21 och
294 969 41 21 den
354 967 162 29 ifrågavarande
534 968 114 29 vilkorliga
664 968 138 29 frigifningen
819 969 69 21 blefve
903 969 8 21 i

174 1003 76 27 sjelfva
265 1003 73 20 verket
353 1009 25 14 en
393 1002 52 26 näd,
460 1009 45 14 som
521 1002 84 21 komme
620 1005 30 18 att
665 1002 134 29 förbrytaren
815 1003 96 21 vederfa-

172 1043 35 14 ras
223 1036 39 21 och
279 1036 86 21 hvilken
381 1035 82 22 säledes
474 1036 47 21 icke
533 1036 38 21 bör
583 1036 50 21 bero
645 1037 24 21 af
678 1036 233 29 fängvärdsstyrelsens

173 1070 122 28 ätgörande.
323 1070 70 21 Sedan
409 1070 144 28 förbrytarens
569 1070 62 21 straff
643 1071 72 20 blifvit
729 1071 25 20 af
766 1071 145 20 domaremak-

173 1108 35 17 ten
230 1105 76 20 utmätt
324 1105 53 20 efter
395 1105 114 20 rättvisans
528 1104 127 28 fordringar,
675 1105 38 20 bör
727 1104 69 21 denna
811 1105 101 20 rättvisas

173 1138 50 21 kraf
242 1138 66 21 ocksä
330 1138 165 21 tillfredsställas
517 1141 54 17 samt
593 1138 142 28 brottslingen
758 1138 95 28 undergä
874 1138 38 21 sitt

173 1172 136 28 välförtjenta
331 1172 65 20 straff.
432 1171 43 29 Jag
498 1172 117 28 tillstyrker
633 1172 84 20 derföre
737 1172 62 26 att,i
817 1172 95 28 enlighet

173 1206 47 21 med
238 1206 114 21 utskottets
368 1206 142 26 betänkande,
529 1206 161 28 ifrägavarande
705 1206 12 28 &
731 1206 31 21 uti
777 1205 41 22 den
832 1206 80 28 nädiga

173 1240 161 28 propositionen
350 1240 65 20 mätte
429 1240 44 20 helt
489 1240 39 21 och
543 1240 66 20 hället
624 1240 56 28 utgä.

241 1278 56 22 Herr
312 1274 148 34 Öhrnberg:
489 1279 45 22 För
555 1280 43 20 min
621 1279 33 21 del
673 1280 68 20 finner
756 1280 38 28 jag
811 1280 44 28 mig
870 1280 41 21 ock

172 1313 119 22 föranläten
312 1316 31 16 att
365 1313 83 20 biträda
469 1314 114 20 utskottets
606 1313 133 21 betänkande
757 1314 7 20 i
783 1314 68 20 denna
868 1314 42 20 del.

173 1346 49 22 Den
240 1346 24 20 af
279 1345 66 28 några
363 1346 66 20 talare
444 1346 118 27 åberopade
577 1347 158 20 reservationen
751 1349 56 18 emot
821 1346 90 21 berörde

173 1379 133 22 betänkande
322 1380 86 26 utvisar,
424 1383 30 17 att
468 1383 135 17 reservanten
618 1380 44 20 helt
677 1380 40 20 och
732 1379 65 21 hållet
812 1380 99 21 förbisett

173 1414 115 21 rättvisans
306 1413 89 22 element
413 1414 7 20 i
435 1413 82 22 straffet
532 1414 39 21 och
587 1414 106 21 betraktat
708 1414 59 21 detta
780 1414 75 21 endast
870 1414 41 21 och

174 1449 89 21 allenast
281 1448 70 23 såsom
365 1450 31 20 ett
413 1448 218 30 uppfostringsmedel
651 1448 40 22 och
707 1451 68 19 ansett
789 1452 42 24 att,
846 1448 65 22 sedan
