1009 1792
196 172 42 21 354

168 233 115 29 bjudning,
306 232 86 29 inbjuda
414 232 60 22 detta
495 232 61 22 stånd
576 235 30 19 att
624 232 85 28 deltaga
727 232 8 21 i
753 240 26 14 en
798 231 112 29 petition
898 227 14 39 i

168 267 37 22 det
219 268 63 28 syfte,
298 271 32 17 att
344 267 126 29 regeringen
486 266 50 22 ville
551 267 43 21 läta
609 266 128 27 undersöka,
752 266 74 22 hvilka
840 266 71 22 mark-

168 302 66 21 nader
252 302 8 21 i
279 302 146 28 verkligheten
444 301 89 21 förlorat
551 301 34 21 sin
600 301 110 28 betydelse
726 301 40 21 och
782 304 81 18 urartat
877 300 34 22 till

169 336 99 28 osedliga
288 336 119 27 folkfester,
430 338 54 19 samt
501 335 93 22 derefter
612 335 70 29 aflysa
700 335 59 27 dem,
778 342 48 14 men
844 334 68 22 ocksä

169 370 51 29 inga
235 370 73 21 andra.

236 409 59 22 Herr
309 408 155 23 Wesander:
485 409 71 21 Bland
571 409 27 21 de
613 408 173 29 önskningsmäl,
798 416 46 14 som
855 408 57 22 mina

169 443 159 21 kommittenter
350 443 118 29 uppdragit
489 443 43 28 mig
555 446 30 18 att
603 443 122 27 framhålla,
745 450 39 14 var
801 443 64 21 äfven
880 443 32 20 af-

171 477 121 22 skaffandet
306 478 24 20 af
342 478 133 26 marknader,
490 484 48 14 men
553 477 48 21 icke
616 477 28 28 pä
658 477 36 21 det
709 478 53 26 sätt,
778 484 44 14 som
838 477 6 21 i
857 476 55 22 före-

170 510 94 22 varande
285 511 90 29 petition
398 511 100 27 föreslås,
520 514 50 18 utan
589 514 35 22 att
637 510 138 29 regeringen,
796 510 71 22 såsom
885 510 28 22 de

170 545 52 22 siste
238 545 93 21 talarene
346 548 74 26 yttrat,
430 546 51 20 ville
496 545 43 22 låta
554 545 127 27 undersöka,
696 545 75 21 hvilka
785 544 128 22 marknader

172 580 17 28 ej
202 587 87 14 numera
304 580 113 28 uppfyllde
432 580 37 20 sitt
484 580 104 27 ändamål,
603 580 40 21 och
659 580 67 21 sedan
740 579 88 29 vidtaga
842 579 71 28 åtgär-

171 614 38 21 der
228 614 33 20 till
276 614 73 21 dessas
365 614 138 21 afskaffande.
532 613 44 29 Jag
591 613 97 22 anhåller
700 614 84 21 derföre
799 616 31 18 att
844 613 22 21 få
880 613 33 21 fö-

170 648 56 21 reslå
241 650 31 19 att
286 648 94 26 ståndet,
402 648 7 21 i
425 648 71 21 stället
514 651 32 19 att
563 648 84 22 biträda
662 648 69 21 denna
746 648 100 28 petition,
862 647 52 22 ville

171 682 40 21 hos
225 682 128 28 regeringen
368 682 84 21 anhålla
468 690 34 13 om
517 690 25 13 en
558 682 65 21 sådan
638 682 159 28 undersökning
809 684 56 18 samt
876 684 38 24 att,

172 715 65 22 sedan
259 716 161 22 vederbörande
441 716 126 22 kommuner
588 716 72 22 blifvit
677 716 7 21 i
704 716 65 22 saken
788 716 77 27 hörde,
887 716 27 20 de

171 750 133 28 marknader,
320 758 46 14 som
378 750 106 22 befunnits
496 750 130 29 obehöflige,
638 751 69 21 skulle
718 750 113 26 afskaffas,
844 750 71 22 derest

172 784 37 22 det
230 785 49 21 icke
297 785 77 21 funnes
389 785 126 28 lämpligare
530 788 31 18 att
576 784 32 22 till
623 785 153 21 kommunerna
791 784 76 28 sjelfva
882 784 33 21 öf-

172 818 109 22 verlemna
295 822 31 18 att
340 818 75 22 härom
429 820 53 28 göra
498 819 164 28 framställning.

240 858 57 22 Herr
311 858 149 22 Molander:
482 858 32 22 På
524 866 81 14 samma
617 859 46 21 skäl
676 866 46 14 som
733 859 48 21 herr
792 858 123 22 Lemström

174 892 72 23 anfört
264 893 34 22 för
316 893 131 22 marknaden
462 894 6 21 i
484 893 103 26 Heinola,
603 893 95 22 anhåller
710 895 38 28 jag
764 897 30 18 att
809 894 22 21 få
847 894 69 21 föror-

173 927 28 22 da
216 927 179 22 höstmarknaden
410 928 8 21 i
434 927 26 22 St
474 927 88 22 Michel.

242 961 72 22 Sedan
332 961 151 22 diskussionen
501 962 7 21 i
526 962 74 28 frågan
618 962 90 21 sålunda
727 962 110 28 afslutats,
852 962 65 21 fram-

174 995 76 22 ställde
266 996 48 20 herr
328 995 151 22 talmannen
494 995 93 29 följande
602 996 144 27 proposition:

241 1029 48 21 Vill
304 1029 93 28 ståndet,
415 1030 48 21 med
479 1029 119 29 antagande
614 1030 24 21 af
650 1030 167 27 presteståndets
832 1029 85 29 inbjud-

175 1063 58 28 ning,
245 1063 75 22 förena
331 1063 33 28 sig
375 1063 49 22 med
435 1063 91 22 nämnde
538 1064 62 21 stånd
612 1071 34 14 om
659 1065 140 20 förevarande
811 1063 105 28 petition?

176 1097 52 21 eller
244 1097 36 21 vill
296 1097 84 22 ståndet
395 1097 73 29 afböja
482 1097 154 29 inbjudningen
647 1097 85 22 dertill?
762 1097 33 22 De
808 1105 45 14 som
866 1099 52 28 vilja

175 1130 37 23 det
227 1131 66 27 förra,
310 1139 62 14 svara
384 1133 33 27 ja,
433 1132 26 21 de
474 1139 46 14 som
534 1133 60 20 rösta
608 1133 34 20 för
656 1132 37 21 det
708 1139 84 20 senare,
807 1133 41 28 nej.

244 1165 76 22 Denna
331 1166 135 27 proposition
479 1165 126 22 besvarades
616 1166 48 21 med
676 1166 104 28 enhälligt
790 1167 43 27 nej;
845 1167 6 21 i
863 1167 54 28 följd

176 1197 79 23 hvaraf
270 1199 118 28 petitionen
403 1200 133 21 förklarades
551 1200 48 21 icke
614 1207 51 14 vara
680 1201 24 20 af
716 1201 85 20 ståndet
816 1203 102 26 antagen;

178 1234 40 21 och
232 1233 70 22 skulle
317 1234 157 27 presteståndet
489 1234 73 21 härom
577 1234 134 21 underrättas
726 1242 76 21 genom
814 1242 26 13 en
851 1235 67 27 depu-

177 1267 77 27 tation,
277 1267 87 22 hvartill
383 1267 87 28 utsägos
490 1267 71 22 herrar
580 1267 140 29 Tengström,
738 1268 80 21 Hildén
834 1269 40 20 och
892 1267 26 23 C.

177 1300 23 22 J.
216 1300 125 29 Grönberg,
363 1301 111 22 äfvensom
496 1302 33 21 till
548 1302 97 28 samtlige
663 1301 139 22 medständen
822 1302 97 21 utfärdas

178 1337 31 18 ett
223 1335 24 20 sä
261 1335 93 27 lydande
368 1335 210 28 protokollsutdrag:

246 1366 144 29 ”Föredrogs,
406 1367 33 22 till
455 1367 71 22 vidare
542 1367 86 28 ätgärd,
644 1368 136 28 högvördiga
790 1369 130 27 prestestän-

178 1401 47 22 dets
248 1401 31 21 uti
300 1401 200 28 protokollsutdrag
518 1402 34 21 för
569 1402 41 21 den
626 1402 26 21 24
667 1402 115 22 november
800 1402 40 21 och
856 1403 12 20 8
884 1403 36 20 de-

179 1435 85 22 cember
278 1435 92 22 sistlidet
384 1436 24 21 är
424 1436 176 29 borgareständet
614 1436 125 22 meddelade
750 1437 128 29 inbjudning
890 1441 30 18 att

179 1469 88 30 deltaga
280 1471 32 22 uti
327 1478 26 15 en
368 1471 23 22 af
403 1470 157 29 presteständet
575 1471 95 22 besluten
686 1471 132 30 underdänig
830 1472 91 28 petition
