1011 1764
777 155 40 20 261

102 218 25 21 af
143 218 98 27 garantin
257 217 130 21 understöda
402 217 48 21 sina
464 217 119 28 mäktigare
598 217 78 22 bröder
691 217 40 22 och
747 225 100 21 grannar,

101 259 50 14 men
170 251 190 28 hufvodsakligast
378 251 89 21 emedan
483 251 39 21 den
539 251 33 21 för
587 251 49 21 hela
650 251 73 22 landet
738 252 23 21 så
776 252 70 28 högli-

101 293 43 20 gen
159 285 122 28 növändiga
296 285 168 28 myntreformen
479 292 77 21 genom
570 286 99 27 garantin
684 285 93 29 mäktigt
788 285 58 22 skul-

101 319 20 21 le
144 319 124 28 befrämjas,
291 318 40 21 och
354 319 102 28 slutligen
474 319 89 21 emedan
581 319 70 22 denna
665 319 95 28 garanti,
775 320 71 21 säsom

101 353 65 22 äfven
185 353 116 21 utskottets
318 352 134 22 betänkande
468 353 96 28 antyder,
580 353 23 21 är
618 356 32 18 att
664 353 110 22 betraktas
788 361 59 14 mera

100 388 73 21 säsom
192 391 31 18 ett
240 387 245 28 vederhäftighetsbevis
504 388 27 20 än
546 387 71 22 säsom
632 395 26 14 en
673 387 92 29 borgen,
780 388 68 28 vägar

99 423 38 29 jag
153 422 109 29 tillstyrka
272 422 123 21 densamma
406 421 33 22 till
451 425 31 18 ett
492 421 80 29 belopp
585 422 23 21 af
617 422 43 21 tolf
668 422 99 29 miljoner
778 423 67 21 mark.

102 457 135 28 Ovilkorligt
251 456 38 22 vill
303 457 38 28 jag
356 456 56 21 dock
427 456 47 21 icke
490 456 87 22 förorda
592 456 48 22 den.
669 456 75 23 Säsom
756 457 37 22 det
804 457 43 22 för-

100 491 77 29 ljudes,
193 491 38 21 har
246 491 250 28 hypotheksföreningen
511 491 65 28 gifvit
587 491 83 29 ganska
683 491 112 29 betydliga
806 491 41 22 och

101 526 81 21 kanske
194 526 37 21 sitt
243 525 53 22 allra
307 525 78 22 största
396 525 36 21 län
443 526 22 20 ät
476 525 138 22 innehafvare
626 526 24 21 af
658 525 171 30 donationsgods
840 527 8 20 i

100 561 107 28 Wiborgs
229 560 43 21 län.
309 560 48 21 Den
376 559 102 22 säkerhet
496 559 74 23 dessas
586 561 139 28 förpantning
739 560 35 21 mä
789 560 57 22 med-

99 595 62 28 gifva
184 595 126 28 föreningen
332 594 61 21 torde
415 601 52 14 vara
484 594 82 29 ganska
581 594 148 28 tvifvelaktig,
745 595 23 21 sä
783 595 63 28 länge

101 629 76 28 frägan
193 629 83 26 derom,
293 628 47 21 med
354 627 118 29 anledning
488 629 23 20 af
523 627 61 22 Hans
597 628 123 29 Kejserliga
731 628 115 29 Majestäts

100 663 79 28 nädiga
194 663 134 28 proposition
344 662 110 29 angäende
466 663 12 21 ä
488 662 63 22 dessa
562 662 123 29 lägenheter
697 663 85 21 bosatta
794 663 53 21 bön-

86 693 58 32 "der,
167 699 56 20 ännu
246 698 24 19 är
289 697 107 28 oafajord.
428 696 45 29 Jag
492 697 61 21 anför
568 697 59 21 detta
642 697 47 21 icke
705 697 95 27 derföre,
816 699 31 19 att

97 733 39 28 jag
150 731 71 22 skulle
236 732 126 27 ifrågasätta
378 731 135 28 föreningens
529 732 7 20 i
551 732 33 20 sin
597 731 71 22 helhet
679 731 84 28 egande
774 731 72 22 säker-

99 767 37 22 het
159 766 32 21 för
214 766 110 29 garantin,
347 765 135 22 alldenstund
502 765 25 22 de
547 766 135 28 egendomar,
701 766 41 21 den
757 766 6 21 i
779 766 67 28 öfrigt

99 809 50 22 eger
165 802 6 20 i
187 801 37 21 sitt
239 801 60 25 väld,
319 808 75 21 genom
410 800 62 21 deras
488 800 8 20 i
511 800 117 21 allmänhet
643 801 44 28 lägt
702 800 144 29 uppskattade

99 836 76 26 värde,
198 836 32 21 till
254 835 53 21 fullo
331 835 101 28 uppväga
451 835 62 21 äfven
532 834 56 21 hvad
605 835 27 28 pä
648 835 198 28 donationsgodsen

100 870 100 21 hitintills
223 870 42 20 kan
288 869 64 21 hafva
376 869 72 20 blifvit
465 869 118 26 riskeradt,
602 881 27 4 —
645 876 46 13 men
707 869 6 20 i
730 868 116 28 anledning

99 905 25 20 af
143 903 69 22 denna
234 904 61 27 fråga
318 903 49 20 ville
388 904 39 27 jag
445 903 66 20 likväl
531 903 110 27 tillstyrka
655 903 99 27 garantin
771 903 76 20 endast

99 938 48 21 med
167 937 36 21 det
221 937 78 26 vilkor,
319 940 30 17 att
365 937 248 28 hypotheksföreningen
629 936 111 21 förbinder
755 937 43 27 sig,
815 939 31 18 att

99 972 48 22 icke
166 971 73 22 vidare
254 971 84 28 utgifva
354 971 66 27 nägra
435 970 33 21 län
485 971 28 28 pä
528 970 56 21 slika
598 970 54 29 gods
668 971 45 20 förr
728 971 27 21 än
771 971 76 28 frägan

99 1014 36 14 om
151 1006 151 29 eganderätten
319 1005 31 21 till
366 1005 48 21 dem
431 1005 71 20 blifvit
517 1005 106 21 definitivt
639 1005 91 28 afojord.

169 1046 63 21 Hvad
249 1045 263 30 hypotheksföreningens
527 1045 143 28 inblandning
680 1045 48 21 med
740 1046 106 21 statsban-

100 1083 41 20 ken
155 1081 105 26 beträffar,
274 1080 37 21 vill
320 1081 38 27 jag
370 1087 64 21 gerna
447 1080 109 27 medgifva
571 1083 31 17 att
616 1081 67 20 större
699 1079 62 22 delen
777 1081 25 20 af
809 1080 37 22 det

98 1115 124 22 erhällande
234 1115 123 20 metallänet
368 1115 33 20 till
413 1121 25 13 en
450 1114 74 27 början
544 1114 34 21 mä
593 1114 27 27 pä
637 1114 122 28 föreslagna
774 1115 71 20 vilkor

98 1150 119 27 deponeras
234 1149 7 20 i
257 1148 91 26 banken,
360 1147 126 29 isyunerhet
497 1155 46 14 som
557 1148 39 20 den
608 1148 155 28 efterlängtade
774 1152 70 24 mynt-

99 1184 150 21 realisationen
265 1182 123 29 derigenom
405 1182 154 21 verksammast
570 1182 71 21 kunde
654 1182 131 28 päskyndas,
796 1191 48 13 men

99 1219 6 20 i
123 1218 65 28 öfrigt
203 1218 40 19 kan
258 1218 37 27 jag
311 1217 47 20 icke
374 1217 58 27 dölja
448 1217 43 20 min
506 1216 92 27 önskan,
614 1219 30 18 att
659 1216 62 21 dessa
734 1217 68 28 begge
813 1217 31 21 in-

99 1253 120 27 rättningar
238 1251 33 21 mä
291 1258 49 13 vara
359 1251 79 27 skiljda
458 1251 38 20 och
513 1250 120 21 oberoende
650 1251 23 20 af
685 1251 120 20 hvarandra
820 1251 24 20 sä

100 1287 86 28 mycket
201 1293 46 13 som
263 1285 93 28 möjligt,
373 1285 88 20 emedan
474 1285 37 28 jag
528 1292 61 13 anser
604 1284 57 21 lånet
675 1285 68 21 blifva
758 1285 86 28 mycket

98 1321 88 21 säkrare
202 1319 110 22 förvaradt
327 1327 76 20 genom
420 1319 248 28 hypotlieksföreningen
681 1319 70 20 såsom
764 1319 81 21 fästadt

99 1356 6 21 i
129 1354 103 22 Finlands
253 1353 60 28 jord,
336 1354 26 19 än
386 1361 33 13 om
442 1353 36 20 det
501 1353 116 28 nedlägges
637 1353 6 20 i
663 1352 70 21 finska
749 1353 94 22 bankens

99 1390 70 24 hvalf,
185 1389 46 19 frän
248 1388 73 19 hvilka
336 1387 36 20 det
386 1391 51 16 utan
453 1391 61 24 nyttä
530 1388 32 19 för
578 1387 72 20 landet
660 1387 28 26 pä
699 1387 145 26 hvarjehanda

99 1423 43 21 sätt
161 1421 138 21 oförmodadt
317 1421 71 20 kunde
406 1421 58 20 finna
481 1421 40 26 väg
537 1421 60 20 öfver
613 1420 82 21 landets
712 1421 93 27 gränser,
821 1420 23 21 sä

100 1457 35 21 väl
151 1456 21 22 åt
188 1457 57 20 öster
261 1462 46 14 som
322 1455 22 21 ät
359 1458 75 18 vester.
466 1454 38 21 Att
520 1454 35 22 det
570 1454 92 22 derefter
677 1454 69 21 skulle
759 1455 26 28 gå
797 1454 47 22 med
