1086 1725
348 139 94 20 Maalisk.
462 140 23 19 16
502 146 19 19 p.
797 142 40 20 371

44 204 37 21 vill
95 204 36 26 jag
147 203 72 21 derom
234 206 57 24 yttra
306 205 65 26 några
388 205 44 21 ord.
463 205 111 21 Utskottet
590 208 62 25 säger
667 206 57 27 sjelft
739 207 13 21 å
767 213 46 20 pag.
833 208 35 20 18:

47 249 8 10 »
59 232 169 22 Vidkommande
247 232 160 28 ifrågavarande
423 234 133 27 bestämning
571 246 28 3 —
616 246 27 4 —
660 246 25 4 —
702 235 38 21 har
755 235 114 22 Utskottet

45 261 50 27 hyst
118 260 126 22 tvifvelsmäl
267 262 105 21 huruvida
391 262 47 21 icke
454 269 25 15 en
495 262 57 27 dylik
568 263 176 28 tidsbestämning
759 266 24 19 är
798 265 70 26 egnad

45 292 32 19 att
97 290 7 21 i
124 290 32 21 sin
171 290 48 21 män
235 290 89 27 bidraga
339 291 70 21 dertill
424 293 32 19 att
471 291 156 22 landtmätaren
643 293 7 20 i
665 293 120 26 möjligaste
800 293 67 22 mätto

45 319 85 20 komme
145 320 33 19 att
192 318 140 27 undandraga
347 320 32 26 sig
393 320 169 21 verkställandet
577 321 23 20 af
608 321 162 27 ifrägavarande
781 322 86 21 förrätt-

45 347 80 27 ningar,
147 349 51 19 enär
221 347 41 21 han
285 354 76 20 genom
383 349 131 20 sistnämnda
531 349 157 27 bestämningar
703 350 68 21 skulle
787 350 81 27 nödgas

45 376 96 21 använda
157 381 25 16 en
199 376 33 21 del
248 375 23 22 af
284 377 41 20 den
340 376 63 21 korta
418 377 59 21 tiden
492 377 34 21 för
541 378 114 21 utarbeten
671 379 32 20 till
719 378 148 28 förrättnings-

45 405 165 26 handlingarnas
226 404 133 22 affattande*.
386 406 60 21 Huru
462 407 88 25 mycken
561 407 45 26 vigt
616 407 106 21 utskottet
731 407 58 27 sjelft
799 407 68 22 fäster

46 433 73 22 dervid
139 435 32 19 att
190 433 161 27 ifrågavarande
366 435 74 20 arbete
456 435 34 20 mä
506 441 50 15 vara
572 435 116 27 ordentligt
704 436 39 21 och
758 436 107 27 punktligt

45 462 88 26 utfördt,
149 461 93 27 framgär
257 462 23 21 af
293 463 55 20 hvad
364 463 105 21 utskottet
484 465 61 25 säger
560 464 12 21 &
588 471 47 20 pag.
653 464 26 21 16
695 465 38 20 der
748 465 36 21 det
799 465 67 26 heter,

45 492 32 20 att
92 491 7 20 i
114 491 57 21 vissa
186 490 37 21 fall
238 491 70 21 såsom
325 491 40 25 ,dä
380 491 118 27 parcellens
515 493 88 26 egovidd
620 493 41 20 kan
678 493 65 21 blifva
758 495 67 20 större
840 495 27 19 än

45 519 199 27 stomlägenhetens,
267 522 24 19 är
314 520 36 21 det
371 520 23 21 af
411 521 106 26 synnerlig
532 521 44 26 vigt
591 523 33 19 att
638 521 151 27 afsöndringen
804 523 63 20 verk-

46 548 71 21 ställes
140 548 48 21 med
209 550 90 24 yttersta
322 554 83 22 omsorg
420 549 132 21 beträffande
568 550 58 21 såväl
642 550 143 21 uträknandet
801 550 22 21 af
837 551 30 20 af-

45 577 76 27 gälden
137 583 45 15 som
197 577 198 27 kartläggningen".
426 578 69 21 Sedan
512 578 155 22 landtmätaren
682 579 67 21 utfört
765 580 26 20 de
805 579 61 21 arbe-

46 608 36 19 ten
105 612 45 15 som
173 606 7 21 i
202 605 10 27 $
228 606 26 20 21
270 609 88 19 nämnas
373 606 39 22 och
427 606 72 22 hvilka
514 606 106 28 sjelffallet
635 608 53 21 böra
703 608 81 22 utföras
799 608 68 21 under

47 635 39 21 den
101 635 38 23 tid,
149 635 26 21 dä
190 634 88 22 marken
294 637 23 19 är
332 634 71 28 snöfri,
420 636 19 20 d.
455 642 18 14 v.
490 642 17 15 s.
523 636 67 21 under
606 642 126 20 sommaren,
743 637 68 21 måste
825 636 41 22 han

46 664 67 26 enligt
135 664 69 21 denna
222 664 101 26 paragraf
336 663 53 22 offra
405 671 26 14 en
447 664 34 21 hel
496 664 78 22 mänad
590 664 22 22 af
627 665 39 21 den
683 666 37 25 tid,
736 672 46 15 som
797 666 69 20 landt-

45 694 95 20 mätaren
164 698 77 16 annars
260 699 65 20 gerna
340 692 47 21 icke
402 693 55 21 blott
472 693 33 21 till
521 699 51 21 egen
589 695 51 19 utan
655 694 33 20 till
704 694 78 22 allmän
798 694 68 21 fördel

45 721 108 21 använder
167 721 33 21 till
215 721 118 21 utarbeten.
354 721 41 21 Vill
411 728 48 15 man
476 722 64 21 binda
555 722 156 22 landtmätaren
727 723 32 21 till
770 723 97 21 inarbete

45 750 62 21 äfven
121 750 124 21 sommartid
260 750 42 21 kan
319 750 36 21 det
371 750 45 21 icke
431 750 64 21 hafva
511 757 68 15 annan
596 751 79 27 påföljd
691 753 27 19 än
733 751 33 21 för
777 752 36 20 det
824 751 42 21 för-

45 781 34 19 sta
98 781 38 25 att,
153 779 55 21 hvad
224 778 105 22 utskottet
344 778 57 27 sjelft
416 779 38 21 har
469 779 122 25 framhällit,
607 780 37 20 det
658 782 24 18 är
696 779 47 22 fara
758 780 61 21 värdt
835 781 32 20 att

45 814 49 14 man
114 808 46 20 icke
175 807 33 21 fär
223 808 142 21 landtmätare
381 809 33 19 att
429 808 70 21 utföra
515 808 79 21 sädana
610 808 153 27 förrättningar
778 808 39 22 och
832 808 35 21 för

46 837 35 20 det
103 836 67 21 andra
192 837 33 20 att
240 836 219 22 landtmäteriarbetet
473 837 8 20 i
495 838 55 20 stort
564 837 48 21 sedt
627 838 6 20 i
649 837 73 21 stället
735 838 34 20 för
784 839 31 19 att
830 837 37 27 pä-

45 865 92 27 skyndas
161 864 83 23 komme
267 867 31 20 att
321 864 110 27 fördröjas,
455 865 88 22 emedan
566 865 76 28 mänga
664 866 141 21 landtmätare
821 866 46 21 ifall

46 894 69 21 denna
137 894 42 21 tids
201 894 133 27 bestämning
357 893 67 22 skulle
440 893 69 28 följas,
525 894 69 21 blefve
609 895 70 26 lediga
694 895 67 21 under
775 896 91 23 vintern,

45 923 52 20 eller
112 923 41 20 den
169 923 31 20 tid
216 923 26 20 de
257 923 127 26 naturligast
398 923 67 21 borde
481 929 54 20 egna
545 923 22 21 ät
577 923 155 27 kartläggning,
743 923 72 21 karta-
826 923 39 21 och

45 951 222 27 häfdebeskrifningar
281 958 27 15 m.
324 957 28 15 m.
746 973 2 2 .

114 980 68 21 Dessa
197 981 131 26 synpunkter
346 982 71 25 syntes
432 981 43 26 mig
490 980 24 21 sä
528 981 86 26 vigtiga,
630 982 32 19 att
674 980 37 27 jag
725 980 33 21 för
773 981 43 20 min
832 980 34 21 del

45 1009 66 21 redan
134 1009 28 21 dä
182 1009 37 26 jag
232 1009 67 21 första
314 1009 82 27 gängen
411 1009 54 21 läste
480 1009 83 26 igenom
578 1009 239 27 författningsförslaget
829 1015 37 15 an-

45 1037 37 27 såg
98 1037 36 22 det
152 1038 65 26 något
233 1037 125 22 drakoniskt
373 1039 32 20 att
420 1038 117 21 bestämma
552 1044 26 15 en
594 1038 31 20 tid
640 1037 24 22 af
677 1038 29 21 30
722 1038 70 26 dagar,
809 1038 57 21 inom

45 1066 85 21 hvilken
145 1067 159 20 landtmätaren
319 1066 54 21 skall
389 1066 62 21 hafva
461 1066 33 21 sin
504 1067 62 20 karta
576 1066 145 27 omsorgsfullt
731 1067 39 20 och
781 1066 86 21 ordent-

44 1095 39 26 ligt
98 1095 110 26 uppgjord.

113 1123 41 28 Jag
177 1123 32 21 fär
231 1123 82 22 derföre
334 1123 32 21 för
382 1124 42 21 min
440 1123 34 22 del
489 1124 109 21 vördsamt
613 1130 107 20 uppmana
735 1123 84 22 ständet
833 1125 33 19 att

45 1152 7 20 i
75 1152 72 22 stället
169 1152 33 21 för
223 1152 69 22 denna
306 1152 176 27 tidsbestämning
497 1152 68 22 införa
580 1152 70 27 nägon
665 1159 76 20 annan,
758 1152 55 22 helst
829 1152 37 21 all-

45 1183 101 19 männare
169 1181 78 26 hållen,
262 1183 55 19 samt
332 1183 31 19 att
379 1182 6 20 i
401 1180 76 22 sådant
492 1181 55 27 syfte
562 1180 21 22 få
599 1181 79 21 föreslå
692 1183 32 19 att
739 1181 68 25 första
821 1186 44 16 mo-

45 1212 80 19 mentet
140 1210 68 21 skulle
224 1210 80 21 erhälla
319 1210 93 26 följande
427 1210 89 26 lydelse:
535 1209 73 27 ,Ffter
623 1210 37 20 det
675 1210 40 21 den
730 1210 135 26 förrättning,

45 1244 45 16 som
106 1239 5 20 i
128 1238 11 27 $
155 1239 25 21 21
194 1240 68 25 säges,
279 1238 69 22 blifvit
363 1238 78 26 utförd,
457 1238 89 21 insände
561 1238 157 22 landtmätaren
733 1238 23 22 sä
771 1238 43 21 fort
829 1238 37 21 ske

45 1267 43 21 kan
110 1267 76 21 kartan
208 1267 39 21 och
271 1267 66 27 öfriga
356 1267 127 26 handlingar
498 1267 32 21 till
545 1267 205 21 länelandtmätaren
767 1273 18 15 o.
802 1273 17 15 s.
835 1266 31 21 v.*

45 1296 54 21 eller
121 1296 65 21 också
208 1298 66 23 ,utan
298 1296 76 26 onödig
396 1296 42 21 tids
462 1296 97 26 utdrägt*
578 1296 52 20 eller
646 1296 64 26 något
725 1296 72 26 dylikt.
828 1295 38 21 Att

45 1325 96 21 deremot
163 1324 39 22 här
223 1324 67 22 fixera
312 1325 93 21 bestämt
423 1325 29 21 30
467 1324 66 27 dagar
548 1330 62 16 anser
624 1324 37 26 jag
675 1330 51 15 vara
741 1324 78 26 egnadt
834 1326 32 18 att

44 1354 66 20 hellre
133 1354 111 20 motvärka
266 1355 27 19 än
316 1353 101 21 befordra
432 1354 40 20 den
488 1353 104 21 snabbhet
607 1353 7 21 i
629 1353 173 27 expeditionsväg
817 1358 49 15 man

44 1383 47 20 med
108 1382 59 21 detta
182 1382 116 26 stadgande
315 1382 71 21 afsett.

112 1410 147 22 Kirkkoherra
284 1410 118 27 Karlsberg:
433 1410 131 22 Valiokunta
589 1416 26 15 on
640 1410 132 27 hyväksynyt
794 1411 71 19 tämän

44 1440 48 27 ajan
115 1440 121 21 armollisen
260 1440 107 26 esityksen
389 1439 99 22 mukaan.
519 1439 126 21 Ennenkuin
661 1438 124 22 armollinen
802 1439 63 26 esitys

44 1475 27 15 on
93 1469 66 26 tehty,
175 1475 26 14 on
224 1468 46 23 asia
291 1468 53 21 ollut
368 1469 96 26 myöskin
479 1468 193 21 maanmittauksen
686 1468 181 26 ylihallituksessa

43 1498 120 21 lausunnon
179 1497 113 21 antamista
308 1498 74 20 varten
389 1497 22 26 ja
419 1503 22 15 se
450 1497 20 20 ei
481 1497 33 21 ole
525 1499 55 19 tästä
589 1497 79 21 asiasta
678 1497 79 21 mitään
768 1496 98 21 muistut-
