1086 1725
231 139 43 21 322
545 138 96 20 Maalisk.
659 139 25 19 12
700 145 20 19 p.

202 204 70 27 pande
295 204 23 22 af
338 205 47 21 sina
407 204 82 21 krafter
505 204 38 21 och
558 203 169 27 qvalifikationer
743 204 39 20 hos
797 203 160 22 vederbörande
972 210 58 21 myn-

202 233 76 27 dighet
300 232 85 22 anhålla
408 239 34 15 om
457 232 98 26 förlängd
571 232 147 27 tjenstgöring,
733 232 67 26 gifves
816 232 36 21 det
865 232 24 26 ju
904 232 33 21 för
952 234 78 20 honom

202 262 112 26 möjlighet
330 264 32 19 att
375 262 111 20 förmildra
501 262 69 20 denna
586 261 112 27 svårighet.
729 261 65 20 Detta
809 263 24 19 är
848 262 128 26 exempelvis
992 262 39 20 fal-

201 291 37 26 let,
263 296 34 15 om
319 291 42 20 han
379 291 23 20 af
419 291 46 20 sina
480 290 108 21 kamrater
604 289 52 22 eller
670 289 23 22 af
706 289 109 22 skolrådet
830 291 102 20 anmodas
947 293 33 18 att
994 297 38 14 an-

203 320 57 21 söka
283 325 33 15 om
332 319 97 26 förlängd
445 319 147 26 tjenstgöring.
624 318 72 21 Såsom
713 325 26 14 en
755 318 49 21 vida
819 321 80 23 vägnar
914 325 58 15 mera
988 321 44 19 öm-

203 348 78 21 mande
305 347 156 27 omständighet
483 347 50 21 ville
546 347 37 27 jag
606 347 95 21 deremot
723 346 100 21 betrakta
849 347 36 21 det
908 348 122 25 ,consilium

203 376 113 26 abeundi",
332 383 45 14 som
393 377 105 20 utskottet
513 376 105 26 åberopar
634 375 68 22 såsom
720 381 25 15 en
761 375 92 22 nödfalls
864 377 70 25 utväg,
946 376 84 21 hvilken

203 411 50 15 man
276 405 71 21 kunde
370 405 103 26 använda,
490 407 38 18 när
544 410 48 15 man
608 405 35 20 vill
659 403 66 22 blifva
740 404 54 26 qvitt
809 411 26 14 en
852 404 75 27 lärare,
943 411 45 15 som
1004 405 28 26 på

203 434 70 26 grund
296 433 22 21 af
339 433 42 28 hög
403 433 59 21 ålder
485 433 39 21 och
547 432 80 22 kanske
650 433 65 21 också
729 433 23 20 af
765 433 110 21 bristande
890 433 95 27 förmåga
1000 435 32 20 att

203 463 73 20 utföra
299 463 37 20 sitt
359 462 49 24 kall,
432 461 40 22 bör
487 461 90 22 afträda.
594 473 28 3 —
638 461 30 21 På
682 461 68 26 grund
767 461 22 21 af
803 461 44 21 alla
863 461 61 22 dessa
940 464 92 19 omstän-

205 491 99 27 digheter
320 491 40 21 och
375 490 62 21 äfven
453 491 73 25 andra,
542 490 73 21 hvilka
628 490 37 26 jag
680 490 47 21 icke
742 496 63 15 anser
815 490 75 27 nödigt
901 492 31 19 att
943 491 89 26 påpeka,

204 519 70 22 finner
288 519 36 27 jag
340 520 6 21 i
361 519 68 21 likhet
444 519 49 21 med
508 518 108 27 professor
631 519 102 21 Forsman
750 518 37 21 det
801 518 80 27 nödigt,
893 521 31 19 att
934 519 36 21 det
981 519 53 27 hög-

205 548 91 27 vördiga
311 548 84 21 ståndet
409 547 50 22 med
474 547 138 21 förkastande
628 547 23 21 af
665 547 150 26 lagutskottets
832 547 134 22 betänkande
977 549 56 20 åter-

204 577 92 21 förvisar
318 578 66 20 saken
406 577 32 21 till
461 575 100 23 bemälda
584 576 83 21 utskott
690 575 33 21 för
745 575 150 27 undergående
917 576 23 21 af
954 583 27 21 ny
997 577 36 21 be-

204 606 110 26 handling.

275 634 118 21 Professori
409 633 104 27 Råbergh:
543 633 40 21 Om
600 640 48 14 man
663 633 23 21 af
700 635 31 19 ett
742 633 230 22 utskottsbetänkande
983 641 51 20 eger

205 664 45 20 rätt
273 665 32 19 att
319 662 73 22 fordra
407 669 26 14 en
449 662 127 22 åtminstone
592 662 137 21 närmelsevis
744 662 125 27 fullständig
884 662 113 27 utredning
1012 663 23 21 af

206 692 41 20 den
271 692 66 26 fråga,
361 691 117 21 detsamma
500 697 50 21 eger
565 692 33 20 att
613 690 111 26 behandla,
740 690 24 22 så
779 697 63 20 synes
857 691 43 26 mig
915 691 118 27 lagutskot-

205 722 43 19 tets
264 720 39 21 här
318 720 145 26 föreliggande
478 720 109 20 utlåtande
598 720 52 20 böra
661 726 61 14 anses
733 719 219 21 otillfredsställande.
968 720 66 21 Detta

207 751 25 19 är
248 748 24 22 så
295 748 83 27 mycket
394 754 57 15 mera
467 748 148 27 egendomligt,
632 754 44 14 som
692 748 74 26 frågan
782 748 35 21 vid
833 750 82 19 senaste
931 748 103 27 landtdag

206 778 56 20 varit
284 777 87 20 föremål
395 777 33 19 för
450 783 26 15 en
501 777 119 26 mångsidig
641 776 127 27 behandling
783 777 40 20 och
839 777 151 26 lagutskottets
1006 777 28 21 då

206 805 83 27 afgifna
311 806 109 20 utlåtande
441 805 48 21 kom
513 805 32 21 till
561 807 31 19 ett
607 807 87 19 motsatt
708 805 97 21 resultat.
836 805 42 21 Det
893 806 54 20 enda
962 808 71 24 egent-

208 834 44 26 liga
275 834 46 22 skäl
344 834 79 26 hvarpå
438 834 139 21 förevarande
593 834 134 21 betänkande
742 834 95 26 grundar
852 834 33 20 sin
900 834 22 21 af
936 834 13 21 9
965 840 67 15 reser-

206 864 77 20 vanter
301 869 44 15 mer
360 863 52 21 eller
427 863 82 21 mindre
524 862 111 27 motsagda
651 862 134 27 uppfattning
801 864 24 19 är
841 862 39 21 den
896 863 137 26 tjenstemän-

206 898 40 15 nen
264 893 6 20 i
286 892 103 26 grundlag
404 891 157 22 tillförsäkrade
578 891 149 27 oafsättlighet,
743 897 46 15 som
805 891 103 22 utskottet
924 898 62 15 anser
1002 893 31 20 sä-

208 926 46 15 som
279 921 31 20 till
326 921 39 20 den
381 921 52 26 grad
449 920 93 21 varande
558 922 30 19 ett
603 920 67 26 skydd
687 920 33 21 för
733 920 124 21 samhällets
872 920 64 21 frihet
952 921 39 20 och
1006 921 27 20 de

207 949 109 21 enskildas
338 949 104 26 trygghet,
465 951 32 19 att
518 949 76 21 endast
612 955 24 14 en
652 949 23 20 af
689 948 149 21 erfarenheten
854 949 86 20 tillfullo
955 949 79 26 ådaga-

206 977 51 27 lagd
280 977 157 27 nödvändighet
458 977 66 21 borde
546 977 69 21 förmå
637 977 114 21 ständerna
773 979 32 19 att
820 977 69 21 rubba
904 978 128 25 densamma,

207 1013 51 14 vore
283 1007 35 20 det
341 1007 39 20 ock
395 1007 6 20 i
417 1006 39 21 den
481 1006 153 27 obetydligaste
657 1006 55 21 mån.
743 1006 60 20 Huru
819 1012 28 14 nu
863 1007 6 20 i
885 1006 145 26 verkligheten

207 1035 90 21 härmed
319 1035 101 20 förhåller
444 1035 32 26 sig
491 1035 39 20 har
545 1035 157 20 reservationen
718 1040 33 15 n:o
768 1035 13 20 2
796 1035 65 20 redan
877 1035 69 26 utlagt
961 1035 28 26 på
1003 1037 31 19 ett

207 1070 46 15 som
277 1064 42 25 mig
342 1070 60 20 synes
424 1063 186 21 tillfredställande
633 1065 47 20 sätt.
713 1063 45 21 Den
783 1063 77 26 nådiga
875 1064 159 26 propositionen

208 1092 58 21 afser
288 1093 18 25 ej
323 1094 31 19 att
372 1091 88 22 beröfva
476 1092 130 21 skolläraren
622 1093 7 20 i
644 1092 117 21 nämnvärd
777 1092 46 21 mån
840 1092 69 26 någon
924 1092 110 26 rättighet,

207 1123 54 18 utan
285 1121 55 21 blott
362 1122 32 19 att
416 1120 68 21 förmå
499 1121 77 20 honom
592 1123 38 23 att,
646 1121 27 20 då
688 1121 41 20 han
746 1121 66 26 enligt
827 1122 101 19 naturens
945 1121 90 25 ordning

207 1149 47 22 icke
272 1156 59 14 mera
346 1156 49 20 eger
409 1149 96 27 förmåga
520 1151 32 19 att
567 1149 43 21 lika
624 1149 165 27 framgångsrikt
805 1149 48 21 öfva
869 1149 32 21 sin
916 1149 72 27 tjenst,
999 1149 36 21 be-

208 1184 71 20 gagna
298 1179 30 25 sig
344 1178 23 21 af
381 1179 30 20 sin
427 1180 44 19 rätt
485 1178 32 21 till
533 1178 67 21 otium
616 1179 106 25 sapientis,
738 1178 28 21 då
781 1178 42 20 han
839 1178 68 20 såsom
924 1179 110 25 pensione-

208 1207 39 21 rad
272 1206 70 22 blefve
357 1208 6 20 i
379 1206 83 22 tillfälle
485 1208 32 19 att
531 1207 27 26 på
573 1209 32 19 ett
620 1206 33 22 för
668 1207 54 21 hans
737 1207 66 25 högre
818 1206 60 21 ålder
894 1213 58 15 mera
968 1207 66 26 lämp-

208 1236 38 26 ligt
271 1238 43 18 sätt
328 1237 15 19 t.
360 1242 31 14 ex.
412 1241 75 21 genom
504 1235 142 21 skriftställeri
662 1236 57 26 tjena
734 1236 26 20 de
776 1235 132 26 intelligenta
923 1236 111 25 intressen,

208 1264 23 20 åt
247 1264 73 21 hvilka
342 1264 40 21 han
399 1266 64 25 egnat
478 1264 36 20 sitt
529 1264 30 20 lif.
589 1264 113 21 Utskottet
717 1264 64 21 söker
796 1263 99 27 försvaga
910 1264 26 20 de
951 1264 23 20 af
988 1264 47 20 sak-

208 1292 95 27 kunnige
318 1292 33 21 för
366 1292 139 21 förevarande
521 1292 79 27 förslag
615 1292 95 22 uttalade
726 1293 47 21 skäl
789 1298 76 21 genom
880 1294 32 19 att
923 1292 113 21 framhålla

208 1322 110 25 hurusom,
340 1321 61 21 äfven
424 1328 34 14 om
481 1321 77 26 nådiga
580 1322 158 26 propositionen
762 1320 69 22 blefve
850 1320 41 27 lag,
907 1321 59 21 detta
981 1321 54 21 dock

208 1350 47 20 icke
280 1350 67 21 skulle
369 1350 148 21 åstadkomma
531 1349 69 27 någon
615 1350 158 21 verksammare
789 1349 115 27 utgallring
920 1349 22 21 af
956 1350 79 20 lärare-

209 1378 80 21 kårens
304 1378 148 26 underhaltiga
467 1378 97 24 element,
581 1378 27 21 då
620 1378 24 27 ju
659 1378 69 21 lärare
744 1378 24 21 af
783 1378 43 21 lika
837 1378 131 26 tvifvelaktig
976 1378 59 22 kom-

209 1409 77 24 petens
309 1407 34 21 vid
366 1414 25 14 en
407 1408 90 26 tidigare
513 1407 58 21 ålder
586 1407 46 21 icke
648 1407 83 21 komme
748 1409 33 19 att
795 1406 23 21 af
832 1406 152 27 författningen
999 1408 36 20 be-

209 1437 69 20 röras.
309 1436 62 21 Detta
391 1442 60 20 synes
468 1436 41 26 mig
525 1442 49 15 vara
590 1437 32 20 ett
637 1436 55 21 blott
706 1435 103 22 skenbart
825 1435 91 21 motskäl
932 1438 50 18 utan
998 1436 37 21 nå-

208 1471 42 19 gon
276 1464 112 21 bevisande
411 1464 58 21 kraft
492 1465 38 20 och
553 1471 59 14 mera
634 1465 79 26 egnadt
735 1466 32 19 att
791 1465 100 20 vilseleda
913 1467 27 18 än
956 1465 79 20 bevisa.

209 1493 175 26 Propositionens
406 1493 83 26 uppgift
512 1495 23 19 är
555 1493 23 26 ju
595 1493 18 26 ej
630 1493 38 21 och
684 1493 36 20 vill
736 1493 18 26 ej
771 1499 51 15 vara
838 1495 31 19 att
884 1493 94 26 aflägsna
994 1493 42 20 alla
