1086 1725
392 132 87 20 Huhtik.
497 133 26 19 25
539 140 19 18 p.
813 132 41 22 637

58 201 36 25 tag
109 201 46 20 när.
177 198 42 27 Jag
234 198 55 21 hade
297 198 46 22 haft
358 198 45 22 skäl
419 199 32 21 att
466 198 160 28 reservera
585 194 39 36 mig
633 198 63 22 äfven
706 200 43 20 mot
758 199 58 21 detta
823 200 58 20 utta-

58 228 70 25 lande,
145 228 88 20 emedan
248 226 36 22 det
299 227 47 21 icke
361 233 36 15 var
413 228 31 20 ett
460 227 88 21 korrekt
563 228 85 26 uttryck
665 228 33 20 för
714 228 96 26 det,som
819 229 63 20 stats-

59 257 105 21 utskottet
184 256 82 25 tänkte;
288 256 36 26 jag
346 255 73 27 gjorde
442 256 36 22 det
497 256 64 21 likväl
580 257 54 24 icke,
650 256 77 21 hvaraf.
741 256 84 22 ståndet
840 256 42 21 kan

58 285 63 26 finna,
137 287 32 20 att
182 284 37 28 jag
234 284 114 27 ingalunda
363 287 24 19 är
402 284 95 27 benägen
514 286 31 20 att
559 291 111 16 reservera
682 286 97 26 mig,
750 280 24 36 om
791 285 35 22 det
837 284 46 22 icke

59 316 23 19 är
97 314 87 22 absolut
199 313 136 27 nödvändigt.
365 313 33 22 Då
411 314 36 27 jag
463 314 138 21 reserverade
616 315 44 26 mig
674 314 135 21 beträffande
819 315 64 20 stats-

58 343 115 21 utskottets
195 342 110 21 uttalande
325 342 108 27 angående
449 342 35 21 lån
500 343 23 20 åt
538 343 94 21 fabriker
648 343 39 20 och
704 343 133 21 industriella
852 343 31 21 in-

58 372 124 26 rättningar,
198 371 24 22 sä
236 371 71 21 kunde
320 371 36 27 jag
371 371 134 27 naturligtvis
521 371 46 22 icke
582 371 57 22 hålla
654 373 42 25 mig.
711 371 32 22 till
753 372 55 21 hvad
819 373 65 20 stats-

59 400 105 21 utskottet
179 400 67 25 tänkt,
263 401 50 20 utan
329 400 32 21 till
377 400 35 21 det
427 407 46 14 som
489 400 159 21 statsutskottet
656 402 55 25 sagt.
727 400 39 21 Om
779 401 105 20 utskottet

59 429 75 21 tänker
156 431 30 19 ett
209 429 38 21 och
270 431 61 24 säger
354 431 31 19 ett
408 431 72 24 annat,
500 429 23 21 så
538 431 24 19 är
578 429 59 22 detta
652 430 47 21 icke
714 429 48 22 mitt
777 429 36 21 fel.
842 429 42 27 Jag

59 458 41 21 kan
123 458 48 21 icke
193 457 111 27 medgifva,
321 459 31 20 att
364 458 37 27 jag
416 458 27 26 på
459 457 66 27 något
540 459 42 20 sätt
597 458 99 27 misstydt
712 458 171 21 statsutskottets

59 487 45 20 ord.
135 486 49 21 Men
200 487 27 21 då
242 487 61 20 äfven
319 493 25 14 en
360 487 22 20 af
396 486 172 22 statsutskottets
583 487 39 21 här
637 487 132 21 närvarande
783 487 100 21 medlem-

59 521 45 16 mar
129 515 115 27 medgifvit,
268 517 33 20 att
324 515 36 21 det
375 515 22 21 af
411 515 161 22 statsutskottet
587 515 75 27 gjorda
678 515 119 22 uttalandet
812 517 23 19 är
851 517 32 20 ett

59 544 137 27 misslyckadt
215 544 117 26 uttalande,
356 544 23 21 så
398 544 65 27 vågar
475 544 37 27 jag
528 544 54 21 efter
598 546 31 19 ett
644 543 76 23 sådant
735 544 148 27 medgifvande

58 573 89 27 hoppas,
170 574 31 20 att
223 573 61 21 äfven
300 573 40 21 han
357 573 54 21 skall
427 574 59 20 rösta
501 572 34 22 för
550 574 32 20 att
597 573 59 21 detta
671 573 140 27 misslyckade
827 575 56 19 utta-

59 602 62 21 lande
137 602 35 21 må
193 602 54 21 ifrån
270 602 143 21 betänkandet
435 601 60 28 utgå.
525 601 38 22 Om
587 602 140 27 Regeringen,
748 602 69 21 såsom
833 602 51 21 herr

59 630 87 22 Donner
161 630 121 27 framhållit,
299 630 47 22 med
362 630 100 22 omtanke
472 631 39 21 och
519 632 198 26 samvetsgrannhet
733 631 57 21 skött
798 631 83 21 landets

58 659 84 26 affärer,
163 666 33 14 om
216 660 59 21 detta
290 662 24 18 är
330 659 36 21 det
381 659 108 22 allmänna
505 660 106 26 intrycket
626 660 23 21 af
662 660 172 22 statsutskottets
849 660 31 20 fö-

59 688 122 27 religgande
200 688 141 26 betänkande,
358 688 22 21 sä
396 688 40 21 blir
452 688 54 22 dock
523 688 57 22 detta
595 688 107 22 allmänna
717 688 82 27 intryck
815 688 69 22 stördt

59 722 75 21 genom
158 716 160 28 ifrägavarande
340 717 115 26 uttalande,
479 724 45 14 som
547 717 94 21 hvarken
664 720 23 18 är
708 719 43 20 sött
766 717 51 21 eller
831 718 52 25 surt,

59 747 52 20 utan
133 747 97 25 söttsurt,
254 746 38 21 och
308 752 50 15 vore
381 746 35 21 det
432 746 73 21 derför
520 746 6 20 i
542 746 32 21 sin
589 746 97 27 ordning,
702 748 31 20 att
749 746 58 21 detta
823 746 60 21 skor-

60 774 66 21 rande
149 774 95 27 missljud
260 774 68 22 skulle
344 774 104 27 aflägsnas
464 774 27 28 pä
507 774 35 22 det
558 776 32 20 att
604 775 112 21 harmonin
731 775 34 21 mä
780 780 51 16 vara
846 780 37 16 ren

59 804 39 20 och
114 802 130 28 fullständig.
511 826 2 2 N

128 832 85 22 Päätös:
244 832 98 21 Mietintö
362 832 143 27 hyväksyttiin
521 832 93 22 kaikissa
630 832 79 22 muissa
724 832 79 22 kohdin
819 832 63 26 paitsi

60 860 52 22 mitä
126 861 57 21 tulee
208 861 141 22 suomalaisen
372 861 117 27 kappaleen
505 861 28 21 39
548 861 76 22 sivulla
640 862 95 26 olevaan,
750 860 96 23 tehtaille
859 861 24 27 ja

61 889 105 22 ruukeille
196 890 122 21 annettavia
340 890 78 27 lainoja
440 889 122 22 koskevaan
586 890 136 25 lausuntoon,
737 890 52 27 joka
814 890 69 21 Herra

60 918 120 22 Kihlmanin
205 925 19 20 y.
240 925 26 15 m.
284 919 124 21 mietintöön
430 919 83 26 liitetyn
528 919 147 22 vastalauseen
687 919 130 24 mukaisesti,
833 920 50 25 pää-

63 947 71 21 tettiin
157 948 37 25 (17
211 947 81 22 äänellä
310 948 25 21 15
351 949 94 24 vastaan)
461 949 169 25 tarpeettomana
646 948 45 27 pois
707 947 147 28 lykättäväksi.

127 1011 109 21 Esitettiin
251 1010 126 27 järjestänsä
389 1011 23 27 ja
427 1010 76 27 pantiin
520 1011 102 27 pöydälle:

127 1039 246 22 Suostuntavaliokunnan
397 1039 92 22 mietintö
506 1039 58 22 N:o
555 1034 12 36 3
580 1039 121 22 armollisen
718 1039 104 27 esityksen
836 1038 47 27 joh-

59 1067 68 27 dosta,
153 1068 52 27 joka
227 1068 79 21 koskee
328 1069 41 20 sitä
391 1068 289 27 elinkeinosuostuntaveroa,
702 1068 46 27 jota
769 1068 114 21 Suomessa

58 1096 99 27 kauppaa
180 1097 30 22 tai
232 1099 76 19 muuta
328 1097 119 21 elinkeinoa
468 1097 149 27 harjoittavain
634 1097 176 21 ulkomaalaisten
826 1096 56 21 tulee

59 1126 116 26 suorittaa;
189 1125 51 22 sekä

129 1154 228 22 Rautatievaliokunnan
381 1154 92 22 mietintö
497 1154 35 22 N:o
548 1154 12 22 2
576 1154 123 22 armollisen
717 1154 105 27 esityksen
836 1154 47 26 joh-

59 1183 62 21 dosta
139 1179 126 36 Helsingin
286 1184 159 21 Hämeenlinnan
454 1179 111 36 —Pietarin
580 1184 106 21 rautatien
702 1183 180 22 ulotuttamisesta

58 1212 110 27 Helsingin
184 1212 123 28 kaupungin
322 1212 175 22 eteläsatamaan.

127 1275 97 22 Provasti
248 1276 121 21 Johansson
394 1276 59 26 pyysi
479 1276 65 21 saada
568 1276 144 21 virkatointen
736 1275 78 22 tähden
840 1275 42 21 olla

58 1304 73 27 poissa
147 1307 137 19 seuraavasta
299 1305 126 26 istunnosta,
438 1304 67 27 johon
521 1306 59 25 sääty
595 1305 89 21 suostui.

127 1368 83 21 Istunto
225 1368 81 26 päättyi
322 1368 34 21 klo
372 1368 35 21 4:5
423 1368 12 21 i.
451 1374 22 20 p.

623 1430 22 18 In
657 1430 63 19 fidem:

552 1465 44 18 Carl
607 1465 43 18 Joh,
662 1465 117 22 Lindegvist.
