1086 1725
227 123 43 22 680
532 123 88 21 Huhtik.
637 124 26 20 29
680 130 20 19 p.

194 188 130 28 jallisuuden
340 189 63 21 alalla
418 188 42 27 yhä
475 194 53 16 vaan
544 189 80 21 kasvaa
638 189 93 27 huonoja
746 188 89 26 teoksia,
849 188 62 27 jotka
926 188 100 22 turmele-

196 219 37 20 vat
248 218 82 21 kansan
346 217 114 21 siveellistä
476 218 78 26 mieltä,
568 218 23 26 ja
606 218 114 20 ehdotettu
735 218 115 20 vuotuinen
864 216 163 28 kirjailijapalk-

198 246 35 21 kio
250 246 191 22 todenmukaisesti
456 246 59 22 tulisi
530 246 82 21 tätäkin
628 246 85 21 huonoa
723 246 153 26 kirjallisuutta
886 246 138 25 edistämään,

196 275 80 26 hylkää
298 275 243 21 anomusehdotuksen.*
573 274 27 22 Se
616 275 19 21 ei
650 275 73 21 sisällä
742 274 97 22 moitetta
855 274 109 22 hallitusta
978 280 49 15 vas-

196 307 59 18 taan.
286 304 32 21 En
334 304 33 21 ole
383 304 40 21 sitä
439 304 135 21 tarkottanut
590 304 116 21 niilläkään
722 303 95 26 sanoilla,
831 303 54 26 joita
901 303 64 22 äsken
980 303 45 21 lau-

197 333 55 20 suin.
283 332 61 21 Vaan
360 333 53 20 siinä
429 339 27 14 on
472 332 58 27 kyllä
545 333 65 20 moite
625 332 53 21 niitä
693 334 95 22 vastaan,
801 332 61 26 jotka
877 334 37 25 nyt
930 333 48 20 ovat
989 332 36 21 eh-

197 361 110 21 dottaneet
322 361 75 26 yleistä
412 361 182 27 anomusesitystä,
610 361 79 21 vaikka
704 361 130 21 semmoinen
849 360 47 22 isku
912 367 27 15 on
956 362 69 24 sääty-

194 389 38 28 jen
248 390 112 21 kasvoihin
375 389 100 22 laskettu.
506 389 75 22 Moitin
597 389 58 27 kyllä
670 390 59 23 niitä,
743 389 72 26 joiden
830 389 121 22 siveellinen
963 391 63 19 tunto

198 419 18 20 ei
233 418 138 21 loukkaannu
392 419 54 25 siitä,
469 420 44 19 että
528 418 91 21 Suomen
636 418 101 27 säädyille
753 425 27 14 on
795 419 130 20 tämmöinen
940 420 88 19 vastaus

197 449 97 19 annettu.
324 447 87 21 Tahdon
427 447 54 21 vielä
497 447 79 21 sitäkin
592 447 81 24 lausua,
690 448 45 19 että
750 447 74 20 luulen
835 447 135 26 hallituksen,
981 446 44 21 kun

197 476 58 21 antoi
271 475 124 27 palkkioita,
415 476 157 21 noudattaneen
588 476 110 21 viimeisen
713 475 185 26 säätykokouksen
915 475 109 21 lausumaa

197 503 147 28 mielipidettä.
375 504 58 21 Niitä
455 505 81 26 moitin,
549 505 62 26 jotka
626 504 140 21 tämmöiselle
782 504 99 21 huonolle
896 504 129 26 kirjallisuu-

198 533 56 20 delle
270 533 125 21 ehdottavat
409 533 56 21 vielä
480 539 55 20 apua
550 533 164 21 turmellakseen
729 533 42 26 yhä
787 533 137 26 syvemmältä
939 533 87 20 kansaa.

197 561 32 21 En
246 561 34 22 ole
295 561 52 21 tällä
362 562 97 21 sitäkään
475 563 141 25 vastustanut,
632 563 45 20 että
693 561 80 22 todella
788 561 65 27 hyvät
868 561 82 21 teokset
966 561 59 21 saisi-

196 592 36 19 vat
256 591 150 26 eteenkinpäin
431 590 116 27 palkkiota.
585 590 71 22 Mutta
681 598 26 14 en
730 592 61 20 saata
822 591 83 20 tuntoni
932 590 95 26 puolelta

197 620 75 20 muuta
294 621 84 19 vastata
400 619 216 27 anomusesitykseen,
636 619 52 26 joka
710 621 37 25 nyt
767 619 90 26 esiintyy
872 618 91 22 Suomen
979 620 48 20 sää-

198 647 70 27 dyille,
285 653 37 16 sen
335 648 84 26 jälkeen
436 648 52 20 mitä
503 654 27 15 on
545 648 136 26 tapahtunut.

267 676 118 22 Professori
401 676 89 22 Donner:
521 676 49 22 Med
594 676 113 27 anledning
729 676 24 21 af
767 678 30 19 ett
816 676 109 21 uttalande
946 676 22 20 af
982 676 45 20 lek-

197 707 35 19 tor
254 705 108 27 Hedberg,
378 711 45 15 som
439 705 117 21 innehäller
572 707 31 19 ett
618 705 107 21 bestämdt
741 705 90 21 klander
847 704 22 22 af
883 704 35 22 det
934 706 49 24 sätt,
999 705 29 26 pä

197 733 83 21 hvilket
302 734 123 26 regeringen
440 734 91 26 förfarit,
550 734 39 21 ber
602 734 37 26 jag
654 733 21 22 få
691 734 99 26 påminna
806 739 34 15 om
856 735 31 19 att
903 734 123 26 regeringen

198 762 122 26 pätagligen
343 762 48 21 sökt
413 762 129 27 tillmötesgå
566 763 25 21 de
607 763 135 25 önskningar,
760 768 45 15 som
820 762 134 21 framstäldes
969 762 57 21 inom

198 790 91 22 ständen
312 791 35 21 vid
369 793 84 19 senaste
469 791 106 27 landtdag,
592 791 38 21 och
646 793 32 19 att
694 791 123 21 densamma
832 791 57 26 gjort
904 791 35 21 det
954 791 27 26 pä
996 794 31 18 ett

198 821 49 24 sätt,
272 826 45 14 som
341 820 113 26 ingalunda
477 820 69 21 kunde
569 820 125 21 förutsättas
710 820 48 20 leda
774 819 32 21 till
822 820 40 20 den
878 819 86 27 päföljd,
980 826 46 14 som

197 854 28 15 nu
241 848 134 21 framhällits.
407 849 37 20 Att
467 848 58 22 detta
546 848 74 22 försök
638 848 80 22 utfallit
733 848 24 21 sä
772 848 43 26 illa,
831 848 36 21 det
883 848 40 21 kan
940 854 48 15 man
1002 848 23 27 ju

196 877 48 20 icke
259 877 63 26 lägga
337 877 123 27 regeringen
475 877 32 22 till
523 878 47 21 last.
600 877 49 22 Men
665 879 51 19 utan
732 877 74 21 tvifvel
821 879 24 19 är
861 877 35 20 det
911 877 22 21 af
941 877 44 26 vigt
996 879 31 19 att

196 908 42 19 när
262 906 70 21 denna
353 905 61 28 fräga
429 906 54 26 änyo
499 905 113 28 föreligger
627 907 32 20 till
676 905 123 28 afgörande,
815 905 62 22 äfven
893 906 85 21 ständet
994 908 34 18 ut-

197 934 56 21 talar
269 935 32 26 sig
322 935 57 20 klart
401 935 39 20 och
464 935 138 26 oförtydbart.
634 935 42 21 Det
691 941 61 20 synes
769 935 42 26 mig
827 934 54 21 dock
896 940 51 15 vara
963 934 64 25 nägot

197 963 34 20 för
247 963 59 26 längt
321 963 86 27 gänget,
423 970 34 14 om
473 970 47 14 man
537 965 87 25 antager
640 966 32 19 att
686 963 47 21 icke
749 963 37 21 vär
801 963 32 21 tid
841 963 54 21 skall
904 963 73 21 kunna
988 969 41 20 ega

197 991 67 27 nägot
287 991 32 22 frö
343 992 32 21 till
397 994 30 19 ett
449 992 71 21 bättre
536 993 38 20 och
591 994 32 19 att
639 999 47 14 man
703 991 54 22 skall
774 992 72 21 kunna
862 992 51 26 hysa
928 991 40 22 den
984 991 43 21 för-

197 1020 112 27 hoppning
332 1022 31 19 att
385 1020 62 22 äfven
463 1021 56 20 inom
535 1021 41 20 den
590 1021 69 21 finska
675 1021 135 21 litteraturen
825 1020 116 27 nägonting
956 1020 72 21 bättre

197 1048 55 22 skall
268 1049 73 21 kunna
355 1049 84 27 uppstä.
469 1049 42 21 För
531 1050 42 21 min
590 1049 33 21 del
638 1049 98 22 förordar
750 1049 37 27 jag
802 1050 31 20 ett
848 1049 117 26 uttalande,
981 1055 46 15 som

197 1083 62 15 mera
276 1077 197 22 öfverensstämmer
488 1078 47 21 med
550 1079 36 20 det
601 1078 70 21 lektor
687 1079 102 25 Hedberg
804 1077 104 22 framhöll.

269 1106 85 21 Lehtori
371 1107 102 26 Hedberg:
505 1107 57 21 Minä
585 1107 73 26 pyysin
678 1107 166 26 puheenvuoroa
859 1113 37 14 sen
912 1105 116 28 professori

198 1134 140 22 Danielsonin
360 1135 119 22 lausunnon
500 1135 106 27 johdosta,
630 1137 43 20 että
689 1136 72 21 minun
778 1135 143 21 ehdottamani
936 1135 92 21 resolut-

197 1164 69 20 siooni
282 1164 46 21 olisi
351 1165 172 21 muodostettava
538 1164 126 22 moitteeksi.
696 1164 59 21 Minä
771 1164 48 21 olen
835 1164 87 26 ponteni
937 1164 92 20 lukenut

197 1192 96 26 säädylle
306 1193 22 26 ja
344 1199 21 15 se
382 1194 70 24 moite,
473 1193 66 27 jonka
560 1194 41 20 itse
624 1193 62 27 ponsi
701 1193 88 21 sisältää
804 1192 128 22 hallituksen
948 1194 79 24 teosta,

197 1227 23 15 se
235 1221 55 21 siinä
311 1222 83 20 olkoon.
425 1221 70 22 Mutta
511 1223 19 20 ei
545 1222 71 21 minun
633 1222 157 21 tarkoitukseni
805 1221 95 21 koskaan
916 1221 34 21 ole
966 1221 61 24 ollut,

197 1252 45 18 että
262 1250 34 26 jos
320 1250 42 21 niin
385 1250 123 26 tapahtuisi,
531 1252 43 20 että
597 1251 75 26 säädyt
695 1250 100 22 tekisivät
818 1250 129 21 anomuksen
970 1252 57 18 tästä

197 1278 88 26 asiasta,
302 1285 22 15 se
340 1279 46 21 olisi
401 1279 146 27 kirjoitettava
562 1280 124 20 moittivaan
703 1280 109 20 muotoon.
843 1278 44 22 Sitä
902 1285 26 14 en
940 1278 32 21 ole
983 1280 43 19 tar-

196 1307 118 21 koittanut.
345 1307 69 21 Mutta
437 1314 26 14 on
487 1308 90 21 minusta
600 1308 144 26 luonnollista,
766 1310 51 23 että,
833 1307 67 21 koska
915 1306 111 22 kuitenkin

197 1335 66 21 tähän
280 1336 81 21 saakka
383 1336 126 22 noudatettu
525 1339 56 24 tapa,
596 1336 51 27 joka
662 1336 58 27 kyllä
735 1338 85 19 saattaa
835 1336 42 20 olla
891 1335 135 27 jonkunmoi-

197 1370 51 15 sena
264 1365 145 21 seurauksena
423 1365 62 21 niistä
501 1365 149 27 mielipiteistä,
665 1365 60 27 jotka
741 1365 64 21 viime
818 1364 152 26 valtiopäivillä
980 1364 46 21 lau-

196 1393 83 26 suttiin,
296 1400 25 14 on
338 1394 170 26 epätyydyttävä,
524 1394 46 21 olisi
586 1394 175 25 asianmukaista,
785 1395 44 19 että
851 1393 75 26 säädyt
940 1393 86 21 selvästi

196 1421 157 22 ilmoittaisivat
375 1423 52 21 mitä
446 1424 158 25 menetystapaa
620 1423 26 20 he
662 1424 58 20 tässä
735 1422 83 22 asiassa
833 1422 97 21 tahtovat
944 1422 83 21 nouda-

196 1450 122 22 tettavaksi.
