1086 1725
220 116 47 33 442
544 119 95 20 Maalisk.
657 120 25 20 19
698 126 21 18 p.

196 185 42 21 ken
261 187 37 19 äro
322 185 113 21 öfverfulla
458 185 22 21 af
501 185 77 26 elever,
598 185 23 21 så
636 185 108 21 återstode
760 184 34 22 väl
809 184 46 22 icke
871 187 64 19 annat
951 187 25 19 än
992 186 32 19 att

197 215 71 19 staten
284 213 108 27 nödgades
408 214 80 21 inrätta
503 216 32 19 ett
549 214 106 26 betydligt
670 213 58 21 antal
744 220 41 20 nya
801 213 78 21 skolor.
902 214 60 21 Hvad
978 214 46 21 åter

198 242 41 21 den
259 243 185 26 omständigheten
461 242 107 26 beträffar,
584 244 32 19 att
632 242 26 21 de
673 243 84 26 privata
773 242 100 22 skolorna
887 242 70 21 kunde
973 248 49 15 vara

197 270 115 22 fanbärare
327 271 33 22 för
375 271 114 22 allehanda
504 278 41 19 nya
561 271 39 21 och
616 270 96 27 skadliga
728 271 65 26 ideer,
810 271 39 21 och
864 272 32 20 att
906 270 35 22 det
952 271 71 22 derför

196 299 85 22 komme
296 302 33 19 att
348 300 64 21 lända
427 302 82 19 statens
525 300 71 21 skolor
612 300 32 21 till
660 300 73 25 skada,
750 306 34 15 om
800 300 178 26 privatskolornas
994 300 30 21 lä-

196 334 48 15 rare
260 335 60 14 mera
336 329 90 20 allmänt
441 335 69 15 vunne
526 329 83 21 inträde
625 329 30 20 uti
672 329 53 23 dem,
742 334 76 20 genom
835 330 31 19 att
875 329 58 21 detta
941 329 82 20 inträde

196 358 62 25 göres
280 357 33 21 för
338 357 47 21 dem
408 357 79 22 lättare
507 357 39 22 och
562 363 45 16 mer
622 357 104 21 lockande
741 357 114 21 förmedels
869 357 118 26 beviljande
1002 357 23 21 af

197 385 40 21 den
261 392 28 14 nu
314 386 94 26 begärda
431 385 117 25 förmånen,
564 386 24 21 så
602 386 40 21 bör
657 386 34 21 väl
706 386 93 22 märkas,
814 387 37 25 att,
868 388 58 19 utom
942 387 36 20 det
992 387 30 20 att

196 416 71 19 staten
290 415 119 21 fastställer
432 415 145 26 läroprogram
600 414 62 21 äfven
677 414 33 21 för
725 414 27 21 de
768 415 83 26 privata
866 414 105 26 skolorna,
988 415 35 20 det

194 442 24 27 ju
241 443 47 21 icke
310 443 68 21 finnes
401 443 70 27 någon
493 444 83 26 garanti
591 443 33 21 för
640 445 32 19 att
688 443 44 20 icke
749 443 70 21 direkt
833 443 7 20 i
856 445 80 19 statens
952 443 71 21 skolor

197 471 74 21 kunna
286 472 84 21 inträda
385 474 57 23 män,
459 472 72 21 hvilka
540 472 96 26 uppbära
644 472 61 21 dessa
713 478 82 15 samma
802 467 33 36 nya
845 472 39 21 allt
893 472 33 21 för
936 471 87 22 liberala

195 499 66 26 ideer,
278 500 72 21 hvilka
365 507 62 14 anses
443 501 82 26 besjäla
541 501 181 26 privatskolornas
738 503 56 18 män.
811 500 42 27 Jag
869 507 60 14 anser
945 500 77 24 derför,

197 530 33 19 att
246 529 36 20 det
298 531 24 18 är
337 536 26 14 en
379 529 52 27 gärd
447 529 23 21 af
484 530 88 20 rättvisa
588 529 39 21 och
644 529 99 21 erkänsla
758 528 34 22 för
807 529 36 20 det
858 529 72 21 arbete
947 529 77 26 privat-

196 557 102 21 skolorna
320 557 71 22 utföra
414 558 7 21 i
443 557 135 27 bildningens
601 558 65 26 tjenst
689 557 39 22 och
743 557 33 21 till
792 557 81 22 förmån
889 557 33 21 för
938 558 35 21 det
988 564 35 20 ge-

196 592 132 15 mensamma
343 586 148 25 fosterlandet,
508 588 32 20 att
555 586 79 27 bevilja
650 587 69 21 denna
734 586 45 22 lilla
795 586 88 24 förmån,
900 586 86 22 hvarom
998 587 24 20 de

195 615 145 25 petitionerat.
372 616 43 20 Det
438 618 24 18 är
484 616 6 20 i
513 616 74 26 sjelfva
610 616 74 20 verket
706 615 23 21 så
745 616 53 25 litet,
814 621 45 15 som
875 615 38 21 här
928 616 94 26 begäres,

196 643 40 21 och
256 644 215 26 anmärkningsvärdt
486 646 29 24 är,
532 646 32 19 att
579 644 157 26 presteståndet
751 644 34 21 vid
804 644 54 20 1885
874 644 33 21 års
923 644 100 26 landtdag

195 671 6 21 i
225 672 76 26 sjelfva
324 672 74 22 verket
421 673 95 21 uttalade
539 679 80 15 samma
634 673 71 25 tanke,
722 679 44 15 som
783 679 28 14 nu
827 672 66 26 ligger
907 672 33 21 till
954 672 69 27 grund

195 699 33 22 för
244 701 42 21 den
302 700 161 28 ifrågavarande
479 702 123 26 petitionen.
616 701 50 24 När,
676 701 65 26 enligt
750 701 56 21 hvad
815 701 36 27 jag
862 701 71 26 hörde,
945 701 78 21 bonde-

197 729 85 21 ståndet
298 730 54 21 skall
367 730 63 20 hafva
446 730 100 21 omfattat
561 730 69 21 denna
646 730 97 26 petition,
759 730 24 20 så
799 736 60 20 synes
869 730 35 20 det
912 730 42 26 mig
962 736 61 20 egen-

198 757 95 27 domligt,
310 764 33 15 om
360 758 39 21 den
416 759 56 20 inom
489 759 156 25 presteståndet
661 758 68 21 blefve
745 758 102 27 afslagen.

266 786 118 22 Professori
402 786 91 22 Palmén:
515 787 49 21 Pari
580 794 65 14 sanaa
661 787 56 21 tulee
733 787 62 21 lisätä
811 787 73 26 siihen,
901 788 51 20 mitä
968 787 55 20 minä

198 814 48 21 olen
270 818 97 18 sanonut.
399 815 58 21 Minä
473 816 47 20 olen
536 818 110 19 asettunut
661 816 114 21 kokonaan
792 816 80 20 olevien
888 815 68 27 olojen
973 816 51 20 kan-

196 843 64 21 nalle.
292 844 105 27 Myönnän
421 844 63 27 kyllä,
505 846 43 19 että
564 844 82 22 Saksan
662 844 44 21 olot
721 845 90 20 voisivat
827 844 41 21 olla
883 844 140 21 erinomaisen

197 872 72 27 hyvät,
286 874 58 20 esim.
358 873 33 26 jos
408 873 47 21 olisi
471 874 83 20 mikään
563 873 160 26 mahdollisuus,
732 875 43 19 että
784 880 33 14 me
826 873 67 21 siihen
901 873 121 26 tulisimme,

196 903 71 20 mutta
289 901 85 22 Preussi
397 908 26 14 on
446 902 90 21 toisessa
558 908 106 15 asemassa
687 902 50 21 kuin
761 902 80 21 Suomi.
872 901 26 22 Se
913 902 110 25 vaatimus,

194 929 68 26 jonka
284 931 77 20 lehtori
378 931 109 20 Melander
502 931 50 26 teki,
568 933 45 19 että
629 931 190 26 yksityiskoulujen
836 931 69 26 pitäisi
920 930 42 21 olla
978 930 46 21 ker-

197 964 89 16 rassaan
304 959 187 26 riippumattomia,
509 966 26 14 on
551 959 107 22 niinikään
675 959 69 21 varsin
761 959 62 27 hyvä,
837 959 33 27 jos
886 960 40 20 sitä
934 959 33 21 voi
978 965 46 14 saa-

197 989 81 24 vuttaa,
296 990 67 19 mutta
378 994 22 15 se
417 988 19 21 ei
453 989 32 20 ole
501 988 82 21 meidän
600 988 97 25 vallassa,
714 989 19 20 ei
749 989 104 20 ainakaan
870 987 99 27 nykyisen
980 987 44 27 pol-

196 1021 40 15 ven
260 1016 96 21 vallassa.
388 1017 84 20 Samoin
496 1017 74 26 ajatus,
587 1019 45 19 että
646 1017 166 26 yksityiskoulut
827 1017 94 20 tulisivat
936 1016 88 21 kunnal-

197 1043 142 27 liskouluiksi,
355 1047 86 24 näyttää
456 1046 93 21 minusta
562 1046 98 26 jotenkin
676 1045 135 27 utoopiselta.
829 1045 30 20 En
869 1045 75 25 käsitä,
954 1045 70 21 minkä

198 1073 80 21 tähden
294 1081 26 13 ne
336 1074 101 26 henkilöt,
451 1074 61 26 jotka
527 1076 45 19 tätä
587 1074 70 27 nykyä
672 1075 70 20 elävät
755 1074 23 26 ja
794 1074 118 26 palvelevat
923 1074 102 21 valistuk-

198 1107 37 15 sen
251 1103 65 24 asiaa,
333 1103 87 20 saisivat
436 1103 71 20 kärsiä
523 1103 154 21 oikeudessaan
694 1103 53 25 sillä,
763 1105 44 18 että
823 1103 119 20 tämmöisiä
958 1103 67 20 heistä

199 1130 183 27 riippumattomia
411 1131 134 22 tarkotuksia
576 1133 121 20 määrätään
724 1131 186 21 noudatettaviksi.
941 1131 84 21 Pastori

199 1159 106 27 Bergroth
329 1160 51 21 sääli
404 1160 188 27 yksityisopistoja,
606 1160 33 26 jos
655 1167 26 14 ne
697 1160 153 21 kadottaisivat
866 1160 62 26 hyvät
944 1162 80 24 opetta-

197 1188 71 25 jansa,
292 1191 69 18 mutta
384 1189 89 26 pyydän,
498 1191 44 19 että
564 1189 41 21 hän
622 1190 70 20 säälisi
708 1189 96 26 myöskin
821 1189 79 20 hiukan
916 1188 108 27 opettajia.

199 1216 49 21 Kun
273 1217 76 21 kerran
371 1217 128 21 kelvollinen
523 1218 94 26 opettaja
639 1217 200 27 yksityiskouluissa
854 1217 94 27 palvelee
963 1217 62 21 valis-

199 1246 77 20 tuksen
293 1246 65 24 asiaa,
375 1246 43 21 niin
435 1252 26 15 on
478 1247 61 25 hyvä,
555 1248 44 19 että
615 1246 41 21 hän
672 1253 36 14 saa
723 1252 36 15 sen
776 1246 85 26 palkan,
878 1246 56 20 mikä
942 1245 82 21 hänelle

199 1274 58 20 tulee
297 1274 84 21 Meidän
408 1275 214 27 yksityisopistomme
651 1276 106 25 syntyivät
784 1275 87 26 yleensä
898 1275 127 21 omituisissa

200 1302 86 27 oloissa,
301 1304 66 26 joissa
383 1303 60 21 oltiin
459 1304 131 20 kielikiistan
606 1304 82 25 aikana,
703 1304 22 26 ja
741 1304 65 20 olivat
817 1298 54 36 hyvin
888 1303 136 26 tarpeelliset,

200 1333 70 19 mutta
293 1334 99 18 tunnettu
416 1338 26 14 on
459 1334 65 24 myös,
543 1334 43 19 että
602 1333 168 26 yksityisopistot
786 1332 96 26 nykyään
898 1332 69 20 varsin
983 1334 42 18 ter-

199 1360 118 21 veellisellä
340 1360 57 21 lailla
421 1360 119 27 palvelevat
562 1361 126 26 sivistyksen
712 1361 64 21 asiaa.
808 1360 91 26 Näyttää
915 1360 109 21 kuitenkin

200 1388 50 21 siltä
273 1389 51 21 kuin
342 1389 51 26 joku
410 1389 168 27 nurjamielisyys
593 1390 182 26 yksityisopistoja
790 1392 88 18 vastaan
894 1389 46 21 olisi
956 1391 69 19 vasta-

200 1416 88 22 lauseen
312 1418 85 20 takana.
427 1418 32 21 En
475 1422 77 17 saanut
567 1418 40 21 sitä
623 1418 102 26 käsitystä
740 1418 77 20 lehtori
834 1418 130 21 Melanderin
981 1418 44 20 lau-

200 1449 110 24 sunnosta,
333 1447 76 20 vaikka
433 1453 22 15 se
478 1447 57 26 kyllä
558 1448 96 25 myöskin
673 1447 85 21 koettaa
774 1447 73 20 seuloa
863 1447 45 26 pois
925 1446 99 27 heikkoja

200 1475 99 26 opistoja,
316 1477 67 19 mutta
399 1477 81 25 pastori
496 1476 133 26 Bergroth'in
646 1478 60 19 sanat
721 1476 93 20 minusta
825 1477 109 25 näyttävät
946 1478 79 18 osotta-
