1086 1725
395 128 88 20 Huhtik.
499 129 26 19 29
541 136 20 18 p.
819 130 41 20 659

64 196 36 20 det
115 194 99 27 lifligaste
231 194 39 20 och
286 196 107 20 varmaste
409 194 21 21 få
445 193 76 22 förena
536 194 42 26 mig
593 194 47 21 med
658 194 73 22 rektor
739 194 100 22 Kihlman
851 196 39 21 och

63 223 131 21 understöda
210 222 52 22 hans
278 222 85 27 förslag.
684 222 2 2 |

134 251 117 21 Professori
273 250 101 28 Räbergh:
406 252 39 20 Vid
463 252 68 20 denna
546 252 102 26 landtdag
664 252 38 20 har
718 258 25 15 en
759 252 77 26 mängd
852 259 36 20 pe-

62 280 87 22 titioner
172 280 69 21 blifvit
264 280 125 26 inlemnade,
413 279 72 22 hvilka
508 280 67 21 blifvit
598 280 132 22 behandlade
753 281 6 21 i
780 281 108 21 allmänna

62 309 193 22 besvärsutskottet
271 309 39 21 och
326 309 21 21 ät
362 309 73 21 hvilka
450 309 84 21 ständet
549 309 60 26 gifvit
625 310 37 20 sitt
676 309 117 22 understöd
804 310 83 21 ändock

63 338 105 21 utskottet
184 337 88 21 kommit
288 337 32 22 till
336 338 36 21 det
387 338 98 25 resultat,
495 340 32 19 att
535 337 61 22 dessa
607 338 114 26 petitioner
731 345 50 14 vore
789 339 98 26 onödiga,

62 367 89 20 emedan
175 367 123 26 regeringen
321 367 65 20 redan
410 367 90 26 vidtagit
523 366 99 27 ätgärder
638 367 6 20 i
660 373 80 14 samma
755 367 61 26 syfte.
847 367 40 20 Till

63 401 80 15 samma
168 395 89 21 resultat
280 395 95 21 kommer
398 395 64 21 ocksä
485 395 103 21 utskottet
611 395 48 20 med
675 395 100 21 afseende
791 395 12 22 &
818 395 69 21 denna

61 424 68 26 fråga.
160 423 61 22 Hvad
244 424 73 21 rektor
340 423 100 22 Kihlman
464 424 6 20 i
493 424 84 21 ståndet
593 424 6 20 i
616 424 40 26 dag
671 424 39 21 har
725 424 79 21 uttalat
819 424 69 21 öfver-

62 454 140 20 ensstämmer
220 451 129 28 fullkomligt
363 453 49 20 med
428 452 43 21 min
487 453 54 26 äsigt
556 453 39 20 och
612 454 23 19 är
648 453 36 26 jag
700 452 22 21 af
737 453 40 21 den
792 453 96 21 fullvissa

62 481 141 26 Ofvertygelse
226 483 32 18 att
281 487 34 15 om
338 481 85 21 ståndet
438 481 68 21 skulle
523 481 130 21 understöda
668 481 107 21 allmänna
791 481 97 22 besvärs-

62 511 116 20 utskottets
201 510 109 21 utlätande
334 511 6 20 i
363 509 138 22 förevarande
520 509 60 26 fräga
596 510 39 20 och
650 509 97 22 förkasta
763 510 124 26 petitionen,

63 539 59 20 detta
138 538 68 21 skulle
221 538 72 21 kunna
308 540 89 25 antagas
412 539 70 20 säsom
497 539 59 20 bevis
572 538 65 27 derpä
652 540 33 19 att
700 539 100 20 ständet
791 534 9 35 i
813 538 75 27 sjelfva

62 567 74 21 verket
159 569 70 19 ansett
252 567 73 27 frägan
346 574 51 14 vara
420 567 23 21 af
459 567 153 27 jemförelsevis
628 567 61 27 ringa
704 567 115 27 betydelse.
850 567 39 21 Att

62 596 75 26 frägan
160 596 54 21 dock
236 598 24 19 är
280 596 23 21 af
317 596 40 21 den
374 598 78 19 största
467 596 108 26 betydelse
591 596 73 21 derom
680 598 24 19 är
717 596 37 27 jag
769 596 116 21 medveten.

62 625 130 26 Visserligen
215 627 37 19 äro
275 625 51 21 vära
348 624 148 22 förhällanden
520 624 45 21 icke
584 626 32 19 att
628 624 102 27 jemföras
745 626 48 20 med
809 625 79 21 förhäl-

60 653 93 22 landena
176 654 5 20 i
205 653 25 21 de
254 654 126 26 europeiska
402 653 182 24 kulturländerna,
609 653 37 21 der
662 654 40 20 den
718 654 78 20 sociala
811 653 75 27 frägan

61 682 70 21 blifvit
146 689 26 14 en
187 682 78 21 allmän
281 682 130 25 brännande,
427 682 28 26 pä
471 682 62 21 hvars
548 682 84 26 lösning
648 682 79 21 stafvas
742 682 39 21 och
797 683 41 20 den
850 682 38 21 der

62 710 67 22 mäste
152 711 62 24 lösas,
238 710 44 22 ifall
302 711 46 21 icke
363 711 112 21 samhället
490 710 54 22 skall
560 711 26 26 gä
601 711 74 20 under.
706 710 50 22 Men
771 711 61 21 äfven
848 710 39 21 hos

63 746 34 15 oss
121 740 107 26 begynner
252 740 68 20 denna
343 740 79 20 sociala
445 740 60 26 fråga
528 741 31 19 att
577 741 49 19 röra
641 739 28 27 pä
684 740 31 26 sig
731 739 39 21 och
783 740 37 26 jag
835 741 51 23 tror,

62 771 31 18 att
109 768 44 21 alla
168 768 78 25 försök,
262 774 45 15 som
323 770 62 24 göras
401 770 32 19 att
447 768 46 21 lösa
509 768 129 26 densamma,
655 768 60 21 skola
730 774 51 15 vara
794 768 92 26 fäfänga,

62 797 44 21 ifall
130 804 49 14 man
201 796 91 22 förbiser
315 797 35 21 det
372 797 96 26 verkliga
490 797 116 26 trängande
630 796 100 22 behofvet
750 796 23 22 af
788 797 99 26 lämpliga

61 826 101 21 bostäder
182 825 33 21 för
230 825 120 21 arbetaren.
381 826 42 26 Jag
437 826 55 20 hade
508 825 75 27 lyckan
599 826 32 20 att
647 826 68 20 under
730 827 84 19 senaste
831 831 55 15 som-

61 860 46 15 mar
128 854 85 27 deltaga
232 854 30 21 uti
278 855 41 21 den
336 854 94 27 kristligt
445 854 79 21 sociala
539 854 130 27 kongressen
685 854 6 21 i
708 854 70 21 Berlin
794 854 39 21 och
849 854 38 21 der

61 883 107 21 uttalades
184 884 69 20 säsom
268 890 26 14 en
310 883 23 21 af
347 883 148 21 erfarenheten
511 883 112 21 bekräftad
634 883 89 26 sanning
733 884 38 25 att,
783 883 45 21 ifall
840 883 46 21 icke

61 912 263 26 arbetarebostadsfrägan
347 912 56 21 löses
418 912 27 26 pä
461 913 31 19 ett
507 913 44 20 rätt
566 913 48 24 sätt,
631 911 61 22 skola
708 912 41 21 alla
765 911 72 22 försök
853 913 32 19 att

62 940 63 27 stäfja
141 941 40 20 den
196 941 80 20 sociala
291 941 94 21 rörelsen
401 947 51 14 vara
467 940 92 27 fäfänga.
582 940 74 21 Säsom
672 942 53 25 sagt,
742 940 69 21 denna
826 940 60 27 fräga

61 969 39 21 har
122 971 58 19 ännu
202 969 46 21 icke
271 969 38 21 hos
332 975 33 15 oss
384 969 113 21 framträdt
513 969 69 21 säsom
598 969 6 20 i
620 969 97 26 Europas
731 969 155 24 kulturländer,

61 1004 49 15 men
131 998 44 21 ifall
195 1004 48 15 man
260 998 111 26 ringaktar
385 997 75 28 frägan
477 1004 33 14 om
527 997 117 22 ordnandet
660 997 22 21 af
696 997 137 22 arbetarenes
849 997 37 21 bo-

61 1027 79 25 städer,
156 1027 23 20 sä
194 1027 61 24 skall,
272 1027 73 20 derom
361 1029 24 18 är
397 1027 37 26 jag
449 1026 50 21 fullt
515 1026 128 27 öfvertygad,
661 1026 69 21 denna
745 1026 60 26 fräga
820 1027 6 20 i
837 1028 49 19 när-

61 1057 67 20 maste
152 1055 112 22 framtiden
287 1055 117 21 framträda
424 1056 6 19 i
446 1055 47 21 värt
509 1055 49 20 land
574 1055 39 20 allt
628 1061 45 14 mer
688 1055 39 20 och
743 1056 45 19 tror
801 1055 36 26 jag
853 1057 32 18 att

61 1084 36 20 det
113 1090 50 15 vore
179 1085 62 24 orätt,
250 1083 101 22 särskildt
366 1084 23 21 af
403 1083 165 27 presteständet,
577 1089 51 20 som,
640 1089 34 15 om
685 1083 76 26 nägon,
773 1083 38 20 bör
821 1083 64 26 ätaga

61 1113 32 26 sig
116 1112 40 21 den
179 1113 114 20 arbetande
316 1113 91 26 klassen,
424 1114 31 19 att
471 1114 77 25 antaga
564 1112 116 21 utskottets
696 1112 134 21 betänkande
846 1112 39 20 och

61 1141 86 21 dermed
164 1141 67 22 uttala
246 1143 38 24 att,
301 1141 89 21 oaktadt
405 1141 42 21 alla
463 1141 26 21 de
505 1141 114 27 sympatier
630 1147 49 15 man
689 1141 78 21 uttalat
775 1140 33 21 för
817 1140 68 21 denna

59 1170 67 26 fråga,
150 1176 48 15 man
221 1170 46 21 icke
291 1176 61 15 anser
376 1170 66 26 några
465 1170 105 21 särskilda
592 1169 100 27 åtgärder
707 1176 50 14 vara
773 1169 22 21 af
809 1170 74 20 nöden.

60 1199 41 26 Jag
116 1199 39 21 ber
169 1198 27 27 på
212 1199 36 21 det
263 1200 105 20 varmaste
385 1201 32 19 att
432 1198 21 22 få
469 1198 129 22 understöda
613 1198 73 21 rektor
696 1198 106 21 Kihlman.
822 1198 61 21 Hvad

60 1227 41 21 han
117 1228 40 20 här
172 1228 38 20 har
225 1228 109 26 föreslagit
349 1230 24 18 är
388 1228 135 26 sannerligen
539 1227 46 20 icke
600 1226 92 27 mycket.

129 1256 118 21 Professori
271 1256 118 21 Danielson:
422 1256 73 21 Minua
514 1256 41 21 sitä
570 1256 82 20 vastoin
668 1262 22 14 se
706 1255 96 24 ehdotus,
815 1255 67 26 jonka

60 1285 81 21 rehtori
156 1284 100 22 Kihlman
272 1285 50 25 teki,
340 1284 131 27 epäillyttää.
492 1284 120 22 Sentähden
629 1284 48 21 nim.
694 1285 43 19 että
753 1284 128 20 hallituksen

60 1314 58 20 lähin
141 1313 98 27 edustaja
260 1314 53 20 tällä
335 1313 70 26 alalla,
429 1313 96 21 niinkuin
547 1313 55 21 ehkä
618 1312 79 27 säädyn
713 1312 72 21 kaikki
798 1312 83 26 jäsenet

59 1344 104 24 tuntevat,
172 1342 118 22 äskeisessä
299 1342 43 21 Rit.
350 1342 21 27 ja
381 1342 85 21 Aatelin
475 1342 121 21 istunnossa
604 1348 28 14 on
643 1341 100 21 lausunut
756 1342 45 20 että
813 1341 68 20 hänen

59 1371 148 26 käsityksensä
229 1371 92 21 mukaan
344 1377 23 15 se
390 1372 79 24 asetus,
490 1371 58 26 josta
566 1370 79 21 rehtori
661 1369 100 21 Kihlman
776 1370 72 26 puhui,
865 1370 19 20 ei

60 1400 105 20 suinkaan
188 1400 46 20 estä
256 1400 93 26 lainojen
365 1399 116 21 antamista
497 1400 127 20 mainittuun
639 1398 160 22 tarkotukseen.
829 1398 55 20 Näin

60 1428 55 21 ollen
136 1428 23 27 ja
182 1428 77 21 vaikka
282 1430 82 19 omasta
379 1428 120 27 puolestani
515 1429 112 25 myönnän,
643 1429 44 19 että
702 1427 38 21 hra
755 1426 130 22 Kihlman'in

60 1457 81 26 käsitys
164 1457 114 21 asetuksen
300 1457 145 26 sisällyksestä
467 1458 87 25 näyttää
573 1457 92 20 minusta
681 1456 98 26 oikealta,
795 1455 89 21 tuntuisi

61 1486 68 20 vähän
145 1485 93 27 oudolta,
249 1486 33 26 jos
298 1487 60 25 sääty
372 1488 37 24 nyt
425 1486 99 26 päättäisi
540 1491 55 15 anoa
606 1485 114 21 asetuksen
732 1484 151 21 muuttamista.
