1086 1725
233 125 29 21 70
550 124 90 20 Helmik.
658 126 10 18 7
686 132 12 18 p

199 190 67 22 skildt
282 190 33 21 för
331 192 31 19 att
377 190 80 21 utbilda
473 190 68 21 lärare
557 190 5 21 i
580 190 62 22 dessa
653 190 64 26 språk
727 190 33 21 för
771 190 124 21 läroverken
906 190 60 22 torde
975 196 50 15 vara

199 219 90 21 allmänt
304 218 97 22 erkändt.
424 219 45 21 Den
485 219 127 26 utveckling,
628 226 45 14 som
688 219 40 21 den
740 218 102 22 moderna
852 218 174 27 språkvetenska-

198 254 44 20 pen
258 247 28 27 på
302 254 75 14 senare
397 247 54 21 tider
466 248 53 26 tagit
535 248 39 20 och
591 248 6 20 i
612 248 116 26 synnerhet
744 248 40 20 den
800 247 137 27 fysiologiska
952 247 76 21 under-

198 276 91 27 sökning
305 276 22 21 af
341 276 146 27 språkljudens
503 278 69 24 natur,
590 282 44 15 som
650 276 57 21 inom
723 276 123 21 densamma
861 276 111 25 användts,
986 276 38 21 har

198 305 32 20 till
254 307 46 19 stor
326 305 34 20 del
375 305 135 26 omgestaltat
526 305 26 21 de
567 311 65 20 nyare
648 305 102 26 språkens
766 305 100 26 studium,
883 305 38 21 och
938 305 90 21 sålunda

199 334 59 21 visar
281 333 35 21 det
332 334 31 26 sig
379 333 128 27 nödvändigt
522 336 32 19 att
569 334 6 21 i
592 334 47 21 vida
655 333 66 26 högre
734 334 53 26 grad
803 336 26 19 än
845 333 58 22 förut
918 334 55 20 varit
988 333 40 20 fal-

199 363 37 26 let,
253 364 53 25 göra
321 363 32 26 sig
346 345 10 49 ;
364 349 107 40 förtrogen
483 350 47 33 med
541 363 25 20 de
577 368 41 20 nya
629 349 117 40 åskådning
740 364 69 23 yssätt,
821 369 44 14 som
876 363 56 26 gjort
942 363 32 26 sig
984 362 44 25 gäl-

198 391 71 20 lande.
300 391 17 20 E
319 378 54 33 huru
393 391 36 26 jag
451 391 133 27 fullständigt
599 391 123 21 instämmer
737 391 6 20 i
760 391 26 21 de
802 379 64 33 ärade
881 378 102 39 Ka
1002 368 25 43 mä

199 426 40 14 nas
254 419 100 26 syftemäl
373 421 32 19 att
420 419 86 21 förorda
522 408 143 33 anställandet
680 419 23 21 af
717 425 24 15 en
758 419 69 22 lärare
843 420 34 21 vid
902 420 124 31 universite-

198 450 31 18 tet
252 448 34 21 för
310 448 25 21 de
358 448 101 21 moderna
481 448 99 32 spräken,
603 450 95 19 närmast
722 448 107 21 romanisk
853 449 38 20 och
906 454 80 21 german

198 476 117 26 lingvistik,
332 478 60 25 tager
405 477 36 26 jag
457 477 42 26 mig
512 477 56 22 dock
584 477 90 20 friheten
691 479 31 18 att
737 476 56 21 fästa
809 477 94 21 ständets
914 477 112 26 uppmärk-

198 505 86 21 samhet
299 505 35 21 vid
349 512 25 14 cn
391 489 162 46 omständighet,
570 512 45 14 som
632 507 24 19 är
670 505 23 21 af
707 506 44 25 vigt
768 506 33 20 vid
812 506 131 21 inrättandet
954 505 22 21 af
986 511 40 20 nya

196 533 153 27 lärareplatser
363 533 139 22 öfverhufvud
518 534 34 21 vid
568 535 154 20 universitetet.
753 533 49 22 Med
814 534 152 27 vetenskapens
987 534 38 21 allt

196 568 60 15 mera
279 561 124 28 fortgående
425 562 158 27 specialisering
599 563 41 21 blir
656 563 35 21 det
706 563 31 21 tid
753 563 54 21 efter
822 569 68 15 annan
906 563 73 26 nödigt
994 564 32 20 att

196 590 74 27 dylika
286 598 40 19 nya
342 591 150 26 lärareplatser
506 592 35 20 vid
556 592 148 20 universitetet
720 592 95 20 inrättas.
846 592 81 20 Hittills
944 592 38 20 har
993 592 32 20 så-

198 620 52 20 dant
266 620 96 26 vanligen
379 620 57 20 skett
451 620 27 26 på
493 620 36 21 det
544 622 42 19 sätt
602 623 31 18 att
649 620 107 21 ordinarie
771 620 139 26 professioner
920 620 105 21 inrättats.

197 648 50 21 Men
271 648 59 21 detta
352 649 39 20 har
407 649 45 21 sina
470 651 57 19 stora
543 649 143 26 olägenheter.
717 649 43 21 Det
775 649 121 26 kollegium,
913 656 45 14 som
974 648 52 21 kon-

197 677 110 21 sistorium
331 676 100 22 omfattar
453 677 39 21 har
514 678 31 20 till
562 678 80 20 antalet
658 678 138 20 medlemmar
811 677 141 21 öfvermåttan
968 678 58 25 stigit

196 705 41 21 och
262 706 59 20 detta
343 706 32 20 till
398 705 88 27 förgång
509 706 33 20 för
557 706 156 26 behandlingen
729 706 23 21 af
765 706 113 25 ärendena,
895 706 70 20 hvilka
982 705 43 21 ofta

195 736 39 19 äro
251 734 24 20 af
288 734 81 26 ganska
384 734 60 27 ringa
459 734 115 27 betydelse,
590 735 136 25 hvarigenom
743 742 27 13 cn
785 737 45 19 stor
846 734 129 22 arbetskraft
987 734 38 21 och

196 762 32 21 tid
250 764 61 25 tages
326 763 7 20 i
349 763 97 25 anspråk,
463 768 44 16 som
523 764 105 26 nyttigare
644 764 71 20 kunde
730 763 108 21 användas
853 763 33 21 för
901 763 124 38 vetenskap-

198 791 30 26 lig
253 791 110 26 forskning
386 792 38 20 och
445 792 66 26 öfriga
527 784 210 34 tjensteåligganden.
770 792 48 21 Men
835 792 100 26 derjemte
953 793 2 2 är
990 792 36 20 det

197 819 130 21 åtminstone
343 820 6 20 i
365 820 42 20 min
431 820 64 21 tanke
510 821 81 25 ganska
606 821 110 26 olämpligt
732 822 39 25 att,
787 821 69 21 såsom
873 820 44 21 ofta
933 821 49 20 sker
998 820 27 21 då

197 854 42 21 nya
256 848 80 27 platser
351 848 94 22 besättas
461 849 47 21 med
523 849 88 21 alldeles
627 856 55 20 unga
698 855 107 21 personer,
823 849 72 21 hvilka
909 849 58 21 förut
978 849 47 20 icke

196 877 66 21 hafva
277 877 83 21 tillhört
374 878 147 21 universitetet
536 879 38 20 och
590 877 70 22 blifvit
675 878 111 27 förtrogna
803 878 46 21 med
863 878 161 21 verksamheten

197 906 118 25 derstädes,
338 908 32 19 att
385 906 61 21 desse
463 907 129 20 omedelbart
608 906 80 21 införas
705 908 4 20 i
726 907 37 20 det
779 907 121 26 kollegium,
916 913 44 14 som
976 912 49 20 cger

196 936 34 19 att
246 934 49 22 leda
310 934 74 27 sjelfva
400 935 153 21 institutionen.
584 935 9 21 I
605 936 66 20 andra
682 935 74 21 länder
767 937 24 19 är
802 935 68 21 såsom
881 935 67 21 kändt
956 935 69 20 denna

197 963 170 21 administrativa
390 963 122 27 myndighet
533 964 149 21 öfverlemmad
698 965 23 20 åt
736 966 31 19 ett
783 964 82 21 mindre
881 964 57 21 antal
954 969 71 21 perso-

198 997 45 20 ner,
268 992 41 20 den
332 992 137 21 akademiska
484 995 94 23 senaten,
595 993 38 20 och
649 993 53 21 först
718 993 132 26 småningom
867 993 93 20 inträder
976 999 49 14 van-

197 1020 57 26 ligen
277 1027 25 14 en
318 1021 34 20 del
367 1020 23 21 af
405 1021 25 20 de
445 1021 58 20 förut
518 1021 34 20 vid
568 1022 148 21 universitetet
731 1021 82 21 fästade
830 1021 7 21 i
852 1021 68 21 denna
936 1021 89 20 ledande

198 1049 132 26 myndighet.
361 1049 49 21 Man
433 1049 42 21 kan
498 1050 46 21 icke
566 1052 64 19 vänta
653 1057 30 19 sig
700 1052 31 19 att
748 1050 34 20 vid
798 1050 46 21 vårt
860 1050 123 20 universitet
999 1056 26 14 en

196 1077 127 27 fullständig
343 1078 161 26 omgestaltning
518 1079 7 19 i
542 1079 58 20 detta
616 1079 119 21 hänseende
752 1079 105 26 snarligen
873 1079 41 20 kan
930 1077 95 26 inträffa;

197 1106 70 21 under
289 1106 57 21 tiden
372 1113 50 14 vore
439 1107 34 20 det
489 1107 77 26 derför,
583 1107 23 21 så
621 1107 45 21 vidt
679 1108 37 26 jag
730 1108 43 20 kan
789 1095 61 38 fatta,
867 1107 101 26 riktigare
985 1113 40 19 om,

198 1133 27 22 då
241 1141 42 20 nya
299 1135 148 27 lärareplatser
463 1136 33 20 inr
511 1124 55 36 ttas,
576 1136 62 21 dessa
652 1138 63 24 göras
731 1136 32 21 till
779 1124 173 37 extraordinarie,
964 1135 61 21 hvar-

196 1164 86 26 igenom
303 1164 45 20 icke
365 1164 25 20 de
406 1170 40 20 nya
462 1165 96 21 lärarena
572 1167 60 24 tagas
648 1152 16 34 i
670 1164 93 27 anspråk
779 1165 33 20 för
828 1165 39 20 den
883 1153 91 32 nämnda
990 1164 36 21 ad-

196 1179 145 34 ministrativa
356 1192 167 22 verksamheten.

268 1227 10 20 I
294 1226 99 22 afseende
412 1228 12 20 å
440 1227 119 27 aflöningen
583 1228 113 21 förefinnes
719 1228 53 20 visst
786 1234 25 14 en
826 1228 106 20 åtskilnad
948 1228 77 20 mellan

197 1255 109 21 ordinarie
329 1256 38 20 och
383 1256 166 21 extraordinarie
565 1256 137 27 professorer,
722 1262 47 15 men
787 1256 68 21 denna
871 1256 155 26 omständighet

197 1284 73 20 kunde
293 1284 39 21 lätt
350 1285 77 20 ändras
443 1284 95 26 sålunda,
554 1287 32 19 att
602 1285 26 21 de
644 1285 135 25 nyinrättade
795 1285 167 21 extraordinarie
978 1291 48 20 pro-

197 1312 141 26 fessionerna,
356 1319 33 15 om
405 1314 26 20 de
447 1320 61 14 anses
524 1314 106 26 behöfliga
646 1314 69 20 såsom
731 1314 84 26 stadiga
832 1314 149 26 lärareplatser
991 1314 35 20 vid

197 1341 155 26 universitetet,
367 1342 110 21 förseddes
492 1342 47 20 med
556 1349 25 14 en
598 1342 100 21 liknande
714 1342 94 26 aflöning
823 1348 44 15 som
885 1342 25 20 de
920 1342 106 21 ordinarie

197 1369 179 27 professionerna.
407 1370 74 21 Denna
503 1371 135 26 uppfattning
661 1371 38 21 har
722 1371 38 21 hos
784 1372 42 25 mig
849 1371 66 20 under
936 1378 25 13 en
978 1371 48 26 lång

196 1397 54 27 följd
267 1398 23 21 af
304 1398 23 21 år
343 1399 29 21 alt
388 1405 58 15 mera
461 1400 95 26 stadgats
572 1400 39 20 och
627 1402 60 23 tager
700 1400 37 26 jag
753 1400 42 26 mig
807 1399 71 21 derför
889 1399 89 21 friheten
990 1406 36 14 an-

196 1426 64 27 hålla,
286 1428 31 20 att
340 1428 47 20 mitt
411 1416 133 39 andragande
562 1428 69 21 blefve
647 1415 31 34 till
695 1416 116 33 utskottets
828 1428 98 27 pröfning
942 1427 83 22 afsändt

196 1455 28 26 på
240 1462 82 15 samma
337 1456 55 27 gång
408 1463 44 15 som
469 1457 73 26 sjelfva
558 1457 211 26 petitionsförslaget.
