1086 1725
397 123 88 19 Huhtik.
505 124 8 18 1
531 130 19 18 p.
822 124 42 20 477

68 188 47 22 med
139 188 73 21 arbete
234 188 70 21 blefve
328 188 128 27 upphäfda.*
489 188 50 21 Man
562 188 68 22 skulle
653 188 27 27 pä
702 189 69 26 grund
787 188 23 21 af
825 188 70 22 denna

67 216 118 27 förklaring
208 218 79 24 väntat,
310 219 32 19 att
363 216 106 22 utskottet
488 216 69 22 skulle
573 216 63 22 hafva
652 217 105 27 begagnat
774 218 31 25 sig
821 216 23 22 af
858 217 37 21 det

68 252 29 15 nu
119 244 105 28 erbjudna
244 245 94 21 tillfället
360 247 31 19 att
414 245 91 22 afskaffa
525 247 31 19 ett
575 245 122 27 stadeande,
713 251 45 15 som
773 245 46 21 icke
836 252 59 15 mera

68 274 107 27 uppbäres
190 274 23 21 af
226 274 211 21 rättsmedvetandet.
454 274 48 21 Men
519 273 106 22 utskottet
639 276 39 25 gör
694 274 35 21 det
744 274 53 25 icke,
806 274 89 27 egentli-

68 309 41 21 gen
131 302 23 22 af
177 303 36 21 det
235 303 52 26 skäl,
310 305 32 19 att
364 303 41 21 den
428 302 100 22 fordrade
543 303 150 26 förändringen
709 303 56 21 blott
780 305 24 19 är
818 303 77 26 partiel

69 331 40 22 och
124 333 32 20 att
171 337 49 15 man
235 331 57 21 inom
307 331 49 22 kort
371 331 38 25 tid,
425 331 52 21 eller
493 331 32 21 till
533 333 62 20 nästa
605 331 102 27 landtdag
717 331 39 21 har
766 334 33 19 att
811 327 82 35 emotse,

69 362 31 19 ett
123 359 133 27 fullständigt
278 360 80 27 förslag
379 360 33 21 till
427 360 168 27 utsökningslag.
625 360 43 21 Det
684 362 61 24 säger
761 360 105 27 nemligen
881 360 14 21 &

69 395 48 20 pag.
133 389 24 20 5:
175 388 190 25 ,Utmönstrandet
379 389 24 20 af
416 388 119 22 oförmälda
550 389 144 26 tvångsmedel
709 391 24 18 är
748 389 19 26 ej
784 389 67 21 heller
862 389 33 21 till

69 417 41 21 den
133 417 52 26 grad
206 417 23 21 af
248 417 184 27 nödvändigheten
455 417 116 27 päkalladt,
594 419 32 19 att
648 417 117 21 detsamma
786 417 47 21 icke
852 417 42 21 kan

69 446 81 21 lemnas
174 445 105 22 beroende
302 445 33 21 för
358 446 40 21 den
415 445 155 28 jemförelsevis
589 446 63 21 korta
666 446 38 25 tid,
720 452 45 15 som
780 448 57 19 ännu
853 445 40 22 kan

70 474 81 21 återstå
175 474 64 21 innan
261 480 27 21 ny
304 474 161 27 utsökningslag
481 474 96 22 kommer
592 474 32 21 till
639 474 80 21 stånd".
749 474 39 21 Om
805 477 30 18 ett
851 475 43 26 lag-

71 502 119 27 stadgande
208 505 24 19 är
250 503 82 26 sädant,
354 505 32 19 att
402 503 36 21 det
455 503 38 21 bör
508 503 118 25 förändras,
642 503 24 21 sä
681 503 39 21 bör
735 509 49 15 man
799 503 34 21 väl
849 503 45 21 icke

72 531 115 26 uppskjuta
203 531 48 22 med
266 531 157 28 förändringen.
440 531 50 22 Man
506 532 39 21 bör
560 533 92 20 tvärtom
665 531 24 27 ju
704 531 44 21 förr
764 531 47 22 dess
827 531 67 22 hellre

71 559 90 22 afskaffa
181 560 43 25 det,
239 566 45 16 som
301 561 23 20 är
339 560 88 26 förtjent
442 560 23 22 af
479 562 33 20 att
527 559 107 23 afskaffas.
664 560 42 22 Det
727 563 24 19 är
767 561 66 25 detta,
849 566 45 16 som

71 588 64 22 ocksä
151 588 24 21 af
188 590 160 20 reservanterna
363 589 130 21 framhälles.
508 589 49 21 Men
574 589 38 21 ber
625 589 37 27 jag
676 591 32 19 att
723 590 26 26 pä
757 589 69 27 grund
835 588 61 22 häraf

71 617 21 21 fä
107 617 129 22 understöda
252 618 165 21 reservationen.
443 618 50 21 Mitt
507 617 129 22 hufvudskäl
651 620 24 19 är
690 618 41 26 det,
747 624 46 15 som
804 618 37 26 jag
857 617 37 21 har

71 648 82 19 nämnt:
170 652 48 16 man
233 648 24 20 är
272 646 46 21 icke
333 646 119 27 berättigad
462 648 32 20 att
502 647 58 26 dröja
570 646 46 22 med
626 646 129 22 afskaffande
768 646 23 22 af
797 648 30 20 ett
837 646 57 26 ondt,

71 674 81 22 hvilket
167 675 69 21 säsom
251 675 75 21 sädant
342 675 111 21 erkännes.

140 703 117 21 Professori
280 703 107 22 Forsman:
417 704 66 21 Tämä
506 704 98 26 kysymys
628 710 26 14 on
677 706 36 24 nyt
736 704 53 21 niitä
811 704 82 25 asioita,

69 732 66 26 joista
150 732 77 21 turhan
242 732 72 27 päiten
330 732 49 22 liian
395 732 71 27 paljon
483 732 69 21 melua
568 732 107 27 pidetään.
705 732 26 21 Se
746 738 28 15 on
785 732 58 27 kyllä
859 732 36 27 hy-

71 760 35 21 vin
129 760 183 22 vanhanaikainen
335 761 70 26 laitos,
426 761 52 27 joka
498 767 27 15 on
541 761 71 26 elänyt
627 760 94 26 aikansa,
734 760 23 27 ja
773 767 26 15 on
815 761 80 26 tietysti

71 789 135 26 poistettava.
239 789 48 21 Niin
306 790 73 20 minun
394 789 180 27 ymmärtääkseni
589 789 159 21 valiokuntakin
765 795 26 15 on
808 789 88 21 käsittä-

72 820 35 24 nyt
123 818 66 20 asian.
220 818 147 21 Valiokunnan
383 816 124 28 käsityksen
522 818 92 21 mukaan
630 818 20 20 ei
665 818 70 26 pitäisi
750 818 76 26 ryhtyä
841 824 54 14 sem-

72 846 95 21 moiseen
192 847 146 27 osaperäiseen
364 847 147 26 muutokseen,
527 847 52 21 kuin
604 847 163 26 puheenalaisen
790 846 104 22 laitokseu

73 875 141 26 poistaminen
236 882 34 19 on,
290 875 103 27 jolleivät
412 882 37 15 sen
465 877 144 25 synnyttämät
624 875 144 22 hankaluudet
783 875 34 21 ole
832 875 63 21 kovin

72 903 83 27 pahoja.
186 903 229 28 Kysymyksenalainen
434 905 129 20 lainmuutos
580 904 47 21 olisi
642 905 95 20 vaatinut
752 909 76 16 monen
844 904 52 21 lain-

72 932 78 27 paikan
174 933 116 21 uudestaan
312 933 177 21 muodostamista
508 933 27 20 U.
551 932 69 22 K:ssa.
650 932 120 21 Sentähden
785 932 111 21 katsottiin

73 961 158 26 sopivimmaksi
254 963 43 20 että
320 961 56 22 koko
399 962 46 21 asia
468 961 124 27 jätettäisiin
616 961 85 21 sillensä
721 961 74 21 senkin
810 961 86 24 tähden,

73 991 44 19 että
140 991 127 25 työpakosta
289 990 19 21 ei
332 989 103 22 suinkaan
459 992 45 19 tätä
522 991 70 26 nykyä
608 990 32 21 ole
656 990 43 21 niin
714 990 72 21 suuria
800 989 95 27 haittoja,

72 1018 51 21 kuin
139 1019 57 20 moni
212 1019 79 20 luulee.
321 1019 136 21 Päinvastoin
474 1019 96 21 saattaisi
587 1018 111 27 tapahtua,
714 1020 44 19 että
769 1019 34 26 jos
819 1025 22 14 se
852 1020 44 19 tätä

73 1046 69 26 nykyä
157 1047 157 26 poistettaisiin,
331 1048 43 20 niin
387 1047 51 26 jäisi
454 1047 175 22 lainsäädäntöön
646 1047 77 24 aukko,
734 1047 67 21 koska
812 1047 20 20 ei
842 1047 55 20 vielä

73 1075 34 20 ole
129 1077 62 20 saatu
215 1077 51 20 niitä
287 1076 126 21 säännöksiä
429 1076 74 27 sijaan,
517 1075 61 28 jotka
594 1076 86 21 olisivat
695 1076 82 20 omiaan
793 1076 40 21 sitä
849 1075 48 21 kor-

72 1109 110 16 vaamaan.
216 1105 97 20 Ehdotan
339 1104 125 27 sentähden,
489 1106 43 20 että
555 1104 174 21 korkea-arvoisa
750 1105 59 25 sääty
833 1103 63 27 yhtyy

72 1131 143 23 valiokunnan
231 1133 151 21 ehdotukseen.

142 1160 131 28 Yliopettaja
293 1162 100 21 Kihlman:
424 1162 47 21 Den
493 1164 83 19 senaste
592 1162 64 21 ärade
671 1162 79 20 talaren
766 1161 84 27 yttrade
865 1163 32 19 att

73 1196 49 14 man
142 1190 46 21 icke
207 1190 66 22 borde
289 1191 96 26 företaga
401 1190 69 27 nägon
487 1190 95 27 ändring,
599 1196 33 15 om
648 1190 18 26 ej
682 1190 87 21 alldeles
783 1189 114 27 tvingande

73 1218 46 21 skäl
135 1218 102 28 föreläge.
268 1219 49 21 Men
334 1220 38 20 här
387 1219 114 27 föreligger
517 1219 65 26 enligt
596 1220 43 20 min
654 1219 54 27 äsigt
720 1219 45 26 just
781 1220 31 20 ett
823 1218 75 22 sädant

73 1247 115 27 tvingande
209 1248 53 21 skäl.
292 1248 166 27 Ifrägavarande
479 1248 153 26 lagstadgande
648 1250 24 18 är
687 1254 24 14 en
727 1247 108 27 gvarlefva
851 1246 45 21 frän

74 1275 114 27 slafveriet,
205 1277 59 21 detta
278 1276 33 22 för
326 1277 125 21 menniskan
469 1276 99 27 ovärdiga
584 1276 139 21 förhällande.
746 1276 76 20 Denna
837 1282 60 20 gvar-

75 1304 55 21 lefva
145 1304 40 22 har
200 1306 94 26 gvarstät
310 1305 71 21 alltför
396 1305 69 26 länge,
482 1305 39 21 och
538 1305 54 21 dock
608 1305 36 21 vill
659 1311 48 15 man
723 1304 116 27 uppskjuta
850 1304 47 21 med

75 1332 47 22 dess
138 1333 140 22 afskaffande.
294 1334 79 21 Hvilka
388 1333 46 21 skäl
450 1334 73 20 kunna
539 1340 51 14 vara
604 1340 59 14 mera
672 1333 112 27 tvingande
795 1335 27 19 än
833 1333 64 25 detta,

73 1363 32 19 att
128 1362 164 27 lagstadgandet
314 1364 24 19 är
360 1362 130 26 omenskligt
509 1362 39 21 och
564 1362 99 21 orättvist
678 1362 39 21 och
732 1362 44 26 bör,
792 1361 70 21 såsom
877 1361 23 21 af

73 1390 43 21 alla
140 1390 111 27 erkännes,
267 1390 108 23 afskaffas.
409 1392 31 20 En
456 1392 44 20 rätt
515 1391 107 21 tänkande
641 1390 110 22 menniska
767 1390 70 27 dröjer
853 1390 45 21 icke

73 1421 33 18 att
128 1419 90 21 afskaffa
242 1420 36 21 det
298 1421 76 24 orätta,
394 1426 33 15 om
444 1420 42 20 han
501 1420 42 20 kan
558 1421 52 26 göra
626 1420 41 20 det.
683 1430 28 4 —
725 1419 41 27 Jag
781 1419 39 21 ber
836 1418 63 22 också

74 1449 31 19 att.
125 1447 21 22 få
166 1449 56 21 fästa
237 1449 167 26 presteständets
419 1449 189 26 uppmärksamhet
623 1449 71 26 derpä,
710 1450 31 19 att
756 1448 60 21 detta
831 1447 68 26 lagut-

74 1478 64 26 skott,
162 1483 45 16 som
226 1479 70 20 ansett
316 1478 32 26 sig
363 1477 47 22 icke
426 1477 51 21 böra
495 1477 47 21 med
558 1477 115 26 anledning
688 1477 23 21 af
725 1477 40 20 den
781 1483 28 14 nu
825 1476 74 27 gjorda
