1086 1725
242 126 44 35 404
563 130 96 20 Maalisk.
677 131 24 19 19
718 137 19 18 p.

216 196 95 20 Suomen
328 196 80 20 kansan
425 195 98 27 uskonto,
541 196 139 26 perustuslait
692 196 23 26 ja
730 196 107 20 laitokset.
868 196 73 21 Näistä
956 196 26 21 H.
994 196 48 20 Kei-

216 224 107 21 sarillisen
346 224 171 26 Majesteettinsa
536 224 78 26 jalosta
638 224 142 26 sydämmestä
803 224 125 22 lähteneistä
943 224 99 22 lausumi-

215 253 53 21 sista
282 252 30 27 'ja
334 252 69 22 hänen
422 254 37 25 nyt
474 252 112 22 uudelleen
602 254 148 20 antamastaan
766 253 168 21 vakuutuksesta
950 255 92 19 muutta-

218 284 69 19 matta
303 283 97 25 pysyttää
415 288 26 14 ne
456 283 115 25 perusteet,
585 281 67 27 joihin
668 288 104 15 maamme
789 282 85 21 hallitus
890 282 108 27 nojautuu,
1015 288 25 15 on

218 311 156 26 pappissäädyn
390 310 132 21 lausuminen
538 311 136 20 hartaimmat
686 311 23 26 ja
725 311 164 21 alamaisimmat
904 311 137 21 kiitoksensa.

291 339 146 26 Sydämmestä
460 339 117 21 toivottaen
600 339 101 21 Jumalan
717 339 167 21 kaikkivaltiaan
899 340 142 21 runsaimman

216 367 138 26 siunauksen,
371 373 73 15 armon
458 368 23 26 ja
496 368 136 26 suojeluksen
648 367 91 22 Suomen
755 368 110 21 rakkaalle
876 367 136 28 Hallitsijalle
1020 368 22 26 ja

216 395 71 22 hänen
304 396 109 21 korkealle
429 396 159 26 huoneellensa,
604 396 108 21 rohkenen
728 397 103 20 ehdottaa
845 399 45 18 että
900 397 142 26 pappissääty,

217 427 91 18 nousten
332 425 104 26 seisoalle,
459 425 87 21 lausuisi
562 425 108 21 kaikuvan
688 425 112 26 ,eläköön*
817 425 74 21 Hänen
907 425 134 26 Majesteetil-

217 453 60 21 lensä
294 453 113 21 Keisarille
420 453 23 26 ja
458 453 198 22 Suuriruhtinaalle.

291 482 97 21 Eläköön
404 482 26 21 H.
448 481 29 22 M.
493 482 83 21 Keisari
590 482 23 26 ja
629 482 172 21 Suuriruhtinas!

291 510 96 27 Puhujan
412 511 134 21 kehotuksen
566 511 102 26 johdosta
684 511 68 21 lausui
769 513 60 25 sääty
845 511 146 26 yksiäänisenä
1007 512 38 20 sei-

217 539 67 21 soalle
306 541 90 19 nousten
418 539 194 21 kolmenkertaisen
629 539 86 21 eläköön
730 540 88 21 huudon
833 540 76 21 Hänen
925 539 120 27 Majestect-

218 568 58 21 tinsa
292 568 98 21 Keisarin
405 568 22 27 ja
443 568 179 21 Suuriruhtinaan
639 569 120 21 kunniaksi.

290 676 151 22 Tarkastettiin
457 677 133 27 pöytäkirjan
608 678 80 20 otteita.

292 774 92 22 Luettiin
401 775 78 21 muista
495 775 107 26 säädyistä
618 775 83 21 tulleita
717 775 226 26 pöytäkirjan-otteita.

287 884 114 21 Jatkettiin
425 884 62 21 viime
511 885 121 20 istunnossa
657 884 164 27 keskeytynyttä
841 884 137 21 keskustelua
994 885 52 21 laki-

214 912 24 26 ja
255 913 215 20 talousvaliokunnan
487 913 139 21 mietinnössä
642 920 34 14 n:o
694 914 18 25 1,
729 913 123 26 maatilojen
866 913 150 22 osittamisesta
1024 914 22 26 ja

217 942 250 21 maanvuokraamisesta
483 937 9 36 =
497 941 83 26 maalla,
605 942 99 26 löytyvän
730 943 70 24 3:nen,
829 941 97 21 erinäisiä
951 943 96 26 sääntöjä

218 970 241 21 maanvuokraamisesta
475 970 76 21 maalla
567 970 121 27 sisältävän,
704 970 201 21 asetusehdotuksen
921 970 13 21 3
950 971 60 26 S:stä.

292 998 96 22 Provasti
403 999 103 21 Torckell:
523 999 73 21 Säsom
610 999 36 27 jag
662 1000 34 20 vid
712 999 59 21 förra
787 999 109 21 sessionen
911 999 65 22 redan
992 999 54 22 hade

218 1028 53 20 äran
296 1027 108 25 anmärka,
428 1034 63 15 anser
504 1028 37 26 jag
556 1034 28 14 nu
600 1027 145 28 föreliggande
761 1027 116 27 lagförslag
893 1027 99 22 förfeladt
1008 1029 37 20 och

218 1057 52 19 utan
287 1056 116 27 betydelse,
419 1056 45 21 ifall
481 1056 18 27 ej
517 1056 45 21 häri
577 1057 85 26 inflyter
677 1056 65 27 något
755 1056 119 27 stadgande
885 1063 33 15 om
930 1058 116 25 ersättning

217 1084 23 21 ät
257 1084 138 27 legotagaren
412 1085 67 21 under
494 1085 56 21 vissa
565 1085 154 21 förhällanden.
743 1085 113 21 Utskottet
871 1086 112 20 anmärker
998 1086 48 21 här-

218 1119 34 14 om
269 1113 7 20 i
292 1114 37 20 sitt
345 1113 142 27 betänkande,
503 1115 32 20 att
550 1115 78 26 ,ehuru
644 1114 124 27 billigheten
785 1119 64 21 synes
865 1113 72 22 fordra
952 1116 38 24 att,
1002 1114 44 21 ifall

218 1141 139 28 legotagaren
373 1142 66 22 utfört
455 1143 124 27 nyodlingar
595 1143 52 21 eller
663 1143 155 26 förbättringar
833 1142 12 22 å
857 1143 35 21 det
903 1143 143 22 arrenderade

218 1170 108 28 omrädet,
347 1171 40 21 han
408 1171 33 21 för
457 1172 107 20 desamma
580 1171 76 21 blifver
672 1172 96 26 skäligen
785 1173 73 24 ersatt,
874 1172 32 20 för
922 1172 68 21 sävidt
1005 1172 40 21 han

216 1198 48 21 före
286 1200 31 20 sin
339 1199 122 28 afflyttning
476 1200 45 21 icke
537 1200 64 21 redan
619 1200 41 21 kan
675 1207 60 15 anses
751 1200 65 21 hafva
832 1200 88 26 tillgodo
935 1200 64 26 njutit
1014 1207 32 15 er-

217 1228 97 26 sättning
338 1228 22 21 af
379 1228 118 26 desamma;
514 1236 48 14 men
578 1231 33 19 att
626 1230 70 20 denna
711 1228 60 27 fräga
787 1230 24 19 är
826 1228 24 21 af
865 1229 39 21 den
920 1230 126 25 vidtgäende

219 1256 156 27 beskaffenhet,
391 1259 31 21 att
438 1258 39 20 den
493 1258 46 20 icke
554 1258 83 20 kunnat
652 1258 23 20 af
688 1258 107 20 utskottet
811 1257 32 21 till
859 1259 97 19 närmare
970 1258 76 21 under-

217 1285 92 27 sökning
333 1287 124 25 upptagas.*
490 1286 108 27 Naturligt
621 1289 30 23 är,
668 1288 31 19 att
721 1286 5 21 i
751 1292 26 15 en
799 1286 79 21 allmän
893 1286 35 26 lag
942 1286 46 22 icke
1004 1287 42 21 kan

218 1315 107 25 upptagas
341 1314 42 21 alla
400 1315 25 20 de
442 1314 98 28 speciella
556 1315 38 21 och
604 1315 105 21 särskilda
720 1315 44 25 fall,
777 1314 27 22 dä
816 1321 25 15 en
853 1314 65 22 sädan
930 1316 116 26 ersättning

217 1342 44 20 kan
286 1342 85 22 komma
393 1343 75 27 ifråga,
485 1356 24 2 —
528 1344 54 20 dock
603 1343 67 21 borde
686 1344 61 26 lagen
764 1343 73 21 kunna
853 1345 93 25 upptaga
962 1346 29 19 ett
1008 1344 38 21 all-

217 1372 61 20 mänt
292 1372 117 26 stadgande
425 1378 34 15 om
475 1372 74 27 sjelfva
565 1372 129 26 rättigheten
710 1372 39 21 och
766 1372 148 26 skyldigheten
930 1372 32 21 till
976 1379 26 15 en
1014 1372 32 22 sä-

218 1399 41 21 dan
285 1401 124 26 ersättning,
433 1404 54 18 samt
507 1401 25 21 de
548 1401 108 21 allmänna
671 1401 122 27 grunderna
810 1400 39 22 och
865 1401 133 26 principerna
1014 1401 32 21 för

218 1428 130 21 densamma.
379 1429 41 27 Jag
443 1430 38 20 har
504 1429 74 22 tillätit
600 1430 43 27 mig
658 1432 31 19 att
704 1429 107 27 uppkasta
827 1430 32 21 ett
873 1429 79 28 förslag
967 1430 33 21 till
1016 1432 31 19 ett

218 1457 79 21 sådant
320 1458 117 27 stadgande
461 1459 136 26 upptagande
620 1458 74 27 sjelfva
717 1458 143 27 grundsatsen
880 1464 33 15 om
930 1459 117 26 ersättning

218 1491 46 16 som
286 1487 40 20 ock
345 1488 38 19 när
402 1493 26 15 cn
443 1487 128 27 legogifvare
587 1488 7 20 i
610 1487 115 21 allmänhet
741 1487 56 21 skall
813 1493 61 15 anses
890 1492 50 16 vara
956 1487 89 27 skyldig,
