1086 1725
363 130 96 20 Maalisk.
477 131 24 20 16
518 138 20 18 p.
811 130 40 21 349

59 202 54 20 egna
136 195 83 22 torfvan
242 202 55 20 eges,
317 196 39 21 och
371 198 32 19 ett
418 198 47 24 eget
480 196 55 26 hem,
551 202 45 16 som
612 198 24 18 är
652 196 71 26 hvarje
739 196 68 26 redlig
823 196 60 21 arbe-

57 227 58 19 tares
130 226 51 24 rätt,
196 224 80 22 vinnes.

127 252 50 22 Men
198 253 36 26 jag
256 255 46 19 tror
320 255 32 19 att
364 253 164 27 jorddelningen
544 253 119 27 egentligen
679 252 46 22 icke
741 253 95 21 kommer
851 255 32 19 att

57 281 112 22 motverka
184 281 197 22 missförhällanden
397 282 22 21 af
433 282 70 21 denna
518 281 154 22 beskaffenhet.
703 282 102 21 Deremot
820 288 63 15 anser

57 311 37 26 jag
117 313 32 19 att
164 310 172 27 parcelleringen,
353 311 44 21 ifall
413 311 40 21 den
469 313 44 19 rätt
527 311 142 25 anordnades,
685 311 84 21 komme
784 313 32 19 att
831 313 53 24 göra

60 340 40 20 den
124 340 47 21 lösa
193 339 149 28 befolkningen
365 340 32 21 till
416 346 25 15 en
457 339 48 26 fast,
522 339 86 22 hvilken
623 339 85 22 bunden
723 339 36 22 vid
775 340 39 21 den
830 345 54 21 egna

59 368 92 26 torfvan,
165 368 85 21 arbetar
265 368 33 21 för
314 369 121 21 densamma
451 368 39 21 och
506 375 76 20 genom
598 368 208 27 bisysselsättningar
821 368 63 21 söker

59 399 32 19 att
114 396 52 27 fylla
188 397 42 24 det,
253 403 45 15 som
322 397 40 21 den
383 403 55 20 egna
456 397 84 21 torfvan
558 397 48 21 icke
620 397 41 21 kan
677 396 56 27 gifva
748 397 49 21 dess
813 403 70 20 egare.

59 426 42 26 Jag
123 429 46 18 tror
192 425 82 21 derföre
296 427 38 24 att,
351 432 33 15 om
400 426 37 21 det
451 425 68 27 gäller
535 427 32 19 att
582 425 46 22 lösa
642 425 75 26 frägan
733 431 34 15 om
782 425 40 22 den
838 425 46 22 lösa

46 465 4 4 +
60 454 150 27 befolkningen
226 455 39 20 och
281 454 94 27 aflägsna
390 454 26 21 de
432 454 64 26 faror,
507 461 45 14 som
564 454 33 21 stä
613 454 270 27 dermed
708 450 12 36 i
732 454 151 27 sammanhang,

61 482 24 22 sä
107 483 40 21 bör
170 489 47 14 man
233 485 52 24 göra
298 483 217 27 jordparcelleringen
531 483 24 21 sä
569 483 98 26 praktisk
682 489 45 15 som
742 483 92 27 möjligt;
847 483 38 26 jag

59 511 55 21 hade
130 511 72 21 derför
216 517 66 20 gerna
298 514 90 24 sett,
364 507 24 35 om
404 512 105 21 utskottet
524 512 7 21 i
546 511 37 22 sitt
598 511 102 27 förslag,i
716 512 121 26 anslutning
852 512 33 21 till

61 547 28 14 nu
112 540 98 27 gällande
226 541 90 26 ordning
330 541 6 20 i
352 540 60 27 fräga
427 547 34 14 om
477 541 171 20 bestämmandet
662 540 24 21 af
700 541 39 20 den
755 540 67 27 afgift,
838 546 45 15 som

59 569 108 27 parcellen
183 569 55 21 skali
258 569 78 27 betala,
352 569 69 21 skulle
436 569 64 21 hafva
515 569 79 21 uttalat
610 571 33 19 att
658 569 69 21 denna
742 569 70 27 afgäld
828 569 56 27 finge

59 597 70 22 såsom
154 598 75 21 hittills
244 598 96 27 erläggas
356 598 32 21 till
404 598 187 22 hufvudstommen
607 598 39 21 och
662 597 61 22 äfven
739 598 71 21 kunde
825 598 59 21 beta-

60 627 31 20 las
115 627 6 21 i
143 626 55 22 form
222 626 22 22 af
260 627 80 21 arbete.
370 627 59 21 Hvar
444 627 40 21 och
500 634 26 14 en
542 632 44 16 som
603 627 81 21 känner
700 626 162 22 förhällandena
877 627 8 21 i

61 655 46 21 värt
130 655 50 21 land
195 655 33 21 för
244 656 138 26 närvarande,
398 657 35 19 vet
449 657 32 19 att
496 656 101 20 särskildt
610 655 148 27 jordarbetare
773 656 66 20 blifva
854 655 31 21 alt

59 684 76 26 dyrare
151 684 33 21 för
202 684 62 21 hvart
279 684 29 26 är,
325 684 39 22 och
380 684 84 21 derföre
479 684 96 21 skötseln
590 684 23 21 af
625 684 201 27 jordlägenheterna
841 684 42 20 för-

61 712 78 22 sväras.
163 713 41 26 Jag
220 714 45 20 tror
280 715 31 19 att
326 714 40 20 den
382 713 70 27 ovilja,
462 719 45 15 som
523 712 67 22 finnes
606 713 38 21 hos
660 713 25 21 de
701 712 61 22 flesta
771 712 113 28 jordegare

58 741 24 21 af
103 741 177 27 allmogeklassen
298 743 32 20 att
346 742 86 26 försälja
448 742 52 21 eller
515 742 44 20 läta
574 742 87 26 utbryta
676 742 104 26 parceller
795 748 25 14 ur
836 741 48 21 dem

60 770 95 27 tillhörig
169 770 48 27 jord
233 770 62 21 beror
308 770 45 26 just
369 770 65 27 derpä
449 772 32 19 att
497 770 62 22 dessa
567 770 109 26 parceller,
688 770 65 21 sedan
765 770 26 21 de
801 770 82 27 engäng

59 798 70 21 blifvit
145 799 108 25 utbrutna,
263 799 45 21 icke
324 799 85 21 komma
423 800 33 20 att
471 799 57 27 tjena
544 799 36 21 det
593 799 82 25 arbete,
691 805 44 15 som
751 801 24 19 är
790 799 93 21 nödvän-

59 828 46 26 digt
120 826 34 22 för
169 829 32 19 att
216 827 28 27 pä
252 828 175 26 jordlägenheten
439 828 146 26 upprätthälla
596 828 39 20 och
644 828 97 20 utveckla
747 828 136 26 jordbruket.

59 855 74 22 Skulle
151 856 46 21 äter
212 856 61 27 lagen
289 856 105 27 medgifva
409 856 106 27 parcellen
531 858 43 19 rätt
589 858 32 19 att
636 857 7 20 i
658 856 71 27 afgäld
744 856 33 21 till
793 856 90 21 hufvud-

59 887 106 19 stommen
185 887 52 24 göra
259 885 73 21 arbete
351 885 32 21 till
399 886 129 24 densamma,
544 885 24 22 sä
582 887 46 20 tror
640 885 38 27 jag
693 887 31 19 att
740 885 59 21 detta
814 884 68 22 skulle

59 913 66 21 blifva
141 915 31 19 ett
186 914 52 26 godt
253 914 68 21 medel
337 916 32 19 att
383 914 61 21 äfven
461 914 133 27 undanrödja
610 914 39 21 den
666 913 63 27 ovilja
744 915 45 20 mot
802 913 80 27 parcel-

61 943 73 26 lering,
144 949 44 14 som
205 942 143 22 förekommer
363 943 27 26 pä
405 943 77 26 mänga
497 943 83 26 ställen,
596 943 40 20 och
650 944 54 25 göra
713 942 34 21 det
758 942 82 27 möjligt
849 942 34 21 för

61 971 40 21 den
118 972 57 25 lägre
191 971 149 27 befolkningen
356 973 31 20 att
402 971 82 22 erhälla
499 977 52 21 egen
564 971 56 27 jord,
636 971 33 21 och
683 971 68 21 befria
762 971 121 21 densamma

59 999 47 21 frän
129 999 59 22 detta
204 1000 147 26 kringirrande
366 1000 29 26 lif,
411 1006 46 15 som
473 1000 77 21 alstrar
566 1000 82 21 förderf
661 1000 7 20 i
683 1006 44 15 mer
742 1002 26 19 än
785 1001 31 19 ett
831 1000 51 20 hän-

60 1029 84 20 seende.
175 1029 41 26 Jag
238 1031 35 18 vet
296 1030 31 19 att
347 1029 69 21 denna
431 1029 43 21 min
491 1029 54 26 äsigt
560 1029 47 21 icke
623 1029 198 20 öfverensstämmer
836 1029 47 20 med

59 1057 26 20 de
109 1057 143 26 grundsatser,
276 1057 80 27 hvarpä
371 1057 47 21 näd.
435 1058 159 26 propositionen
610 1059 24 19 är
650 1057 62 27 bygd,
727 1063 49 15 men
792 1057 40 21 den
848 1063 35 15 an-

60 1086 66 20 sluter
139 1086 32 26 sig
186 1086 23 21 sä
224 1085 84 27 mycket
324 1092 44 15 mer
383 1086 32 21 till
431 1086 41 21 den
488 1093 28 14 nu
532 1086 98 27 gällande
647 1086 122 27 ordningen,
786 1086 39 21 och
841 1086 42 21 min

59 1115 56 26 äsigt
131 1116 24 19 är
173 1116 32 19 att
220 1121 47 14 man
284 1115 61 20 äfven
360 1115 7 20 i
382 1115 60 26 fråga
457 1121 35 15 om
508 1115 146 26 parcellering,
672 1115 48 20 med
735 1114 111 21 införande
863 1114 22 21 af

59 1143 107 27 möjligast
188 1145 80 19 största
278 1143 169 21 underlättande
467 1143 22 21 af
503 1144 130 26 densamma,
649 1143 67 21 borde
731 1143 24 21 sä
770 1145 52 19 nära
837 1149 46 15 som

59 1172 83 26 möjligt
157 1172 83 21 ansluta
256 1173 32 25 sig
303 1172 32 21 till
351 1172 36 21 det
401 1172 123 22 bestäende.

127 1200 117 22 Professori
262 1201 119 21 Danielson:
397 1200 102 22 Niinkuin
515 1202 106 24 tunnettu,
640 1206 26 16 on
680 1200 57 28 juuri
751 1202 58 20 tämä
824 1200 60 21 esillä

60 1229 61 21 oleva
143 1229 104 27 kysymys,
270 1229 65 21 mihin
360 1232 100 19 määrään
479 1231 97 20 vaaratta
592 1229 89 21 voidaan
697 1230 186 20 maa-omaisuutta

56 1258 67 26 jakaa
138 1258 127 26 pienempiin
281 1259 61 24 osiin,
358 1258 53 21 ollut
426 1258 72 22 kauan
514 1258 62 22 aikaa
592 1258 68 21 riidan
671 1258 89 21 aiheena
770 1258 51 20 sekä
832 1258 51 20 lain-

59 1286 102 27 säätäjien
177 1286 79 22 kesken
273 1289 44 19 että
332 1287 95 27 myöskin
443 1287 147 21 tieteellisessä
601 1286 187 27 kirjallisuudessa.
811 1286 72 21 Valio-

58 1315 68 21 kunta
150 1316 75 20 lausuu
240 1316 145 21 kokemuksen
401 1316 87 26 yleensä
501 1317 134 25 näyttäneen,
652 1317 44 19 että
712 1315 93 21 sellaista
821 1314 62 27 rajoi-

58 1346 65 24 tusta,
133 1343 51 21 kuin
200 1350 52 15 arm.
268 1345 65 26 esitys
349 1344 108 26 ehdottaa,
467 1345 20 20 ei
503 1344 61 22 voida
580 1346 88 19 asettaa.
691 1344 27 20 Se
734 1344 74 21 viittaa
823 1343 60 21 tuek-

59 1378 61 15 sensa
138 1375 87 19 erääsen
242 1373 101 21 teokseen
359 1375 70 19 tämän
445 1373 127 21 vuosisadan
588 1372 73 27 aluita,
678 1375 67 19 mutta
761 1372 47 22 olisi
827 1372 56 26 epäi-

60 1401 87 21 lemättä
170 1402 72 20 voinut
264 1402 52 26 yhtä
332 1402 83 27 hyvällä
428 1402 24 26 ja
467 1402 56 20 ehkä
539 1401 173 27 paremmallakin
727 1401 68 27 syyllä
810 1401 73 21 viitata

59 1430 97 25 teoksiin,
177 1430 61 27 jotka
263 1431 128 21 rakentuvat
413 1431 63 21 aivan
499 1430 113 27 uusimpiin
635 1430 30 21 eri
681 1430 79 21 maissa
775 1429 106 22 saatuihin

58 1458 154 22 kokemuksiin.
244 1459 58 22 Minä
324 1460 121 26 puolestani
469 1466 26 15 en
518 1459 33 21 voi
574 1460 74 20 muuta
668 1459 52 21 kuin
734 1459 65 26 yhtyä
815 1458 67 21 siihen

57 1487 143 27 käsitykseen,
224 1490 44 19 että
291 1488 94 27 rajoitus,
401 1488 104 21 sellainen
521 1488 51 21 kuin
587 1488 97 26 puheena
699 1487 66 27 oleva,
781 1493 27 15 on
824 1487 58 21 mah-
