1086 1725
226 116 26 21 16
524 116 100 21 Tammik.
641 116 25 20 23
683 123 19 19 p.

194 182 82 27 vanligt
291 183 154 26 genomträngd
461 182 23 22 af
497 183 102 21 stundens
614 182 67 22 allvar
696 182 39 21 och
751 182 36 21 det
803 188 84 20 ansvar,
898 188 44 16 som
953 181 68 22 hvilar

194 211 28 27 pä
244 211 85 27 honom,
354 211 27 22 dä
402 212 43 21 han
467 218 29 15 nu
512 218 49 21 eger
576 213 32 20 att
623 211 47 21 föra
684 211 77 22 folkets
777 210 66 22 talan.
858 222 28 4 —
901 211 32 21 De
948 210 74 21 mörka

194 240 66 26 moln,
277 246 45 15 som
339 240 68 22 under
422 241 36 21 det
473 242 83 20 senaste
571 240 46 22 äret
631 240 70 27 lägrat
716 240 31 27 sig
758 239 60 22 öfver
828 240 82 22 landets
921 239 101 27 politiska

194 268 107 28 horizont,
324 268 63 23 hafva
410 269 109 28 uppväckt
536 269 101 22 missmod
653 268 39 22 och
708 269 125 27 bekymmer
847 269 7 21 i
869 268 42 22 alla
926 268 60 21 delar
1000 267 23 22 af

196 297 48 22 värt
266 297 51 22 land
337 298 39 21 och
392 299 48 21 med
456 304 38 15 oro
509 298 71 27 frägar
596 299 32 26 sig
644 298 212 21 fosterlandsvännen
870 298 55 21 hvad
940 297 81 22 framti-

196 326 40 21 den
252 327 56 21 skall
323 327 52 21 bära
390 327 7 21 i
413 327 38 22 sitt
466 327 75 21 sköte?
563 327 75 21 Under
652 327 80 21 sädana
746 327 148 21 förhällanden
909 326 67 27 gäller
986 325 36 22 det

194 355 34 21 för
248 355 85 22 landets
348 356 79 21 ombud
443 357 33 20 att
490 356 49 21 med
554 355 148 22 bibehällande
718 355 22 22 af
753 355 38 22 vär
806 355 150 22 fäderneärfda
970 355 51 26 loja-

195 384 48 21 litet
258 384 40 21 och
314 385 72 21 trohet
401 386 44 20 mot
460 385 123 26 monarken,
600 386 62 25 öppet
678 385 39 20 och
732 384 110 27 frimodigt
852 385 56 21 samt
918 386 51 19 utan
978 389 42 16 me-

195 413 208 27 ningsskiljaktighet
418 413 39 22 hos
472 413 27 21 H.
514 413 27 22 K.
557 413 39 22 M:t
611 414 7 21 i
633 413 169 27 underdänighet
817 413 112 22 framhälla
939 413 82 21 landets

195 441 124 28 bekymmer
334 441 108 23 äfvensom
457 443 79 26 antyda
551 443 64 21 sättet
630 442 33 21 för
678 442 119 22 desammas
812 441 181 28 undanrödjande.

265 481 182 28 Borgareständet
461 485 25 19 är
501 482 133 28 öfvertygadt
648 488 34 15 om
698 484 31 20 att
745 483 37 21 det
797 482 130 27 högvördiga
942 483 80 26 preste-

196 511 85 21 ständet
303 511 55 22 skall
379 511 28 27 pä
430 513 31 20 ett
475 511 143 22 framstäende
634 513 42 20 sätt
692 511 86 27 deltaga
793 511 36 22 vid
843 511 143 27 fullgörandet
1001 511 23 22 af

198 539 69 22 denna
281 539 65 28 plikt;
362 540 90 22 likasom
468 540 84 22 ständet
566 541 63 26 hyser
644 541 62 21 säker
721 540 110 27 tillförsigt
846 540 73 21 därom
935 541 32 20 att
982 539 40 22 den

196 569 89 27 Högste,
308 574 46 16 som
377 571 69 25 styrer
468 569 83 22 folkens
573 569 61 27 öden,
650 569 47 21 äter
712 569 57 22 inom
784 569 49 22 kort
849 569 54 22 skall
918 569 43 21 läta
975 569 47 22 värt

196 597 88 22 älskade
300 597 119 22 fosterland
433 598 27 27 gä
475 598 77 27 ljusare
568 598 66 28 dagar
648 598 34 22 till
696 600 75 20 mötes.

265 638 72 22 Jämte
360 638 111 22 uttalande
487 639 23 21 af
523 639 69 21 denna
607 639 141 27 förhoppning
763 638 97 22 anhäller
876 638 146 27 borgarestän-

196 667 37 21 det
256 668 32 20 att
304 666 21 22 fä
340 673 51 15 vara
405 668 116 21 inneslutet
535 668 6 21 i
558 668 36 21 det
610 667 129 27 högvördiga
755 667 167 27 presteständets
938 667 85 27 välvilja

197 696 39 20 och
251 696 129 22 förtroende.

266 736 154 22 Vastaukseksi
435 736 120 27 lähetystön
570 736 168 27 tervehdykseen
754 736 69 22 lausui
834 736 62 22 herra
907 736 115 22 Puhemies:

266 765 82 21 Herrar
363 765 130 27 deputerade
509 764 47 22 frän
567 765 106 27 vällofliga
685 765 188 27 Borgareständet!
890 766 42 20 Det
941 768 24 18 är
975 766 47 21 med

197 793 88 22 känslor
300 793 23 22 af
336 796 131 24 gemensamt
482 800 75 16 ansvar
572 801 46 15 som
633 794 160 22 Presteständet
797 793 67 27 jemte
875 794 35 21 det
918 794 106 26 vällofliga

200 822 183 27 Borgareständet
405 823 39 21 och
467 822 68 28 öfriga
556 823 68 27 ständ,
644 828 45 16 som
704 824 148 26 representera
867 822 68 22 finska
950 822 72 28 folket,

196 852 88 21 samlats
304 851 32 22 till
359 851 69 22 denna
447 852 107 27 landtdag.
585 852 31 21 De
632 852 136 27 motigheter,
784 857 46 16 som
845 851 71 22 träffat
931 852 47 21 vårt
992 851 31 22 fä-

200 880 139 22 derneslands
362 881 107 21 allmänna
490 881 152 26 förhållanden,
666 881 81 27 hoppas
770 880 62 22 äfven
848 881 20 20 vi
883 881 59 21 skola
957 881 66 21 varda

198 909 116 28 skingrade
328 915 76 21 genom
420 909 59 22 Hans
494 909 91 27 biständ,
601 915 44 16 som
661 910 75 21 länkar
749 909 41 22 och
801 909 59 21 leder
871 909 83 22 folkens
962 910 60 21 öden.

197 937 69 22 Afven
289 938 23 21 af
333 938 61 21 dessa
416 938 61 21 svära
492 938 123 27 pröfningar
630 938 61 22 skola
706 939 20 21 vi
741 938 79 21 skörda
835 944 25 15 en
875 938 46 21 icke
936 939 24 20 sä
975 941 49 19 ovä-

197 967 79 26 sentlig
298 966 69 22 frukt:
391 967 48 26 den,
462 968 32 20 att
516 967 38 21 allt
574 973 44 16 mer
641 967 39 22 och
695 973 46 16 mer
756 967 39 22 hos
810 967 83 21 landets
909 967 113 28 inbyggare

198 996 111 27 inskärpes
325 996 42 21 den
383 995 91 28 dyrbara
489 996 122 27 sanningen,
628 997 31 20 att
674 997 20 20 vi
710 1003 39 20 ega
764 997 31 20 ett
810 996 87 21 odeladt
906 995 117 22 fosterland

196 1024 40 21 och
259 1026 33 20 att
314 1024 26 21 de
361 1025 46 20 inre
427 1025 141 26 partistrider,
592 1031 44 15 som
658 1027 90 25 upprört
763 1025 48 21 värt
826 1025 57 26 land,
899 1025 46 21 icke
961 1025 63 21 hafva

197 1053 74 21 berört
286 1053 76 27 sjelfva
376 1053 97 27 grunden
488 1053 33 21 för
535 1053 38 22 vär
588 1053 90 22 tillvaro.
698 1054 50 21 Med
763 1053 91 22 känslan
869 1053 23 22 af
901 1055 31 20 ett
939 1060 84 21 gemen-

197 1083 55 20 samt
268 1082 149 21 fädernesland
433 1082 72 21 kunna
520 1083 20 20 vi
555 1082 108 27 frimodigt
678 1089 22 15 se
716 1083 41 21 den
773 1083 127 21 kommande
911 1083 57 21 tiden
979 1083 45 21 nal-

197 1111 45 20 kas.
263 1111 33 21 Dä
312 1111 40 21 den
367 1111 90 21 känslan
473 1111 67 21 finnes
545 1111 65 27 jemte
622 1111 115 22 förtröstan
748 1111 34 22 till
792 1111 91 25 Honom,
894 1118 44 15 som
947 1113 77 26 ytterst

198 1139 84 22 ändock
297 1139 39 22 har
352 1141 31 20 ett
398 1139 56 22 folks
469 1139 89 28 styrelse
574 1140 6 22 i
596 1140 45 22 sina
656 1141 87 26 händer,
760 1140 42 22 kan
817 1140 161 22 Presteständet
993 1140 31 22 äf-

197 1174 39 16 ven
252 1175 30 15 nu
297 1169 7 21 i
319 1169 110 27 samdrägt
444 1169 39 21 och
499 1169 118 21 samarbete
633 1170 49 20 med
698 1170 25 20 de
739 1170 68 26 öfriga
823 1169 89 22 ständen
927 1170 97 27 begynna

197 1198 38 20 sitt
250 1198 143 21 ansvarsfulla
408 1198 201 26 representantvärf.
632 1198 33 21 De
680 1200 98 25 stormar,
795 1204 45 15 som
855 1204 28 15 nu
899 1199 62 21 hafva
971 1205 53 21 upp-

199 1226 65 27 stigit,
288 1226 26 21 de
329 1226 73 22 kunna
417 1226 77 22 liksom
509 1228 100 20 naturens
625 1229 91 19 stormar
732 1228 105 26 skingras,
853 1228 40 20 och
907 1228 20 20 vi
943 1228 81 26 hoppas

199 1255 26 21 de
241 1254 98 28 skingras
354 1256 29 25 sä,
400 1257 31 19 att
447 1255 46 21 värt
503 1256 91 26 dyrbara
605 1256 39 21 och
655 1256 86 21 älskade
753 1256 149 21 fädernesland
912 1257 47 21 icke
970 1256 54 21 skall

197 1283 64 21 hafva
283 1284 66 27 något
371 1284 85 21 svårare
471 1290 48 15 men
535 1284 22 21 af
576 1285 113 21 desamma.
720 1285 10 21 I
747 1285 41 21 den
803 1284 141 28 förhoppning
959 1285 65 21 beder

197 1312 161 22 Presteståndet
380 1314 32 20 att
432 1312 22 22 få
469 1319 50 15 vara
535 1314 113 21 inneslutet
663 1314 7 21 i
684 1313 194 28 Borgareståndets
893 1314 131 22 fortfarande

196 1340 86 28 välvilja
298 1342 39 21 och
352 1341 158 27 vänskapsfulla
525 1342 128 22 förtroende.

269 1451 110 22 Ritariston
402 1451 21 28 ja
446 1451 110 22 aateliston
579 1452 122 28 lähetystöä,
716 1453 51 26 joka
783 1454 72 21 tämän
867 1453 86 28 jälkeen
968 1453 56 22 astui

198 1480 79 27 sisään,
291 1481 56 27 johti
362 1481 145 22 valtioneuvos
523 1481 19 22 L.
558 1481 98 27 Lindelöf,
669 1482 52 27 joka
737 1482 79 22 lausui:
