1086 1725
380 139 89 21 Huhtik.
485 140 26 20 29
527 147 19 18 p.
796 140 41 22 641

41 205 145 27 mansättning
201 206 7 20 i
221 205 102 27 juridiskt
346 205 101 22 afseende
469 206 85 26 mycket
570 211 88 21 svagare
674 205 94 27 ihopsatt
785 208 27 19 än
828 206 41 21 den

40 234 123 23 nuvarande
186 234 132 27 polisrätten,
339 234 68 21 under
431 234 62 21 hvars
511 234 138 26 jurisdiktion
676 241 48 15 man
747 234 50 22 med
819 234 49 22 skäl

41 270 63 15 anser
119 263 77 27 mänga
211 262 42 22 mäl
268 263 53 21 böra
336 262 107 22 hänföras.
474 263 47 21 Den
536 269 41 21 nya
592 264 68 20 rätten
676 264 24 20 är
714 269 89 21 svagare
814 269 53 15 sam-

41 294 94 20 mansatt
149 293 7 20 i
169 291 101 28 juridiskt
292 291 127 27 hänseende,
436 292 6 21 i
459 292 36 21 det
517 293 32 20 att
573 292 123 21 nuvarande
718 292 99 27 polisrätt
832 292 37 21 be-

42 321 45 21 står
102 321 23 21 af
139 327 26 15 en
181 320 94 27 lagfaren
297 320 156 27 polismästare,
469 327 26 14 en
508 320 173 27 justitierääman
697 321 39 21 och
752 327 26 15 en
794 320 23 21 af
830 327 39 20 gu-

41 351 103 20 vernören
161 349 38 22 och
220 350 139 26 magistraten
375 349 78 22 utsedd
468 349 100 26 ledamot,
584 349 42 22 den
641 349 133 22 sistnämnda
789 350 79 21 utsedd

41 378 34 21 för
91 379 32 20 ett
139 378 29 21 är.
198 378 47 21 Den
261 384 41 21 nya
316 379 71 20 rätten
402 378 99 21 kommer
516 379 32 20 att
562 378 62 21 bestä
638 377 24 22 af
676 384 26 15 en
715 377 102 28 juridiskt
827 378 42 21 bil-

43 406 41 22 dad
99 407 128 21 ordförande
250 407 39 20 och
311 407 36 21 tvä
369 406 24 22 af
407 406 193 27 stadsfullmäktige
621 407 64 21 valda
699 407 104 21 bisittare.
834 407 35 20 Dä

39 435 38 28 jag
91 437 68 20 sätter
181 435 68 27 ifräga
270 435 150 27 lämpligheten
445 435 39 21 och
505 435 127 22 säkerheten
648 435 34 21 för
696 434 135 23 rättsvärden
847 435 24 22 af

42 470 26 15 en
91 464 66 21 sådan
182 464 126 27 institution,
332 465 24 21 sä
377 466 25 19 är
417 464 60 21 detta
493 464 47 22 icke
555 464 40 21 den
611 465 56 20 enda
683 465 70 25 orsak,
769 463 99 22 hvarföre

42 493 37 27 jag
93 493 93 27 begärde
202 493 68 26 ordet,
286 493 56 22 helst
354 493 37 26 jag
406 493 7 21 i
429 493 71 21 denna
515 493 46 21 sida
576 493 24 21 af
614 493 64 21 saken
695 495 24 19 är
733 493 65 21 minst
808 493 61 21 kom-

43 523 72 25 petent
137 523 32 20 att
190 521 57 27 gifva
268 521 66 27 nägot
348 521 106 28 yttrande.
484 521 110 27 Viktigare
610 527 62 21 synes
688 522 35 21 det
738 521 42 27 mig
795 523 32 20 att
843 521 26 22 de

42 550 206 27 missförhällanden,
270 557 45 14 som
338 550 91 21 nämnda
445 551 80 20 motion
542 550 57 21 afser
614 551 32 20 att
666 550 138 28 undanrödja,
821 550 47 21 icke

44 579 122 27 derigenom
181 579 7 21 i
202 579 144 27 verkligheten
370 579 65 22 blifva
458 579 139 27 undanröjda.
628 579 72 21 Kändt
720 581 24 19 är
759 580 32 20 att
805 579 7 21 i
828 579 39 21 den

43 608 123 21 nuvarande
188 608 126 27 polisrätten
334 608 131 22 ärendernas
487 608 78 27 mängd
583 610 45 25 gör,
644 609 33 20 att
692 608 93 21 domslut
800 608 69 21 mäste

42 636 65 22 fattas
131 636 64 22 snabt
217 637 39 21 och
278 638 33 20 att
329 636 71 22 derför
416 637 41 21 den
473 636 64 27 lugna
552 637 104 27 pröfning,
673 643 45 15 som
733 636 135 22 rättsvärden

43 665 154 27 oeftergifligen
212 666 90 26 fordrar,
320 666 37 21 der
372 666 107 26 svärligen
494 665 41 22 kan
552 666 84 21 komma
648 665 74 27 ifräga.
737 665 76 21 Denna
825 665 44 21 olä-

42 694 79 27 genhet
144 694 54 22 skall
220 694 40 22 den
283 700 42 21 nya
347 696 70 20 rätten
433 694 8 21 i
457 696 56 20 ännu
536 694 66 28 högre
618 694 53 27 grad
686 693 65 22 blifva
767 693 101 22 behäftad

42 722 55 26 med,
120 723 31 26 ity
175 724 32 20 att
230 723 39 21 den
284 722 96 22 kommer
400 724 31 20 att
448 724 94 26 upptaga
556 730 27 14 en
598 725 57 19 ännu
670 724 69 20 större
755 722 77 28 mängd
847 722 23 22 af

42 752 42 21 mäl
100 754 26 19 än
143 751 39 22 den
198 752 121 21 nuvarande
334 752 127 27 polisrätten
476 752 40 21 har
531 753 32 20 att
578 752 121 26 handlägga
714 751 39 22 och
768 751 101 22 ändamä-

42 780 29 22 let
86 782 32 20 att
133 780 83 22 minska
231 781 36 21 det
281 780 83 27 hopade
379 781 85 21 arbetet
478 781 8 21 i
501 780 192 22 rädstufvurättens
707 780 112 26 särskilda,
835 779 34 22 för

42 809 133 21 närvarande
197 810 7 20 i
219 809 134 27 Helsingfors
368 809 13 21 3
397 809 140 27 afdelningar,
560 809 77 21 sädant
656 809 89 21 oaktadt
764 808 40 22 alls
821 809 48 21 icke

42 838 69 21 skulle
126 838 80 21 vinnas.
222 838 43 21 Det
280 840 24 19 är
318 838 104 26 nemligen
438 838 35 20 för
489 838 40 21 den
544 838 49 21 med
609 837 208 22 ortsförhällandena
830 838 37 20 be-

42 867 66 21 kanta
131 867 73 26 kändt,
226 868 32 20 att
273 873 26 15 en
315 867 77 21 allmän
408 867 78 27 klagan
501 867 7 21 i
524 867 133 26 Helsingfors
672 867 121 26 förspörjes,
810 865 59 22 öfver

43 897 32 19 att
90 897 100 25 parterna
206 895 65 22 redan
287 895 71 22 derför
373 895 64 22 hafva
453 896 58 21 svärt
525 897 33 20 att
573 896 53 21 söka
642 897 43 20 rätt
700 895 38 21 hos
749 895 121 22 rädstufvu-

42 925 76 25 rätten,
138 925 33 20 att
186 925 26 20 de
227 924 67 22 mäste
310 924 109 27 tillbringa
434 925 112 26 timmotal,
560 925 24 26 ja
598 927 53 19 nära
665 924 27 27 pä
709 924 84 27 dagatal
808 924 61 21 irät-

43 955 46 19 tens
112 953 88 26 förrum,
223 953 63 21 innan
310 953 61 22 deras
387 953 80 21 ärende
486 953 43 21 kan
543 953 85 22 komma
643 953 46 21 före
706 953 38 20 och
759 953 36 20 det
810 953 58 26 inga-

42 981 65 22 lunda
123 982 75 21 endast
214 981 26 22 dä
256 982 36 21 det
306 982 67 27 gäller
387 981 105 22 brottmål
507 983 51 20 utan
575 982 65 21 också
650 981 7 21 i
669 981 60 22 civila
739 981 50 26 mål,
799 981 69 21 såsom

43 1010 36 21 det
101 1010 140 21 öfverhufvud
264 1013 24 19 är
309 1011 45 26 just
379 1011 62 21 dessa
465 1011 62 21 civila
545 1011 49 26 mål,
617 1010 72 21 hvilka
710 1011 93 26 upptaga
817 1009 50 21 räd-

43 1039 153 22 stufvurättens
215 1041 79 20 största
310 1039 36 22 tid.
377 1039 42 21 Det
433 1039 93 22 tillskott
541 1039 208 22 rädstufvurätterna
763 1038 68 21 skulle
847 1037 22 22 fä

43 1074 76 20 genom
135 1068 61 21 dessa
212 1074 16 15 s.
244 1068 21 21 k.
281 1068 142 27 bagatellmäl,
439 1068 72 21 säsom
525 1068 105 21 utskottet
640 1067 69 22 kallar
727 1067 54 26 dem,
799 1067 69 21 ehuru

41 1097 37 26 jag
92 1097 47 21 icke
155 1098 34 20 vet
204 1103 34 14 om
260 1097 108 26 uttrycket
390 1097 43 21 kan
453 1103 52 15 vara
520 1098 42 20 rätt
578 1097 34 21 väl
627 1097 65 25 valdt,
709 1095 27 22 dä
751 1096 36 21 det
801 1095 68 27 gäller

43 1125 177 22 konstaterandet
234 1125 23 21 af
271 1127 30 20 ett
316 1125 58 22 brott
389 1127 70 20 större
467 1125 52 22 eller
527 1125 89 27 mindre,
625 1125 69 21 skulle
704 1125 7 21 i
721 1125 58 27 längt
787 1124 82 21 mindre

43 1155 52 26 grad
118 1155 86 21 komma
225 1156 33 20 att
280 1154 41 22 öka
340 1154 219 22 rädstufvurätternas
574 1154 72 22 arbete
662 1154 8 21 i
682 1153 123 28 jemförelse
820 1153 49 21 med

43 1184 37 20 det
95 1183 74 21 arbete
184 1184 26 20 de
225 1183 66 21 redan
307 1183 62 22 hafva
384 1184 7 20 i
407 1183 63 21 civila
486 1183 48 21 mäl.
563 1183 41 27 Jag
615 1184 24 20 är
650 1182 83 22 derföre
743 1182 43 22 viss
797 1182 72 26 derpä,

43 1213 32 20 att
90 1212 41 21 den
153 1212 95 26 begärda
270 1212 148 21 institutionen
433 1212 48 21 icke
496 1212 95 22 kommer
607 1213 32 20 att
653 1211 97 22 medföra
765 1211 41 21 den
822 1210 47 21 der-

43 1240 48 22 med
111 1240 89 22 afsedda
214 1242 82 25 nyttan.
326 1240 78 22 Härtill
419 1241 99 21 kommer
533 1242 57 20 ännu
605 1247 26 15 en
647 1239 163 27 omständighet.
825 1238 44 22 Vill

43 1275 49 15 man
107 1268 64 22 hafva
186 1269 80 21 sädana
281 1270 133 20 underrätter
429 1269 88 21 enklare
532 1270 158 25 sammansatta,
706 1271 27 19 än
748 1267 122 23 rädstufvu-

43 1299 96 20 rätterna
155 1298 6 21 i
177 1298 50 21 vära
242 1300 69 20 större
326 1298 77 26 städer,
419 1298 24 21 sä
457 1298 44 21 kan
516 1304 49 15 man
580 1298 22 21 fä
617 1298 79 21 sädana
709 1297 33 21 till
753 1296 62 22 ständ
826 1296 43 22 alla

43 1327 105 21 motioner
171 1326 84 22 förutan
278 1327 28 26 pä
328 1333 80 15 samma
429 1328 45 20 sätt
497 1333 45 15 som
557 1327 7 21 i
579 1326 118 22 smästäder
715 1325 155 22 rädstufvurät-

44 1357 61 20 terna
120 1358 37 18 äro
173 1357 153 20 sammansatta
341 1355 23 21 af
377 1356 150 26 borgmästare
542 1355 39 21 och
596 1355 96 27 rädmän,
700 1354 69 27 valda,
785 1354 47 21 icke
847 1353 24 21 af

43 1384 200 27 stadsfullmäktige,
259 1390 47 16 men
322 1384 7 21 i
344 1384 43 22 alla
401 1384 38 21 fall
455 1384 24 21 af
493 1384 183 22 rädhusstämmor
691 1383 39 21 och
745 1382 72 22 hvilka
825 1382 45 22 väl-

41 1412 34 27 jas
90 1413 27 26 pä
133 1412 73 22 lifstid.
222 1413 41 27 Jag
282 1415 46 19 tror
343 1412 63 22 också
421 1414 32 20 att
470 1420 27 14 en
513 1413 45 21 icke
572 1412 102 27 juridiskt
688 1411 73 23 bildad
773 1418 41 14 man
826 1407 42 37 ien

44 1442 92 21 domstol
159 1442 84 27 mycket
265 1442 70 21 bättre
359 1441 63 28 fyller
437 1442 33 21 sin
486 1442 56 27 plats
558 1447 34 15 om
606 1441 43 22 han
664 1443 25 19 är
704 1442 43 21 satt
761 1440 28 27 pä
801 1439 68 22 lifstid

43 1472 27 19 än
91 1477 33 14 om
140 1471 43 20 han
205 1471 61 26 bytes
281 1471 72 26 hvarje
369 1471 30 20 är.
429 1470 30 27 Ty
475 1471 42 20 den
532 1470 57 21 rutin
605 1471 40 20 han
661 1470 67 21 under
743 1476 26 15 en
785 1469 85 26 längva-

43 1500 32 26 rig
95 1499 108 27 tjenstetid
219 1499 74 21 vinner
307 1499 36 21 vid
358 1501 69 19 rätten
443 1501 40 25 gör
499 1499 54 21 dock
568 1499 54 21 hans
632 1498 119 22 erfarenhet
766 1498 39 21 och
816 1497 53 21 hans

755 1532 21 17 41
