1086 1725
375 124 96 20 Maalisk.
487 124 13 20 9
515 130 21 19 p.
813 124 41 21 299

125 189 107 21 Esitettiin
248 189 99 27 pöydällä
363 189 54 21 ollut
432 189 188 21 lakivaliokunnan
636 189 97 21 mietintö
748 194 35 16 n:o
799 189 19 25 3,
834 190 49 20 kos-

55 218 57 22 keva
128 217 126 22 korvauksen
269 218 112 29 antamista
391 218 94 27 yleisistä
495 217 91 22 varoista
596 217 121 27 todistajille
728 217 154 22 rikosasioissa.

125 263 121 22 Keskustelu
253 268 5 16 :

125 303 97 22 Provasti
245 304 136 21 Schroderus:
412 304 77 27 Pyysin
513 310 147 15 sananvuoroa
680 304 202 21 huomauttaakseni

57 333 124 21 ainoastaan
197 334 145 20 muutamasta
357 333 112 24 virheestä,
483 333 52 27 joka
550 333 119 21 mielestäni
681 339 26 14 on
719 333 163 21 ruotsalaisessa

56 361 138 21 mietinnössä
206 361 23 26 ja
243 361 51 26 joka
308 361 59 21 virhe
382 361 71 27 löytyy
469 361 143 22 armollisessa
627 361 165 27 esityksessäkin
807 361 22 27 ja
845 368 36 15 sen

55 390 80 21 tähden
157 389 67 22 lienee
241 390 73 27 jäänyt
330 390 163 21 valiokunnassa
508 390 167 21 huomaamatta.
705 390 176 21 Ensimmäisessä

55 418 114 27 pykälässä
192 425 26 14 on
241 419 104 21 nimittäin
370 420 24 19 11
419 419 70 21 rivillä
504 425 52 15 sana
572 419 117 24 ,vittnets*,
705 418 52 27 joka
772 419 50 20 saisi
838 418 43 21 olla

55 448 78 26 poissa,
149 447 48 21 sillä
212 449 78 19 tuntuu
305 447 179 22 muodottomalta
499 454 73 15 sanoa:
592 453 61 21 ,eger
669 447 47 24 den,
732 453 44 15 som
788 447 23 21 af
820 447 58 21 äkla-

53 482 66 21 garen
135 476 113 26 äberopats
264 476 69 21 säsom
350 477 64 20 vittne
431 476 39 21 och
485 477 31 20 till
526 476 133 21 vittnesmäls
670 475 120 27 afgifvande
805 475 74 22 instält

55 505 31 26 sig
109 504 34 21 vid
167 505 91 20 domstol
281 504 33 21 för
336 505 31 21 sin
390 505 116 21 inställelse
529 505 59 26 njuta
604 505 117 26 ersättning
736 505 23 20 af
773 504 106 21 allmänna

54 533 69 20 medel
139 533 47 20 med
202 533 62 26 högst
281 534 9 20 1
307 533 42 21 mk.
365 534 32 27 50
408 540 19 20 p.
444 533 34 21 till
493 534 87 21 vittnets
596 521 124 45 uppehälle"

123 545 129 48 Yliopettaja
268 561 99 23 Kihlman:
383 557 69 26 Äfven
465 562 37 27 jag
517 562 79 22 tillåter
612 563 48 26 mig,
677 561 67 22 ehuru
760 562 46 21 icke
819 561 58 22 fack-

54 596 56 18 man,
133 592 52 25 göra
208 592 76 20 tvenne
308 593 80 19 smärre
404 592 166 26 anmärkningar
585 593 57 19 emot
657 591 108 26 lagtexten
782 592 6 20 i
803 590 74 25 början

55 619 22 21 af
91 619 13 25 $
121 619 18 25 1,
155 619 84 21 hvilken
255 620 65 26 enligt
335 620 41 20 min
392 620 138 26 uppfattning
532 608 79 33 "borde
626 607 73 33 kunna
714 619 87 21 enklare
817 619 60 21 affat-

54 650 40 19 tas.
118 634 42 34 Det
175 648 61 20 heter
250 648 104 27 nemligen
370 649 46 20 der:
434 648 23 26 ,I
473 648 49 25 mäl,
539 648 37 21 där
592 648 78 21 allmän
686 648 101 26 äklagare
798 644 9 35 &
825 648 52 26 tjen-

54 678 57 20 stens
134 678 79 24 vägnar
229 676 86 22 tilltalat
330 676 69 28 någon
415 677 33 21 för
463 678 66 26 brott,
544 677 65 21 hvarä
625 676 114 22 dödsstraff
754 676 52 21 eller
821 676 57 21 tukt-

54 705 39 21 hus
110 705 27 26 pä
151 704 73 27 lifstid,
240 705 52 21 eller
307 706 7 20 i
330 706 61 26 högst
407 712 36 15 sex
459 706 30 26 är,
506 706 52 21 eller
574 706 104 25 däröfver,
695 705 41 21 kan
752 705 58 27 följa,
826 705 52 21 eller

54 733 40 21 ock
116 733 33 21 för
164 734 62 23 stöld,
243 734 52 20 eller
310 734 33 21 för
359 734 133 26 delaktighet
507 735 6 21 i
529 734 80 22 sädana
624 734 64 24 brott,
704 740 51 20 eger
770 734 47 25 den,
833 740 45 14 som

54 762 23 21 af
91 762 114 32 äklagaren
222 762 112 27 äberopats
350 763 67 21 säsom
433 764 68 20 vittne
517 763 39 21 och
571 763 32 21 till
613 762 133 22 vittnesmäls
757 762 120 27 afgifvande

54 791 73 21 instält
149 791 32 26 sig
202 791 34 21 vid
252 792 99 25 domstol,
367 792 26 26 pä
409 792 74 21 därom
498 792 60 26 gjord
575 792 92 26 begäran
684 792 39 20 och
738 791 89 21 säframt
841 791 37 21 do-

54 825 72 15 maren
141 819 86 27 pröfvar
242 820 76 21 sädant
332 820 85 27 skäligt,
438 820 34 21 för
487 822 32 20 sin
535 820 117 21 inställelse
667 820 60 26 njuta
742 820 135 26 ersättning*.

55 847 78 27 Början
149 848 23 21 af
186 848 68 22 denna
269 850 43 20 sats
328 855 62 20 synes
405 850 44 26 mig
465 850 42 21 lida
523 848 22 22 af
559 851 78 19 tvenne
652 848 36 22 fel.
719 848 41 21 Det
775 854 40 15 ena
827 836 52 33 felet

55 879 24 18 är
94 878 30 19 ett
140 877 114 22 öfverflöds
268 877 34 26 fel,
320 878 26 21 dä
362 878 35 21 det
413 878 69 21 heter:
506 877 100 26 ,tukthus
621 877 28 27 pä
664 877 78 22 lifstid*
761 877 66 21 ehuru
843 877 35 21 det

56 905 121 22 sedermera
192 905 69 22 heter:
286 907 20 24 ,i
322 906 62 27 högst
399 913 37 15 sex
451 907 25 21 är
491 907 51 21 eller
558 905 116 22 deröfver.*
706 907 37 20 Om
760 913 25 14 en
801 911 76 21 person

55 933 73 27 begått
143 936 31 19 ett
189 934 64 26 brott,
269 935 81 26 hvarpä
365 935 38 21 bör
418 936 67 27 enligt
500 936 35 26 lag
549 935 51 26 följa
615 934 153 22 tukthusstraff
781 935 7 20 i
803 940 36 15 sex
855 934 23 21 är

55 963 52 20 eller
126 963 104 26 deröfver,
246 963 24 22 sä
284 964 119 26 inbegripes
416 964 24 26 ju
457 965 7 20 i
480 965 59 21 detta
556 963 120 24 .deröfver*
692 963 61 21 äfven
769 963 108 21 tuktshus-

55 991 63 21 straff
137 991 28 27 pä
187 991 72 22 lifstid.
291 992 41 21 Det
352 993 67 20 andra
434 992 53 22 felet
501 995 30 24 är,
548 995 31 19 att
592 993 7 20 i
614 995 72 18 satsen
702 992 67 21 finnes
785 998 26 14 en
826 994 53 19 mot-

55 1020 81 26 sägelse
151 1020 77 21 mellan
243 1021 159 26 bestämningen
420 1021 103 26 ,tukthus
539 1022 6 20 i
561 1021 63 26 högst
639 1027 36 15 sex
691 1021 24 20 är
730 1021 39 20 och
781 1021 40 20 den
832 1020 47 21 der-

54 1048 54 21 efter
129 1049 93 26 följande
244 1049 159 27 bestämningen
429 1050 65 27 ,eller
517 1049 118 22 deröfver*.
666 1049 113 26 Meningen
802 1051 24 19 är
844 1049 34 20 väl

54 1078 32 19 att
101 1077 81 21 brottet
196 1077 67 22 mäste
278 1084 52 15 vara
345 1079 82 24 sädant,
443 1080 32 20 att
491 1079 65 26 derpä
571 1078 43 21 kan
629 1077 51 27 följa
695 1078 88 21 tukthus
797 1078 27 26 pä
834 1077 44 21 lifs-

55 1105 30 21 tid
109 1105 52 22 eller
179 1106 89 21 tukthus
283 1107 6 20 i
305 1107 64 21 minst
384 1107 13 21 6
413 1107 30 21 är.
475 1107 38 21 Om
529 1108 83 21 brottet
627 1107 95 20 deremot
737 1109 24 18 är
776 1106 22 21 af
812 1106 66 21 sädan

53 1134 153 27 beskaffenhet,
229 1137 33 19 att
284 1135 62 27 lagen
361 1135 46 22 icke
423 1135 101 28 belägger
543 1137 37 21 det
594 1135 49 21 med
658 1134 153 23 tukthusstraff
824 1136 7 19 i
847 1135 31 21 ät-

53 1163 106 21 minstone
182 1170 36 15 sex
240 1164 30 26 är,
294 1164 22 21 sä
338 1165 42 21 kan
403 1153 81 33 denna
493 1164 126 26 författning
634 1164 46 21 icke
695 1164 113 26 tillämpas.
837 1164 41 26 Jag

53 1194 62 24 tager
129 1192 43 27 mig
188 1192 72 21 derför
274 1192 91 22 friheten
381 1193 80 21 föreslå
476 1195 32 19 att
523 1193 75 27 början
605 1181 26 33 af
638 1195 71 19 satsen
720 1193 55 27 finge
785 1192 93 26 följande

53 1220 88 26 lydelse:
167 1220 29 24 ,I
214 1221 49 26 mål,
287 1222 37 20 der
342 1222 79 21 allmän
437 1222 100 26 åklagare
552 1223 14 19 ä
582 1222 100 26 tjenstens
697 1223 82 25 vägnar
794 1221 84 21 tilltalat

53 1249 72 26 någon
146 1250 35 26 för
202 1250 60 25 brott,
286 1250 66 22 hvarå
375 1251 122 26 dödsstraff
516 1251 47 21 eller
586 1250 85 21 tukthus
690 1251 31 25 på
739 1256 37 15 sex
791 1251 25 19 år
831 1249 48 21 eller

56 1277 93 26 deröfver
164 1278 40 21 kan
220 1278 69 26 följa.”
316 1278 86 22 "Tanken
419 1280 70 20 skulle
504 1279 90 21 sålunda
609 1278 22 22 få
646 1280 31 19 ett
692 1279 87 21 enklare
795 1278 39 21 och
844 1278 34 20 för

53 1312 26 14 en
103 1306 65 22 laicus
190 1307 108 27 fattligare
321 1308 84 26 uttryck
428 1310 26 19 än
478 1308 41 21 den
542 1314 29 15 nu
592 1308 40 20 har
651 1314 75 20 genom
743 1307 135 27 ordalagen
865 1302 17 37 i

53 1334 117 22 utskottets
185 1336 140 26 betänkande,
341 1336 72 22 hvilka
429 1339 37 19 äro
483 1337 97 21 hemtade
596 1336 55 21 ifrån
662 1336 40 21 den
714 1336 76 26 nådiga
801 1342 76 20 propo-

54 1363 96 26 sitionen,
161 1364 39 20 och
216 1364 84 22 hvilken
316 1365 46 21 åter
377 1365 59 21 lånat
447 1365 66 21 orden
523 1365 46 21 från
580 1367 31 19 ett
620 1364 258 28 sammanjemkningsför-

53 1392 45 25 slag
113 1392 35 21 vid
166 1393 53 21 1888
235 1393 33 21 års
284 1394 107 26 landtdag,
408 1394 82 21 hvilket
505 1394 107 21 sannolikt
622 1394 123 21 tillkommit
756 1393 67 21 under
833 1395 45 19 stor

53 1420 99 22 brådska.
182 1422 41 27 Jag
245 1422 122 21 hemställer
382 1423 33 21 till
431 1422 91 27 ståndet,
538 1423 39 20 och
592 1422 102 21 särskildt
709 1422 31 21 till
757 1422 47 21 dess
819 1421 58 22 med-

53 1449 87 22 lemmar
155 1450 23 21 af
192 1450 146 27 lagutskottet,
354 1453 31 20 att
402 1451 97 26 bedöma,
515 1452 104 20 huruvida
630 1451 46 22 icke
686 1451 59 21 detta
757 1451 79 26 förslag
846 1450 33 21 till

52 1477 81 28 lagtext
153 1481 24 19 är
195 1479 85 22 enklare
296 1479 40 22 och
351 1481 82 21 således
449 1480 70 21 bättre
535 1482 26 19 än
578 1480 35 21 det
628 1479 24 22 af
665 1479 140 27 lagutskottet
821 1479 55 21 före-
