1109 1770
357 133 94 22 Borgarest.
463 133 44 19 1885.
531 133 18 19 18
561 133 50 23 April.
841 134 34 19 769

74 200 39 21 har
128 200 36 21 det
183 200 57 21 klart
259 200 33 20 för
311 201 38 26 sig,
369 201 56 21 huru
443 201 42 21 han
501 201 55 21 skall
573 204 64 24 rösta,
653 204 56 19 samt
723 204 32 20 att
770 203 40 20 allt
824 204 73 20 vidare

72 228 97 22 ordande
184 228 7 20 i
207 228 69 21 denna
291 228 61 27 fråga
367 231 24 19 är
405 230 102 26 temligen
526 229 142 27 öfverflödigt,
688 230 24 21 så
727 236 62 16 anser
803 231 37 26 jag
855 232 43 26 mig

75 256 54 21 dock
148 256 84 26 skyldig
251 258 32 18 att
302 257 69 20 lemna
391 257 26 20 de
438 258 159 26 upplysningar,
616 258 72 20 hvilka
707 258 67 21 borde
789 259 28 26 pä
832 258 73 22 saken

74 284 94 26 inverka,
191 284 40 21 och
252 284 39 20 den
315 285 120 26 utredning,
459 292 44 14 som
524 286 77 20 sakens
620 287 59 20 stora
702 287 45 25 vigt
769 292 62 20 synes
855 287 43 26 mig

73 312 80 21 fordra.
176 312 41 27 Jag
233 312 38 21 ber
287 312 72 21 derför
375 318 32 15 om
424 313 113 21 herrarnes
552 313 95 21 tålamod
658 314 33 20 för
701 314 67 26 några
779 314 118 26 ögonblick.

142 340 62 21 Hvad
220 340 55 21 först
289 340 102 22 beträffar
406 342 57 20 valet
477 341 24 21 af
514 342 63 25 plats,
594 342 24 20 så
632 342 72 20 kunna
715 343 72 20 derom
799 343 98 20 anmärk-

73 368 77 26 ningar
164 370 63 24 göras
243 369 6 20 i
265 368 131 26 oändlighet.
418 369 65 20 Valet
497 371 25 18 är
537 375 45 15 mer
598 370 53 20 eller
667 370 81 20 mindre
764 376 26 14 en
805 370 92 26 småsak,

73 396 44 26 ty
111 392 12 36 i
134 396 59 20 detta
211 396 101 21 afseende
331 396 39 20 har
388 396 53 21 hvar
459 397 39 20 och
518 402 25 15 en
563 397 38 20 sitt
618 398 122 25 personliga
759 397 68 26 tycke.
856 398 42 26 Jag

74 424 36 21 vill
127 424 65 20 också
207 424 47 21 icke
273 424 68 26 påstå,
361 426 32 19 att
411 424 83 27 platsen
509 424 28 27 på
553 424 222 28 Observatoriiberget
790 432 51 14 vore
857 426 40 21 den

73 452 86 21 absolut
177 452 136 27 lämpligaste
331 452 34 21 för
383 453 143 26 uppförandet
545 453 24 20 af
585 455 32 19 ett
639 453 134 25 ständerhus,
796 460 47 14 men
860 454 38 27 jag

74 481 36 20 vill
126 480 13 21 å
154 481 67 20 andra
240 480 61 21 sidan
320 481 59 20 hålla
396 481 53 26 före,
465 483 31 18 att
511 481 71 20 denna
596 481 56 26 plats
667 482 7 20 i
690 482 77 26 många
782 481 116 22 afseenden

73 508 40 21 har
131 508 82 26 ganska
232 510 59 19 stora
310 508 130 27 förtjenster,
460 509 64 20 bland
544 509 73 21 hvilka
636 509 75 21 främst
731 510 47 25 den,
797 511 32 19 att
847 516 51 15 vara

73 537 98 25 obebygd
188 539 55 18 samt
259 537 33 20 stå
307 539 32 18 att
354 536 93 21 erhållas
463 537 39 20 och
518 537 59 20 detta
592 537 73 25 gratis.
685 537 86 22 Platsen
787 537 7 20 i
810 538 40 21 och
865 538 34 21 för

74 565 33 25 sig
122 570 38 20 ger
175 564 90 21 sålunda
280 564 47 21 icke
342 564 115 26 anledning
471 565 33 20 till
519 565 173 25 anmärkningar.

143 592 61 20 Hvad
220 592 73 21 vidare
309 592 101 21 beträffar
426 593 40 20 den
482 592 147 27 anmärkning,
640 598 45 15 som
697 593 44 21 ofta
752 592 71 22 blifvit
832 593 65 21 fram-

74 620 56 21 stäld
150 622 57 18 emot
225 620 37 21 det
279 620 150 26 projekterade
446 620 151 21 ständerhuset
620 620 27 27 på
670 620 227 27 Observatoriiberget,

73 650 33 19 att
121 648 106 26 nemligen
243 648 63 20 huset
321 654 50 14 vore
387 648 135 26 synnerligen
539 648 118 26 skrytsamt
672 648 38 21 och
723 649 117 20 storartadt
850 655 49 19 pro-

72 676 115 27 jekteradt,
203 676 6 20 i
225 682 26 15 en
271 676 72 20 alltför
361 676 95 21 kostsam
477 676 76 26 stilart,
574 678 99 25 pompöst
687 682 19 15 o.
723 682 16 15 s.
755 682 26 20 v.,
797 676 24 20 sä
836 676 63 22 utber

71 705 39 26 jag
125 704 49 26 mig,
190 704 28 26 på
233 704 36 21 det
284 706 31 18 att
330 704 102 20 herrarne
447 704 7 20 i
470 705 69 19 denna
554 704 39 20 sak
609 704 34 21 må
663 704 22 20 få
700 710 25 15 en
741 704 65 26 något
821 704 24 20 så
860 706 38 19 när

74 733 48 21 klar
136 732 157 26 föreställning,
312 734 32 18 att
366 732 22 21 få
406 732 92 21 anställa
517 738 26 14 en
559 732 131 26 jemförelse.
723 732 43 21 Till
781 732 69 26 grund
865 732 34 21 för

75 762 69 20 denna
163 760 36 21 vill
217 761 38 26 jag
274 760 63 26 lägga
357 761 36 21 det
411 760 80 26 förslag
511 760 32 21 till
564 760 134 27 ständerhus,
718 767 45 15 som
785 760 36 21 vid
843 760 56 22 före-

74 789 82 27 gäende
172 789 103 25 landtdag
290 795 38 14 var
343 789 116 20 ständerna
477 789 108 25 förelagdt
603 789 33 21 till
655 789 131 26 granskning
805 789 38 21 och
863 789 36 21 be-

75 818 108 25 handling,
201 824 46 14 men
263 823 45 14 som
328 817 27 21 dä
373 816 46 22 icke
439 817 100 26 lyckades
559 817 63 21 vinna
641 817 62 21 deras
722 816 68 26 bifall,
810 817 19 20 d.
845 824 18 14 v.
881 824 15 14 s.

74 846 105 26 förslaget
193 846 33 20 till
241 845 132 27 uppförande
389 844 23 22 af
426 847 31 19 ett
473 845 148 21 treständshus
632 845 27 27 pä
669 846 109 25 gvarteret
789 844 108 22 Servalen.

71 869 68 35 Detta
149 874 90 25 "förslag
254 875 25 18 är
294 874 24 19 sä
334 873 83 27 mycket
432 874 127 25 lämpligare
575 874 69 20 såsom
661 874 68 25 grund
744 873 34 20 för
789 879 25 14 en
823 873 76 26 jemfö-
922 888 3 1 -

76 903 62 24 relse,
154 908 45 14 som
216 902 37 20 det
267 903 25 18 är
306 901 116 26 uppgjordt
437 901 23 20 af
474 907 81 14 samma
571 901 99 25 arkitekt,
687 907 44 14 som
742 901 101 26 uppgjort
858 901 41 20 för-

75 931 47 26 slag
138 930 32 20 till
187 929 150 21 ständerhuset
352 929 27 26 pä
399 929 229 26 Observatoriiberget.
661 929 43 20 Det
722 929 58 20 förra
796 929 104 26 förslaget

74 959 204 21 Ofverensstämmer
293 957 7 20 i
311 958 36 20 det
359 958 108 20 närmaste
483 957 47 20 med
547 957 37 20 det
593 963 106 20 program,
711 963 45 14 som
768 956 67 21 finnes
845 957 54 21 inta-

75 989 36 23 get
130 986 6 20 i
157 985 141 22 1877—1878
316 985 35 20 ärs
370 985 263 26 ständerhusdelegations
652 985 123 25 berättelse,
795 985 38 20 och
852 990 46 15 som

73 1015 39 26 jag
126 1020 29 14 nu
174 1014 39 25 gär
232 1015 33 19 att
279 1013 93 26 jemföra
391 1013 47 20 med
457 1015 152 24 programmet,
625 1019 45 14 som
685 1012 68 21 finnes
768 1013 7 20 i
791 1013 41 20 den
848 1013 52 20 sista

77 1041 291 26 ständerhusdelegationens
384 1041 115 20 berättelse
515 1040 13 21 &
543 1041 40 20 sid.
599 1041 19 25 8,
635 1040 55 21 efter
705 1041 81 20 hvilket
801 1040 46 21 äter
862 1041 38 20 rit-

77 1070 77 26 ningen
170 1070 33 20 till
219 1070 36 20 det
273 1075 41 21 nya
329 1068 150 22 ständerhuset
495 1070 24 19 är
534 1069 112 26 uppgjord,
662 1069 7 19 i
685 1068 24 21 sä
723 1070 53 19 nära
791 1068 109 21 öfverens-

76 1098 129 26 stämmelse,
221 1103 46 15 som
283 1103 47 15 man
347 1097 40 21 kan
403 1098 53 25 göra
470 1103 42 21 upp
529 1097 104 25 ritningar
649 1096 54 21 efter
719 1099 30 19 ett
764 1102 105 20 program.

144 1126 47 20 Här
207 1128 68 18 möter
290 1131 35 15 oss
341 1127 69 19 straxt
425 1131 25 15 en
467 1125 83 27 mycket
564 1126 67 26 vigtig
641 1124 39 22 och
691 1127 45 19 stor
747 1124 105 27 differens,
865 1126 36 20 det

76 1160 42 15 ena
132 1156 146 24 programmet
293 1155 24 19 är
332 1153 119 21 beräknadt
465 1153 34 21 för
515 1155 31 19 ett
561 1153 156 25 treständshus,
733 1154 36 20 det
785 1153 67 21 andra
867 1153 33 21 för

76 1184 32 20 ett
126 1181 170 27 fyraständshus.
327 1182 47 20 Den
393 1183 59 19 stora
474 1181 126 27 pleniisalen
622 1182 33 20 för
673 1181 42 21 250
737 1187 102 21 personer
861 1182 39 20 och

76 1210 127 21 dithörande
225 1210 116 21 kanslirum
365 1209 39 21 och
425 1209 81 21 förrum
526 1209 68 21 mäste
614 1209 72 21 derför
705 1210 45 20 helt
772 1209 39 21 och
833 1210 68 20 hället

76 1239 81 21 lemnas
180 1244 27 15 ur
223 1238 145 26 jemförelsen,
388 1244 48 14 men
455 1238 34 20 för
507 1237 66 27 öfrigt
588 1240 37 18 äro
641 1237 153 22 differenserna
809 1238 91 21 emellan

76 1267 37 21 det
128 1272 76 16 senare
220 1266 38 21 och
275 1266 36 21 det
325 1266 59 21 förra
399 1267 144 25 programmet
557 1266 82 26 ganska
655 1266 128 26 obetydliga.

145 1295 99 21 Punkten
265 1295 11 20 1
296 1296 104 24 upptager
415 1294 7 20 i
438 1294 37 20 det
492 1300 76 15 senare
587 1300 26 14 en
633 1294 76 26 rymlig
725 1294 39 21 och
779 1294 42 26 ljus
836 1294 65 21 vesti-

77 1323 35 21 bul
132 1325 57 18 samt
206 1329 25 14 en
252 1324 45 18 stor
316 1322 160 25 parad-trappa.
510 1321 152 21 Motsvarande
680 1322 68 25 punkt
766 1322 6 19 i
792 1322 36 19 det
843 1322 58 20 förra

76 1352 146 25 programmet
236 1351 105 25 upptager
356 1349 93 21 vestibul
464 1349 48 21 med
531 1349 146 27 paradtrappa
695 1349 39 20 och
753 1349 100 26 uppgäng
867 1349 34 21 till

76 1378 194 26 hufvudväningen.
305 1377 137 21 Beträffande
467 1377 158 26 pleniisalarne,
651 1379 105 24 upptager
782 1377 37 20 det
843 1377 59 21 förra

77 1407 146 26 programmet
238 1411 25 16 en
279 1406 32 20 sal
327 1405 34 20 för
380 1405 41 21 120
439 1405 39 20 och
497 1411 26 15 en
542 1411 69 14 annan
631 1405 34 20 för
680 1405 27 21 75
722 1411 109 20 personer,
847 1405 53 21 säle-

77 1435 39 20 des
130 1434 22 20 in
172 1440 84 15 summa
275 1433 14 21 2
307 1433 57 21 salar
383 1432 34 21 för
431 1433 142 20 tillsammans
591 1433 40 21 195
646 1439 112 20 personer;
775 1433 36 20 det
826 1439 75 15 senare

78 1463 47 20 &ter
135 1464 78 19 tvenne
221 1462 58 21 salar
289 1461 34 20 för
334 1461 42 21 100
386 1467 102 20 personer
499 1461 112 25 hvardera,
622 1461 84 20 säledes
717 1461 141 20 tillsammans
869 1461 32 21 för

77 1491 44 21 200
135 1496 110 21 personer.
275 1489 116 21 Skilnaden
406 1489 7 20 i
429 1490 114 25 utrymmet
557 1490 25 19 är
597 1489 84 20 säledes
692 1489 76 20 endast
777 1488 34 21 för
825 1489 14 20 5
854 1495 48 20 per-

78 1525 64 15 soner
156 1524 61 15 mera
231 1518 7 20 i
254 1518 37 20 det
305 1523 76 15 senare
395 1519 152 24 programmet.
576 1517 47 20 Den
638 1516 70 26 tredje
723 1517 59 20 salen
797 1518 25 18 är
837 1517 44 20 lika
894 1516 7 21 i

776 1555 24 17 49
