1095 1773
238 137 34 33 848
496 141 91 23 Borgarest.
598 139 44 21 1885.
663 140 23 19 30
697 141 49 23 April.

217 212 61 21 lands
293 212 55 21 bank
363 214 23 19 är
401 212 31 20 ett
447 210 146 22 affärsinstitut
608 210 38 21 och
664 210 33 21 för
716 210 52 21 hvar
787 209 38 22 och
844 216 25 14 en
889 215 44 16 som
949 209 77 27 syssel-

217 242 43 20 satt
276 240 32 28 sig
324 242 47 20 med
387 240 210 21 affärsförhällanden
617 239 65 21 mäste
702 239 35 21 det
756 244 49 16 vara
821 238 127 28 fullkomligt
963 238 63 27 klart,

217 271 32 19 att
264 270 36 20 det
313 276 50 14 vore
377 269 33 21 till
426 269 66 21 skada
507 268 32 21 för
555 268 100 22 Finlands
670 268 62 26 bank,
748 269 31 20 att
793 268 7 20 i
817 268 138 27 reglementet
970 267 56 22 stad-

217 304 38 21 gas
278 304 33 15 om
330 298 65 27 några
414 297 201 27 kompetensvilkor;
638 297 100 21 särskildt
759 297 34 21 vill
813 297 36 27 jag
868 297 113 22 framhålla
996 299 31 19 att

218 327 36 21 det
269 333 49 14 vore
333 326 117 27 olämpligt,
465 328 38 19 när
519 326 36 21 det
569 326 67 25 gäller
651 325 134 22 besättandet
799 325 23 22 af
839 332 25 15 en
884 326 142 21 direktörsbe-

216 355 94 26 fattning
325 355 6 20 i
347 355 100 20 Finlands
463 355 61 25 bank,
540 360 33 15 om
589 354 64 26 nägra
664 354 191 27 kompetensvilkor
867 354 48 21 med
927 354 99 21 afseende

217 383 13 20 &
246 383 85 26 spräket
346 383 68 21 skulle
430 383 122 26 uppställas.
582 382 41 26 Jag
638 384 66 19 sätter
719 389 57 14 mera
791 383 63 20 värde
868 383 28 26 pä
911 385 31 19 att
956 383 21 20 fä
992 383 34 21 till

218 411 93 21 direktör
327 412 6 20 i
349 410 103 22 Finlands
468 411 54 20 bank
538 417 25 14 en
579 417 53 19 man,
645 410 48 21 fullt
704 410 87 27 kapabel
804 412 31 19 att
847 410 61 21 sköta
920 417 24 15 en
961 411 64 20 bank-

218 439 230 26 direktörsbefattning,
463 445 44 14 som
523 439 40 20 kan
579 439 93 20 hvarken
689 439 89 20 svenska
793 439 52 20 eller.
860 438 73 26 finska,
950 440 25 19 än
988 439 38 26 jag

218 469 66 19 sätter
306 467 44 26 vigt
371 467 27 26 pä
416 469 32 19 att
466 467 21 20 få
504 473 26 14 en
549 467 80 20 mindre
648 467 86 26 lämplig
756 473 46 14 man
822 467 46 20 med
887 467 116 20 kännedom
1019 467 6 20 i

217 495 104 21 hvardera
339 495 61 21 dessa
416 495 68 26 spräk.
518 494 48 21 Man
582 494 61 21 reder
658 495 32 26 sig
704 495 7 20 i
729 493 146 22 affärsinstitut
892 495 82 26 mycket
992 495 33 20 väl

217 529 75 21 genom
308 526 31 19 att
353 523 21 22 fä
389 523 101 21 assistens
505 523 34 21 vid
555 523 98 26 beröring
668 523 47 21 med
730 523 99 26 publiken
845 523 23 21 af
881 523 67 27 nägon
964 523 23 21 af
1000 523 26 22 de

218 552 68 27 öfriga
301 558 129 21 personerna
444 552 27 27 pä
485 552 104 21 kontoret.
611 551 11 22 I
636 551 100 22 Finlands
752 551 66 22 banks
833 552 90 21 intresse
938 552 36 21 vill
988 552 37 27 jag

217 581 71 21 derför
310 581 85 21 förorda
416 583 32 19 att
469 581 46 21 icke
534 581 63 26 nägot
615 580 192 27 kompetensvilkor
825 581 64 21 mätte
909 581 116 26 uppställas

216 609 34 22 för
265 610 88 26 tjenster
368 611 6 20 i
390 609 101 21 Finlands
507 609 62 26 bank,
584 609 90 21 förutom
691 609 39 21 den
746 609 103 26 juridiska
867 609 157 28 kompetensen,

218 644 44 15 som
286 638 105 21 erfordras
413 637 33 21 för
466 638 144 21 sekreteraren
633 637 38 21 och
694 637 183 27 ombudsmannen,
893 638 132 21 beträffande

217 666 72 21 hvilka
304 667 35 20 det
351 666 63 21 likväl
430 668 24 19 är
466 666 106 27 sjelffallet
583 668 31 18 att
625 666 90 21 vilkoret
726 672 32 15 om
770 666 95 27 kunskap
880 667 6 20 i
899 667 53 21 båda
967 666 58 27 sprä-

216 694 40 21 ken
273 695 110 26 uppfylles,
400 701 33 14 om
449 695 26 20 de
489 694 63 21 hafva
567 694 39 21 den
617 694 104 26 juridiska
732 695 155 26 kompetensen.

286 723 68 21 Sedan
373 723 145 20 diskussionen
538 722 107 27 angäende
664 722 11 27 &
695 723 11 21 7
725 723 52 20 härä
795 722 113 22 förklarats
927 723 97 26 afslutad,

217 751 45 21 blef
278 752 51 20 1:sta
345 753 114 19 momentet
473 751 6 20 i
495 751 68 21 denna
578 751 11 26 $
605 750 22 21 af
641 751 83 20 ståndet
739 751 134 21 oförändradt
889 751 113 27 godkändt.

285 779 132 22 Beträffande
436 779 59 21 2:dra
514 781 114 19 momentet
647 780 110 25 uppstälde
776 779 49 21 herr
842 780 120 21 talmannen
986 779 39 21 föl-

216 808 64 27 jande
295 808 140 27 proposition:

286 835 39 27 De,
341 835 67 21 hvilka
422 835 111 27 godkänna
551 835 64 21 2:dra
633 837 107 19 momentet
754 835 9 21 i
782 831 15 35 $
809 836 14 19 7
837 836 139 25 oförändradt
990 843 35 14 en-

218 864 37 28 ligt
270 864 106 21 utskottets
391 863 132 28 betänkande,
539 870 60 15 svara
611 864 36 29 ja;
663 864 30 27 de,
709 864 32 21 det
756 864 42 21 icke
811 865 56 26 göra,
883 871 61 15 svara
958 865 45 28 nej;

286 894 72 21 vinner
372 894 40 28 nej,
428 893 39 22 har
481 893 167 28 borgareståndet
662 893 116 28 föredragit
791 893 100 22 komiténs
904 893 79 28 förslag
994 894 32 21 till

217 923 76 27 lydelse
307 923 35 26 för
356 923 63 21 2:dra
434 925 108 19 momentet
556 923 9 21 i
579 923 63 26 sagda
653 923 110 26 paragraf.

286 951 33 22 Då
335 952 67 21 denna
417 952 129 27 proposition
562 952 126 21 besvarades
704 953 47 20 med
767 951 153 28 öfvervägande
930 953 28 26 ja,
972 953 53 21 hade

218 981 84 20 ståndet
317 981 82 20 således
418 981 93 25 godkänt
531 981 11 21 7
561 981 44 26 $:ns
623 981 59 20 2:dra
701 982 91 19 moment
807 980 136 23 oförändradt
960 981 66 26 enligt

218 1009 115 21 utskottets
348 1009 86 26 förslag.

288 1037 56 20 Herr
359 1037 121 21 talmannen
495 1037 111 27 uppstälde
621 1037 51 20 härå
689 1038 122 25 ytterligare
830 1037 92 26 följande
938 1039 88 20 omröst-

218 1065 201 27 ningsproposition:

286 1093 39 26 De,
344 1093 67 21 hvilka
430 1093 9 20 i
457 1093 64 26 öfrigt
536 1093 110 27 godkänna
665 1093 15 28 $
700 1095 14 19 7
729 1093 136 26 oförändrad,
880 1095 56 20 rösta
948 1094 38 28 ja;
1002 1093 24 21 de

220 1121 33 21 det
267 1121 43 22 icke
323 1123 57 25 göra,
395 1123 57 19 rösta
467 1123 45 26 nej;

286 1151 72 20 vinner
372 1150 39 26 nej,
427 1149 39 22 har
479 1151 83 20 ståndet
573 1149 81 22 beslutit
664 1151 149 20 återremittera
825 1150 159 22 bankutskottets
994 1151 32 25 fö-

218 1179 113 20 revarande
352 1178 127 21 betänkande
497 1179 32 20 till
546 1178 94 22 utskottet
657 1180 35 25 för
706 1181 30 19 att
751 1179 138 27 omredigeras
903 1179 9 21 i
926 1180 33 21 det
972 1179 54 27 syfte

219 1207 39 21 den
273 1207 31 20 till
319 1206 135 22 betänkandet
468 1207 75 27 fogade
553 1208 150 21 reservationen
718 1208 97 26 angifver.

287 1236 33 21 Då
335 1237 67 20 denna
417 1237 128 26 proposition
561 1236 127 21 besvarades
704 1237 46 20 med
766 1237 27 20 33
802 1237 23 26 ja
836 1237 38 20 och
884 1237 25 21 17
920 1237 40 26 nej,
973 1236 54 21 hade

219 1264 85 22 ståndet
322 1265 82 21 således
423 1264 60 21 äfven
503 1265 6 20 i
530 1265 67 26 öfriga
615 1265 59 20 delar
688 1265 92 26 godkänt
796 1265 11 27 $
823 1265 12 21 7
850 1265 6 20 i
872 1265 93 26 enlighet
979 1265 49 21 med

219 1293 113 21 utskottets
347 1293 85 26 förslag.

288 1321 24 28 $$
327 1321 68 22 8—11
411 1321 122 28 godkändes
549 1321 102 22 likaledes
666 1323 50 20 utan
731 1321 94 28 ändring.

287 1350 134 22 Beträffande
436 1350 12 27 $
464 1351 26 21 12
505 1351 82 26 yttrade
603 1351 32 26 sig
650 1350 92 27 följande
758 1350 75 21 talare:

288 1379 55 21 Herr
354 1379 105 27 Nybom:
475 1379 40 26 Jag
527 1379 68 20 skulle
604 1379 65 20 önska
680 1381 31 19 ett
720 1379 74 26 tillägg
805 1379 33 21 till
850 1379 68 21 denna
929 1378 101 28 paragraf

220 1408 79 26 derom,
314 1409 32 20 att
360 1407 61 22 äfven
434 1407 231 22 revisionsberättelsen
676 1407 69 22 skulle
760 1407 6 21 i
782 1407 59 28 tryck
853 1407 157 28 offentliggöras
1021 1407 7 21 i

220 1436 66 21 likhet
302 1437 46 20 med
363 1436 55 21 hvad
433 1436 7 21 i
455 1436 126 27 föregående
596 1436 100 27 paragraf
709 1437 85 25 stadgas
809 1442 32 15 om
857 1436 170 21 årsberättelsen.

288 1465 54 21 Herr
357 1465 129 21 Rosenius
501 1465 142 20 understödde
658 1464 49 22 herr
721 1465 93 27 Nyboms
829 1465 85 27 förslag.

288 1493 69 21 Sedan
379 1492 147 22 diskussionen
545 1492 107 26 angående
667 1493 13 27 $
694 1492 92 22 12:härå
801 1493 113 21 förklarats
929 1493 99 25 afslutad,

220 1521 111 27 uppstälde
345 1522 50 20 herr
409 1521 121 21 talmannen
542 1521 34 21 till
588 1520 93 22 ståndets
693 1521 130 21 besvarande
834 1521 93 27 följande
939 1522 89 20 omröst-

219 1550 202 26 ningsproposition:
646 1558 3 4 ä
