1109 1731
364 118 96 40 Bergarest.
466 121 44 21 1888,
528 120 22 22 48
557 120 55 27 April,
840 122 32 20 ut

82 190 38 22 och
136 182 47 30 med
196 190 84 23 arbeta;
290 191 47 22 med
356 191 82 23 förlust.
468 192 96 23 Trafiken
576 191 114 23 derstädes
704 191 58 23 har
755 178 15 45 i
779 191 115 24 allmänhet

82 219 102 23 minskats
199 220 66 22 sedan
280 220 46 22 icke
340 220 75 26 längre
430 220 23 22 så
468 220 82 27 mycket
565 220 116 27 penningar
695 218 101 26 strömma
810 220 33 23 till
856 220 36 23 Sar

81 247 82 26 volaks;
177 248 55 21 efter
250 248 40 22 det.
303 248 105 28 skogarna.
422 248 34 22 till
468 251 46 19 stor
527 248 36 22 del
577 248 71 22 blifvit
662 248 113 27 uthuggna.
804 248 42 23 Det
868 250 26 22 är

81 271 36 35 ett:
130 264 82 38 ganska
229 276 117 26 beklagligt
359 276 81 23 faktum
456 278 31 20 att
502 283 44 16 mer
561 278 26 21 än
601 276 81 23 hälften
698 276 22 23 af
734 277 26 24 de
774 277 60 22 äldre
848 278 44 22 vat-

81 304 127 31 tensägarna
230 304 34 22 vid
284 304 84 22 Saimen
386 305 38 21 och
440 305 48 21 dess
504 304 102 23 tilllöden
621 310 87 17 numera
722 304 64 23 hafva
801 306 90 26 upphört

82 332 46 21 med
148 332 32 21 sin
194 332 140 22 verksamhet.
355 332 120 27 Ingenting
491 333 113 22 motiverar
618 332 84 23 derföre
717 335 31 20 att
763 339 57 16 man
825 334 67 22 under

80 359 47 22 den:
139 359 64 22 korta
222 360 36 25 tid,
272 366 47 15 som
337 360 95 23 kommer
446 362 32 20 att
491 360 85 27 förflyta
589 360 91 22 emellan
696 360 39 22 den
751 361 141 27 uleåborgska

80 383 80 34 banans
182 372 148 46 fullbordande
350 388 38 22 och"
407 390 60 20 nästa
482 389 149 25 ständermöte,
646 390 74 24 genast
735 389 69 22 skulle
819 389 72 23 skrida

79 416 39 22 till.
134 416 114 22 utförande
264 416 24 22 af
304 416 178 27 Savolaksbanan,
498 418 6 22 i
516 401 118 47 synnerhet
648 422 44 17 som
708 416 36 23 det
758 416 66 24 fignes
840 418 51 22 min-

79 445 39 21 dre
143 445 196 27 bansträckningar,
364 452 34 16 om
424 434 82 34 hvilkas
530 445 95 27 rigtning
651 445 241 28 meningsskiljaktighet

79 473 105 27 knappast
194 473 120 27 förefinnes,
325 474 25 22 sä
364 475 31 21 att
406 474 7 22 i
425 474 72 26 hvarje
512 474 37 22 fall
564 474 66 26 något
644 473 80 24 afbrott
737 474 7 21 i
758 474 133 27 jernvägsar-

61 524 3 3 .
80 502 59 21 betet
157 502 19 27 ej:
196 502 100 22 behöfver
310 502 84 22 inträda
408 502 52 22 eller
472 502 247 27 jernvägsingeniörerne
734 502 67 22 sakna
815 503 77 27 syssel-

80 531 98 26 sättning.
200 530 32 22 En
248 530 24 22 så
282 531 108 22 beskaffad
403 531 89 27 jernväg
507 537 50 15 vore
573 537 25 16 en
614 531 54 22 bana
678 530 45 23 från
734 531 114 27 Jyväskylä
856 532 35 22 till

79 559 128 26 Pihlajavesi
222 560 53 21 eller
289 560 69 26 någon
372 566 69 15 annan
456 560 67 26 punkt
536 560 29 26 pä
579 559 131 26 Vasabanan,
719 560 87 22 emedan
822 566 26 16 en
858 560 33 22 sä-

78 588 42 21 dan
142 587 96 27 förening
260 587 23 21 af
304 588 82 21 landets
405 588 109 22 mellersta
531 588 41 26 del,
588 587 84 23 trakten
692 587 60 27 kring
770 588 121 27 Jyväskylä,

79 615 39 23 och
126 615 126 23 Vasabanan
267 616 55 21 ändå
336 616 44 22 förr
395 616 53 21 eller
462 622 74 16 senare
552 616 38 22 bör
606 616 82 23 komma
698 616 31 21 till
742 615 68 23 stånd,
831 616 61 22 Derir

78 650 76 20 genom
174 644 53 21 skall
243 644 69 21 denna
326 644 96 22 landsort
437 644 84 22 komma
535 644 7 20 i
557 646 97 19 närmare
669 644 99 26 beröring
784 644 46 23 med
845 644 46 24 icke

79 672 55 28 blott
149 672 143 22 Tammerfors
312 673 38 22 och
365 666 53 33 Åbo,
433 675 51 20 utan
502 672 61 23 äfven
578 672 72 23 Vasa...
670 672 32 23 En
720 678 68 17 annan
811 673 80 22 mindre

79 701 169 27 bansträekning,
263 707 51 16 som:
329 701 20 27 ej
373 701 67 22 heller
461 701 69 22 blifvit
551 701 98 26 motsagd
666 700 28 27 pä
711 700 65 26 något
792 700 44 23 håll
852 701 40 23 och

79 735 47 17 som
147 729 95 23 kommer
264 732 32 20 att
316 730 74 21 utöfva
412 731 32 21 ett
464 730 80 26 ganska
563 731 54 20 stort
634 728 113 28 inflytande
761 729 33 27 pä
803 730 87 26 trakter,

80 761 48 20 som'
147 758 57 27 ligga
225 758 105 22 isolerade
352 758 47 23 från
421 758 36 22 det
479 758 68 27 öfriga
565 758 79 26 landet,
659 759 24 22 är
701 757 139 23 bansträckan
855 758 35 23 Vi-

79 787 75 27 borg
161 782 109 37 Jääskis—
275 782 84 37 Imatra,
370 787 68 23 hvars:
449 787 109 27 byggande
570 786 137 27 naturligtvis
722 787 124 22 förutsätter
861 788 31 22 att

78 816 100 22 Vuoksen
193 816 109 27 samtidigt
316 816 68 22 skulle
399 816 138 22 kanaliseras.
562 815 126 23 Utförandet
702 815 24 23 af
740 816 62 21 dessa
815 817 76 21 tvenne

76 844 114 27 jernvägar
205 844 69 22 skulle
288 844 104 22 :mähända
408 845 123 22 medhinnas
545 844 46 22 förr
605 846 26 20 än
646 846 32 20 ett
692 846 46 24 nytt
748 844 142 23 ständermöte
905 867 2 2 .

80 873 159 22 sammanträdt.
268 872 41 23 Till
331 874 63 22 deras
417 873 116 22 utförande
550 872 90 23 behöfde
661 872 19 26 ej
701 872 67 22 heller
783 872 108 24 utländskt

80 902 34 22 län
129 904 110 24 upptagas,
254 902 39 20 och
310 908 46 15 man
372 902 69 21 kunde
456 902 83 21 således
556 901 69 22 tillika
639 900 113 27 uppskjuta
768 900 74 26 frågan
854 906 35 18 om

79 930 134 26 upptagande
228 930 23 20 af
266 930 32 21 län
315 930 31 21 till
363 932 59 19 nästa
437 930 107 26 landtdag.

145 958 31 21 På
198 958 67 26 grund
284 958 24 21 af
325 958 55 21 hvad
393 958 38 26 jag
445 964 27 15 mu
487 958 45 22 haft
548 959 51 20 äran
614 957 73 22 anföra
702 956 70 22 skulle
784 957 37 27 jag
836 957 57 23 före-

77 986 33 22 slå
126 988 31 19 att
170 986 176 26 borgareständet
361 986 49 22 ville
426 986 32 22 för
472 986 33 22 sin
519 986 35 22 del
570 986 100 27 förklara,
682 987 31 21 att
727 986 36 21 det
777 985 46 23 icke
838 985 51 23 kun,

78 1016 37 20 nat
129 1014 119 26 :godkänna
269 1015 41 21 den
331 1015 34 21 för:
387 1021 25 15 en
431 1015 109 22 stambana
562 1014 32 23 till
609 1014 103 22 Savolaks
728 1020 26 16 nu
770 1014 124 26 föreslagna:

78 1043 156 27 sträckningen,
249 1045 56 20 utan.
322 1049 62 16 anser
403 1044 71 21 större
496 1042 121 23 erfarenhet
639 1042 125 26 erforderlig
782 1042 108 27 angående

78 1072 40 21 den:
142 1071 135 25 rentabilitet,
292 1077 45 19 som
361 1071 46 22 från
423 1071 65 22 Vasa-
507 1071 39 22 och
562 1071 212 27 Uleåborgsbanorna
791 1070 40 24 kan
854 1070 36 28 pä-

78 1100 85 25 räknas,
178 1100 63 22 innan
264 1102 30 19 ett
317 1100 103 22 definitivt
438 1100 70 21 beslut
522 1100 41 22 kan
577 1100 95 25 fattas,
663 1095 12 34 i
687 1100 84 21 hvilken
786 1099 104 23 utsträck-

80 1128 49 28 ning
149 1128 223 27 jernvägsbyggnader
394 1128 55 23 inom
464 1128 112 23 Savolaks
597 1128 61 22 skola
679 1127 89 26 utföras,
783 1130 55 21 samt
859 1129 32 22 att

78 1157 176 27 borgareständet
275 1157 69 22 tillika
366 1156 69 23 funnit
457 1158 38 24 att,
514 1156 54 22 efter:
589 1157 41 22 den
652 1156 141 26 uleäborgska
811 1156 79 23 banans

77 1184 178 28 färdigblifvande
271 1186 38 21 och
324 1185 55 22 intill
394 1186 50 22 dess
455 1186 55 21 1888
523 1186 36 22 års
572 1186 90 22 ständer
675 1185 54 21 varit
743 1186 7 20 i
764 1184 85 24 tillfälle
858 1186 33 22 att

78 1214 68 21 uttala
167 1214 32 25 sig
221 1220 33 15 om
272 1214 170 26 jernvägsnätets
461 1214 72 22 vidare
551 1214 154 26 fullbordande,
720 1214 26 23 de
762 1214 64 23 redan
841 1214 49 22 ifrä-

78 1244 84 25 gasatta
184 1242 128 22 bandelarne
332 1242 97 22 emellan.
442 1242 115 27 Jyväskylä
580 1243 37 21 och
636 1242 86 28 lämplig
741 1242 149 27 anknytmings-

78 1271 68 27 punkt
160 1270 13 22 &
186 1270 172 27 Vasajernvägen
374 1273 54 20 samt
443 1270 89 23 emellan
547 1270 87 27 Viborg,
652 1270 85 23 Jääskis
752 1271 42 23 och
811 1270 79 24 Imatra

78 1301 95 19 pärmast.
182 1299 70 21 borde
267 1299 85 27 byggas.

148 1327 55 22 Herr
217 1327 124 26 Högman:
363 1314 112 44 Förslaget
491 1329 33 20 att
536 1327 74 23 utföra
625 1334 25 15 en
665 1327 55 23 bana
735 1326 46 24 frän
796 1327 95 27 Kaipiais

79 1355 33 22 till
127 1356 82 26 Kuopio
224 1356 40 21 har
276 1356 35 21 för
324 1356 33 21 sin
367 1355 115 27 uppkomst
494 1357 31 20 att
535 1356 64 22 tacka
609 1356 39 22 den
658 1356 190 26 omständigheten,
858 1357 32 22 att

80 1390 47 16 man
138 1384 46 21 helt
194 1384 39 22 och
243 1384 68 22 hållet
322 1384 75 22 afstätt
408 1383 45 23 från
463 1386 34 20 att
511 1384 87 22 försöka
612 1384 22 22 få
648 1383 33 22 för
695 1384 33 26 sig
744 1384 76 25 utredt,
836 1384 54 23 huru

79 1412 116 27 gestaltadt
204 1414 33 20 ett
251 1412 146 22 stambanenät
412 1412 6 20 i
433 1412 31 22 sin
473 1412 79 22 :helhet
561 1412 67 23 borde
640 1418 57 19 vara,
708 1412 34 22 för
753 1414 31 18 att
798 1412 32 22 för
845 1412 45 22 laa-

80 1441 36 21 det
130 1440 96 22 medföra
240 1441 26 21 de
282 1442 78 20 största
375 1440 127 26 fördelarne,
513 1440 39 22 och
563 1440 133 22 uteslutande
710 1440 63 22 fattat
781 1440 109 26 jernvägs-

79 1468 74 27 frågan
172 1468 34 22 vid
224 1469 69 21 denna
312 1468 102 27 landtdag
428 1468 72 22 såsom
518 1474 27 16 en
562 1468 68 27 fråga,
647 1468 118 23 berörande
781 1468 107 23 Savolaks'

81 1497 38 22 och
135 1496 101 23 särskildt
251 1496 83 28 Kuopio
344 1497 68 23 stads
427 1496 112 24 intressen,
555 1518 2 2 .
568 1496 32 23 Ur
610 1496 28 23 sä
652 1496 106 23 exklusivt
772 1496 56 23 lokal
842 1502 49 21 syn-

80 1526 67 27 punkt
162 1526 38 21 har
215 1532 48 16 man
279 1526 97 26 vanligen
387 1525 45 23 icke
442 1526 58 22 förut
508 1525 108 27 uppfattat
624 1524 206 28 jernvägsfrägorna.
849 1524 42 24 För
