1111 1773
377 135 92 23 Bopyjarest.
481 135 45 19 1885.
544 135 15 19 2
571 135 39 23 Maj.
844 136 35 18 925

78 202 38 22 för
128 204 157 26 garanterande
301 204 22 21 af
337 206 76 20 räntan
428 204 28 27 pä
472 204 36 21 det
522 204 88 27 kapital,
626 210 45 15 som
686 204 34 21 för
735 204 80 22 banans
831 204 72 22 åstad-

81 231 126 22 kommande
223 232 108 22 erfordras
347 232 84 22 utöfver
446 233 41 21 den
502 238 88 20 summa,
601 238 45 16 som
658 232 24 22 af
692 232 129 22 statsverket
832 232 70 22 skulle

82 260 81 21 lemnas
178 260 33 21 till
226 260 113 27 företaget.
361 260 42 27 Jag
418 260 34 22 får
467 260 73 22 derför
553 260 28 27 på
596 260 36 21 det
646 263 107 19 varmaste
767 261 88 21 förorda
866 266 37 16 an-

81 288 102 26 tagandet
192 288 28 21 :af
234 288 37 21 det
285 288 87 27 förslag,
388 295 46 15 som
450 289 50 21 herr
515 288 105 22 Sanmark
634 288 39 22 har
688 288 131 22 formulerat.

149 316 42 27 Jag
209 316 70 22 skulle
297 317 54 20 visst
369 316 64 22 hafva
450 319 71 19 ansett
540 316 122 27 lämpligast
680 318 32 20 att
730 317 69 21 banan
817 317 28 27 på
859 318 44 20 sta-

81 346 48 19 tens
151 345 118 20 bekostnad
292 345 55 21 hade
365 345 62 26 bygts
446 345 39 21 och
503 344 121 22 trafikerats
644 345 39 21 och
694 345 75 21 Kotka
787 346 47 20 stad
855 346 48 20 med

81 372 130 27 erläggande
226 372 23 21 af
263 372 47 21 sina
325 372 92 26 500,000
432 372 60 22 mark
507 373 90 21 sålunda
612 373 55 21 varit
681 372 27 22 fri
723 372 48 21 från
786 373 29 21 all
829 373 74 21 vidare

81 400 138 27 inblandning
234 400 6 21 i
256 400 111 27 företaget.
392 401 31 27 Ty
438 407 49 15 man
502 401 68 21 måste
585 400 50 26 tåga
645 402 7 20 i
663 400 147 26 betraktande,
822 402 31 20 att
867 400 36 22 det

81 428 28 27 pä
124 434 26 15 en
161 431 34 18 ort
208 428 49 21 med
267 428 211 27 liflig-affärsrörelse
488 430 52 19 utan
550 428 74 21 tvifvel
634 435 51 14 vore
696 429 100 26 lägligast
806 428 33 21 för
855 429 47 26 den,

82 462 45 15 som
143 457 39 21 har
197 456 65 27 nägot
276 459 32 19 att
323 456 67 22 skaffa
405 457 49 21 med
466 457 123 26 jernvägen,
599 458 33 19 att
641 457 123 21 densamma
775 457 68 21 skulle
859 462 44 15 om-

81 485 144 26 händertagas
240 485 24 21 af
277 487 70 19 staten
363 485 39 21 och
416 485 47 22 icke
478 485 24 21 af
515 485 98 21 enskilda
626 491 108 20 personer.

151 514 56 21 Herr
224 520 19 14 v.
258 513 101 22 Pfaler:
381 514 42 26 Jag
440 513 39 22 ber
498 513 75 22 endast
591 515 32 19 att
641 513 22 21 få
678 513 116 21 formulera
809 513 36 21 det
860 513 43 21 för-

82 542 53 26 slag,
152 548 45 15 som
210 541 37 27 jag
262 542 133 26 understödt,
412 542 27 21 dä
454 542 118 21 detsamma
586 541 58 21 förut
658 541 47 22 icke
720 541 70 21 blifvit
804 543 99 20 närmare

82 569 146 22 formuleradt.
258 570 43 21 Det
320 569 70 22 skulle
405 570 57 26 gälla
478 571 31 20 ett
523 570 76 26 tillägg
613 570 33 20 till
662 570 40 20 den
718 569 22 21 af
753 570 105 21 utskottet
872 569 31 21 fö-

81 598 100 27 reslagna
195 598 107 21 klämmen
318 598 23 21 af
354 597 94 28 följande
463 598 91 27 lydelse:
571 597 70 28 ,Eller
656 598 56 25 att,i
728 597 101 22 händelse
843 598 60 21 Hans

81 626 122 27 Kejserliga
214 626 103 26 Majestät
331 626 47 21 icke
389 628 71 19 ansett
470 625 162 28 ifrägavarande
642 626 177 26 amorteringslän
832 626 71 21 kunna

81 655 98 26 beviljas,
194 655 70 20 denna
282 655 55 20 bana
357 654 66 21 måtte
438 654 133 21 omedelbart
585 654 7 20 i
608 654 151 26 sammanhang
775 654 48 21 med
838 653 65 22 Savo-

82 683 118 21 laksbanan
214 683 81 26 byggas
310 683 28 26 pä
353 685 81 18 statens
449 681 138 22 bekostnad”.

151 711 56 20 Herr
228 710 125 25 Neovius:
375 710 42 27 Jag
439 710 38 21 vill
496 712 45 19 mot
558 710 50 21 herr
627 709 115 21 Sanmarks
761 712 86 19 senaste
861 711 42 25 ytt-

79 739 70 21 rande
167 738 113 21 framhälla
299 740 32 19 att
349 738 41 21 han
409 738 51 27 sjelf
475 738 74 27 påstår
563 740 32 19 att
609 737 177 22 Fredrikshamns
801 738 62 20 hamn
879 739 24 20 är

81 767 64 26 ingen
159 767 70 21 hamn.
251 766 169 21 Dä'emellertid
435 767 32 20 uti
482 767 26 20 de
524 767 32 20 till
565 765 208 27 jernvägsutskottet
782 765 121 22 inlemnade

82 795 126 27 handlingar
230 795 131 26 framhälles,
380 797 32 19 att
434 795 36 21 det
488 797 25 18 är
526 801 31 14 en
575 794 41 27 god
635 793 71 27 hamn,
726 793 24 22 sä
768 793 95 27 framgår
878 794 25 26 ju

81 824 64 21 häraf
159 826 32 19 att
205 823 126 26 fullständig
346 824 114 25 utredning
476 829 34 15 om
526 823 69 21 denna
610 822 165 27 bansträckning
789 823 47 20 icke
847 822 56 21 före-

83 852 74 27 ligger.
180 852 43 21 Det
237 858 50 15 vore
304 851 72 21 derför
391 851 94 26 önskligt
500 853 32 19 att
547 851 40 21 den
599 851 114 27 utredning
725 851 49 20 herr
785 850 118 27 Schyberg-

82 886 39 16 son
140 881 89 27 päyrkat
243 880 110 26 verkligen
370 879 69 22 skulle
455 880 164 21 åstadkommas.
649 878 68 22 Äfven
732 879 73 26 tycker
819 879 37 26 jag
871 879 32 21 att

82 911 32 19 ett
136 911 65 19 annat
222 909 99 27 yttrande
342 908 25 21 af
387 909 49 21 herr
455 908 104 22 Sanmark
578 907 84 21 fordrar
680 907 125 26 detsamma,
821 909 22 25 ty
861 906 42 22 han

82 937 125 21 framstälde
229 938 32 20 att
282 937 53 21 hans
358 937 56 27 äsigt
435 943 58 19 vore,
512 938 31 19 att
565 936 3 20 i
593 935 101 22 händelse
717 935 186 27 utgängspunkten

82 965 71 21 blefve
172 965 103 26 Kaipiais,
291 965 24 20 sä
333 971 51 14 vore
403 966 36 19 det
454 965 128 25 naturligast
596 966 32 18 att
642 964 50 21 leda
706 964 69 20 banan
789 964 34 20 till
837 963 66 21 Fred-

79 993 119 26 rikshamn,
214 999 48 14 men
281 993 55 20 dock
353 993 115 20 förordade
486 992 41 21 han
543 991 28 27 pä
585 991 67 21 andra
667 991 47 21 skäl
729 991 41 21 den
785 991 68 21 andra
866 991 37 20 ba-

82 1027 48 15 nan.
161 1021 45 21 Här
223 1021 74 26 tyckes
315 1020 62 21 äfven
396 1021 67 20 saken
481 1020 47 21 icke
546 1026 51 14 vara
616 1019 49 21 fullt
682 1019 84 26 utredd,
782 1019 40 21 och
840 1025 63 20 synes

83 1050 44 26 mig
150 1049 71 22 derför
243 1049 50 22 herr
315 1048 160 27 Schybergsons
497 1048 94 27 yrkande
609 1053 51 16 vara
679 1047 130 27 fullkomligt
827 1047 76 21 konse-

82 1080 76 24 avent;
174 1077 39 22 och
228 1077 28 21 dä
271 1077 48 21 mitt
333 1077 68 21 första
415 1077 106 27 yttrande,
536 1078 59 19 utom
611 1075 23 22 af
647 1077 50 21 herr
712 1075 129 27 Serlachius,
855 1075 48 22 blif-

80 1106 34 21 it
123 1105 127 22 understödt
264 1105 63 21 äfven
342 1105 23 21 af
379 1105 74 22 herrar
468 1105 147 27 Schybergson
631 1105 39 21 och
685 1104 84 26 Heikel,
785 1104 24 21 sä
819 1104 37 21 vill
865 1104 38 27 jag

81 1135 125 26 ytterligare
221 1133 58 22 hälla
293 1133 28 27 pä
336 1134 124 21 detsamma.

151 1162 56 21 Herr
227 1161 153 28 Malmgren:
402 1162 42 27 Jag
462 1161 86 22 förenar
565 1162 43 26 mig
628 1167 34 16 om
677 1162 41 21 den
734 1161 107 27 slutkläm,
857 1168 45 15 som

82 1191 50 21 herr
147 1197 19 14 v.
182 1190 71 21 Pfaler
268 1191 40 20 har
322 1190 132 21 formulerat.

152 1219 69 21 Sedan
244 1219 150 21 diskussionen
416 1219 87 20 härmed
526 1219 116 21 förklarats
666 1219 101 26 afslutad,
790 1219 113 26 uppstälde

81 1247 52 21 herr
151 1247 121 21 talmannen
294 1247 34 21 för
347 1247 104 21 vinnande
464 1247 30 21 af
506 1247 208 27 kontraproposition
730 1249 44 18 mot
788 1247 115 21 utskottets

81 1275 134 21 betänkande
230 1275 94 27 följande
339 1275 309 27 omröstningspropositioner
639 1271 13 35 :

153 1304 32 21 1:0
199 1302 41 27 De,
251 1303 69 21 hvilka
335 1302 32 21 till
382 1303 205 26 kontraproposition
601 1305 42 19 mot
657 1302 106 22 utskottets
775 1302 128 22 betänkande

77 1331 14 20 4
105 1331 68 21 denna
188 1331 33 21 del
235 1331 66 21 önska
316 1332 75 26 antaga
406 1331 49 21 herr
470 1331 118 21 Snellmans
603 1331 86 27 förslag,
705 1332 58 19 rösta
775 1331 36 28 ja;
827 1331 31 25 de,
869 1331 34 21 det

80 1359 45 21 icke
140 1359 70 26 önska,
225 1360 58 20 rösta
297 1359 47 28 nej;

149 1388 75 20 vinner
245 1387 42 28 nej,
306 1387 39 21 har
364 1387 170 28 borgareståndet
552 1387 9 21 i
577 1387 77 21 sådant
672 1387 96 26 afseende
786 1387 117 27 föredragit

79 1415 51 21 herr
145 1415 152 28 Schybergsons
311 1415 87 28 förslag.

150 1445 75 20 Denna
233 1445 138 26 :proposition
386 1444 130 21 besvarades
531 1444 48 21 med
594 1444 28 21 32
635 1445 23 26 ja
674 1444 40 21 och
726 1444 29 21 19
771 1443 41 27 nej.

150 1473 34 21 2:0
199 1471 40 27 De,
249 1472 70 21 hvilka
333 1471 33 22 till
380 1471 205 27 kontraproposition
598 1474 43 19 mot
654 1471 108 22 utskottets
775 1471 128 22 betänkande

82 1501 9 20 i
105 1500 67 21 denna
188 1500 32 21 del
235 1500 65 22 önska
315 1502 75 25 antaga
405 1501 49 20 herr
469 1500 118 21 Snellmans
601 1499 87 27 förslag,
703 1501 57 19 rösta
772 1500 35 28 ja;
823 1500 32 25 de,
870 1499 34 21 det

79 1528 45 22 icke
139 1528 70 27 önska,
224 1530 57 20 rösta
296 1529 46 27 nej;
