1109 1773
250 126 34 19 710
510 126 91 23 Börgörest.
613 125 44 20 1888;
674 121 23 35 AB
702 125 58 24 :Aprik

228 195 131 22 bedömande
379 195 23 22 af
422 197 42 20 den
485 196 71 25 trafik,
572 201 46 16 som
630 195 46 22 :kan
699 197 75 19 väntas
795 195 34 22 för
847 195 195 26 Uleäborgsbanan,

228 224 11 21 £
250 224 60 27 fråga
322 225 38 21 'om
376 225 68 22 denna
457 225 56 21 bana
522 224 90 27 'må:jag
626 224 7 21 i
648 223 138 26 förbigående
801 225 52 25 säga
867 224 34 21 att
912 223 36 27 jag
962 222 80 27 beträf-

227 253 63 22 fande
310 253 156 27 sträckningen
476 253 47 23 från
537 253 77 22 Gamla
632 252 94 27 Karleby
745 252 33 22 til
793 252 107 26 Uleåborg
913 252 65 27 hyser
992 258 52 21 gan-

227 281 40 22 ska
281 281 61 28 ringa
356 282 56 27 hopp
427 284 32 19 att
473 282 41 21 den
530 288 36 15 ens
582 281 58 22 skall
658 281 72 22 kunna
748 281 90 22 betäcka
855 280 188 23 trafikkostnaden.

228 310 132 27 Emellertid,
378 317 35 14 om
435 311 69 22 denna.
521 311 159 22 Savolaksbana
698 316 28 15 nu
744 310 145 26 beslutes,
860 306 27 36 sä
911 310 47 26 blir,
975 310 69 28 enligt

228 339 43 23 min
282 339 62 27 äsigt,
359 345 27 16 en
399 339 132 28 konsegvens'
546 339 67 26 deraf,
622 341 35 20 att
671 345 48 15 man
734 339 93 22 derefter
842 339 64 22 också
919 341 76 24 genast
1006 339 38 23 bör

227 367 74 24 skrida
323 367 33 22 till
378 367 124 22 utförandet
520 368 23 22 af
560 374 26 15 en
604 367 68 28 fjerde
688 374 15 15 s.
718 367 21 22 k.
755 367 116 26 stambana,
886 368 106 26 nemligen:
1007 367 36 24 Vi-

228 391 77 37 borg--
310 396 100 27 Joensuu,
425 397 39 21 och
487 396 89 23 sålunda
597 396 71 22 kunde
686 396 40 21 det
746 396 71 22 hända
831 397 38 20 att
887 396 21 22 vi
926 396 8 22 i
950 402 27 15 en
992 402 51 17 snar

227 424 169 23 framtidskulle
411 425 63 21 hafva
488 425 47 26 fyra
549 425 25 20 sä
587 424 85 22 kallade
686 425 128 24 stambanor,
830 424 72 21 hvilka
916 425 43 20 alla
973 424 69 23 skulle

227 453 129 26 exploiteras
370 453 48 23 med
426 459 52 18 ,mer
494 453 53 21 eller
561 453 82 21 mindre
658 452 82 21 förlust.
767 452 33 21 Då
814 458 48 16 .man
878 452 69 21 beslöt:
961 451 33 27 sig
1009 452 33 22 för

228 481 121 26 byggandet.
370 481 23 23 af
413 481 58 21 såväl
490 481 66 21 Vasa-
571 487 45 14 som
633 481 195 26 Uleäborgsbanan,
843 480 53 26 egde
916 480 67 21 likväl
1006 481 36 22 det

226 509 92 26 lyekliga
332 509 133 21 förhållande
477 504 51 36 rum,
540 510 38 20 -att
593 509 113 21 ständerna:
721 509 27 20 då
768 508 19 27 ej
803 508 91 21 behöfde
908 508 84 21 besluta
1006 511 35 20 om

226 537 136 26 upptagande
377 537 23 21 af
414 537 40 27 lån,
467 539 50 20 utan
531 537 28 21 ha
574 537 55 21 båda
644 537 62 21 dessa
721 537 66 21 banor
802 537 80 22 kunnat
896 536 80 28 byggas
992 537 49 22 med

227 565 26 21 de
268 565 119 28 tillgångar,
397 567 47 20 som
460 565 128 22 statsverket
602 565 67 23 under
682 567 86 20 senaste
782 565 123 22 decennium
916 564 46 23 haft
970 565 72 27 dispo-

226 594 64 22 nibla.
313 594 59 22 Skall
387 601 29 14 nu
430 594 118 22 emellertid
564 594 69 22 denna
648 595 6 20 i
667 593 122 27 jemförelse
800 594 48 22 med
856 593 66 22 Vasa-
930 593 38 22 och
978 593 64 23 Uleå-

226 622 160 27 borgsbanorna
408 623 142 26 underlägsna
566 623 88 26 jernväg
673 623 87 26 byggas,
775 623 25 21 sä
817 623 38 26 gär
873 622 59 23 detta
948 623 46 21 icke
1009 622 33 23 för

227 651 33 26 sig
282 653 50 19 utan
351 653 32 20 att
401 653 93 26 upptaga
508 651 41 22 lån.
579 651 42 21 För
636 651 68 26 öfrigt
714 651 42 22 blir
770 651 47 22 icke
832 651 67 22 heller
913 651 128 27 Uleäborgs-

226 679 68 24 banan
316 680 70 26 färdig
403 680 45 21 förr
462 682 27 19 än
504 680 24 21 är
544 680 61 25 1886,
620 680 38 21 och
674 679 92 23 derefter
781 679 91 22 äterstär
887 679 55 22 blott
956 681 31 20 ett
1001 680 39 22 och

226 710 32 19 ett.
272 708 54 21 halft
341 709 25 20 år
379 709 45 20 tills
439 709 49 21 dess
502 709 116 20 ständerna
632 709 53 26 ånyo
699 709 159 20 sammanträda
872 708 38 21 och
926 709 72 20 kunna
1009 711 33 19 ta-

226 742 27 20 ga
267 737 103 26 förslaget
384 737 109 26 angående
507 736 173 23 Savolaksbanan
696 737 67 21 under
777 743 27 20 my
818 736 140 27 ompröfning.
988 736 53 22 Här-

226 767 57 20 emot
297 765 48 21 kan
364 765 125 27 visserligen
508 765 108 27 invändas,
632 767 31 19 att
678 765 102 21 Savolaks
799 765 85 22 erhållit
898 765 52 22 löfte
966 771 33 15 om
1014 771 26 16 en

226 792 55 22 bana
303 794 38 20 och
360 795 32 20 att
410 800 47 14 man
476 794 84 21 derföre
579 794 46 21 icke
640 794 40 21 kan
696 794 114 26 uppskjuta
825 794 69 21 denna
908 794 66 21 banas
990 794 50 26 byg-

226 822 75 26 gande.
327 822 50 21 Men
391 822 37 26 jag
443 822 75 21 tvekar
532 822 54 21 dock
601 822 19 26 ej
636 824 32 19 att
682 822 113 26 föredråga
810 824 30 19 ett
855 822 70 21 beslut
940 828 33 15 om
984 828 56 20 -upp-

226 849 49 21 skof
288 850 93 26 dermed,
394 850 86 27 sålänge
496 850 46 21 icke
558 856 24 16 en
598 850 70 22 bättre
683 850 121 27 sträckning
819 850 33 22 för
867 850 173 22 Savolaksbanan

224 877 66 24 finnes
313 878 126 27 föreslagen.
469 878 47 22 Den
538 885 29 16 nu
586 878 121 28 föreslagna
725 879 68 22 banan
812 878 110 23 befordrar
941 878 19 28 ej
976 879 6 21 i
998 879 42 22 rin-

225 909 60 25 gaste
300 907 49 22 män
364 914 25 16 en
405 907 97 28 förening
517 908 22 22 af
552 909 84 21 landets
651 910 57 21 östra
722 909 40 21 och
777 910 71 21 vestra
867 908 69 26 delar;
960 908 80 22 sträck-

225 936 77 27 niogen
320 937 39 26 går
377 937 48 21 rakt
443 943 41 21 upp
504 937 46 21 från
566 937 96 27 Kaipiais
677 932 50 37 till:
739 937 68 27 Kuopio
823 937 38 22 och
875 937 96 22 kommer
986 937 54 22 säle-

225 965 37 21 des
284 965 46 21 icke
349 965 73 22 vidare
440 966 33 21 till
492 966 55 26 godo
562 966 26 21 de
604 966 118 26 landdelar,
737 972 45 15 som
798 966 57 27 ligga
869 968 59 19 mera
942 966 23 21 ät
979 965 61 23 sidan

224 999 34 16 om
281 993 69 22 denna
372 994 61 26 bana,
448 994 117 27 hvarjomte
588 995 44 21 den
645 995 69 21 slutar
732 994 49 21 med
800 1001 25 15 en
841 994 115 27 ändpunkt,
970 994 70 22 hvari-

224 1021 47 22 från
288 1022 46 23 den,
350 1022 127 22 åtminstone
496 1023 46 22 icke
560 1023 44 21 förr
622 1025 26 19 än
664 1023 7 22 i
687 1029 25 16 en
728 1023 95 21 särdeles
838 1022 92 27 aflägsen
946 1023 93 26 framtid,

226 1049 42 22 kan
291 1050 110 21 fortsättas
422 1051 8 20 i
452 1051 68 26 någon
540 1057 44 15 som
602 1051 57 21 helst
678 1051 98 27 rigtning.
805 1051 84 27 Kuopio
904 1053 62 24 utgör
982 1051 57 22 dess-

224 1080 58 19 utom
306 1079 19 26 ej
348 1079 69 26 någon
438 1079 115 21 centralort
575 1079 35 21 för
625 1079 99 26 handeln,
740 1081 91 20 tvärtom
850 1080 38 20 har
902 1080 50 21 dess
966 1079 74 22 affärs-

225 1107 136 22 verksamhet
376 1107 68 21 blifvit
459 1107 103 27 minskad,
577 1108 65 21 sedan
658 1108 122 22 landsorten
796 1107 142 27 emanciperat
953 1108 33 26 sig
1001 1107 39 23 och

224 1135 70 21 denna
316 1141 28 16 nu:
366 1135 33 21 för
421 1136 46 21 sina
489 1136 45 21 små
549 1136 65 22 behof
631 1136 95 27 betjenas
744 1136 24 22 af
784 1136 168 27 landthandlare,
968 1136 72 23 hvilka

223 1165 51 24 taga
295 1164 46 21 sina
360 1170 62 15 varor
440 1164 71 21 direkt
528 1165 47 21 från
591 1165 26 22 de.
632 1166 63 20 södra
710 1167 93 19 orterna.
828 1165 82 21 Vidare
925 1165 113 22 motiveras

224 1193 32 20 ett
269 1192 93 27 uppskof
376 1192 68 21 såsom
460 1193 64 21 redan
535 1193 67 27 'sagdt
616 1193 22 22 af
653 1193 133 26 svårigheten
797 1195 32 19 att
838 1195 51 20 utan
899 1193 71 22 alltför
981 1195 58 20 stora

223 1220 115 23 kostnader
353 1221 57 21 finna
424 1227 26 15 en
464 1221 49 22 fullt
527 1221 168 27 ändamålsenlig
710 1221 122 26 sträckning
846 1222 34 21 för
895 1221 68 22 denna
977 1221 61 22 bana.

223 1249 42 27 Jag
285 1248 67 23 finner
375 1249 106 23 dessutom
502 1251 30 20 ett
550 1250 77 21 sådant
640 1250 93 27 uppskof
745 1249 46 23 icke
807 1256 50 15 vara
872 1249 73 22 alltför
960 1249 79 27 farligt,

224 1279 88 22 emedan
334 1279 70 20 denna
425 1279 97 21 "landsdel
542 1279 38 21 har
598 1279 131 22 vidsträckta
747 1278 244 27 sjökommunikationer.

224 1307 66 22 andra
302 1307 76 22 sidan
373 1303 9 35 .
388 1309 24 19 är
426 1308 36 21 det
475 1307 45 27 just
535 1308 39 21 den
590 1307 190 27 omständigheten,
796 1309 31 20 att
842 1307 103 22 Savolaks
960 1307 24 20 åt
996 1307 44 23 alla

224 1336 58 21 sidor
295 1337 23 20 är
330 1336 24 21 sä
365 1337 149 26 genomskuret
525 1337 22 20 af
558 1336 80 27 fjärdar
650 1336 38 22 och
699 1336 59 21 vikar
768 1335 40 22 och
818 1338 31 19 att
864 1336 26 21 de
905 1335 61 22 flesta
980 1337 59 21 orter

225 1365 37 21 der
277 1365 71 21 kunna
362 1365 37 21 nås
415 1365 47 21 med
473 1364 84 28 'fartyg,
576 1365 128 22 som:städse
716 1365 55 21 skall
785 1364 96 21 försvåra
892 1364 146 27 uppkomsten,

225 1393 23 21 af
257 1393 114 27 jernvägar
381 1393 6 21 i
398 1393 63 22 dessa
471 1393 93 27 trakter;
573 1395 32 20 att
613 1394 70 21 denna
693 1393 96 22 Jandsdel
800 1393 19 26 ej
830 1393 39 22 har
884 1393 24 22 sä
922 1393 116 26 trängande

224 1421 66 24 behof
302 1421 24 21 af
341 1422 112 26 utvidgade
475 1417 253 36 kommunikationsmedel
744 1422 41 21 kan
797 1428 51 16 man
863 1421 34 23 väl
907 1422 57 22 sluta
976 1421 62 23 äfven

224 1450 62 22 deraf
300 1452 31 19 att
349 1450 102 27 sjöfarten
469 1450 27 27 på
515 1450 71 22 Saima
601 1452 91 24 vattnen,
708 1450 70 22 sävidt
790 1450 37 27 jag
842 1450 38 21 har
895 1450 43 26 mig
953 1450 84 25 bekant,

224 1478 28 27 pä
268 1484 74 16 senare
365 1478 24 21 år
410 1478 46 21 icke
475 1479 88 26 tilltagit
575 1480 56 19 utan
647 1483 86 17 snarare
749 1478 81 26 aftagit.
859 1478 43 22 För
917 1480 31 20 ett
962 1478 76 22 sådant

224 1507 119 26 antagande
358 1507 56 21 talar
427 1507 127 21 åtminstone
570 1507 40 21 den
626 1507 190 27 omständigheten,
824 1508 32 20 att
870 1506 27 23 de
911 1506 127 26 flesta:äng-

223 1534 119 28 bätsbolag,
357 1540 44 16 som
423 1535 101 21 trafikera
540 1535 70 22 Saima
625 1537 92 24 vattnen,
733 1536 69 21 lemna
817 1535 61 27 ringa
892 1535 61 26 vinst,
966 1534 24 27 ja
1004 1534 34 23 till
