1109 1725
229 127 34 32 758
492 131 99 23 Borgarest.
596 130 45 20 1885.
664 130 19 19 16
693 130 50 23 April.

206 200 39 21 ske
260 206 76 20 genom
351 200 136 27 upptagande
501 200 24 21 af
538 200 36 20 lån
589 200 53 21 eller
656 200 28 26 på
699 199 54 21 hvad
769 201 66 19 annat
849 201 43 19 sätt
905 199 41 21 den
962 199 66 25 erfor-

207 228 84 27 derliga
305 234 96 16 summan
417 228 55 22 skall
487 228 114 22 anskaffas.
630 228 79 21 Derför
723 234 64 15 anser
802 227 35 28 jag
852 229 33 20 att
899 226 74 29 frågan
989 228 39 21 bör

205 257 83 21 lemnas
303 257 107 21 beroende
425 257 24 21 af
463 257 171 28 statsutskottets
649 257 120 27 utredning.

275 285 57 22 Herr
346 285 105 22 Heikel:
466 286 29 21 Af
509 285 74 22 herrar
597 285 100 27 Eneberg
712 286 39 20 och
766 285 93 21 Neovius
869 286 39 21 har
919 286 108 20 anmärkts

209 315 32 20 att
255 314 37 20 det
305 320 52 14 vore
372 313 89 21 alldeles
477 314 88 26 origtigt
583 313 23 22 af
621 314 114 20 ständerna
753 315 38 24 att,
811 314 66 20 sedan
897 313 26 21 de
938 313 90 27 beslutit

208 348 26 14 en
253 342 61 26 bana,
337 342 46 21 icke
406 342 133 20 omedelbart
560 342 61 20 anslä
639 341 48 21 hela
706 342 36 20 det
760 341 141 27 erforderliga
919 341 107 27 beloppet.

207 370 42 26 Jag
264 370 38 20 ber
317 371 32 19 att
363 369 22 22 fä
403 370 71 20 erinra
493 370 63 20 dessa
575 370 75 20 herrar
668 370 79 25 derom,
767 371 32 19 att
818 369 77 21 sädant
911 369 41 21 har
970 369 58 22 skett

208 398 35 20 vid
259 397 51 21 flere
325 398 128 26 landtdagar
468 397 63 21 förut.
561 397 41 21 Vid
619 397 141 22 1877—1878
776 397 35 21 ärs
827 397 102 27 landtdag
944 397 82 21 beslöto

207 426 116 21 ständerna
338 427 32 19 att
380 425 69 27 bygga
463 425 134 27 Vasabanan,
617 431 48 15 men
684 426 88 26 anslogo
788 425 55 21 blott
857 432 26 14 en
899 425 34 21 del
949 425 23 21 af
986 426 40 20 den

207 454 34 21 till
256 454 49 20 dess
320 454 113 20 utförande
449 453 105 27 behöfliga
564 459 103 15 summan.
698 453 55 22 1882
763 452 35 22 ärs
809 453 102 27 landtdag
920 453 106 27 beviljade

207 482 37 21 det
258 482 101 25 tillskott,
375 487 45 15 som
436 482 102 20 behöfdes
552 482 34 20 för
601 481 139 21 Vasabanans
755 481 132 21 slutförande
903 481 38 21 och
952 482 75 25 anslog

207 509 70 21 tillika
292 515 26 15 en
334 510 34 20 del
384 509 24 21 af
421 510 40 20 den
481 516 88 19 summa,
587 516 45 14 som
652 509 103 21 behöfdes
774 509 34 20 för
826 509 69 21 banan
914 509 33 21 till
962 509 64 21 Uleä-

206 537 61 26 borg.
297 537 41 21 Vid
353 538 70 20 denna
442 537 102 26 landtdag
563 537 64 21 hafva
644 538 21 19 vi
683 539 32 19 att
732 537 78 26 bevilja
829 537 136 27 erforderligt
984 537 42 21 till-

207 564 59 22 skott
279 564 34 22 för
328 565 146 26 fullföljandet
491 564 24 22 af
531 566 102 21 arbetena
651 565 28 27 pä
697 564 189 27 Uleäborgsbanan
906 565 38 22 och
964 565 62 22 äfven

205 595 33 19 att
253 593 60 21 anslä
329 594 36 21 det
380 593 84 27 belopp,
481 599 44 16 som
537 599 62 16 anses
613 593 136 27 erforderligt
759 593 34 22 för
803 593 175 22 Savolaksbanan
989 600 38 15 un-

207 621 39 22 der
261 622 27 21 de
302 622 37 21 tvä
353 622 24 21 är
392 621 24 22 af
425 623 62 20 deras
497 622 150 27 byggnadstid,
662 628 46 15 som
718 621 75 22 infalla
803 622 68 21 under
881 622 144 21 instundande

205 649 150 28 finansperiod.
375 649 74 22 Skulle
463 657 29 14 nu
507 651 116 20 ständerna
637 652 78 25 antaga
730 651 40 20 den
785 650 64 27 kläm,
861 656 45 16 som
915 650 111 27 jernvägs-

204 679 107 20 utskottet
326 678 119 27 föreslagit,
461 679 24 21 sä
499 679 42 20 kan
554 679 38 26 jag
607 679 34 20 för
656 679 43 20 min
718 679 34 21 del
768 678 47 22 icke
829 678 68 22 förstä
912 681 70 24 annat,
998 681 27 19 än

203 709 34 19 att
251 707 20 20 vi
287 706 62 21 äfven
360 707 35 21 vid
406 707 69 20 denna
486 707 102 26 landtdag
599 707 66 21 borde
675 709 53 24 göra
738 707 49 21 hela
798 707 59 21 detta
868 707 76 26 belopp
956 707 70 27 dispo-

203 735 74 25 nibelt,
294 735 19 20 d.
329 741 19 14 v.
364 741 16 14 s.
397 736 32 19 att
443 735 20 20 vi
478 735 69 21 skulle
558 735 65 21 blifva
634 736 95 25 tvungna
739 736 32 19 att
781 737 94 24 upptaga
886 737 31 18 ett
927 737 46 25 nytt
983 735 42 26 län,

204 763 68 21 ehuru
295 763 105 21 måhända
422 763 284 21 kommunikationsfondens
728 763 115 26 tillgångar
866 763 69 21 skulle
961 763 65 22 räcka

203 791 34 20 till
252 791 33 20 för
301 791 37 20 det
352 791 84 26 belopp,
453 797 44 15 som
513 791 34 20 till
562 791 24 20 år
603 791 54 21 1888
677 791 70 21 skulle
765 791 102 21 behöfvas
883 791 34 21 för
931 791 95 27 Kuopio-

203 819 77 20 banan.
311 819 61 20 Hvad
388 819 47 20 åter
451 819 36 20 det
501 819 84 26 belopp,
601 825 45 15 som
662 819 41 20 kan
719 819 108 21 erfordras
837 820 68 20 under
917 819 63 21 dessa
989 819 37 22 två

203 846 31 26 år,
249 846 108 27 beträffar,
373 847 24 20 så
412 847 37 20 ber
462 847 38 26 jag
515 847 22 20 få
551 847 71 20 erinra
637 848 32 19 att
684 847 28 20 då
726 847 127 21 Vasabanan
868 847 88 27 bygdes,
972 847 54 21 hvil-

202 874 43 22 ken
260 874 33 21 till
311 875 33 21 sin
363 875 122 26 sträckning
503 876 25 20 är
546 874 74 27 längre
635 876 26 20 än
678 875 41 21 den
734 882 28 14 nu
777 874 163 28 ifrågavarande
955 875 70 21 banan

201 903 26 21 så
241 902 71 28 åtgick
330 903 68 21 under
417 904 26 20 de
463 903 36 22 två
517 903 68 21 första
604 903 51 22 åren
674 903 47 22 icke
739 903 50 22 fullt
807 904 13 21 6
840 904 98 27 miljoner
956 904 67 22 mark.

201 931 75 22 Skulle
291 932 62 21 äfven
372 932 166 26 Kuopiobanans
557 932 98 27 byggnad
671 932 117 22 fortskrida
802 932 65 27 något
883 932 94 27 raskare,
996 935 28 19 än

203 960 56 22 hvad
274 960 62 21 fallet
350 967 38 15 var
402 961 49 20 med
466 960 135 27 Vasabanan,
617 961 24 21 så
657 967 62 21 synes
735 960 54 22 dock
803 961 72 21 halfva
889 961 100 27 beloppet
1002 961 24 22 af

200 988 207 26 totalkostnaderna,
423 989 20 21 d.
461 995 20 15 v.
501 995 16 15 s.
537 988 13 22 8
569 989 99 27 miljoner
686 989 67 26 mark,
773 995 51 15 vara
845 990 46 26 allt,
907 989 55 21 hvad
978 995 45 17 som

201 1016 109 22 erfordras
329 1017 34 21 för
380 1017 41 21 den
440 1024 28 14 nu
490 1018 142 20 instundande
651 1017 178 27 finansperioden.
859 1018 43 21 Det
921 1020 25 18 är
964 1018 60 22 detta

201 1044 77 27 belopp
291 1045 38 26 jag
343 1045 34 21 för
392 1046 43 19 min
451 1046 34 20 del
501 1045 50 21 ville
572 1045 87 21 förorda
673 1047 32 19 att
723 1046 116 20 ständerna
857 1052 28 15 nu
901 1046 69 21 skulle
986 1052 37 16 an-

201 1072 39 21 slå.
270 1072 61 21 Fullt
345 1073 130 27 formrigtigt
490 1079 51 15 vore
555 1074 34 20 väl
609 1075 31 19 att
655 1073 81 21 förfara
751 1073 70 21 såsom
837 1074 49 21 herr
902 1073 121 28 Chydenius

200 1100 119 26 föreslagit,
341 1106 48 16 men
412 1101 27 20 då
461 1101 116 21 ständerna
595 1107 26 15 en
639 1101 58 26 gång
715 1102 97 20 förordat
831 1102 68 20 denna
919 1102 61 26 bana,
1000 1102 24 21 så

200 1128 69 21 måste
285 1128 26 21 de
326 1129 34 20 väl
375 1128 62 21 äfven
453 1128 79 27 bevilja
547 1128 55 22 hvad
615 1135 45 15 som
676 1129 102 22 behöfves
793 1129 34 21 för
842 1130 49 21 dess
908 1130 113 22 utförande

199 1157 68 21 under
283 1157 26 20 de
325 1157 68 21 första
408 1157 61 26 åren;
485 1157 39 22 och
539 1157 110 26 angående
669 1157 58 22 detta
746 1157 77 27 belopp
841 1158 129 21 tillkommer
986 1159 37 21 det

200 1185 161 21 statsutskottet
375 1187 32 18 att
421 1185 86 21 komma
525 1185 22 21 in
566 1186 47 21 med
631 1185 81 28 förslag
731 1192 33 15 om
783 1186 55 21 huru
857 1187 37 20 det
912 1186 54 21 skall
986 1193 36 15 an-

201 1213 85 21 skaffas.
315 1213 42 27 Jag
372 1219 63 15 anser
449 1214 48 21 icke
512 1213 65 27 något
591 1213 108 27 praktiskt
717 1214 76 21 hinder
811 1214 58 27 ligga
883 1215 8 20 i
906 1215 67 26 vägen
990 1215 33 21 för

201 1243 32 19 att
247 1241 116 21 ständerna
381 1247 29 15 nu
428 1242 65 21 redan
513 1241 70 22 skulle
601 1242 85 21 besluta
704 1244 33 19 att
755 1242 61 21 anslå
834 1243 13 20 8
866 1242 98 27 miljoner
984 1243 39 21 och

199 1269 72 21 tillika
286 1269 131 22 öfverlemna
432 1270 23 21 åt
469 1270 160 21 statsutskottet
643 1272 32 19 att
689 1270 108 21 inkomma
811 1271 50 20 med
875 1271 83 26 förslag
967 1271 56 20 huru

200 1297 64 22 dessa
279 1297 12 22 8
307 1298 99 27 miljoner
421 1298 62 21 skola
497 1298 114 21 anskaffas.
640 1297 51 22 Man
706 1298 39 21 har
755 1300 49 24 sagt
813 1300 38 23 att,
863 1305 33 14 om
908 1299 115 20 ständerna

200 1332 30 15 nu
244 1326 47 21 icke
306 1327 69 20 skulle
391 1327 60 20 anslå
466 1327 49 20 hela
530 1332 104 21 summan,
649 1327 25 20 så
689 1327 72 20 kunna
775 1326 176 21 nästkommande
964 1328 58 20 stän-

201 1355 39 21 der
255 1354 101 27 möjligen
372 1355 45 20 helt
432 1355 39 20 och
485 1354 68 21 hållet
572 1356 66 25 vägra
653 1356 32 19 att
699 1355 61 20 anslå
778 1354 37 21 det
830 1355 83 26 belopp,
929 1361 46 15 som
990 1357 32 24 yt-

199 1383 102 26 terligare
317 1383 115 20 erfordras.
461 1383 42 26 Jag
517 1384 46 19 tror
578 1383 54 21 dock
651 1384 31 19 att
700 1383 20 20 vi
740 1383 35 21 vid
798 1383 54 21 1885
871 1383 34 20 års
920 1383 102 26 landtdag

200 1411 69 21 måste
284 1410 63 21 hafva
363 1417 81 15 samma
459 1411 123 21 förtroende
597 1411 33 20 till
647 1410 54 22 1888
717 1411 34 20 års
767 1411 152 26 ständermöte,
934 1417 46 15 som
995 1411 27 21 ti-

200 1439 73 27 digare
289 1439 160 21 ständermöten
463 1439 47 21 haft
524 1439 33 20 till
573 1445 41 15 oss.
644 1439 34 20 Då
696 1439 94 21 beslutet
808 1445 33 14 om
861 1439 121 27 byggandet
1000 1438 24 22 af

201 1467 70 21 denna
293 1467 56 21 bana
367 1467 97 20 kommer
483 1469 32 19 att
533 1467 23 20 af
573 1467 59 21 Hans
650 1467 102 26 Majestät
771 1467 122 26 stadfästas,
913 1467 23 21 så
954 1467 68 22 måste

199 1495 70 22 banan
285 1495 62 21 äfven
363 1495 108 26 slutföras,
487 1495 74 21 såvida
576 1495 47 21 icke
638 1501 25 14 en
679 1494 133 27 proposition
827 1495 34 20 till
877 1496 61 20 nästa
953 1495 69 21 landt-

199 1523 43 27 dag
263 1523 104 21 inlemnas
389 1529 34 15 om
443 1525 32 19 att
492 1523 84 21 arbetet
594 1523 54 21 skall
668 1523 103 27 afbrytas.
801 1523 50 21 Men
867 1523 38 27 jag
927 1525 45 19 tror
990 1525 32 19 att
