1109 1773
351 123 91 23 Borgarest.
454 123 44 19 1885.
521 123 22 20 30
555 124 50 23 April.
828 124 34 19 829

74 195 43 19 sett
138 194 36 20 det
192 199 50 15 vara
261 193 48 21 dess
328 193 120 27 skyldighet
466 195 32 19 att
515 193 97 27 tillämpa
629 196 31 19 ett
678 193 205 27 strypningssystem.

74 221 40 22 Vid
133 221 73 27 hvarje
221 221 85 22 tillfälle
320 221 39 22 har
374 227 48 16 man
437 221 89 22 sålunda
541 222 57 21 stödt
613 221 32 28 sig
659 223 28 26 på
702 222 62 21 dessa
779 223 45 25 ord,
840 228 44 15 som

73 251 118 25 egentligen
210 250 46 21 icke
275 252 37 19 äro
332 253 63 18 annat
410 252 25 19 än
451 257 25 14 en
491 250 49 21 fras.
570 251 41 26 Jag
626 250 38 22 ber
679 250 71 21 derför
765 252 31 20 att
811 250 21 21 få
847 257 37 14 un-

73 279 99 20 derstöda
190 278 50 21 herr
258 278 117 21 Wasenius'
394 278 130 21 reservation
543 279 32 20 till
594 278 160 22 bankkomiténs
770 279 114 21 betänkan-

73 306 31 25 de,
120 307 67 20 ehuru
203 306 38 26 jag
260 306 68 21 skulle
348 305 32 22 för
400 306 41 21 min
462 306 33 21 del
514 306 56 21 helst
587 306 113 27 föredraga
714 308 32 19 att
761 307 48 20 hela
824 313 60 20 para-

71 334 73 26 grafen
160 334 70 21 skulle
244 334 45 21 från
305 333 138 27 lagförslaget
456 334 57 26 utgå.

138 363 57 20 Herr
216 362 147 21 Wasenius:
387 362 33 21 Då
438 363 36 20 det
493 362 69 21 blifvit
580 362 60 27 fråga
655 368 33 15 om
704 364 32 19 att
750 362 49 21 hela
815 363 68 20 denna

71 391 100 27 paragraf
185 391 68 21 skulle
269 391 83 27 strykas
366 397 26 15 ur
406 391 203 26 bankreglementet,
620 391 38 21 ber
670 391 37 28 jag
722 391 21 21 få
753 391 82 27 påpeka
846 393 37 24 att,

71 426 33 15 om
124 420 38 21 och
180 422 38 19 när
237 419 69 28 någon
326 419 76 22 önskar
418 419 21 22 få
454 426 26 15 en
495 420 126 27 upplysning
636 425 33 16 om
684 419 84 22 hvilken
784 420 100 21 Finlands

71 448 66 22 banks
160 449 100 25 ställning
282 451 29 24 är,
327 449 53 20 huru
400 449 68 20 denna
488 448 57 21 bank
563 450 24 19 är
606 449 142 26 organiserad,
764 449 24 21 så
806 450 23 19 är
848 449 36 21 det

70 477 110 27 olämpligt
191 479 31 19 att
234 477 73 22 skicka
318 477 33 21 till
366 483 25 15 en
408 477 65 21 sådan
487 483 78 20 person
581 477 240 27 landtdagsordningen;
838 477 46 22 der-

70 505 33 23 för
126 511 62 16 anser
207 505 37 28 jag
264 506 35 21 det
317 512 51 15 vara
386 505 88 22 alldeles
492 505 27 28 på
534 506 32 21 sin
582 506 56 26 plats
652 508 32 19 att
698 506 8 21 i
722 507 53 20 1:sta
790 506 11 27 &
816 505 67 22 finnes

70 534 85 28 infördt,
171 536 31 19 att
225 535 68 20 denna
311 534 55 21 bank
386 534 44 21 står
448 534 67 21 under
534 534 124 21 ständernas
674 535 82 26 garanti
772 535 38 20 och
825 534 57 21 vård.

70 563 84 21 Önskar
175 569 47 15 man
246 562 22 22 få
289 562 125 28 upplysning
433 569 33 14 om
485 562 52 22 hvar
555 563 37 20 det
609 563 126 27 stadgandet
749 562 73 27 finnes,
838 569 45 15 som

70 591 75 21 ställer
158 591 83 21 banken
256 592 68 20 under
339 591 125 21 ständernas
478 591 89 26 garanti,
578 591 24 20 så
616 591 42 20 kan
673 597 47 14 man
736 591 66 21 anlita
816 591 67 21 landt-

70 619 175 27 dagsordningen.
275 619 49 21 Men
347 619 36 21 det
404 621 24 19 är
450 619 54 21 dock
522 619 6 21 i
547 619 43 21 alla
607 619 38 21 fall
664 619 106 27 vidlyftigt
788 621 32 19 att
839 619 44 21 deri

70 647 52 22 söka
144 654 26 15 en
188 647 127 28 upplysning
333 647 7 21 i
360 647 58 21 detta
432 647 107 22 afseende.
568 647 43 21 Det
625 649 24 19 är
664 647 62 27 eljest
740 647 89 22 alldeles
844 653 38 15 un-

70 676 86 22 derbart
170 676 86 21 hvilken
271 676 101 26 tolkning,
389 675 69 22 såsom
474 675 49 22 herr
539 675 145 27 Schybergson
702 676 45 26 just
761 675 122 26 framhällit,

70 704 73 27 gifvits
166 705 21 21 åt
209 705 63 21 dessa
290 705 38 21 ord
344 704 154 27 ,upprätthålla
517 704 75 26 stadga
611 704 38 21 och
664 704 100 21 säkerhet
778 705 7 20 i
800 704 83 21 landets

71 732 214 28 penningeväsende*.
315 732 211 28 Penningeväsendet
548 732 67 22 måste
633 733 7 20 i
659 733 43 21 alla
719 733 55 21 tider
789 733 94 27 regleras

68 768 76 22 genom
166 762 127 28 myntlagen.
324 761 74 23 Skulle
420 762 68 22 denna
509 761 102 28 paragraf
628 761 58 28 lyda:
708 761 101 23 Finlands
828 762 56 21 bank

70 792 39 20 har
124 792 32 21 till
172 791 84 27 uppgift
270 793 32 19 att
316 791 145 28 upprätthålla
476 792 74 26 stadga
566 791 38 21 och
620 791 98 21 säkerhet
732 791 7 21 i
754 791 84 22 landets
853 791 30 21 af-

69 820 132 26 färsrörelse,
217 820 24 21 så
260 820 70 21 kunde
349 820 45 21 deri
413 820 55 26 ligga
487 819 67 27 någon
574 820 90 26 mening,
681 826 47 15 men
743 822 32 19 att
789 821 94 25 upprätt-

70 848 57 21 hålla
146 849 80 26 stadga,
242 848 100 22 säkerhet
356 848 7 21 i
378 848 84 22 landets
480 848 197 26 penningeväsende
692 850 24 19 är
731 854 25 15 en
772 848 50 26 fras,
838 854 45 15 som

67 877 37 26 jag
120 876 33 22 för
167 878 42 21 min
221 877 34 21 del
270 883 66 21 gerna
351 876 69 22 skulle
435 883 23 15 se
473 878 32 19 att
519 876 101 22 Finlands
636 876 151 27 borgarestånd
802 876 20 27 ej
833 876 49 21 ville

69 905 119 27 godkänna.
217 906 46 21 Den
280 911 74 16 senare
370 907 81 20 satsen:
467 907 66 25 ,samt
547 905 33 20 för
595 907 32 19 att
642 905 100 21 befordra
758 905 38 21 och
808 905 75 21 under-

70 935 52 20 lätta
141 934 260 27 penningeomsättningen
420 935 6 19 i
446 934 89 25 landet",
550 933 42 21 kan
608 933 18 26 ej
643 934 76 26 betyda
734 933 64 27 något
812 935 70 24 annat,

69 964 25 19 än
111 963 31 20 att
158 963 35 21 det
208 962 68 22 tillses
291 964 32 19 att
337 963 7 20 i
359 962 94 21 bankens
468 962 76 21 kontor
558 961 66 22 finnes
635 961 183 27 utvexlingskassa
829 964 54 19 samt

69 992 31 19 att
118 991 82 21 banken
220 991 37 20 bör
276 991 54 26 sälja
343 990 205 27 postremissvexlar.
577 990 41 27 Jag
633 989 67 22 finner
715 991 36 20 det
765 996 51 15 vara
831 992 51 19 tem-

68 1019 57 27 ligen
140 1019 107 28 vidlyftigt
261 1021 32 20 att
307 1019 64 21 hafva
386 1025 26 15 en
427 1019 66 21 sådan
508 1018 132 27 bestämning
654 1019 8 20 i
677 1019 69 20 denna
760 1018 122 22 fundamen-

69 1047 142 28 tal-paragraf
225 1047 38 22 och
279 1048 69 21 skulle
362 1047 56 22 helst
433 1054 23 15 se
471 1049 32 19 att
517 1047 41 22 den
572 1047 71 21 kunde
658 1047 57 27 utgå.

137 1077 55 21 Herr
207 1077 105 26 Nybom:
327 1077 26 20 Vi
368 1076 28 21 ha
410 1077 6 20 i
432 1077 42 25 dag
489 1076 48 21 hört
551 1082 34 15 om
601 1082 25 15 en
638 1076 88 21 alldeles
737 1082 27 21 ny
774 1076 108 27 betydelse

69 1104 33 21 för
117 1105 69 21 denna
200 1105 143 27 meningslösa
357 1104 50 27 fras,
418 1105 41 20 den
470 1105 111 26 nemligen,
592 1106 32 19 att
633 1104 102 22 Finlands
746 1104 56 22 bank
812 1104 71 21 kunde

69 1133 38 21 och
127 1133 65 22 borde
210 1133 62 21 sköta
292 1140 33 14 om
345 1133 198 21 handelsbalansen.
572 1133 43 21 Det
630 1133 54 21 hade
699 1133 55 20 varit
768 1134 115 21 intressant

68 1163 32 20 att
114 1161 58 27 höra,
188 1162 54 21 huru
260 1162 102 21 Finlands
380 1161 56 22 bank
455 1161 70 22 skulle
542 1161 117 22 verkställa
674 1162 64 21 detta.
767 1162 41 27 Jag
823 1164 60 25 tager

69 1190 33 21 för
120 1191 88 20 alldeles
224 1190 66 27 gifvet
305 1192 32 19 att
352 1190 40 21 den
407 1190 46 21 icke
468 1190 41 21 kan
525 1192 58 25 styra
598 1196 33 15 om
647 1190 190 22 handelsbalansen
856 1191 28 26 på

68 1219 64 26 något
154 1221 64 19 annat
240 1220 43 20 sätt
304 1221 26 18 än
350 1219 72 26 andra,
438 1225 44 14 som
501 1219 69 21 drifva
588 1218 82 22 affärer.
700 1219 32 21 En
748 1225 69 15 annan
832 1219 50 21 ärad

68 1247 68 22 talare
157 1247 55 22 hade
230 1249 71 20 menat
320 1249 32 19 att
369 1247 83 21 banken
471 1247 54 21 dock
540 1247 65 21 borde
621 1247 63 22 hafva
698 1253 26 15 en
739 1247 77 22 allmän
831 1254 52 21 upp-

68 1275 46 28 gift,
129 1283 48 15 men
196 1276 27 21 då
241 1283 50 15 vore
306 1275 64 23 också
385 1276 46 22 skäl
446 1277 32 20 att
492 1275 7 21 i
514 1276 139 27 reglementet
668 1276 69 22 skulle
752 1275 67 23 finnas
835 1277 47 21 med

68 1307 31 19 ett
118 1306 55 20 enda
191 1305 37 21 ord
248 1307 113 24 omnämnt,
376 1304 56 22 huru
450 1305 69 21 denna
538 1304 22 22 af
574 1305 62 26 ingen
651 1306 43 20 rätt
707 1304 110 22 förstådda
831 1311 52 21 upp-

68 1334 39 26 gift
122 1334 69 20 skulle
206 1334 63 20 lösas.

136 1362 56 21 Herr
215 1361 158 28 Chydenius:
396 1362 69 20 Dessa
486 1367 29 15 nu
537 1361 125 21 omtvistade
682 1362 38 20 ord
734 1361 71 21 kunde
820 1362 64 21 hafva

68 1391 32 19 sin
119 1390 53 21 fulla
191 1390 108 26 betydelse
318 1390 27 26 på
364 1395 24 15 en
408 1390 37 25 tid,
461 1389 27 21 då
502 1389 101 21 Finlands
619 1390 66 20 banks
700 1390 71 21 sedlar
786 1396 50 15 voro
852 1390 30 20 fö-

68 1418 106 22 reskrifna
196 1418 70 21 såsom
285 1418 49 26 laga
352 1417 196 27 betalningsmedel.
579 1418 32 21 De
626 1418 63 21 hafva
704 1418 64 21 också
782 1418 33 22 sin
830 1418 53 21 fulla

69 1447 108 27 betydelse
192 1447 7 21 i
214 1446 26 22 de
256 1446 80 26 länder,
346 1446 38 21 der
399 1452 25 16 en
440 1446 67 21 banks
523 1446 71 21 sedlar
608 1448 36 20 äro
660 1446 80 26 lagliga
754 1446 128 27 betalnings-

69 1476 75 21 medel.
173 1476 49 20 Men
245 1475 7 21 i
274 1475 39 21 och
335 1474 48 22 med
402 1475 117 21 detsamma
536 1481 49 15 man
603 1474 89 27 upphäft
706 1475 58 20 detta
779 1481 103 15 samman-

69 1504 55 27 hang
146 1504 77 22 mellan
247 1509 24 16 en
295 1503 67 21 banks
384 1503 150 27 kreditpapper
552 1502 39 22 och
610 1503 36 21 det
660 1503 79 27 lagliga
754 1503 129 27 betalnings-

69 1533 85 27 medlet,
173 1534 3 20 i
196 1532 38 22 och
250 1532 47 22 med
313 1532 116 22 detsamma
444 1532 70 21 kunna
530 1532 62 21 dessa
607 1531 161 28 ifrågavarande
783 1532 38 22 ord
836 1532 46 22 icke
