<?xml version="1.0" encoding="UTF-8"?>
<alto xmlns="http://www.loc.gov/standards/alto/ns-v3#" xmlns:xlink="http://www.w3.org/1999/xlink" xmlns:xsi="http://www.w3.org/2001/XMLSchema-instance" xsi:schemaLocation="http://www.loc.gov/standards/alto/ns-v3# http://www.loc.gov/alto/v3/alto-3-0.xsd">
	<Description>
		<MeasurementUnit>pixel</MeasurementUnit>
		<sourceImageInformation>
			<fileName>/tmp/tess_s828peh7_input.PNG</fileName>
		</sourceImageInformation>
		<OCRProcessing ID="OCR_0">
			<ocrProcessingStep>
				<processingSoftware>
					<softwareName>tesseract 5.3.4</softwareName>
				</processingSoftware>
			</ocrProcessingStep>
		</OCRProcessing>
	</Description>
	<Layout>
		<Page WIDTH="1114" HEIGHT="1728" PHYSICAL_IMG_NR="0" ID="page_0">
			<PrintSpace HPOS="0" VPOS="0" WIDTH="1114" HEIGHT="1728">
				<ComposedBlock ID="cblock_0" HPOS="370" VPOS="119" WIDTH="510" HEIGHT="24">
					<TextBlock ID="block_0" HPOS="370" VPOS="119" WIDTH="510" HEIGHT="24">
						<TextLine ID="line_0" HPOS="370" VPOS="119" WIDTH="510" HEIGHT="24">
							<String ID="string_0" HPOS="370" VPOS="121" WIDTH="92" HEIGHT="22" WC="0.91" CONTENT="Borgarest."/><SP WIDTH="12" VPOS="121" HPOS="462"/>
							<String ID="string_1" HPOS="474" VPOS="119" WIDTH="44" HEIGHT="20" WC="0.94" CONTENT="1885."/><SP WIDTH="18" VPOS="119" HPOS="518"/>
							<String ID="string_2" HPOS="536" VPOS="120" WIDTH="11" HEIGHT="18" WC="0.95" CONTENT="9"/><SP WIDTH="11" VPOS="120" HPOS="547"/>
							<String ID="string_3" HPOS="558" VPOS="120" WIDTH="52" HEIGHT="22" WC="0.94" CONTENT="April."/><SP WIDTH="236" VPOS="120" HPOS="610"/>
							<String ID="string_4" HPOS="846" VPOS="121" WIDTH="34" HEIGHT="18" WC="0.92" CONTENT="688"/>
						</TextLine>
					</TextBlock>
				</ComposedBlock>
				<ComposedBlock ID="cblock_1" HPOS="56" VPOS="187" WIDTH="847" HEIGHT="168">
					<TextBlock ID="block_1" HPOS="56" VPOS="187" WIDTH="847" HEIGHT="168">
						<TextLine ID="line_1" HPOS="56" VPOS="187" WIDTH="847" HEIGHT="28">
							<String ID="string_5" HPOS="56" VPOS="202" WIDTH="2" HEIGHT="2" WC="0.81" CONTENT="+"/><SP WIDTH="19" VPOS="202" HPOS="58"/>
							<String ID="string_6" HPOS="77" VPOS="187" WIDTH="115" HEIGHT="24" WC="0.96" CONTENT="utskottets"/><SP WIDTH="15" VPOS="187" HPOS="192"/>
							<String ID="string_7" HPOS="207" VPOS="189" WIDTH="81" HEIGHT="26" WC="0.96" CONTENT="förslag"/><SP WIDTH="15" VPOS="189" HPOS="288"/>
							<String ID="string_8" HPOS="303" VPOS="188" WIDTH="69" HEIGHT="21" WC="0.96" CONTENT="skulle"/><SP WIDTH="15" VPOS="188" HPOS="372"/>
							<String ID="string_9" HPOS="387" VPOS="189" WIDTH="84" HEIGHT="20" WC="0.96" CONTENT="inträda"/><SP WIDTH="15" VPOS="189" HPOS="471"/>
							<String ID="string_10" HPOS="486" VPOS="188" WIDTH="34" HEIGHT="21" WC="0.97" CONTENT="för"/><SP WIDTH="14" VPOS="188" HPOS="520"/>
							<String ID="string_11" HPOS="534" VPOS="188" WIDTH="27" HEIGHT="21" WC="0.96" CONTENT="de"/><SP WIDTH="15" VPOS="188" HPOS="561"/>
							<String ID="string_12" HPOS="576" VPOS="187" WIDTH="73" HEIGHT="22" WC="0.96" CONTENT="skilda"/><SP WIDTH="15" VPOS="187" HPOS="649"/>
							<String ID="string_13" HPOS="664" VPOS="188" WIDTH="125" HEIGHT="21" WC="0.96" CONTENT="hemmanen"/><SP WIDTH="16" VPOS="188" HPOS="789"/>
							<String ID="string_14" HPOS="805" VPOS="188" WIDTH="24" HEIGHT="21" WC="0.96" CONTENT="så"/><SP WIDTH="14" VPOS="188" HPOS="829"/>
							<String ID="string_15" HPOS="843" VPOS="191" WIDTH="60" HEIGHT="18" WC="0.96" CONTENT="snart"/>
						</TextLine>
						<TextLine ID="line_2" HPOS="76" VPOS="216" WIDTH="826" HEIGHT="27">
							<String ID="string_16" HPOS="76" VPOS="216" WIDTH="154" HEIGHT="27" WC="0.96" CONTENT="indragningen"/><SP WIDTH="17" VPOS="216" HPOS="230"/>
							<String ID="string_17" HPOS="247" VPOS="216" WIDTH="34" HEIGHT="21" WC="0.96" CONTENT="för"/><SP WIDTH="14" VPOS="216" HPOS="281"/>
							<String ID="string_18" HPOS="295" VPOS="217" WIDTH="49" HEIGHT="20" WC="0.96" CONTENT="dem"/><SP WIDTH="16" VPOS="217" HPOS="344"/>
							<String ID="string_19" HPOS="360" VPOS="218" WIDTH="25" HEIGHT="19" WC="0.96" CONTENT="är"/><SP WIDTH="15" VPOS="218" HPOS="385"/>
							<String ID="string_20" HPOS="400" VPOS="216" WIDTH="128" HEIGHT="21" WC="0.96" CONTENT="fullbordad."/><SP WIDTH="30" VPOS="216" HPOS="528"/>
							<String ID="string_21" HPOS="558" VPOS="216" WIDTH="42" HEIGHT="27" WC="0.96" CONTENT="Jag"/><SP WIDTH="16" VPOS="216" HPOS="600"/>
							<String ID="string_22" HPOS="616" VPOS="216" WIDTH="107" HEIGHT="21" WC="0.96" CONTENT="erkänner"/><SP WIDTH="15" VPOS="216" HPOS="723"/>
							<String ID="string_23" HPOS="738" VPOS="218" WIDTH="32" HEIGHT="19" WC="0.96" CONTENT="att"/><SP WIDTH="15" VPOS="218" HPOS="770"/>
							<String ID="string_24" HPOS="785" VPOS="216" WIDTH="68" HEIGHT="22" WC="0.93" CONTENT="denna"/><SP WIDTH="13" VPOS="216" HPOS="853"/>
							<String ID="string_25" HPOS="866" VPOS="222" WIDTH="36" HEIGHT="15" WC="0.92" CONTENT="an-"/>
						</TextLine>
						<TextLine ID="line_3" HPOS="77" VPOS="243" WIDTH="825" HEIGHT="28">
							<String ID="string_26" HPOS="77" VPOS="243" WIDTH="111" HEIGHT="28" WC="0.96" CONTENT="märkning"/><SP WIDTH="17" VPOS="243" HPOS="188"/>
							<String ID="string_27" HPOS="205" VPOS="245" WIDTH="39" HEIGHT="21" WC="0.96" CONTENT="har"/><SP WIDTH="19" VPOS="245" HPOS="244"/>
							<String ID="string_28" HPOS="263" VPOS="251" WIDTH="26" HEIGHT="14" WC="0.96" CONTENT="en"/><SP WIDTH="16" VPOS="251" HPOS="289"/>
							<String ID="string_29" HPOS="305" VPOS="245" WIDTH="43" HEIGHT="20" WC="0.96" CONTENT="viss"/><SP WIDTH="16" VPOS="245" HPOS="348"/>
							<String ID="string_30" HPOS="364" VPOS="245" WIDTH="69" HEIGHT="26" WC="0.96" CONTENT="grund"/><SP WIDTH="15" VPOS="245" HPOS="433"/>
							<String ID="string_31" HPOS="448" VPOS="245" WIDTH="24" HEIGHT="21" WC="0.96" CONTENT="af"/><SP WIDTH="12" VPOS="245" HPOS="472"/>
							<String ID="string_32" HPOS="484" VPOS="244" WIDTH="151" HEIGHT="26" WC="0.96" CONTENT="berättigande"/><SP WIDTH="16" VPOS="244" HPOS="635"/>
							<String ID="string_33" HPOS="651" VPOS="244" WIDTH="39" HEIGHT="21" WC="0.96" CONTENT="och"/><SP WIDTH="16" VPOS="244" HPOS="690"/>
							<String ID="string_34" HPOS="706" VPOS="245" WIDTH="32" HEIGHT="20" WC="0.96" CONTENT="att"/><SP WIDTH="14" VPOS="245" HPOS="738"/>
							<String ID="string_35" HPOS="752" VPOS="244" WIDTH="47" HEIGHT="21" WC="0.96" CONTENT="skäl"/><SP WIDTH="15" VPOS="244" HPOS="799"/>
							<String ID="string_36" HPOS="814" VPOS="245" WIDTH="34" HEIGHT="20" WC="0.96" CONTENT="för"/><SP WIDTH="15" VPOS="245" HPOS="848"/>
							<String ID="string_37" HPOS="863" VPOS="244" WIDTH="39" HEIGHT="21" WC="0.96" CONTENT="och"/>
						</TextLine>
						<TextLine ID="line_4" HPOS="76" VPOS="271" WIDTH="826" HEIGHT="28">
							<String ID="string_38" HPOS="76" VPOS="273" WIDTH="61" HEIGHT="22" WC="0.96" CONTENT="emot"/><SP WIDTH="17" VPOS="273" HPOS="137"/>
							<String ID="string_39" HPOS="154" VPOS="271" WIDTH="68" HEIGHT="24" WC="0.96" CONTENT="kunna"/><SP WIDTH="18" VPOS="271" HPOS="222"/>
							<String ID="string_40" HPOS="240" VPOS="273" WIDTH="93" HEIGHT="26" WC="0.96" CONTENT="anföras,"/><SP WIDTH="21" VPOS="273" HPOS="333"/>
							<String ID="string_41" HPOS="354" VPOS="279" WIDTH="54" HEIGHT="19" WC="0.96" CONTENT="men,"/><SP WIDTH="16" VPOS="279" HPOS="408"/>
							<String ID="string_42" HPOS="424" VPOS="273" WIDTH="27" HEIGHT="21" WC="0.96" CONTENT="då"/><SP WIDTH="15" VPOS="273" HPOS="451"/>
							<String ID="string_43" HPOS="466" VPOS="273" WIDTH="39" HEIGHT="21" WC="0.96" CONTENT="den"/><SP WIDTH="17" VPOS="273" HPOS="505"/>
							<String ID="string_44" HPOS="522" VPOS="273" WIDTH="8" HEIGHT="24" WC="0.96" CONTENT="i"/><SP WIDTH="14" VPOS="273" HPOS="530"/>
							<String ID="string_45" HPOS="544" VPOS="273" WIDTH="44" HEIGHT="20" WC="0.96" CONTENT="alla"/><SP WIDTH="15" VPOS="273" HPOS="588"/>
							<String ID="string_46" HPOS="603" VPOS="272" WIDTH="41" HEIGHT="21" WC="0.96" CONTENT="fall"/><SP WIDTH="16" VPOS="272" HPOS="644"/>
							<String ID="string_47" HPOS="660" VPOS="275" WIDTH="36" HEIGHT="18" WC="0.96" CONTENT="rör"/><SP WIDTH="14" VPOS="275" HPOS="696"/>
							<String ID="string_48" HPOS="710" VPOS="278" WIDTH="26" HEIGHT="15" WC="0.96" CONTENT="en"/><SP WIDTH="16" VPOS="278" HPOS="736"/>
							<String ID="string_49" HPOS="752" VPOS="272" WIDTH="72" HEIGHT="27" WC="0.96" CONTENT="detalj,"/><SP WIDTH="16" VPOS="272" HPOS="824"/>
							<String ID="string_50" HPOS="840" VPOS="272" WIDTH="62" HEIGHT="22" WC="0.96" CONTENT="torde"/>
						</TextLine>
						<TextLine ID="line_5" HPOS="76" VPOS="299" WIDTH="824" HEIGHT="29">
							<String ID="string_51" HPOS="76" VPOS="299" WIDTH="149" HEIGHT="24" WC="0.96" CONTENT="diskussionen"/><SP WIDTH="23" VPOS="299" HPOS="225"/>
							<String ID="string_52" HPOS="248" VPOS="301" WIDTH="73" HEIGHT="21" WC="0.96" CONTENT="derom"/><SP WIDTH="24" VPOS="301" HPOS="321"/>
							<String ID="string_53" HPOS="345" VPOS="301" WIDTH="122" HEIGHT="26" WC="0.96" CONTENT="lämpligast"/><SP WIDTH="22" VPOS="301" HPOS="467"/>
							<String ID="string_54" HPOS="489" VPOS="301" WIDTH="71" HEIGHT="21" WC="0.93" CONTENT="kunna"/><SP WIDTH="23" VPOS="301" HPOS="560"/>
							<String ID="string_55" HPOS="583" VPOS="300" WIDTH="128" HEIGHT="27" WC="0.92" CONTENT="uppskjutas"/><SP WIDTH="23" VPOS="300" HPOS="711"/>
							<String ID="string_56" HPOS="734" VPOS="301" WIDTH="33" HEIGHT="21" WC="0.71" CONTENT="till"/><SP WIDTH="23" VPOS="301" HPOS="767"/>
							<String ID="string_57" HPOS="790" VPOS="301" WIDTH="49" HEIGHT="21" WC="0.93" CONTENT="dess"/><SP WIDTH="22" VPOS="301" HPOS="839"/>
							<String ID="string_58" HPOS="861" VPOS="301" WIDTH="11" HEIGHT="27" WC="0.89" CONTENT="$"/><SP WIDTH="16" VPOS="301" HPOS="872"/>
							<String ID="string_59" HPOS="888" VPOS="301" WIDTH="12" HEIGHT="21" WC="0.96" CONTENT="7"/>
						</TextLine>
						<TextLine ID="line_6" HPOS="75" VPOS="329" WIDTH="336" HEIGHT="26">
							<String ID="string_60" HPOS="75" VPOS="329" WIDTH="98" HEIGHT="21" WC="0.96" CONTENT="kommer"/><SP WIDTH="14" VPOS="329" HPOS="173"/>
							<String ID="string_61" HPOS="187" VPOS="330" WIDTH="68" HEIGHT="20" WC="0.93" CONTENT="under"/><SP WIDTH="14" VPOS="330" HPOS="255"/>
							<String ID="string_62" HPOS="269" VPOS="329" WIDTH="142" HEIGHT="26" WC="0.92" CONTENT="ompröfning."/>
						</TextLine>
					</TextBlock>
				</ComposedBlock>
				<ComposedBlock ID="cblock_2" HPOS="67" VPOS="366" WIDTH="841" HEIGHT="930">
					<TextBlock ID="block_2" HPOS="67" VPOS="366" WIDTH="841" HEIGHT="930">
						<TextLine ID="line_7" HPOS="147" VPOS="366" WIDTH="754" HEIGHT="24">
							<String ID="string_63" HPOS="147" VPOS="366" WIDTH="54" HEIGHT="23" WC="0.95" CONTENT="Herr"/><SP WIDTH="19" VPOS="366" HPOS="201"/>
							<String ID="string_64" HPOS="220" VPOS="368" WIDTH="141" HEIGHT="22" WC="0.95" CONTENT="Snellman:"/><SP WIDTH="27" VPOS="368" HPOS="361"/>
							<String ID="string_65" HPOS="388" VPOS="368" WIDTH="42" HEIGHT="21" WC="0.95" CONTENT="Det"/><SP WIDTH="18" VPOS="368" HPOS="430"/>
							<String ID="string_66" HPOS="448" VPOS="368" WIDTH="38" HEIGHT="21" WC="0.93" CONTENT="har"/><SP WIDTH="19" VPOS="368" HPOS="486"/>
							<String ID="string_67" HPOS="505" VPOS="368" WIDTH="71" HEIGHT="21" WC="0.92" CONTENT="blifvit"/><SP WIDTH="18" VPOS="368" HPOS="576"/>
							<String ID="string_68" HPOS="594" VPOS="368" WIDTH="100" HEIGHT="20" WC="0.92" CONTENT="anmärkt"/><SP WIDTH="15" VPOS="368" HPOS="694"/>
							<String ID="string_69" HPOS="709" VPOS="369" WIDTH="32" HEIGHT="20" WC="0.93" CONTENT="att"/><SP WIDTH="15" VPOS="369" HPOS="741"/>
							<String ID="string_70" HPOS="756" VPOS="368" WIDTH="145" HEIGHT="21" WC="0.92" CONTENT="betänkandet"/>
						</TextLine>
						<TextLine ID="line_8" HPOS="75" VPOS="394" WIDTH="826" HEIGHT="28">
							<String ID="string_71" HPOS="75" VPOS="394" WIDTH="132" HEIGHT="24" WC="0.95" CONTENT="beträffande"/><SP WIDTH="18" VPOS="394" HPOS="207"/>
							<String ID="string_72" HPOS="225" VPOS="398" WIDTH="50" HEIGHT="20" WC="0.96" CONTENT="dess"/><SP WIDTH="19" VPOS="398" HPOS="275"/>
							<String ID="string_73" HPOS="294" VPOS="402" WIDTH="76" HEIGHT="16" WC="0.96" CONTENT="senare"/><SP WIDTH="20" VPOS="402" HPOS="370"/>
							<String ID="string_74" HPOS="390" VPOS="396" WIDTH="41" HEIGHT="26" WC="0.96" CONTENT="del,"/><SP WIDTH="16" VPOS="396" HPOS="431"/>
							<String ID="string_75" HPOS="447" VPOS="397" WIDTH="36" HEIGHT="21" WC="0.96" CONTENT="det"/><SP WIDTH="14" VPOS="397" HPOS="483"/>
							<String ID="string_76" HPOS="497" VPOS="396" WIDTH="37" HEIGHT="21" WC="0.93" CONTENT="vill"/><SP WIDTH="16" VPOS="396" HPOS="534"/>
							<String ID="string_77" HPOS="550" VPOS="398" WIDTH="52" HEIGHT="24" WC="0.92" CONTENT="säga"/><SP WIDTH="16" VPOS="398" HPOS="602"/>
							<String ID="string_78" HPOS="618" VPOS="396" WIDTH="49" HEIGHT="26" WC="0.96" CONTENT="den,"/><SP WIDTH="16" VPOS="396" HPOS="667"/>
							<String ID="string_79" HPOS="683" VPOS="402" WIDTH="45" HEIGHT="15" WC="0.93" CONTENT="som"/><SP WIDTH="16" VPOS="402" HPOS="728"/>
							<String ID="string_80" HPOS="744" VPOS="396" WIDTH="67" HEIGHT="26" WC="0.92" CONTENT="angär"/><SP WIDTH="14" VPOS="396" HPOS="811"/>
							<String ID="string_81" HPOS="825" VPOS="396" WIDTH="76" HEIGHT="26" WC="0.91" CONTENT="frägan"/>
						</TextLine>
						<TextLine ID="line_9" HPOS="75" VPOS="424" WIDTH="833" HEIGHT="26">
							<String ID="string_82" HPOS="75" VPOS="429" WIDTH="36" HEIGHT="17" WC="0.92" CONTENT="om"/><SP WIDTH="16" VPOS="429" HPOS="111"/>
							<String ID="string_83" HPOS="127" VPOS="424" WIDTH="164" HEIGHT="22" WC="0.91" CONTENT="rotevakansens"/><SP WIDTH="16" VPOS="424" HPOS="291"/>
							<String ID="string_84" HPOS="307" VPOS="424" WIDTH="186" HEIGHT="26" WC="0.91" CONTENT="efterskänkande,"/><SP WIDTH="17" VPOS="424" HPOS="493"/>
							<String ID="string_85" HPOS="510" VPOS="424" WIDTH="65" HEIGHT="21" WC="0.93" CONTENT="borde"/><SP WIDTH="16" VPOS="424" HPOS="575"/>
							<String ID="string_86" HPOS="591" VPOS="424" WIDTH="170" HEIGHT="21" WC="0.92" CONTENT="äterremitteras"/><SP WIDTH="15" VPOS="424" HPOS="761"/>
							<String ID="string_87" HPOS="776" VPOS="424" WIDTH="33" HEIGHT="21" WC="0.93" CONTENT="till"/><SP WIDTH="8" VPOS="424" HPOS="809"/>
							<String ID="string_88" HPOS="817" VPOS="424" WIDTH="91" HEIGHT="21" WC="0.0" CONTENT="utskot-"/>
						</TextLine>
						<TextLine ID="line_10" HPOS="74" VPOS="451" WIDTH="833" HEIGHT="28">
							<String ID="string_89" HPOS="74" VPOS="453" WIDTH="40" HEIGHT="24" WC="0.95" CONTENT="tet,"/><SP WIDTH="20" VPOS="453" HPOS="114"/>
							<String ID="string_90" HPOS="134" VPOS="457" WIDTH="43" HEIGHT="15" WC="0.96" CONTENT="som"/><SP WIDTH="20" VPOS="457" HPOS="177"/>
							<String ID="string_91" HPOS="197" VPOS="453" WIDTH="70" HEIGHT="21" WC="0.93" CONTENT="skulle"/><SP WIDTH="20" VPOS="453" HPOS="267"/>
							<String ID="string_92" HPOS="287" VPOS="453" WIDTH="108" HEIGHT="20" WC="0.90" CONTENT="inkomma"/><SP WIDTH="18" VPOS="453" HPOS="395"/>
							<String ID="string_93" HPOS="413" VPOS="453" WIDTH="48" HEIGHT="21" WC="0.93" CONTENT="med"/><SP WIDTH="19" VPOS="453" HPOS="461"/>
							<String ID="string_94" HPOS="480" VPOS="452" WIDTH="106" HEIGHT="21" WC="0.91" CONTENT="definitivt"/><SP WIDTH="17" VPOS="452" HPOS="586"/>
							<String ID="string_95" HPOS="603" VPOS="452" WIDTH="82" HEIGHT="27" WC="0.96" CONTENT="förslag"/><SP WIDTH="14" VPOS="452" HPOS="685"/>
							<String ID="string_96" HPOS="699" VPOS="452" WIDTH="33" HEIGHT="21" WC="0.93" CONTENT="till"/><SP WIDTH="16" VPOS="452" HPOS="732"/>
							<String ID="string_97" HPOS="748" VPOS="451" WIDTH="115" HEIGHT="28" WC="0.92" CONTENT="aflyftande"/><SP WIDTH="16" VPOS="451" HPOS="863"/>
							<String ID="string_98" HPOS="879" VPOS="452" WIDTH="28" HEIGHT="21" WC="0.96" CONTENT="af."/>
						</TextLine>
						<TextLine ID="line_11" HPOS="75" VPOS="480" WIDTH="826" HEIGHT="27">
							<String ID="string_99" HPOS="75" VPOS="481" WIDTH="73" HEIGHT="21" WC="0.93" CONTENT="denna"/><SP WIDTH="14" VPOS="481" HPOS="148"/>
							<String ID="string_100" HPOS="162" VPOS="480" WIDTH="85" HEIGHT="22" WC="0.92" CONTENT="vakans."/><SP WIDTH="30" VPOS="480" HPOS="247"/>
							<String ID="string_101" HPOS="277" VPOS="481" WIDTH="43" HEIGHT="21" WC="0.93" CONTENT="För"/><SP WIDTH="15" VPOS="481" HPOS="320"/>
							<String ID="string_102" HPOS="335" VPOS="481" WIDTH="106" HEIGHT="21" WC="0.92" CONTENT="utskottet"/><SP WIDTH="14" VPOS="481" HPOS="441"/>
							<String ID="string_103" HPOS="455" VPOS="481" WIDTH="61" HEIGHT="20" WC="0.96" CONTENT="torde"/><SP WIDTH="16" VPOS="481" HPOS="516"/>
							<String ID="string_104" HPOS="532" VPOS="481" WIDTH="36" HEIGHT="20" WC="0.96" CONTENT="det"/><SP WIDTH="15" VPOS="481" HPOS="568"/>
							<String ID="string_105" HPOS="583" VPOS="480" WIDTH="56" HEIGHT="21" WC="0.96" CONTENT="dock"/><SP WIDTH="15" VPOS="480" HPOS="639"/>
							<String ID="string_106" HPOS="654" VPOS="486" WIDTH="52" HEIGHT="15" WC="0.96" CONTENT="vara"/><SP WIDTH="15" VPOS="486" HPOS="706"/>
							<String ID="string_107" HPOS="721" VPOS="481" WIDTH="97" HEIGHT="26" WC="0.96" CONTENT="omöjligt"/><SP WIDTH="15" VPOS="481" HPOS="818"/>
							<String ID="string_108" HPOS="833" VPOS="482" WIDTH="31" HEIGHT="19" WC="0.96" CONTENT="att"/><SP WIDTH="8" VPOS="482" HPOS="864"/>
							<String ID="string_109" HPOS="872" VPOS="487" WIDTH="29" HEIGHT="15" WC="0.96" CONTENT="nu"/>
						</TextLine>
						<TextLine ID="line_12" HPOS="74" VPOS="508" WIDTH="826" HEIGHT="27">
							<String ID="string_110" HPOS="74" VPOS="508" WIDTH="109" HEIGHT="22" WC="0.92" CONTENT="inkomma"/><SP WIDTH="22" VPOS="508" HPOS="183"/>
							<String ID="string_111" HPOS="205" VPOS="510" WIDTH="32" HEIGHT="21" WC="0.93" CONTENT="till"/><SP WIDTH="24" VPOS="510" HPOS="237"/>
							<String ID="string_112" HPOS="261" VPOS="509" WIDTH="115" HEIGHT="21" WC="0.92" CONTENT="ständerna"/><SP WIDTH="23" VPOS="509" HPOS="376"/>
							<String ID="string_113" HPOS="399" VPOS="509" WIDTH="48" HEIGHT="21" WC="0.96" CONTENT="med"/><SP WIDTH="22" VPOS="509" HPOS="447"/>
							<String ID="string_114" HPOS="469" VPOS="509" WIDTH="81" HEIGHT="26" WC="0.96" CONTENT="förslag"/><SP WIDTH="22" VPOS="509" HPOS="550"/>
							<String ID="string_115" HPOS="572" VPOS="509" WIDTH="34" HEIGHT="20" WC="0.96" CONTENT="till"/><SP WIDTH="20" VPOS="509" HPOS="606"/>
							<String ID="string_116" HPOS="626" VPOS="508" WIDTH="113" HEIGHT="22" WC="0.96" CONTENT="införande"/><SP WIDTH="16" VPOS="508" HPOS="739"/>
							<String ID="string_117" HPOS="755" VPOS="509" WIDTH="23" HEIGHT="21" WC="0.96" CONTENT="af"/><SP WIDTH="14" VPOS="509" HPOS="778"/>
							<String ID="string_118" HPOS="792" VPOS="515" WIDTH="25" HEIGHT="14" WC="0.93" CONTENT="en"/><SP WIDTH="17" VPOS="515" HPOS="817"/>
							<String ID="string_119" HPOS="834" VPOS="509" WIDTH="66" HEIGHT="21" WC="0.91" CONTENT="sädan"/>
						</TextLine>
						<TextLine ID="line_13" HPOS="75" VPOS="537" WIDTH="826" HEIGHT="24">
							<String ID="string_120" HPOS="75" VPOS="537" WIDTH="66" HEIGHT="24" WC="0.92" CONTENT="skatt,"/><SP WIDTH="12" VPOS="537" HPOS="141"/>
							<String ID="string_121" HPOS="153" VPOS="541" WIDTH="51" HEIGHT="18" WC="0.19" CONTENT="som"/><SP WIDTH="17" VPOS="541" HPOS="204"/>
							<String ID="string_122" HPOS="221" VPOS="537" WIDTH="142" HEIGHT="22" WC="0.91" CONTENT="1877—1878"/><SP WIDTH="16" VPOS="537" HPOS="363"/>
							<String ID="string_123" HPOS="379" VPOS="537" WIDTH="35" HEIGHT="21" WC="0.96" CONTENT="års"/><SP WIDTH="16" VPOS="537" HPOS="414"/>
							<String ID="string_124" HPOS="430" VPOS="537" WIDTH="87" HEIGHT="21" WC="0.93" CONTENT="ständer"/><SP WIDTH="15" VPOS="537" HPOS="517"/>
							<String ID="string_125" HPOS="532" VPOS="537" WIDTH="114" HEIGHT="21" WC="0.92" CONTENT="faststälde"/><SP WIDTH="16" VPOS="537" HPOS="646"/>
							<String ID="string_126" HPOS="662" VPOS="537" WIDTH="70" HEIGHT="21" WC="0.96" CONTENT="såsom"/><SP WIDTH="16" VPOS="537" HPOS="732"/>
							<String ID="string_127" HPOS="748" VPOS="539" WIDTH="31" HEIGHT="19" WC="0.93" CONTENT="ett"/><SP WIDTH="15" VPOS="539" HPOS="779"/>
							<String ID="string_128" HPOS="794" VPOS="537" WIDTH="107" HEIGHT="21" WC="0.96" CONTENT="bestämdt"/>
						</TextLine>
						<TextLine ID="line_14" HPOS="75" VPOS="563" WIDTH="825" HEIGHT="29">
							<String ID="string_129" HPOS="75" VPOS="564" WIDTH="72" HEIGHT="22" WC="0.96" CONTENT="vilkor"/><SP WIDTH="14" VPOS="564" HPOS="147"/>
							<String ID="string_130" HPOS="161" VPOS="563" WIDTH="32" HEIGHT="22" WC="0.93" CONTENT="för"/><SP WIDTH="14" VPOS="563" HPOS="193"/>
							<String ID="string_131" HPOS="207" VPOS="566" WIDTH="167" HEIGHT="21" WC="0.91" CONTENT="rotevakansens"/><SP WIDTH="15" VPOS="566" HPOS="374"/>
							<String ID="string_132" HPOS="389" VPOS="565" WIDTH="121" HEIGHT="27" WC="0.92" CONTENT="aflyftande."/><SP WIDTH="30" VPOS="565" HPOS="510"/>
							<String ID="string_133" HPOS="540" VPOS="565" WIDTH="42" HEIGHT="26" WC="0.96" CONTENT="Jag"/><SP WIDTH="15" VPOS="565" HPOS="582"/>
							<String ID="string_134" HPOS="597" VPOS="567" WIDTH="47" HEIGHT="19" WC="0.95" CONTENT="tror"/><SP WIDTH="16" VPOS="567" HPOS="644"/>
							<String ID="string_135" HPOS="660" VPOS="565" WIDTH="72" HEIGHT="21" WC="0.96" CONTENT="derför"/><SP WIDTH="15" VPOS="565" HPOS="732"/>
							<String ID="string_136" HPOS="747" VPOS="567" WIDTH="33" HEIGHT="19" WC="0.96" CONTENT="att"/><SP WIDTH="14" VPOS="567" HPOS="780"/>
							<String ID="string_137" HPOS="794" VPOS="565" WIDTH="37" HEIGHT="21" WC="0.95" CONTENT="det"/><SP WIDTH="15" VPOS="565" HPOS="831"/>
							<String ID="string_138" HPOS="846" VPOS="565" WIDTH="54" HEIGHT="22" WC="0.95" CONTENT="enda"/>
						</TextLine>
						<TextLine ID="line_15" HPOS="74" VPOS="592" WIDTH="826" HEIGHT="28">
							<String ID="string_139" HPOS="74" VPOS="592" WIDTH="91" HEIGHT="27" WC="0.96" CONTENT="möjliga"/><SP WIDTH="20" VPOS="592" HPOS="165"/>
							<String ID="string_140" HPOS="185" VPOS="595" WIDTH="42" HEIGHT="20" WC="0.96" CONTENT="sätt"/><SP WIDTH="22" VPOS="595" HPOS="227"/>
							<String ID="string_141" HPOS="249" VPOS="594" WIDTH="33" HEIGHT="21" WC="0.96" CONTENT="till"/><SP WIDTH="23" VPOS="594" HPOS="282"/>
							<String ID="string_142" HPOS="305" VPOS="594" WIDTH="92" HEIGHT="26" WC="0.96" CONTENT="lösning,"/><SP WIDTH="19" VPOS="594" HPOS="397"/>
							<String ID="string_143" HPOS="416" VPOS="593" WIDTH="24" HEIGHT="22" WC="0.91" CONTENT="så"/><SP WIDTH="18" VPOS="593" HPOS="440"/>
							<String ID="string_144" HPOS="458" VPOS="593" WIDTH="64" HEIGHT="22" WC="0.91" CONTENT="framt"/><SP WIDTH="19" VPOS="593" HPOS="522"/>
							<String ID="string_145" HPOS="541" VPOS="599" WIDTH="49" HEIGHT="15" WC="0.95" CONTENT="man"/><SP WIDTH="16" VPOS="599" HPOS="590"/>
							<String ID="string_146" HPOS="606" VPOS="593" WIDTH="38" HEIGHT="21" WC="0.95" CONTENT="vill"/><SP WIDTH="16" VPOS="593" HPOS="644"/>
							<String ID="string_147" HPOS="660" VPOS="593" WIDTH="62" HEIGHT="21" WC="0.96" CONTENT="stöda"/><SP WIDTH="15" VPOS="593" HPOS="722"/>
							<String ID="string_148" HPOS="737" VPOS="593" WIDTH="33" HEIGHT="27" WC="0.96" CONTENT="sig"/><SP WIDTH="14" VPOS="593" HPOS="770"/>
							<String ID="string_149" HPOS="784" VPOS="593" WIDTH="28" HEIGHT="26" WC="0.91" CONTENT="på"/><SP WIDTH="15" VPOS="593" HPOS="812"/>
							<String ID="string_150" HPOS="827" VPOS="593" WIDTH="73" HEIGHT="21" WC="0.91" CONTENT="ofvan-"/>
						</TextLine>
						<TextLine ID="line_16" HPOS="73" VPOS="620" WIDTH="827" HEIGHT="28">
							<String ID="string_151" HPOS="73" VPOS="620" WIDTH="95" HEIGHT="23" WC="0.92" CONTENT="nämnda"/><SP WIDTH="14" VPOS="620" HPOS="168"/>
							<String ID="string_152" HPOS="182" VPOS="622" WIDTH="158" HEIGHT="21" WC="0.91" CONTENT="ständerbeslut"/><SP WIDTH="15" VPOS="622" HPOS="340"/>
							<String ID="string_153" HPOS="355" VPOS="622" WIDTH="7" HEIGHT="21" WC="0.96" CONTENT="i"/><SP WIDTH="15" VPOS="622" HPOS="362"/>
							<String ID="string_154" HPOS="377" VPOS="621" WIDTH="82" HEIGHT="27" WC="0.95" CONTENT="frågan,"/><SP WIDTH="15" VPOS="621" HPOS="459"/>
							<String ID="string_155" HPOS="474" VPOS="623" WIDTH="25" HEIGHT="19" WC="0.96" CONTENT="är"/><SP WIDTH="14" VPOS="623" HPOS="499"/>
							<String ID="string_156" HPOS="513" VPOS="623" WIDTH="33" HEIGHT="20" WC="0.96" CONTENT="att"/><SP WIDTH="14" VPOS="623" HPOS="546"/>
							<String ID="string_157" HPOS="560" VPOS="623" WIDTH="80" HEIGHT="24" WC="0.96" CONTENT="antaga"/><SP WIDTH="15" VPOS="623" HPOS="640"/>
							<String ID="string_158" HPOS="655" VPOS="622" WIDTH="37" HEIGHT="21" WC="0.96" CONTENT="det"/><SP WIDTH="13" VPOS="622" HPOS="692"/>
							<String ID="string_159" HPOS="705" VPOS="621" WIDTH="87" HEIGHT="26" WC="0.96" CONTENT="förslag,"/><SP WIDTH="16" VPOS="621" HPOS="792"/>
							<String ID="string_160" HPOS="808" VPOS="627" WIDTH="45" HEIGHT="16" WC="0.92" CONTENT="som"/><SP WIDTH="13" VPOS="627" HPOS="853"/>
							<String ID="string_161" HPOS="866" VPOS="624" WIDTH="34" HEIGHT="19" WC="0.92" CONTENT="ut-"/>
						</TextLine>
						<TextLine ID="line_17" HPOS="73" VPOS="649" WIDTH="826" HEIGHT="27">
							<String ID="string_162" HPOS="73" VPOS="649" WIDTH="84" HEIGHT="22" WC="0.96" CONTENT="skottet"/><SP WIDTH="14" VPOS="649" HPOS="157"/>
							<String ID="string_163" HPOS="171" VPOS="649" WIDTH="56" HEIGHT="27" WC="0.96" CONTENT="gjort"/><SP WIDTH="14" VPOS="649" HPOS="227"/>
							<String ID="string_164" HPOS="241" VPOS="651" WIDTH="7" HEIGHT="20" WC="0.96" CONTENT="i"/><SP WIDTH="15" VPOS="651" HPOS="248"/>
							<String ID="string_165" HPOS="263" VPOS="651" WIDTH="32" HEIGHT="20" WC="0.96" CONTENT="sin"/><SP WIDTH="16" VPOS="651" HPOS="295"/>
							<String ID="string_166" HPOS="311" VPOS="650" WIDTH="65" HEIGHT="26" WC="0.93" CONTENT="kläm,"/><SP WIDTH="16" VPOS="650" HPOS="376"/>
							<String ID="string_167" HPOS="392" VPOS="650" WIDTH="20" HEIGHT="21" WC="0.88" CONTENT="d."/><SP WIDTH="16" VPOS="650" HPOS="412"/>
							<String ID="string_168" HPOS="428" VPOS="656" WIDTH="19" HEIGHT="15" WC="0.91" CONTENT="v."/><SP WIDTH="16" VPOS="656" HPOS="447"/>
							<String ID="string_169" HPOS="463" VPOS="656" WIDTH="18" HEIGHT="15" WC="0.91" CONTENT="s."/><SP WIDTH="15" VPOS="656" HPOS="481"/>
							<String ID="string_170" HPOS="496" VPOS="650" WIDTH="87" HEIGHT="21" WC="0.91" CONTENT="anhålla"/><SP WIDTH="15" VPOS="650" HPOS="583"/>
							<String ID="string_171" HPOS="598" VPOS="649" WIDTH="40" HEIGHT="21" WC="0.96" CONTENT="hos"/><SP WIDTH="16" VPOS="649" HPOS="638"/>
							<String ID="string_172" HPOS="654" VPOS="649" WIDTH="125" HEIGHT="27" WC="0.96" CONTENT="regeringen"/><SP WIDTH="11" VPOS="649" HPOS="779"/>
							<String ID="string_173" HPOS="790" VPOS="655" WIDTH="35" HEIGHT="16" WC="0.92" CONTENT="om"/><SP WIDTH="10" VPOS="655" HPOS="825"/>
							<String ID="string_174" HPOS="835" VPOS="649" WIDTH="64" HEIGHT="22" WC="0.92" CONTENT="fram-"/>
						</TextLine>
						<TextLine ID="line_18" HPOS="73" VPOS="677" WIDTH="826" HEIGHT="27">
							<String ID="string_175" HPOS="73" VPOS="677" WIDTH="106" HEIGHT="27" WC="0.96" CONTENT="läggande"/><SP WIDTH="15" VPOS="677" HPOS="179"/>
							<String ID="string_176" HPOS="194" VPOS="679" WIDTH="33" HEIGHT="20" WC="0.96" CONTENT="till"/><SP WIDTH="16" VPOS="679" HPOS="227"/>
							<String ID="string_177" HPOS="243" VPOS="680" WIDTH="61" HEIGHT="19" WC="0.91" CONTENT="nästa"/><SP WIDTH="15" VPOS="680" HPOS="304"/>
							<String ID="string_178" HPOS="319" VPOS="678" WIDTH="104" HEIGHT="26" WC="0.90" CONTENT="landtdag"/><SP WIDTH="15" VPOS="678" HPOS="423"/>
							<String ID="string_179" HPOS="438" VPOS="678" WIDTH="22" HEIGHT="21" WC="0.96" CONTENT="af"/><SP WIDTH="14" VPOS="678" HPOS="460"/>
							<String ID="string_180" HPOS="474" VPOS="680" WIDTH="30" HEIGHT="18" WC="0.96" CONTENT="ett"/><SP WIDTH="15" VPOS="680" HPOS="504"/>
							<String ID="string_181" HPOS="519" VPOS="677" WIDTH="138" HEIGHT="27" WC="0.95" CONTENT="fullständigt"/><SP WIDTH="7" VPOS="677" HPOS="657"/>
							<String ID="string_182" HPOS="664" VPOS="677" WIDTH="81" HEIGHT="27" WC="0.95" CONTENT="förslag"/><SP WIDTH="10" VPOS="677" HPOS="745"/>
							<String ID="string_183" HPOS="755" VPOS="678" WIDTH="32" HEIGHT="20" WC="0.96" CONTENT="till"/><SP WIDTH="12" VPOS="678" HPOS="787"/>
							<String ID="string_184" HPOS="799" VPOS="683" WIDTH="27" HEIGHT="21" WC="0.96" CONTENT="ny"/><SP WIDTH="8" VPOS="683" HPOS="826"/>
							<String ID="string_185" HPOS="834" VPOS="678" WIDTH="65" HEIGHT="21" WC="0.96" CONTENT="skatt."/>
						</TextLine>
						<TextLine ID="line_19" HPOS="73" VPOS="704" WIDTH="827" HEIGHT="28">
							<String ID="string_186" HPOS="73" VPOS="706" WIDTH="52" HEIGHT="22" WC="0.96" CONTENT="Man"/><SP WIDTH="20" VPOS="706" HPOS="125"/>
							<String ID="string_187" HPOS="145" VPOS="704" WIDTH="38" HEIGHT="22" WC="0.96" CONTENT="har"/><SP WIDTH="15" VPOS="704" HPOS="183"/>
							<String ID="string_188" HPOS="198" VPOS="706" WIDTH="62" HEIGHT="22" WC="0.96" CONTENT="äfven"/><SP WIDTH="16" VPOS="706" HPOS="260"/>
							<String ID="string_189" HPOS="276" VPOS="705" WIDTH="106" HEIGHT="25" WC="0.96" CONTENT="anmärkt,"/><SP WIDTH="15" VPOS="705" HPOS="382"/>
							<String ID="string_190" HPOS="397" VPOS="707" WIDTH="33" HEIGHT="20" WC="0.96" CONTENT="att"/><SP WIDTH="14" VPOS="707" HPOS="430"/>
							<String ID="string_191" HPOS="444" VPOS="706" WIDTH="6" HEIGHT="21" WC="0.97" CONTENT="i"/><SP WIDTH="16" VPOS="706" HPOS="450"/>
							<String ID="string_192" HPOS="466" VPOS="706" WIDTH="77" HEIGHT="26" WC="0.95" CONTENT="sjelfva"/><SP WIDTH="15" VPOS="706" HPOS="543"/>
							<String ID="string_193" HPOS="558" VPOS="706" WIDTH="76" HEIGHT="21" WC="0.96" CONTENT="verket"/><SP WIDTH="14" VPOS="706" HPOS="634"/>
							<String ID="string_194" HPOS="648" VPOS="706" WIDTH="126" HEIGHT="26" WC="0.96" CONTENT="regeringen"/><SP WIDTH="15" VPOS="706" HPOS="774"/>
							<String ID="string_195" HPOS="789" VPOS="705" WIDTH="33" HEIGHT="21" WC="0.93" CONTENT="till"/><SP WIDTH="16" VPOS="705" HPOS="822"/>
							<String ID="string_196" HPOS="838" VPOS="712" WIDTH="62" HEIGHT="15" WC="0.92" CONTENT="sena-"/>
						</TextLine>
						<TextLine ID="line_20" HPOS="73" VPOS="733" WIDTH="825" HEIGHT="27">
							<String ID="string_197" HPOS="73" VPOS="736" WIDTH="34" HEIGHT="20" WC="0.93" CONTENT="ste"/><SP WIDTH="19" VPOS="736" HPOS="107"/>
							<String ID="string_198" HPOS="126" VPOS="733" WIDTH="145" HEIGHT="23" WC="0.91" CONTENT="ständermöte"/><SP WIDTH="16" VPOS="733" HPOS="271"/>
							<String ID="string_199" HPOS="287" VPOS="734" WIDTH="56" HEIGHT="22" WC="0.96" CONTENT="hade"/><SP WIDTH="16" VPOS="734" HPOS="343"/>
							<String ID="string_200" HPOS="359" VPOS="734" WIDTH="112" HEIGHT="22" WC="0.96" CONTENT="inkommit"/><SP WIDTH="15" VPOS="734" HPOS="471"/>
							<String ID="string_201" HPOS="486" VPOS="735" WIDTH="50" HEIGHT="20" WC="0.95" CONTENT="med"/><SP WIDTH="13" VPOS="735" HPOS="536"/>
							<String ID="string_202" HPOS="549" VPOS="734" WIDTH="82" HEIGHT="26" WC="0.96" CONTENT="förslag"/><SP WIDTH="15" VPOS="734" HPOS="631"/>
							<String ID="string_203" HPOS="646" VPOS="734" WIDTH="34" HEIGHT="21" WC="0.96" CONTENT="till"/><SP WIDTH="15" VPOS="734" HPOS="680"/>
							<String ID="string_204" HPOS="695" VPOS="733" WIDTH="111" HEIGHT="22" WC="0.95" CONTENT="införande"/><SP WIDTH="16" VPOS="733" HPOS="806"/>
							<String ID="string_205" HPOS="822" VPOS="734" WIDTH="23" HEIGHT="21" WC="0.96" CONTENT="af"/><SP WIDTH="13" VPOS="734" HPOS="845"/>
							<String ID="string_206" HPOS="858" VPOS="734" WIDTH="40" HEIGHT="21" WC="0.96" CONTENT="den"/>
						</TextLine>
						<TextLine ID="line_21" HPOS="72" VPOS="761" WIDTH="827" HEIGHT="28">
							<String ID="string_207" HPOS="72" VPOS="761" WIDTH="98" HEIGHT="27" WC="0.96" CONTENT="begärda"/><SP WIDTH="17" VPOS="761" HPOS="170"/>
							<String ID="string_208" HPOS="187" VPOS="762" WIDTH="92" HEIGHT="22" WC="0.94" CONTENT="skatten."/><SP WIDTH="33" VPOS="762" HPOS="279"/>
							<String ID="string_209" HPOS="312" VPOS="762" WIDTH="51" HEIGHT="21" WC="0.96" CONTENT="Men"/><SP WIDTH="19" VPOS="762" HPOS="363"/>
							<String ID="string_210" HPOS="382" VPOS="763" WIDTH="40" HEIGHT="20" WC="0.96" CONTENT="den"/><SP WIDTH="16" VPOS="763" HPOS="422"/>
							<String ID="string_211" HPOS="438" VPOS="762" WIDTH="143" HEIGHT="26" WC="0.96" CONTENT="beskattning,"/><SP WIDTH="16" VPOS="762" HPOS="581"/>
							<String ID="string_212" HPOS="597" VPOS="768" WIDTH="47" HEIGHT="15" WC="0.96" CONTENT="som"/><SP WIDTH="16" VPOS="768" HPOS="644"/>
							<String ID="string_213" HPOS="660" VPOS="762" WIDTH="126" HEIGHT="27" WC="0.96" CONTENT="regeringen"/><SP WIDTH="15" VPOS="762" HPOS="786"/>
							<String ID="string_214" HPOS="801" VPOS="762" WIDTH="27" HEIGHT="21" WC="0.93" CONTENT="då"/><SP WIDTH="15" VPOS="762" HPOS="828"/>
							<String ID="string_215" HPOS="843" VPOS="762" WIDTH="56" HEIGHT="21" WC="0.92" CONTENT="före-"/>
						</TextLine>
						<TextLine ID="line_22" HPOS="73" VPOS="789" WIDTH="826" HEIGHT="28">
							<String ID="string_216" HPOS="73" VPOS="790" WIDTH="55" HEIGHT="26" WC="0.96" CONTENT="slog,"/><SP WIDTH="15" VPOS="790" HPOS="128"/>
							<String ID="string_217" HPOS="143" VPOS="789" WIDTH="42" HEIGHT="21" WC="0.96" CONTENT="kan"/><SP WIDTH="16" VPOS="789" HPOS="185"/>
							<String ID="string_218" HPOS="201" VPOS="791" WIDTH="33" HEIGHT="21" WC="0.96" CONTENT="väl"/><SP WIDTH="16" VPOS="791" HPOS="234"/>
							<String ID="string_219" HPOS="250" VPOS="790" WIDTH="47" HEIGHT="22" WC="0.96" CONTENT="icke"/><SP WIDTH="15" VPOS="790" HPOS="297"/>
							<String ID="string_220" HPOS="312" VPOS="791" WIDTH="114" HEIGHT="26" WC="0.96" CONTENT="rimligtvis"/><SP WIDTH="15" VPOS="791" HPOS="426"/>
							<String ID="string_221" HPOS="441" VPOS="796" WIDTH="63" HEIGHT="16" WC="0.96" CONTENT="anses"/><SP WIDTH="15" VPOS="796" HPOS="504"/>
							<String ID="string_222" HPOS="519" VPOS="796" WIDTH="51" HEIGHT="16" WC="0.96" CONTENT="vara"/><SP WIDTH="16" VPOS="796" HPOS="570"/>
							<String ID="string_223" HPOS="586" VPOS="796" WIDTH="25" HEIGHT="16" WC="0.97" CONTENT="en"/><SP WIDTH="16" VPOS="796" HPOS="611"/>
							<String ID="string_224" HPOS="627" VPOS="790" WIDTH="68" HEIGHT="22" WC="0.96" CONTENT="sådan"/><SP WIDTH="15" VPOS="790" HPOS="695"/>
							<String ID="string_225" HPOS="710" VPOS="796" WIDTH="45" HEIGHT="16" WC="0.96" CONTENT="som"/><SP WIDTH="13" VPOS="796" HPOS="755"/>
							<String ID="string_226" HPOS="768" VPOS="790" WIDTH="131" HEIGHT="22" WC="0.89" CONTENT="1877—1878"/>
						</TextLine>
						<TextLine ID="line_23" HPOS="73" VPOS="818" WIDTH="826" HEIGHT="28">
							<String ID="string_227" HPOS="73" VPOS="819" WIDTH="36" HEIGHT="21" WC="0.96" CONTENT="års"/><SP WIDTH="18" VPOS="819" HPOS="109"/>
							<String ID="string_228" HPOS="127" VPOS="818" WIDTH="87" HEIGHT="22" WC="0.96" CONTENT="ständer"/><SP WIDTH="19" VPOS="818" HPOS="214"/>
							<String ID="string_229" HPOS="233" VPOS="819" WIDTH="62" HEIGHT="21" WC="0.96" CONTENT="tänkt"/><SP WIDTH="18" VPOS="819" HPOS="295"/>
							<String ID="string_230" HPOS="313" VPOS="819" WIDTH="39" HEIGHT="27" WC="0.96" CONTENT="sig."/><SP WIDTH="30" VPOS="819" HPOS="352"/>
							<String ID="string_231" HPOS="382" VPOS="819" WIDTH="47" HEIGHT="21" WC="0.95" CONTENT="Den"/><SP WIDTH="15" VPOS="819" HPOS="429"/>
							<String ID="string_232" HPOS="444" VPOS="825" WIDTH="39" HEIGHT="15" WC="0.96" CONTENT="var"/><SP WIDTH="15" VPOS="825" HPOS="483"/>
							<String ID="string_233" HPOS="498" VPOS="818" WIDTH="33" HEIGHT="22" WC="0.96" CONTENT="för"/><SP WIDTH="15" VPOS="818" HPOS="531"/>
							<String ID="string_234" HPOS="546" VPOS="819" WIDTH="37" HEIGHT="21" WC="0.96" CONTENT="det"/><SP WIDTH="15" VPOS="819" HPOS="583"/>
							<String ID="string_235" HPOS="598" VPOS="818" WIDTH="70" HEIGHT="22" WC="0.96" CONTENT="första"/><SP WIDTH="14" VPOS="818" HPOS="668"/>
							<String ID="string_236" HPOS="682" VPOS="818" WIDTH="46" HEIGHT="22" WC="0.95" CONTENT="icke"/><SP WIDTH="16" VPOS="818" HPOS="728"/>
							<String ID="string_237" HPOS="744" VPOS="818" WIDTH="69" HEIGHT="27" WC="0.96" CONTENT="någon"/><SP WIDTH="16" VPOS="818" HPOS="813"/>
							<String ID="string_238" HPOS="829" VPOS="818" WIDTH="70" HEIGHT="22" WC="0.96" CONTENT="direkt"/>
						</TextLine>
						<TextLine ID="line_24" HPOS="72" VPOS="845" WIDTH="827" HEIGHT="29">
							<String ID="string_239" HPOS="72" VPOS="847" WIDTH="60" HEIGHT="21" WC="0.96" CONTENT="skatt"/><SP WIDTH="16" VPOS="847" HPOS="132"/>
							<String ID="string_240" HPOS="148" VPOS="845" WIDTH="30" HEIGHT="27" WC="0.93" CONTENT="på"/><SP WIDTH="15" VPOS="845" HPOS="178"/>
							<String ID="string_241" HPOS="193" VPOS="846" WIDTH="182" HEIGHT="28" WC="0.91" CONTENT="jordegendomen"/><SP WIDTH="19" VPOS="846" HPOS="375"/>
							<String ID="string_242" HPOS="394" VPOS="847" WIDTH="40" HEIGHT="21" WC="0.96" CONTENT="och"/><SP WIDTH="18" VPOS="847" HPOS="434"/>
							<String ID="string_243" HPOS="452" VPOS="853" WIDTH="69" HEIGHT="15" WC="0.96" CONTENT="annan"/><SP WIDTH="19" VPOS="853" HPOS="521"/>
							<String ID="string_244" HPOS="540" VPOS="847" WIDTH="156" HEIGHT="26" WC="0.96" CONTENT="förmögenhet,"/><SP WIDTH="18" VPOS="847" HPOS="696"/>
							<String ID="string_245" HPOS="714" VPOS="846" WIDTH="71" HEIGHT="22" WC="0.96" CONTENT="såsom"/><SP WIDTH="15" VPOS="846" HPOS="785"/>
							<String ID="string_246" HPOS="800" VPOS="852" WIDTH="29" HEIGHT="16" WC="0.93" CONTENT="nu"/><SP WIDTH="14" VPOS="852" HPOS="829"/>
							<String ID="string_247" HPOS="843" VPOS="846" WIDTH="56" HEIGHT="22" WC="0.93" CONTENT="före-"/>
						</TextLine>
						<TextLine ID="line_25" HPOS="71" VPOS="874" WIDTH="827" HEIGHT="27">
							<String ID="string_248" HPOS="71" VPOS="874" WIDTH="84" HEIGHT="26" WC="0.96" CONTENT="slagits,"/><SP WIDTH="17" VPOS="874" HPOS="155"/>
							<String ID="string_249" HPOS="172" VPOS="876" WIDTH="49" HEIGHT="20" WC="0.96" CONTENT="utan"/><SP WIDTH="16" VPOS="876" HPOS="221"/>
							<String ID="string_250" HPOS="237" VPOS="875" WIDTH="45" HEIGHT="21" WC="0.96" CONTENT="helt"/><SP WIDTH="15" VPOS="875" HPOS="282"/>
							<String ID="string_251" HPOS="297" VPOS="875" WIDTH="72" HEIGHT="21" WC="0.96" CONTENT="enkelt"/><SP WIDTH="15" VPOS="875" HPOS="369"/>
							<String ID="string_252" HPOS="384" VPOS="882" WIDTH="26" HEIGHT="14" WC="0.97" CONTENT="en"/><SP WIDTH="16" VPOS="882" HPOS="410"/>
							<String ID="string_253" HPOS="426" VPOS="875" WIDTH="154" HEIGHT="21" WC="0.96" CONTENT="inkomstskatt"/><SP WIDTH="14" VPOS="875" HPOS="580"/>
							<String ID="string_254" HPOS="594" VPOS="875" WIDTH="48" HEIGHT="21" WC="0.96" CONTENT="från"/><SP WIDTH="16" VPOS="875" HPOS="642"/>
							<String ID="string_255" HPOS="658" VPOS="876" WIDTH="70" HEIGHT="21" WC="0.96" CONTENT="denna"/><SP WIDTH="15" VPOS="876" HPOS="728"/>
							<String ID="string_256" HPOS="743" VPOS="875" WIDTH="102" HEIGHT="26" WC="0.96" CONTENT="fastighet"/><SP WIDTH="14" VPOS="875" HPOS="845"/>
							<String ID="string_257" HPOS="859" VPOS="875" WIDTH="39" HEIGHT="21" WC="0.96" CONTENT="och"/>
						</TextLine>
						<TextLine ID="line_26" HPOS="70" VPOS="902" WIDTH="828" HEIGHT="28">
							<String ID="string_258" HPOS="70" VPOS="903" WIDTH="48" HEIGHT="23" WC="0.96" CONTENT="från"/><SP WIDTH="17" VPOS="903" HPOS="118"/>
							<String ID="string_259" HPOS="135" VPOS="902" WIDTH="63" HEIGHT="22" WC="0.96" CONTENT="dessa"/><SP WIDTH="14" VPOS="902" HPOS="198"/>
							<String ID="string_260" HPOS="212" VPOS="903" WIDTH="180" HEIGHT="27" WC="0.95" CONTENT="förmögenheter."/><SP WIDTH="29" VPOS="903" HPOS="392"/>
							<String ID="string_261" HPOS="421" VPOS="904" WIDTH="48" HEIGHT="21" WC="0.96" CONTENT="Den"/><SP WIDTH="15" VPOS="904" HPOS="469"/>
							<String ID="string_262" HPOS="484" VPOS="903" WIDTH="134" HEIGHT="22" WC="0.96" CONTENT="beräknades"/><SP WIDTH="15" VPOS="903" HPOS="618"/>
							<String ID="string_263" HPOS="633" VPOS="903" WIDTH="29" HEIGHT="27" WC="0.95" CONTENT="på"/><SP WIDTH="14" VPOS="903" HPOS="662"/>
							<String ID="string_264" HPOS="676" VPOS="904" WIDTH="32" HEIGHT="20" WC="0.95" CONTENT="sin"/><SP WIDTH="15" VPOS="904" HPOS="708"/>
							<String ID="string_265" HPOS="723" VPOS="903" WIDTH="50" HEIGHT="27" WC="0.96" CONTENT="höjd"/><SP WIDTH="11" VPOS="903" HPOS="773"/>
							<String ID="string_266" HPOS="784" VPOS="903" WIDTH="71" HEIGHT="27" WC="0.96" CONTENT="uppgå"/><SP WIDTH="10" VPOS="903" HPOS="855"/>
							<String ID="string_267" HPOS="865" VPOS="903" WIDTH="33" HEIGHT="21" WC="0.96" CONTENT="till"/>
						</TextLine>
						<TextLine ID="line_27" HPOS="70" VPOS="930" WIDTH="829" HEIGHT="28">
							<String ID="string_268" HPOS="70" VPOS="930" WIDTH="97" HEIGHT="26" WC="0.90" CONTENT="400,000"/><SP WIDTH="18" VPOS="930" HPOS="167"/>
							<String ID="string_269" HPOS="185" VPOS="932" WIDTH="67" HEIGHT="21" WC="0.95" CONTENT="mark."/><SP WIDTH="33" VPOS="932" HPOS="252"/>
							<String ID="string_270" HPOS="285" VPOS="932" WIDTH="44" HEIGHT="21" WC="0.96" CONTENT="Det"/><SP WIDTH="18" VPOS="932" HPOS="329"/>
							<String ID="string_271" HPOS="347" VPOS="934" WIDTH="25" HEIGHT="19" WC="0.96" CONTENT="är"/><SP WIDTH="14" VPOS="934" HPOS="372"/>
							<String ID="string_272" HPOS="386" VPOS="932" WIDTH="47" HEIGHT="21" WC="0.96" CONTENT="icke"/><SP WIDTH="16" VPOS="932" HPOS="433"/>
							<String ID="string_273" HPOS="449" VPOS="933" WIDTH="31" HEIGHT="20" WC="0.96" CONTENT="ett"/><SP WIDTH="16" VPOS="933" HPOS="480"/>
							<String ID="string_274" HPOS="496" VPOS="932" WIDTH="76" HEIGHT="21" WC="0.96" CONTENT="sådant"/><SP WIDTH="15" VPOS="932" HPOS="572"/>
							<String ID="string_275" HPOS="587" VPOS="932" WIDTH="85" HEIGHT="26" WC="0.96" CONTENT="belopp,"/><SP WIDTH="17" VPOS="932" HPOS="672"/>
							<String ID="string_276" HPOS="689" VPOS="938" WIDTH="45" HEIGHT="15" WC="0.93" CONTENT="som"/><SP WIDTH="15" VPOS="938" HPOS="734"/>
							<String ID="string_277" HPOS="749" VPOS="931" WIDTH="101" HEIGHT="22" WC="0.92" CONTENT="behöfves"/><SP WIDTH="16" VPOS="931" HPOS="850"/>
							<String ID="string_278" HPOS="866" VPOS="931" WIDTH="33" HEIGHT="21" WC="0.96" CONTENT="för"/>
						</TextLine>
						<TextLine ID="line_28" HPOS="70" VPOS="958" WIDTH="828" HEIGHT="28">
							<String ID="string_279" HPOS="70" VPOS="961" WIDTH="33" HEIGHT="21" WC="0.96" CONTENT="att"/><SP WIDTH="14" VPOS="961" HPOS="103"/>
							<String ID="string_280" HPOS="117" VPOS="958" WIDTH="53" HEIGHT="28" WC="0.95" CONTENT="fylla"/><SP WIDTH="15" VPOS="958" HPOS="170"/>
							<String ID="string_281" HPOS="185" VPOS="959" WIDTH="41" HEIGHT="23" WC="0.96" CONTENT="den"/><SP WIDTH="16" VPOS="959" HPOS="226"/>
							<String ID="string_282" HPOS="242" VPOS="966" WIDTH="89" HEIGHT="20" WC="0.96" CONTENT="summa,"/><SP WIDTH="16" VPOS="966" HPOS="331"/>
							<String ID="string_283" HPOS="347" VPOS="966" WIDTH="46" HEIGHT="15" WC="0.93" CONTENT="som"/><SP WIDTH="16" VPOS="966" HPOS="393"/>
							<String ID="string_284" HPOS="409" VPOS="960" WIDTH="152" HEIGHT="21" WC="0.92" CONTENT="militieverket"/><SP WIDTH="15" VPOS="960" HPOS="561"/>
							<String ID="string_285" HPOS="576" VPOS="960" WIDTH="70" HEIGHT="21" WC="0.96" CONTENT="skulle"/><SP WIDTH="16" VPOS="960" HPOS="646"/>
							<String ID="string_286" HPOS="662" VPOS="960" WIDTH="28" HEIGHT="26" WC="0.96" CONTENT="gå"/><SP WIDTH="14" VPOS="960" HPOS="690"/>
							<String ID="string_287" HPOS="704" VPOS="960" WIDTH="63" HEIGHT="21" WC="0.96" CONTENT="miste"/><SP WIDTH="15" VPOS="960" HPOS="767"/>
							<String ID="string_288" HPOS="782" VPOS="960" WIDTH="116" HEIGHT="26" WC="0.96" CONTENT="om,"/><SP WIDTH="-70" VPOS="960" HPOS="898"/>
							<String ID="string_289" HPOS="828" VPOS="954" WIDTH="12" HEIGHT="36" WC="0.93" CONTENT="i"/><SP WIDTH="9" VPOS="954" HPOS="840"/>
							<String ID="string_290" HPOS="849" VPOS="960" WIDTH="49" HEIGHT="26" WC="0.91" CONTENT="hän-"/>
						</TextLine>
						<TextLine ID="line_29" HPOS="71" VPOS="986" WIDTH="828" HEIGHT="30">
							<String ID="string_291" HPOS="71" VPOS="987" WIDTH="60" HEIGHT="23" WC="0.93" CONTENT="delse"/><SP WIDTH="19" VPOS="987" HPOS="131"/>
							<String ID="string_292" HPOS="150" VPOS="986" WIDTH="171" HEIGHT="29" WC="0.92" CONTENT="vakansafgiften"/><SP WIDTH="19" VPOS="986" HPOS="321"/>
							<String ID="string_293" HPOS="340" VPOS="988" WIDTH="70" HEIGHT="22" WC="0.92" CONTENT="blefve"/><SP WIDTH="19" VPOS="988" HPOS="410"/>
							<String ID="string_294" HPOS="429" VPOS="988" WIDTH="94" HEIGHT="28" WC="0.92" CONTENT="aflyftad."/><SP WIDTH="30" VPOS="988" HPOS="523"/>
							<String ID="string_295" HPOS="553" VPOS="988" WIDTH="34" HEIGHT="22" WC="0.94" CONTENT="Då"/><SP WIDTH="12" VPOS="988" HPOS="587"/>
							<String ID="string_296" HPOS="599" VPOS="988" WIDTH="38" HEIGHT="27" WC="0.96" CONTENT="jag"/><SP WIDTH="15" VPOS="988" HPOS="637"/>
							<String ID="string_297" HPOS="652" VPOS="988" WIDTH="110" HEIGHT="22" WC="0.96" CONTENT="förmodar"/><SP WIDTH="14" VPOS="988" HPOS="762"/>
							<String ID="string_298" HPOS="776" VPOS="989" WIDTH="32" HEIGHT="20" WC="0.93" CONTENT="att"/><SP WIDTH="14" VPOS="989" HPOS="808"/>
							<String ID="string_299" HPOS="822" VPOS="988" WIDTH="77" HEIGHT="26" WC="0.92" CONTENT="borga-"/>
						</TextLine>
						<TextLine ID="line_30" HPOS="70" VPOS="1014" WIDTH="829" HEIGHT="29">
							<String ID="string_300" HPOS="70" VPOS="1014" WIDTH="112" HEIGHT="24" WC="0.92" CONTENT="reståndet"/><SP WIDTH="15" VPOS="1014" HPOS="182"/>
							<String ID="string_301" HPOS="197" VPOS="1016" WIDTH="55" HEIGHT="22" WC="0.96" CONTENT="skall"/><SP WIDTH="15" VPOS="1016" HPOS="252"/>
							<String ID="string_302" HPOS="267" VPOS="1016" WIDTH="85" HEIGHT="22" WC="0.96" CONTENT="besluta"/><SP WIDTH="16" VPOS="1016" HPOS="352"/>
							<String ID="string_303" HPOS="368" VPOS="1017" WIDTH="34" HEIGHT="26" WC="0.96" CONTENT="sig"/><SP WIDTH="15" VPOS="1017" HPOS="402"/>
							<String ID="string_304" HPOS="417" VPOS="1018" WIDTH="31" HEIGHT="20" WC="0.96" CONTENT="att"/><SP WIDTH="17" VPOS="1018" HPOS="448"/>
							<String ID="string_305" HPOS="465" VPOS="1016" WIDTH="106" HEIGHT="22" WC="0.93" CONTENT="behandla"/><SP WIDTH="15" VPOS="1016" HPOS="571"/>
							<String ID="string_306" HPOS="586" VPOS="1016" WIDTH="186" HEIGHT="26" WC="0.91" CONTENT="rusthällsfrägan,"/><SP WIDTH="11" VPOS="1016" HPOS="772"/>
							<String ID="string_307" HPOS="783" VPOS="1016" WIDTH="85" HEIGHT="22" WC="0.80" CONTENT="hvilken"/><SP WIDTH="5" VPOS="1016" HPOS="868"/>
							<String ID="string_308" HPOS="873" VPOS="1016" WIDTH="26" HEIGHT="26" WC="0.97" CONTENT="ju"/>
						</TextLine>
						<TextLine ID="line_31" HPOS="69" VPOS="1042" WIDTH="829" HEIGHT="30">
							<String ID="string_309" HPOS="69" VPOS="1043" WIDTH="98" HEIGHT="29" WC="0.92" CONTENT="tydligen"/><SP WIDTH="15" VPOS="1043" HPOS="167"/>
							<String ID="string_310" HPOS="182" VPOS="1042" WIDTH="47" HEIGHT="25" WC="0.92" CONTENT="icke"/><SP WIDTH="16" VPOS="1042" HPOS="229"/>
							<String ID="string_311" HPOS="245" VPOS="1044" WIDTH="24" HEIGHT="21" WC="0.93" CONTENT="sä"/><SP WIDTH="15" VPOS="1044" HPOS="269"/>
							<String ID="string_312" HPOS="284" VPOS="1045" WIDTH="179" HEIGHT="26" WC="0.91" CONTENT="sammanhänger"/><SP WIDTH="15" VPOS="1045" HPOS="463"/>
							<String ID="string_313" HPOS="478" VPOS="1045" WIDTH="48" HEIGHT="20" WC="0.93" CONTENT="med"/><SP WIDTH="17" VPOS="1045" HPOS="526"/>
							<String ID="string_314" HPOS="543" VPOS="1045" WIDTH="167" HEIGHT="21" WC="0.92" CONTENT="rotevakansens"/><SP WIDTH="11" VPOS="1045" HPOS="710"/>
							<String ID="string_315" HPOS="721" VPOS="1044" WIDTH="122" HEIGHT="27" WC="0.92" CONTENT="aflyftande,"/><SP WIDTH="9" VPOS="1044" HPOS="843"/>
							<String ID="string_316" HPOS="852" VPOS="1050" WIDTH="46" HEIGHT="15" WC="0.97" CONTENT="som"/>
						</TextLine>
						<TextLine ID="line_32" HPOS="69" VPOS="1070" WIDTH="830" HEIGHT="30">
							<String ID="string_317" HPOS="69" VPOS="1072" WIDTH="68" HEIGHT="26" WC="0.95" CONTENT="några"/><SP WIDTH="15" VPOS="1072" HPOS="137"/>
							<String ID="string_318" HPOS="152" VPOS="1070" WIDTH="69" HEIGHT="24" WC="0.96" CONTENT="talare"/><SP WIDTH="15" VPOS="1070" HPOS="221"/>
							<String ID="string_319" HPOS="236" VPOS="1073" WIDTH="41" HEIGHT="21" WC="0.96" CONTENT="här"/><SP WIDTH="14" VPOS="1073" HPOS="277"/>
							<String ID="string_320" HPOS="291" VPOS="1073" WIDTH="59" HEIGHT="21" WC="0.93" CONTENT="velat"/><SP WIDTH="14" VPOS="1073" HPOS="350"/>
							<String ID="string_321" HPOS="364" VPOS="1073" WIDTH="68" HEIGHT="27" WC="0.96" CONTENT="påstå,"/><SP WIDTH="18" VPOS="1073" HPOS="432"/>
							<String ID="string_322" HPOS="450" VPOS="1073" WIDTH="24" HEIGHT="21" WC="0.93" CONTENT="sä"/><SP WIDTH="14" VPOS="1073" HPOS="474"/>
							<String ID="string_323" HPOS="488" VPOS="1073" WIDTH="82" HEIGHT="26" WC="0.96" CONTENT="hoppas"/><SP WIDTH="13" VPOS="1073" HPOS="570"/>
							<String ID="string_324" HPOS="583" VPOS="1073" WIDTH="38" HEIGHT="26" WC="0.93" CONTENT="jag"/><SP WIDTH="16" VPOS="1073" HPOS="621"/>
							<String ID="string_325" HPOS="637" VPOS="1073" WIDTH="65" HEIGHT="21" WC="0.96" CONTENT="också"/><SP WIDTH="15" VPOS="1073" HPOS="702"/>
							<String ID="string_326" HPOS="717" VPOS="1074" WIDTH="32" HEIGHT="20" WC="0.93" CONTENT="att"/><SP WIDTH="15" VPOS="1074" HPOS="749"/>
							<String ID="string_327" HPOS="764" VPOS="1072" WIDTH="91" HEIGHT="27" WC="0.96" CONTENT="ståndet,"/><SP WIDTH="16" VPOS="1072" HPOS="855"/>
							<String ID="string_328" HPOS="871" VPOS="1072" WIDTH="28" HEIGHT="22" WC="0.96" CONTENT="dä"/>
						</TextLine>
						<TextLine ID="line_33" HPOS="69" VPOS="1100" WIDTH="830" HEIGHT="28">
							<String ID="string_329" HPOS="69" VPOS="1101" WIDTH="38" HEIGHT="22" WC="0.96" CONTENT="det"/><SP WIDTH="15" VPOS="1101" HPOS="107"/>
							<String ID="string_330" HPOS="122" VPOS="1100" WIDTH="97" HEIGHT="22" WC="0.96" CONTENT="kommer"/><SP WIDTH="14" VPOS="1100" HPOS="219"/>
							<String ID="string_331" HPOS="233" VPOS="1101" WIDTH="32" HEIGHT="21" WC="0.96" CONTENT="till"/><SP WIDTH="16" VPOS="1101" HPOS="265"/>
							<String ID="string_332" HPOS="281" VPOS="1101" WIDTH="40" HEIGHT="21" WC="0.96" CONTENT="den"/><SP WIDTH="17" VPOS="1101" HPOS="321"/>
							<String ID="string_333" HPOS="338" VPOS="1107" WIDTH="76" HEIGHT="16" WC="0.96" CONTENT="senare"/><SP WIDTH="15" VPOS="1107" HPOS="414"/>
							<String ID="string_334" HPOS="429" VPOS="1101" WIDTH="62" HEIGHT="21" WC="0.96" CONTENT="delen"/><SP WIDTH="17" VPOS="1101" HPOS="491"/>
							<String ID="string_335" HPOS="508" VPOS="1101" WIDTH="25" HEIGHT="21" WC="0.93" CONTENT="af"/><SP WIDTH="13" VPOS="1101" HPOS="533"/>
							<String ID="string_336" HPOS="546" VPOS="1101" WIDTH="146" HEIGHT="22" WC="0.91" CONTENT="betänkandet"/><SP WIDTH="14" VPOS="1101" HPOS="692"/>
							<String ID="string_337" HPOS="706" VPOS="1101" WIDTH="55" HEIGHT="21" WC="0.93" CONTENT="skall"/><SP WIDTH="15" VPOS="1101" HPOS="761"/>
							<String ID="string_338" HPOS="776" VPOS="1100" WIDTH="74" HEIGHT="22" WC="0.92" CONTENT="förena"/><SP WIDTH="16" VPOS="1100" HPOS="850"/>
							<String ID="string_339" HPOS="866" VPOS="1101" WIDTH="33" HEIGHT="27" WC="0.96" CONTENT="sig"/>
						</TextLine>
						<TextLine ID="line_34" HPOS="70" VPOS="1127" WIDTH="828" HEIGHT="29">
							<String ID="string_340" HPOS="70" VPOS="1135" WIDTH="33" HEIGHT="16" WC="0.93" CONTENT="om"/><SP WIDTH="16" VPOS="1135" HPOS="103"/>
							<String ID="string_341" HPOS="119" VPOS="1127" WIDTH="118" HEIGHT="24" WC="0.92" CONTENT="utskottets"/><SP WIDTH="15" VPOS="1127" HPOS="237"/>
							<String ID="string_342" HPOS="252" VPOS="1129" WIDTH="89" HEIGHT="27" WC="0.96" CONTENT="förslag."/><SP WIDTH="29" VPOS="1129" HPOS="341"/>
							<String ID="string_343" HPOS="370" VPOS="1129" WIDTH="43" HEIGHT="27" WC="0.96" CONTENT="Jag"/><SP WIDTH="15" VPOS="1129" HPOS="413"/>
							<String ID="string_344" HPOS="428" VPOS="1129" WIDTH="37" HEIGHT="21" WC="0.93" CONTENT="vill"/><SP WIDTH="15" VPOS="1129" HPOS="465"/>
							<String ID="string_345" HPOS="480" VPOS="1129" WIDTH="91" HEIGHT="27" WC="0.92" CONTENT="tillägga"/><SP WIDTH="15" VPOS="1129" HPOS="571"/>
							<String ID="string_346" HPOS="586" VPOS="1131" WIDTH="33" HEIGHT="20" WC="0.96" CONTENT="att"/><SP WIDTH="14" VPOS="1131" HPOS="619"/>
							<String ID="string_347" HPOS="633" VPOS="1129" WIDTH="38" HEIGHT="22" WC="0.96" CONTENT="det"/><SP WIDTH="14" VPOS="1129" HPOS="671"/>
							<String ID="string_348" HPOS="685" VPOS="1129" WIDTH="41" HEIGHT="21" WC="0.93" CONTENT="kan"/><SP WIDTH="16" VPOS="1129" HPOS="726"/>
							<String ID="string_349" HPOS="742" VPOS="1129" WIDTH="71" HEIGHT="21" WC="0.92" CONTENT="hända"/><SP WIDTH="15" VPOS="1129" HPOS="813"/>
							<String ID="string_350" HPOS="828" VPOS="1131" WIDTH="32" HEIGHT="19" WC="0.93" CONTENT="att"/><SP WIDTH="14" VPOS="1131" HPOS="860"/>
							<String ID="string_351" HPOS="874" VPOS="1128" WIDTH="24" HEIGHT="22" WC="0.93" CONTENT="fi-"/>
						</TextLine>
						<TextLine ID="line_35" HPOS="69" VPOS="1157" WIDTH="830" HEIGHT="27">
							<String ID="string_352" HPOS="69" VPOS="1157" WIDTH="113" HEIGHT="25" WC="0.90" CONTENT="nansläget"/><SP WIDTH="15" VPOS="1157" HPOS="182"/>
							<String ID="string_353" HPOS="197" VPOS="1157" WIDTH="34" HEIGHT="22" WC="0.96" CONTENT="för"/><SP WIDTH="15" VPOS="1157" HPOS="231"/>
							<String ID="string_354" HPOS="246" VPOS="1158" WIDTH="134" HEIGHT="21" WC="0.96" CONTENT="närvarande"/><SP WIDTH="17" VPOS="1158" HPOS="380"/>
							<String ID="string_355" HPOS="397" VPOS="1159" WIDTH="25" HEIGHT="19" WC="0.93" CONTENT="är"/><SP WIDTH="14" VPOS="1159" HPOS="422"/>
							<String ID="string_356" HPOS="436" VPOS="1158" WIDTH="84" HEIGHT="26" WC="0.92" CONTENT="sädant,"/><SP WIDTH="16" VPOS="1158" HPOS="520"/>
							<String ID="string_357" HPOS="536" VPOS="1160" WIDTH="32" HEIGHT="19" WC="0.96" CONTENT="att"/><SP WIDTH="14" VPOS="1160" HPOS="568"/>
							<String ID="string_358" HPOS="582" VPOS="1158" WIDTH="75" HEIGHT="21" WC="0.96" CONTENT="landet"/><SP WIDTH="15" VPOS="1158" HPOS="657"/>
							<String ID="string_359" HPOS="672" VPOS="1157" WIDTH="34" HEIGHT="22" WC="0.93" CONTENT="för"/><SP WIDTH="14" VPOS="1157" HPOS="706"/>
							<String ID="string_360" HPOS="720" VPOS="1158" WIDTH="71" HEIGHT="26" WC="0.92" CONTENT="nägon"/><SP WIDTH="14" VPOS="1158" HPOS="791"/>
							<String ID="string_361" HPOS="805" VPOS="1157" WIDTH="38" HEIGHT="26" WC="0.96" CONTENT="tid,"/><SP WIDTH="16" VPOS="1157" HPOS="843"/>
							<String ID="string_362" HPOS="859" VPOS="1157" WIDTH="40" HEIGHT="22" WC="0.96" CONTENT="och"/>
						</TextLine>
						<TextLine ID="line_36" HPOS="68" VPOS="1186" WIDTH="833" HEIGHT="27">
							<String ID="string_363" HPOS="68" VPOS="1186" WIDTH="64" HEIGHT="21" WC="0.90" CONTENT="innan"/><SP WIDTH="16" VPOS="1186" HPOS="132"/>
							<String ID="string_364" HPOS="148" VPOS="1189" WIDTH="26" HEIGHT="16" WC="0.96" CONTENT="en"/><SP WIDTH="15" VPOS="1189" HPOS="174"/>
							<String ID="string_365" HPOS="189" VPOS="1190" WIDTH="70" HEIGHT="17" WC="0.93" CONTENT="annan"/><SP WIDTH="17" VPOS="1190" HPOS="259"/>
							<String ID="string_366" HPOS="276" VPOS="1186" WIDTH="58" HEIGHT="21" WC="0.93" CONTENT="skatt"/><SP WIDTH="16" VPOS="1186" HPOS="334"/>
							<String ID="string_367" HPOS="350" VPOS="1186" WIDTH="41" HEIGHT="21" WC="0.93" CONTENT="blir"/><SP WIDTH="9" VPOS="1186" HPOS="391"/>
							<String ID="string_368" HPOS="400" VPOS="1186" WIDTH="79" HEIGHT="26" WC="0.92" CONTENT="införd,"/><SP WIDTH="10" VPOS="1186" HPOS="479"/>
							<String ID="string_369" HPOS="489" VPOS="1186" WIDTH="72" HEIGHT="21" WC="0.93" CONTENT="kunde"/><SP WIDTH="10" VPOS="1186" HPOS="561"/>
							<String ID="string_370" HPOS="571" VPOS="1186" WIDTH="97" HEIGHT="21" WC="0.92" CONTENT="undvara"/><SP WIDTH="10" VPOS="1186" HPOS="668"/>
							<String ID="string_371" HPOS="678" VPOS="1186" WIDTH="161" HEIGHT="26" WC="0.92" CONTENT="rotevakansen,"/><SP WIDTH="11" VPOS="1186" HPOS="839"/>
							<String ID="string_372" HPOS="850" VPOS="1191" WIDTH="51" HEIGHT="22" WC="0.93" CONTENT="men"/>
						</TextLine>
						<TextLine ID="line_37" HPOS="69" VPOS="1213" WIDTH="830" HEIGHT="31">
							<String ID="string_373" HPOS="69" VPOS="1219" WIDTH="34" HEIGHT="16" WC="0.96" CONTENT="om"/><SP WIDTH="23" VPOS="1219" HPOS="103"/>
							<String ID="string_374" HPOS="126" VPOS="1213" WIDTH="49" HEIGHT="31" WC="0.93" CONTENT="dess"/><SP WIDTH="23" VPOS="1213" HPOS="175"/>
							<String ID="string_375" HPOS="198" VPOS="1213" WIDTH="111" HEIGHT="22" WC="0.92" CONTENT="definitiva"/><SP WIDTH="18" VPOS="1213" HPOS="309"/>
							<String ID="string_376" HPOS="327" VPOS="1213" WIDTH="116" HEIGHT="28" WC="0.93" CONTENT="aflyftande"/><SP WIDTH="19" VPOS="1213" HPOS="443"/>
							<String ID="string_377" HPOS="462" VPOS="1214" WIDTH="34" HEIGHT="21" WC="0.96" CONTENT="för"/><SP WIDTH="19" VPOS="1214" HPOS="496"/>
							<String ID="string_378" HPOS="515" VPOS="1214" WIDTH="30" HEIGHT="21" WC="0.93" CONTENT="all"/><SP WIDTH="19" VPOS="1214" HPOS="545"/>
							<String ID="string_379" HPOS="564" VPOS="1214" WIDTH="88" HEIGHT="21" WC="0.93" CONTENT="framtid"/><SP WIDTH="16" VPOS="1214" HPOS="652"/>
							<String ID="string_380" HPOS="668" VPOS="1220" WIDTH="62" HEIGHT="15" WC="0.97" CONTENT="anser"/><SP WIDTH="12" VPOS="1220" HPOS="730"/>
							<String ID="string_381" HPOS="742" VPOS="1214" WIDTH="38" HEIGHT="27" WC="0.96" CONTENT="jag"/><SP WIDTH="15" VPOS="1214" HPOS="780"/>
							<String ID="string_382" HPOS="795" VPOS="1216" WIDTH="32" HEIGHT="19" WC="0.93" CONTENT="att"/><SP WIDTH="14" VPOS="1216" HPOS="827"/>
							<String ID="string_383" HPOS="841" VPOS="1215" WIDTH="58" HEIGHT="20" WC="0.93" CONTENT="stän-"/>
						</TextLine>
						<TextLine ID="line_38" HPOS="69" VPOS="1239" WIDTH="830" HEIGHT="30">
							<String ID="string_384" HPOS="69" VPOS="1242" WIDTH="66" HEIGHT="21" WC="0.91" CONTENT="derna"/><SP WIDTH="14" VPOS="1242" HPOS="135"/>
							<String ID="string_385" HPOS="149" VPOS="1239" WIDTH="48" HEIGHT="22" WC="0.92" CONTENT="icke"/><SP WIDTH="15" VPOS="1239" HPOS="197"/>
							<String ID="string_386" HPOS="212" VPOS="1242" WIDTH="74" HEIGHT="22" WC="0.93" CONTENT="kunna"/><SP WIDTH="15" VPOS="1242" HPOS="286"/>
							<String ID="string_387" HPOS="301" VPOS="1242" WIDTH="85" HEIGHT="22" WC="0.91" CONTENT="besluta"/><SP WIDTH="15" VPOS="1242" HPOS="386"/>
							<String ID="string_388" HPOS="401" VPOS="1243" WIDTH="33" HEIGHT="26" WC="0.93" CONTENT="sig"/><SP WIDTH="18" VPOS="1243" HPOS="434"/>
							<String ID="string_389" HPOS="452" VPOS="1242" WIDTH="46" HEIGHT="21" WC="0.93" CONTENT="förr"/><SP WIDTH="14" VPOS="1242" HPOS="498"/>
							<String ID="string_390" HPOS="512" VPOS="1244" WIDTH="27" HEIGHT="20" WC="0.96" CONTENT="än"/><SP WIDTH="20" VPOS="1244" HPOS="539"/>
							<String ID="string_391" HPOS="559" VPOS="1243" WIDTH="27" HEIGHT="20" WC="0.93" CONTENT="de"/><SP WIDTH="15" VPOS="1243" HPOS="586"/>
							<String ID="string_392" HPOS="601" VPOS="1244" WIDTH="84" HEIGHT="19" WC="0.93" CONTENT="voterat"/><SP WIDTH="15" VPOS="1244" HPOS="685"/>
							<String ID="string_393" HPOS="700" VPOS="1249" WIDTH="26" HEIGHT="14" WC="0.93" CONTENT="en"/><SP WIDTH="15" VPOS="1249" HPOS="726"/>
							<String ID="string_394" HPOS="741" VPOS="1243" WIDTH="66" HEIGHT="20" WC="0.93" CONTENT="sädan"/><SP WIDTH="16" VPOS="1243" HPOS="807"/>
							<String ID="string_395" HPOS="823" VPOS="1243" WIDTH="76" HEIGHT="20" WC="0.92" CONTENT="ersätt-"/>
						</TextLine>
						<TextLine ID="line_39" HPOS="67" VPOS="1269" WIDTH="629" HEIGHT="27">
							<String ID="string_396" HPOS="67" VPOS="1269" WIDTH="122" HEIGHT="27" WC="0.90" CONTENT="ningsskatt"/><SP WIDTH="15" VPOS="1269" HPOS="189"/>
							<String ID="string_397" HPOS="204" VPOS="1276" WIDTH="47" HEIGHT="15" WC="0.93" CONTENT="som"/><SP WIDTH="17" VPOS="1276" HPOS="251"/>
							<String ID="string_398" HPOS="268" VPOS="1271" WIDTH="142" HEIGHT="21" WC="0.91" CONTENT="1877—1878"/><SP WIDTH="16" VPOS="1271" HPOS="410"/>
							<String ID="string_399" HPOS="426" VPOS="1271" WIDTH="35" HEIGHT="21" WC="0.96" CONTENT="års"/><SP WIDTH="16" VPOS="1271" HPOS="461"/>
							<String ID="string_400" HPOS="477" VPOS="1271" WIDTH="89" HEIGHT="21" WC="0.96" CONTENT="ständer"/><SP WIDTH="14" VPOS="1271" HPOS="566"/>
							<String ID="string_401" HPOS="580" VPOS="1271" WIDTH="116" HEIGHT="21" WC="0.96" CONTENT="bestämdt."/>
						</TextLine>
					</TextBlock>
				</ComposedBlock>
				<ComposedBlock ID="cblock_3" HPOS="67" VPOS="1308" WIDTH="831" HEIGHT="204">
					<TextBlock ID="block_3" HPOS="68" VPOS="1308" WIDTH="830" HEIGHT="58">
						<TextLine ID="line_40" HPOS="136" VPOS="1308" WIDTH="762" HEIGHT="29">
							<String ID="string_402" HPOS="136" VPOS="1308" WIDTH="57" HEIGHT="21" WC="0.96" CONTENT="Herr"/><SP WIDTH="16" VPOS="1308" HPOS="193"/>
							<String ID="string_403" HPOS="209" VPOS="1310" WIDTH="109" HEIGHT="22" WC="0.96" CONTENT="Öhman:"/><SP WIDTH="23" VPOS="1310" HPOS="318"/>
							<String ID="string_404" HPOS="341" VPOS="1310" WIDTH="42" HEIGHT="27" WC="0.96" CONTENT="Jag"/><SP WIDTH="16" VPOS="1310" HPOS="383"/>
							<String ID="string_405" HPOS="399" VPOS="1311" WIDTH="39" HEIGHT="20" WC="0.96" CONTENT="ber"/><SP WIDTH="14" VPOS="1311" HPOS="438"/>
							<String ID="string_406" HPOS="452" VPOS="1312" WIDTH="33" HEIGHT="19" WC="0.92" CONTENT="att"/><SP WIDTH="14" VPOS="1312" HPOS="485"/>
							<String ID="string_407" HPOS="499" VPOS="1311" WIDTH="23" HEIGHT="21" WC="0.93" CONTENT="få"/><SP WIDTH="14" VPOS="1311" HPOS="522"/>
							<String ID="string_408" HPOS="536" VPOS="1310" WIDTH="134" HEIGHT="22" WC="0.92" CONTENT="understöda"/><SP WIDTH="14" VPOS="1310" HPOS="670"/>
							<String ID="string_409" HPOS="684" VPOS="1311" WIDTH="50" HEIGHT="21" WC="0.91" CONTENT="herr"/><SP WIDTH="14" VPOS="1311" HPOS="734"/>
							<String ID="string_410" HPOS="748" VPOS="1311" WIDTH="66" HEIGHT="21" WC="0.93" CONTENT="Lilles"/><SP WIDTH="8" VPOS="1311" HPOS="814"/>
							<String ID="string_411" HPOS="822" VPOS="1310" WIDTH="76" HEIGHT="27" WC="0.92" CONTENT="yrkan-"/>
						</TextLine>
						<TextLine ID="line_41" HPOS="68" VPOS="1337" WIDTH="514" HEIGHT="29">
							<String ID="string_412" HPOS="68" VPOS="1339" WIDTH="26" HEIGHT="21" WC="0.96" CONTENT="de"/><SP WIDTH="15" VPOS="1339" HPOS="94"/>
							<String ID="string_413" HPOS="109" VPOS="1343" WIDTH="33" HEIGHT="16" WC="0.92" CONTENT="om"/><SP WIDTH="16" VPOS="1343" HPOS="142"/>
							<String ID="string_414" HPOS="158" VPOS="1337" WIDTH="103" HEIGHT="23" WC="0.92" CONTENT="ärendets"/><SP WIDTH="14" VPOS="1337" HPOS="261"/>
							<String ID="string_415" HPOS="275" VPOS="1339" WIDTH="127" HEIGHT="27" WC="0.93" CONTENT="ytterligare"/><SP WIDTH="15" VPOS="1339" HPOS="402"/>
							<String ID="string_416" HPOS="417" VPOS="1339" WIDTH="165" HEIGHT="27" WC="0.92" CONTENT="bordläggning."/>
						</TextLine>
					</TextBlock>
					<TextBlock ID="block_4" HPOS="67" VPOS="1371" WIDTH="831" HEIGHT="141">
						<TextLine ID="line_42" HPOS="135" VPOS="1371" WIDTH="763" HEIGHT="28">
							<String ID="string_417" HPOS="135" VPOS="1371" WIDTH="56" HEIGHT="21" WC="0.96" CONTENT="Herr"/><SP WIDTH="18" VPOS="1371" HPOS="191"/>
							<String ID="string_418" HPOS="209" VPOS="1372" WIDTH="157" HEIGHT="27" WC="0.96" CONTENT="Malmgren:"/><SP WIDTH="16" VPOS="1372" HPOS="366"/>
							<String ID="string_419" HPOS="382" VPOS="1373" WIDTH="42" HEIGHT="25" WC="0.93" CONTENT="Jag"/><SP WIDTH="17" VPOS="1373" HPOS="424"/>
							<String ID="string_420" HPOS="441" VPOS="1373" WIDTH="82" HEIGHT="21" WC="0.96" CONTENT="tillåter"/><SP WIDTH="15" VPOS="1373" HPOS="523"/>
							<String ID="string_421" HPOS="538" VPOS="1373" WIDTH="44" HEIGHT="25" WC="0.93" CONTENT="mig"/><SP WIDTH="14" VPOS="1373" HPOS="582"/>
							<String ID="string_422" HPOS="596" VPOS="1373" WIDTH="115" HEIGHT="21" WC="0.86" CONTENT="hemställa"/><SP WIDTH="15" VPOS="1373" HPOS="711"/>
							<String ID="string_423" HPOS="726" VPOS="1373" WIDTH="33" HEIGHT="21" WC="0.96" CONTENT="till"/><SP WIDTH="16" VPOS="1373" HPOS="759"/>
							<String ID="string_424" HPOS="775" VPOS="1373" WIDTH="27" HEIGHT="20" WC="0.93" CONTENT="de"/><SP WIDTH="15" VPOS="1373" HPOS="802"/>
							<String ID="string_425" HPOS="817" VPOS="1373" WIDTH="81" HEIGHT="26" WC="0.80" CONTENT="herrar,"/>
						</TextLine>
						<TextLine ID="line_43" HPOS="67" VPOS="1398" WIDTH="831" HEIGHT="30">
							<String ID="string_426" HPOS="67" VPOS="1405" WIDTH="45" HEIGHT="17" WC="0.93" CONTENT="som"/><SP WIDTH="16" VPOS="1405" HPOS="112"/>
							<String ID="string_427" HPOS="128" VPOS="1398" WIDTH="91" HEIGHT="23" WC="0.92" CONTENT="anhällit"/><SP WIDTH="16" VPOS="1398" HPOS="219"/>
							<String ID="string_428" HPOS="235" VPOS="1405" WIDTH="34" HEIGHT="17" WC="0.93" CONTENT="om"/><SP WIDTH="16" VPOS="1405" HPOS="269"/>
							<String ID="string_429" HPOS="285" VPOS="1400" WIDTH="163" HEIGHT="27" WC="0.92" CONTENT="bordläggning,"/><SP WIDTH="17" VPOS="1400" HPOS="448"/>
							<String ID="string_430" HPOS="465" VPOS="1407" WIDTH="34" HEIGHT="15" WC="0.96" CONTENT="om"/><SP WIDTH="16" VPOS="1407" HPOS="499"/>
							<String ID="string_431" HPOS="515" VPOS="1401" WIDTH="27" HEIGHT="21" WC="0.93" CONTENT="de"/><SP WIDTH="15" VPOS="1401" HPOS="542"/>
							<String ID="string_432" HPOS="557" VPOS="1401" WIDTH="19" HEIGHT="26" WC="0.92" CONTENT="ej"/><SP WIDTH="15" VPOS="1401" HPOS="576"/>
							<String ID="string_433" HPOS="591" VPOS="1401" WIDTH="74" HEIGHT="21" WC="0.93" CONTENT="kunna"/><SP WIDTH="14" VPOS="1401" HPOS="665"/>
							<String ID="string_434" HPOS="679" VPOS="1400" WIDTH="77" HEIGHT="28" WC="0.92" CONTENT="frängä"/><SP WIDTH="14" VPOS="1400" HPOS="756"/>
							<String ID="string_435" HPOS="770" VPOS="1400" WIDTH="38" HEIGHT="22" WC="0.93" CONTENT="sitt"/><SP WIDTH="13" VPOS="1400" HPOS="808"/>
							<String ID="string_436" HPOS="821" VPOS="1401" WIDTH="77" HEIGHT="27" WC="0.93" CONTENT="yrkan-"/>
						</TextLine>
						<TextLine ID="line_44" HPOS="67" VPOS="1427" WIDTH="830" HEIGHT="29">
							<String ID="string_437" HPOS="67" VPOS="1429" WIDTH="32" HEIGHT="25" WC="0.96" CONTENT="de,"/><SP WIDTH="16" VPOS="1429" HPOS="99"/>
							<String ID="string_438" HPOS="115" VPOS="1427" WIDTH="66" HEIGHT="22" WC="0.93" CONTENT="sedan"/><SP WIDTH="16" VPOS="1427" HPOS="181"/>
							<String ID="string_439" HPOS="197" VPOS="1428" WIDTH="153" HEIGHT="22" WC="0.91" CONTENT="diskussionen"/><SP WIDTH="18" VPOS="1428" HPOS="350"/>
							<String ID="string_440" HPOS="368" VPOS="1428" WIDTH="76" HEIGHT="28" WC="0.92" CONTENT="pägätt"/><SP WIDTH="15" VPOS="1428" HPOS="444"/>
							<String ID="string_441" HPOS="459" VPOS="1429" WIDTH="7" HEIGHT="21" WC="0.93" CONTENT="i"/><SP WIDTH="16" VPOS="1429" HPOS="466"/>
							<String ID="string_442" HPOS="482" VPOS="1429" WIDTH="36" HEIGHT="21" WC="0.92" CONTENT="tvä"/><SP WIDTH="15" VPOS="1429" HPOS="518"/>
							<String ID="string_443" HPOS="533" VPOS="1429" WIDTH="98" HEIGHT="21" WC="0.92" CONTENT="timmars"/><SP WIDTH="15" VPOS="1429" HPOS="631"/>
							<String ID="string_444" HPOS="646" VPOS="1430" WIDTH="32" HEIGHT="20" WC="0.97" CONTENT="tid"/><SP WIDTH="16" VPOS="1430" HPOS="678"/>
							<String ID="string_445" HPOS="694" VPOS="1429" WIDTH="39" HEIGHT="21" WC="0.96" CONTENT="och"/><SP WIDTH="15" VPOS="1429" HPOS="733"/>
							<String ID="string_446" HPOS="748" VPOS="1429" WIDTH="66" HEIGHT="21" WC="0.93" CONTENT="saken"/><SP WIDTH="14" VPOS="1429" HPOS="814"/>
							<String ID="string_447" HPOS="828" VPOS="1429" WIDTH="69" HEIGHT="21" WC="0.92" CONTENT="häller"/>
						</TextLine>
						<TextLine ID="line_45" HPOS="67" VPOS="1457" WIDTH="831" HEIGHT="27">
							<String ID="string_448" HPOS="67" VPOS="1457" WIDTH="27" HEIGHT="27" WC="0.95" CONTENT="på"/><SP WIDTH="17" VPOS="1457" HPOS="94"/>
							<String ID="string_449" HPOS="111" VPOS="1457" WIDTH="32" HEIGHT="20" WC="0.59" CONTENT="att"/><SP WIDTH="15" VPOS="1457" HPOS="143"/>
							<String ID="string_450" HPOS="158" VPOS="1460" WIDTH="80" HEIGHT="22" WC="0.95" CONTENT="mogna"/><SP WIDTH="13" VPOS="1460" HPOS="238"/>
							<String ID="string_451" HPOS="251" VPOS="1457" WIDTH="36" HEIGHT="21" WC="0.93" CONTENT="till"/><SP WIDTH="15" VPOS="1457" HPOS="287"/>
							<String ID="string_452" HPOS="302" VPOS="1457" WIDTH="124" HEIGHT="27" WC="0.92" CONTENT="afgörande."/><SP WIDTH="30" VPOS="1457" HPOS="426"/>
							<String ID="string_453" HPOS="456" VPOS="1457" WIDTH="152" HEIGHT="22" WC="0.96" CONTENT="Betänkandet"/><SP WIDTH="14" VPOS="1457" HPOS="608"/>
							<String ID="string_454" HPOS="622" VPOS="1458" WIDTH="40" HEIGHT="20" WC="0.96" CONTENT="har"/><SP WIDTH="15" VPOS="1458" HPOS="662"/>
							<String ID="string_455" HPOS="677" VPOS="1458" WIDTH="56" HEIGHT="21" WC="0.93" CONTENT="varit"/><SP WIDTH="15" VPOS="1458" HPOS="733"/>
							<String ID="string_456" HPOS="748" VPOS="1457" WIDTH="98" HEIGHT="21" WC="0.90" CONTENT="utdeladt"/><SP WIDTH="15" VPOS="1457" HPOS="846"/>
							<String ID="string_457" HPOS="861" VPOS="1463" WIDTH="37" HEIGHT="15" WC="0.92" CONTENT="un-"/>
						</TextLine>
						<TextLine ID="line_46" HPOS="67" VPOS="1484" WIDTH="831" HEIGHT="28">
							<String ID="string_458" HPOS="67" VPOS="1486" WIDTH="38" HEIGHT="20" WC="0.95" CONTENT="der"/><SP WIDTH="14" VPOS="1486" HPOS="105"/>
							<String ID="string_459" HPOS="119" VPOS="1484" WIDTH="48" HEIGHT="21" WC="0.93" CONTENT="hela"/><SP WIDTH="14" VPOS="1484" HPOS="167"/>
							<String ID="string_460" HPOS="181" VPOS="1484" WIDTH="139" HEIGHT="26" WC="0.89" CONTENT="päskveckan"/><SP WIDTH="15" VPOS="1484" HPOS="320"/>
							<String ID="string_461" HPOS="335" VPOS="1486" WIDTH="41" HEIGHT="21" WC="0.93" CONTENT="och"/><SP WIDTH="16" VPOS="1486" HPOS="376"/>
							<String ID="string_462" HPOS="392" VPOS="1485" WIDTH="85" HEIGHT="22" WC="0.96" CONTENT="således"/><SP WIDTH="16" VPOS="1485" HPOS="477"/>
							<String ID="string_463" HPOS="493" VPOS="1485" WIDTH="64" HEIGHT="22" WC="0.93" CONTENT="hafva"/><SP WIDTH="15" VPOS="1485" HPOS="557"/>
							<String ID="string_464" HPOS="572" VPOS="1486" WIDTH="100" HEIGHT="26" WC="0.92" CONTENT="samtlige"/><SP WIDTH="11" VPOS="1486" HPOS="672"/>
							<String ID="string_465" HPOS="683" VPOS="1486" WIDTH="215" HEIGHT="21" WC="0.80" CONTENT="ständsmedlemmar"/>
						</TextLine>
					</TextBlock>
				</ComposedBlock>
			</PrintSpace>
		</Page>
	</Layout>
</alto>
