1111 1773
228 134 34 33 934
500 138 92 23 Borgarest.
604 138 45 19 1885.
672 138 10 18 2
695 138 38 22 Maj.

205 207 33 21 får
253 207 117 21 vidkännas
385 208 8 20 i
407 206 126 23 Jakobstad.
555 207 39 22 Att
609 207 46 22 åter
669 206 48 22 föra
731 206 184 28 sågprodukterna
930 206 25 22 så
964 206 65 27 långa

204 238 73 25 vägar,
300 242 46 16 som
368 231 51 36 ända
434 236 43 22 till
495 236 131 22 Jakobstads
645 236 70 26 hamn,
731 236 50 21 vore
796 236 63 27 ingen
875 235 41 22 idé.
946 235 43 22 Det
1004 237 25 19 är

205 264 85 22 således
305 265 50 27 föga
369 265 75 27 troligt
459 267 33 19 att
506 265 69 21 denna
589 265 56 21 bana
660 264 55 22 skall
730 264 34 22 för
779 265 33 21 sin
826 264 64 22 trafik
905 264 72 22 kunna
991 264 37 28 pä-

205 293 67 21 räkna
288 293 62 21 dessa
365 295 104 24 trävaror,
484 293 35 21 för
534 293 72 21 hvilka
620 293 107 21 utskottet
741 293 39 21 har
790 293 96 27 uppstält
896 293 40 21 den
947 299 82 21 granna

206 320 72 22 siffran
294 321 24 21 af
330 322 78 25 20,481
424 322 60 20 Fmk.
509 322 42 26 Jag
565 328 64 14 anser
643 322 37 20 det
695 321 72 21 derför
782 328 51 14 vara
848 322 43 20 min
907 321 122 27 skyldighet

204 351 33 19 att
256 351 102 19 motsätta
376 350 43 26 mig
438 356 27 14 en
484 350 66 20 sådan
565 350 62 26 bana,
643 355 46 15 som
705 349 75 27 denna,
796 350 88 21 emedan
900 350 43 20 min
959 349 69 21 öfver-

203 378 83 26 tygelse
301 380 25 18 är
340 380 31 19 ått
387 378 41 21 den
443 378 47 21 icke
504 378 55 21 skall
575 378 58 26 gifva
648 378 41 21 den
704 379 68 25 ränta,
788 384 45 14 som
848 377 105 22 utskottet
969 378 6 20 i
991 377 38 21 sitt

204 406 135 21 betänkande
354 408 96 24 antager.

272 434 57 21 Herr
345 434 163 21 Gummerus:
530 435 184 26 Representanten
729 435 35 20 för
777 434 126 27 Jakobstad,
920 441 45 15 som
981 434 48 22 blif-

204 462 30 21 vit
256 462 123 22 bortkallad
397 462 34 22 till
450 462 54 27 följd
522 462 24 22 af
559 469 26 15 en
600 462 245 27 familjeangelägenhet,
860 463 40 21 har
915 463 114 27 uppdragit

204 490 22 21 åt
246 490 44 27 mig
308 492 32 19 att
358 491 100 21 meddela
472 491 86 21 ståndet
572 493 33 19 att
619 491 110 27 uppgiften
744 491 7 21 i
768 492 36 20 det
819 491 23 21 af
855 491 76 21 honom
947 490 82 27 afgifna

203 518 237 27 petitionsmemorialet
449 525 34 15 om
494 521 33 19 att
536 519 91 27 längden
639 519 33 21 för
681 520 92 20 bibanan
784 520 33 20 till
828 519 119 21 Jakobstad
959 519 70 22 skulle

204 546 66 21 blifva
290 547 27 21 10
335 549 64 23 verst,
419 547 64 21 beror
501 547 28 27 på
547 549 31 19 ett
592 547 78 27 utdrag
685 547 46 21 från
748 547 207 27 stadsfullmägtiges
970 548 7 20 i
993 547 36 22 Ja-

203 574 92 22 kobstad
317 575 107 26 protokoll
444 575 34 21 för.
497 576 40 21 den
557 576 27 21 16
596 576 85 26 januari
698 576 61 22 1885.
790 576 128 22 Sedermera
931 576 40 21 har
986 576 42 22 han

203 602 41 22 fått
259 605 95 25 mottaga
369 605 32 19 ett
415 604 199 27 protokollsutdrag
629 604 24 22 af
666 604 42 22 den
722 605 15 21 4
751 604 95 22 februari
862 604 62 27 1885,
939 605 38 21 der
987 605 41 21 den

205 632 88 20 rättelse
318 634 70 24 göres,
403 634 33 19 att
450 632 104 21 bibanans
569 633 65 26 längd
649 633 33 21 till
697 633 170 21 Alholmsudden
869 628 12 37 i
878 633 94 28 sjelfva
982 640 47 15 ver-

203 659 38 22 ket
256 660 55 21 efter
326 666 26 16 en
367 666 28 21 ny
410 661 140 26 uppmätning
564 662 25 20 är
605 662 26 20 13
646 663 65 24 verst,
725 662 39 20 och
775 662 39 20 har
824 662 50 20 herr
885 661 82 21 Öhman
976 662 52 21 lem-

203 690 37 18 nat
262 688 60 21 detta
340 688 198 27 protokollsutdrag
556 689 34 21 till
609 690 110 25 utskottet,
739 695 45 15 som
800 690 64 21 också
879 690 7 20 i
902 690 37 21 sitt
954 690 73 22 betän-

203 716 70 21 kande
288 717 99 26 upptagit
401 717 104 21 bibanans
521 717 64 27 längd
601 718 33 20 till
651 718 26 20 13
693 720 64 18 verst.

271 744 57 22 Herr
351 744 135 22 Sundvall:
508 744 42 28 Jag
569 745 38 21 ber
626 747 56 19 ännu
700 746 22 20 få
740 746 90 26 tillägga
849 748 33 19 att
896 746 84 21 utöfver
995 748 33 19 ut-

203 772 91 21 skottets
310 772 143 28 beräkningar
468 779 26 15 en
509 779 27 21 ny
551 773 65 27 utgift
630 774 62 21 torde
707 774 85 23 komma
807 776 31 19 att
853 774 77 27 uppstå
944 774 83 27 derige-

203 806 56 20 nom,
282 803 32 19 att
332 808 26 14 en
377 802 135 26 kajbyggnad
531 802 38 20 bör
587 802 28 26 på
634 802 112 22 Alholmen
765 802 89 26 utföras,
874 806 22 24 ty
911 802 117 27 ingalunda

203 828 72 22 kunna
290 829 106 21 skenorna
411 830 61 21 ledas
486 831 53 19 utan
554 830 72 21 vidare
642 832 24 19 ut
681 830 28 27 på
723 831 108 21 stranden.

270 857 58 21 Herr
350 858 143 26 Tallqvist:
515 858 42 26 Jag
572 858 94 27 begärde
681 859 63 21 ordet
757 859 34 21 för
805 861 33 19 att
852 860 110 26 gentemot
977 859 51 21 herr

203 884 102 23 Sundvall
321 886 76 21 anföra
411 886 67 27 några
493 886 188 27 omständigheter.
708 887 57 21 Herr
780 887 103 22 Sundvall
898 890 89 24 antager
995 890 33 19 att

203 913 27 21 de
244 915 105 26 trävaror,
366 921 44 14 som
426 915 7 20 i
448 915 117 21 utskottets
579 915 217 28 räntabilitetskalkyl
806 917 38 20 äro
854 917 115 26 upptagna,
980 916 47 21 icke

203 941 70 22 skulle
296 942 85 21 komma
403 943 200 22 Jakobstadsbanan
625 944 33 21 till
680 944 62 27 godo,
765 944 107 27 nemligen
890 944 95 21 hvarken
1000 945 27 21 de

200 971 106 26 trävaror,
321 976 45 16 som
381 973 159 25 transporteras
555 971 46 22 från
613 972 76 27 Keppo
704 972 44 27 såg,
761 973 53 21 eller
826 973 26 21 de
860 972 47 22 från
918 972 108 22 Herrfors'

202 998 39 27 såg
255 999 7 20 i
278 999 61 26 Esse,
354 999 27 21 de
395 999 60 22 förra
469 1000 28 27 på
512 1000 41 21 den
567 1001 70 26 grund
653 1002 32 19 att
699 1001 75 26 Keppo
790 1000 38 27 såg
844 1001 68 26 ligger
922 1001 28 27 på
960 1001 67 22 andra

202 1027 61 20 sidan
286 1033 34 15 om
342 1027 73 27 Lappo
434 1028 36 26 elf,
490 1028 26 21 de
535 1034 76 16 senare
629 1029 28 26 pä
676 1029 41 21 den
735 1030 75 25 grund,
830 1031 32 20 att
880 1029 27 22 de
922 1030 7 21 i
944 1029 55 22 Esse
1015 1030 13 21 å

202 1054 65 22 hafva
282 1061 26 15 en
324 1055 71 22 direkt
415 1056 215 27 sjökommunikation
645 1057 34 21 till
694 1057 83 22 kusten.
807 1057 87 22 Liksom
910 1058 116 21 utskottets

202 1083 69 26 öfriga
286 1084 140 21 medlemmar
440 1086 62 24 tager
514 1085 38 26 jag
567 1085 55 21 dock
637 1085 34 21 för
685 1085 73 27 gifvet,
770 1088 32 18 att
812 1088 39 18 när
862 1092 25 15 en
898 1087 70 26 privat
978 1092 48 21 per-

202 1116 39 16 son
256 1111 183 23 kommerserädet
454 1112 24 22 O.
494 1113 26 21 A.
536 1113 72 26 Malm,
624 1119 46 15 som
678 1114 46 26 just
733 1116 24 18 är
768 1112 64 28 egare
842 1114 24 21 af
875 1114 63 21 dessa
948 1117 78 19 tvenne

202 1139 70 27 sägar,
288 1140 49 21 med
352 1146 26 15 en
393 1141 25 21 sä
432 1142 47 20 stor
494 1147 82 16 summa
591 1147 45 16 som
652 1142 93 26 200,000
759 1142 61 21 mark
835 1142 38 21 vill
888 1142 90 28 bidraga
992 1143 34 21 till

201 1167 81 22 banans
297 1168 114 28 uppkomst
426 1169 40 21 och
481 1170 71 21 säsom
567 1170 199 27 transportföremäl
782 1170 34 22 för
830 1171 70 21 banan
913 1171 113 27 uppgifver

198 1196 47 27 just
268 1196 63 22 dessa
352 1197 200 28 varu-gvantiteter,
571 1198 36 22 det
627 1198 64 22 ocksä
705 1200 25 20 är
744 1199 54 21 hans
813 1199 112 27 allvarliga
940 1200 86 26 mening

201 1226 33 20 att
251 1225 47 21 föra
318 1231 81 17 samma
417 1228 100 20 trävaror
533 1232 39 22 per
584 1226 97 28 jernväg.
710 1227 42 27 Jag
766 1227 42 21 kan
823 1227 47 21 icke
885 1227 70 22 heller
969 1227 58 21 finna

202 1256 66 19 annat
282 1255 27 20 än
324 1256 34 19 att
372 1254 37 22 det
424 1256 24 20 är
463 1254 102 28 förenligt
579 1255 49 21 med
643 1255 54 21 hans
712 1255 69 21 fördel
792 1257 33 19 att
834 1255 22 21 få
866 1255 106 27 utskeppa
980 1256 47 21 sina

202 1284 98 20 trävaror
318 1282 48 22 från
385 1289 26 15 en
431 1283 39 21 och
486 1289 81 15 samma
581 1284 72 26 hamn,
668 1284 126 26 Jakobstad,
810 1284 39 21 och
864 1284 48 21 icke
927 1284 98 26 behöfva,

201 1310 71 22 säsom
295 1311 84 26 hittills,
401 1313 149 25 transportera
571 1318 92 15 varorna
684 1312 48 21 frän
751 1312 41 21 den
811 1318 40 15 ena
870 1312 65 26 sägen
950 1312 34 21 till
1000 1318 25 16 en

201 1338 68 28 punkt
283 1339 37 21 vid
334 1339 78 22 kusten
427 1340 7 20 i
450 1340 100 21 Munsala
565 1340 39 22 och
619 1340 47 21 frän
682 1340 41 22 den
738 1340 67 21 andra
820 1340 66 27 sägen
901 1340 126 22 förmedelst

200 1373 27 15 en
242 1368 84 26 mycket
340 1368 49 21 svär
404 1368 40 21 och
459 1368 103 27 obegväm
577 1368 112 28 prämning
707 1374 77 21 genom
799 1369 89 21 Larsmo
904 1370 24 20 ut
941 1369 34 21 till
989 1368 37 22 Ja-

200 1395 104 22 kobstads
326 1396 59 26 redd,
409 1396 35 21 för
462 1398 32 20 att
513 1397 39 21 der
569 1396 56 22 lasta
640 1402 34 16 om
690 1397 54 21 dem.
774 1396 32 22 Pä
821 1397 69 21 denna
905 1397 69 27 grund
989 1402 37 16 an-

201 1429 35 16 ser
249 1424 37 27 jag
306 1426 32 19 att
353 1424 50 22 herr
419 1424 115 22 Sundvalls
548 1425 125 27 pästäende,
687 1427 33 19 att
735 1426 41 20 den
791 1425 39 21 här
845 1425 122 27 päräknade
982 1426 44 20 trä-

199 1452 145 22 varutrafiken
359 1453 47 21 icke
418 1453 70 21 skulle
503 1453 86 21 komma
603 1453 119 21 Jakobstad
737 1453 34 21 till
786 1454 62 26 godo,
864 1453 47 22 icke
926 1460 51 20 eger
993 1454 32 20 sin

200 1480 109 27 rigtighet.
336 1480 62 22 Hvad
415 1482 40 20 den
471 1481 67 21 andra
554 1481 167 27 anmärkningen
735 1481 140 27 vidkommer,
891 1483 32 19 att
938 1488 25 14 en
979 1482 47 26 kaj-

200 1508 99 27 byggnad
315 1509 70 21 skulle
401 1510 69 20 mästa
484 1509 83 21 utföras
582 1510 29 26 pä
625 1510 177 26 Alholmsudden,
818 1512 46 19 tror
874 1510 63 21 äfven
945 1510 38 26 jag
994 1512 32 19 att

200 1537 25 20 sä
240 1539 24 19 är
279 1537 68 21 fallet.
377 1537 50 22 Men
444 1538 45 26 just
504 1538 28 26 pä
546 1538 41 21 den
603 1538 69 26 grund
687 1540 32 18 att
734 1538 106 21 utskottet
854 1538 83 26 antagit
951 1539 32 19 att
998 1538 28 26 pä
