1109 1739
353 128 91 25 Böryärest.
456 127 43 22 1885:
521 130 28 19 30
555 124 49 29 April.
831 130 33 19 858

149 199 55 21 Herr
218 198 103 28 Nybom:
337 199 41 22 Det
393 199 37 22 vär
445 199 18 28 ej
473 178 77 48 något:
557 197 63 24 andat
633 200 37 27 jag
680 199 54 22 hade
744 201 31 20 att
785 200 100 21 anmärka

83 228 45 21 mot
144 225 70 24 dennä
229 227 100 27 paragraf
346 229 28 20 än
391 229 35 20 att
436 228 52 21 sista
503 225 114 24 mom&ntet
631 228 68 22 skulle
714 225 124 30 förtydligas
853 228 34 21 för

82 254 32 23 att
130 255 105 27 återgifva
251 256 43 21 den'
310 256 89 27 mening,
419 260 43 17 som
482 260 47 17 man
545 256 44 21 deri
604 257 57 21 velat
674 257 91 26 inlägga.
794 255 40 28 Jag
849 262 37 15 un-

82 285 110 20 derstöder
208 284 72 21 derför
293 284 49 21 herr
356 291 19 14 v.
390 283 89 23 Pfalers'
487 285 86 26 förslag.

148 311 57 22 Herr
217 312 130 27 Eneberg:
362 312 42 21 För
419 313 42 20 min
477 313 34 21 del
525 313 69 21 skulle
609 313 38 26 jag
660 313 57 21 helst
730 313 51 26 vilja
795 313 92 21 undvika

82 344 25 17 en
122 340 64 21 sådan
203 341 160 26 omredigering.
392 341 43 21 Det
449 343 24 18 är
487 341 123 26 visserligen
626 343 67 24 sannt,
704 343 32 19 att
746 347 33 15 om
790 347 25 15 en
824 341 62 21 rubb-

81 369 50 26 ning
153 368 23 21 af
196 370 76 25 panten
295 368 54 26 sker,
369 369 23 21 sä
409 369 101 22 behöfver
527 368 52 23 felet
594 369 19 26 ej
629 369 59 21 alltid
703 375 50 15 vara
767 369 118 27 pantgifva-

82 403 55 16 rens.
166 396 48 22 Men
237 397 45 21 icke
305 397 60 22 desto
387 397 81 22 mindre
486 397 39 21 bör
539 397 81 22 banken
635 402 51 17 vara
700 397 120 27 berättigad
833 399 32 20 att
878 397 10 21 i

82 425 78 22 sådana
181 425 37 21 fall
241 425 72 21 fordra
334 432 28 20 ny
376 425 104 22 säkerhet.
509 425 41 27 Jag
565 425 68 22 skulle
648 425 71 22 derför
733 431 50 16 anse
798 427 31 20 att
843 425 43 22 mo-

82 455 78 20 mentet
175 454 38 21 bör
227 453 99 22 förblifva
341 453 142 23 oförändradt.

149 482 56 22 Herr
219 482 104 28 Nybom:
341 482 43 22 Det
399 482 23 22 af
435 481 48 23 Herr
497 482 98 27 Eneberg
610 482 88 22 anförda
712 483 69 21 skälet
795 482 41 22 kan
849 483 37 26 jag

90 510 38 23 ck6
150 511 116 27 godkänna.
298 510 111 28 Meningen
428 512 47 20 med
494 511 157 27 bestämningen
669 517 33 15 om
717 512 58 32 pant,
788 511 99 21 förvarad

82 542 57 19 utom
162 540 88 26 banken,
272 541 24 19 är
317 540 34 21 väl
373 542 31 19 att
422 540 81 21 banken
519 540 38 20 och
572 540 45 20 icke
632 540 122 26 läntagaren
769 540 7 20 i
791 540 42 20 alla
848 539 38 21 fall

82 568 53 22 skall
151 565 62 24 hafva
227 556 76 38 panten
319 568 6 21 i
341 568 31 21 sin
387 568 58 21 vård.
475 568 39 22 Om
529 568 26 21 dä
572 570 77 25 panten
667 568 28 26 pä
713 569 30 20 ett
758 568 52 21 eller
824 569 64 20 annat

82 598 42 20 sätt
138 596 133 26 förkommer,
287 596 24 21 sä
326 596 66 22 måste
407 596 82 22 banken
504 596 66 27 enligt
584 596 37 21 vär
635 596 35 26 lag
685 596 56 26 gifva
755 602 26 15 en
796 596 43 21 lika
847 592 42 35 god

82 627 50 25 pant
154 624 6 22 i
183 624 77 22 stället.
292 624 68 22 Deraf
376 624 63 27 följer
456 624 114 27 ingalunda
585 626 31 20 att
631 624 121 27 läntagaren
767 624 54 22 skall
835 627 52 18 vara

82 653 84 28 skyldig
180 655 32 19 att
226 655 50 19 utan
291 653 72 21 vidare
377 653 71 21 betala
463 653 62 25 länet,
541 655 50 19 utan
606 654 24 20 är
646 653 41 20 han
702 652 49 21 fullt
769 652 118 27 berättigad

82 682 32 20 att
128 680 22 22 af
164 680 81 22 banken
261 680 97 22 utkräfva
373 681 32 21 sin
420 684 57 30 pant
485 669 94 33 tillbaka.

150 709 56 21 Herr
220 716 19 14 v.
254 708 99 22 Pfaler:
371 709 34 21 Dä
419 709 38 21 här
471 710 8 20 i
493 709 92 27 följande
600 709 100 26 paragraf
713 710 68 25 säges,
799 710 31 20 att
843 708 45 22 ifall

82 739 51 29 päät
147 738 45 21 icke
207 736 72 22 vidare
293 743 62 15 anses
370 738 68 21 lemna
453 738 107 26 päräknad
575 737 105 26 säkerhet,
695 737 54 21 skall
765 737 122 27 läntagaren

83 765 63 23 ställä
168 766 63 22 sådan
253 766 198 33 fyllnadssäkerhet,
467 772 44 16 som
534 766 23 22 af
573 754 130 33 direktionen
721 766 33 21 för
769 766 119 21 ändamälet

83 795 128 28 godkännes,
226 795 24 21 sä
265 801 62 21 synes
341 796 43 26 mig
399 795 42 21 alla
456 794 104 28 behöfliga
577 795 106 27 garantier
701 794 118 22 förefinnas.
849 794 40 27 Jag

84 824 68 22 skulle
167 823 70 22 derför
252 823 131 22 fortfarande
398 822 93 23 vidhälla
506 824 47 21 mitt
568 823 86 27 förslag.

150 852 57 22 Herr
220 852 127 27 Eneberg:
362 852 11 27 $
389 853 26 21 27
431 852 57 22 afser
503 852 114 26 någonting
630 852 45 21 helt
689 853 73 25 annat;
778 852 39 21 den
833 851 57 22 afser

86 880 26 22 de
127 880 104 27 åtgärder,
247 883 44 19 sori
306 880 53 22 böra
373 881 96 26 vidtagas
483 880 35 21 vid
532 880 89 27 prisfall,
636 884 47 17 men
697 880 68 27 gäller
779 880 46 21 icke
839 880 8 21 i
862 880 31 21 af-

85 909 76 22 seende
177 909 12 21 &
203 912 88 24 pantens
306 909 155 21 försvinriande.

154 938 67 21 Sedan
245 937 146 21 diskussionen
407 937 107 26 angående
529 937 12 27 $
556 937 27 21 26
597 937 53 20 härä
665 937 112 20 förklarats
793 936 98 25 afslutad,

85 966 110 27 uppstälde
217 965 50 22 herr
288 966 120 21 tälmannen
427 964 32 23 till
479 965 94 21 stämdets
592 965 130 21 besvarande
741 964 92 27 följande
848 970 44 15 om-

85 994 234 27 röstningsproposition
325 1001 5 14 :

152 1021 40 27 De,
207 1021 68 22 hvilka
288 1021 111 28 godkänna
412 1021 17 34 $
443 1023 30 20 26
487 1021 63 28 enligt
563 1021 106 22 utskottets
683 1021 85 27 förslag,
784 1025 60 17 svara
857 1021 35 28 ja;

86 1051 30 26 de,
132 1051 33 21 det
178 1050 43 21 icke
234 1052 57 31 göra,
307 1056 60 16 svara
381 1051 43 28 nej;

152 1079 73 21 vinner
244 1079 41 28 nej,
301 1079 39 21 har
355 1079 167 32 borgareständet
536 1079 81 21 beslutit
631 1079 148 21 äterremittera
791 1084 102 22 paragra-

85 1103 37 31 fen
136 1107 35 26 för
186 1106 172 28 omformulering
371 1107 9 20 i
394 1107 33 21 det
441 1108 52 27 syfte
508 1107 73 21 herrar
595 1113 18 15 v.
629 1107 73 26 Pfaler
716 1107 36 21 och
767 1107 80 28 Nybom
861 1107 32 26 fö-

85 1135 90 28 reslagit.

152 1164 33 22 Då
201 1165 67 21 denna
282 1165 131 27 proposition
428 1164 127 27 besvärädes
569 1165 48 21 med
633 1165 153 26 öfvervägände
799 1165 29 26 ja,
839 1165 54 21 hade

86 1193 83 22 ståndet
184 1192 89 22 sålunda
287 1194 94 25 godkänt
395 1193 12 28 $
422 1193 27 22 26
465 1189 50 26 utan
529 1193 95 27 ändring.

153 1219 24 52 S
191 1222 84 21 27—30
290 1222 121 26 godkändes
427 1222 101 21 likaledes
543 1224 51 19 utan
609 1222 94 27 ändring.

172 1249 115 22 eträffande
302 1250 11 28 8
329 1251 26 21 31
371 1251 83 26 yttrade
469 1251 33 26 sig
516 1250 93 27 följande
623 1251 78 20 talare:

153 1279 55 21 Herr
229 1278 130 27 Eheberg:
382 1279 42 21 Det
442 1281 62 25 synes
519 1279 43 26 mig
577 1280 31 20 att
623 1279 158 21 bankutskottet
795 1279 45 21 icke
855 1279 38 21 har

85 1306 47 23 haft
149 1307 128 27 tillräckliga
295 1307 65 21 motiv
377 1307 33 22 för
428 1309 31 19 att
481 1307 98 26 borttaga
600 1307 14 21 4
635 1309 114 19 momentet
767 1308 7 20 i
789 1307 104 22 komitöns

86 1336 87 32 försläg,
191 1341 47 16 Som
255 1336 69 27 lyder:
346 1336 67 27 ,Frän
432 1336 68 21 detimä
515 1335 62 28 afgift
591 1337 36 20 äro
643 1336 74 21 kassor
732 1335 38 21 och
785 1336 109 21 inrättnin-

86 1366 38 25 går
146 1364 7 21 i
174 1364 73 21 landet
268 1365 48 20 med
337 1347 156 48 allitiämnyttiet
515 1363 103 27 ändamål,
638 1364 69 21 såsom
730 1364 108 26 pensions-
856 1364 38 21 och

87 1391 270 28 försäktingsinrättningar
378 1393 67 21 under
467 1393 113 25 örsesidig
602 1377 141 46 ansvarighet,
765 1389 130 30 sparbäiiker

87 1422 55 20 samt
156 1421 113 26 hypoteks-
283 1421 39 27 och
337 1421 270 26 välgörenhetsföreningar
617 1420 112 21 befriade".
751 1420 63 21 Detta
824 1421 71 25 gämla

88 1449 90 22 officium
197 1449 70 21 nobile
285 1444 34 25 för
337 1448 100 22 Finlands
453 1449 55 26 bank
529 1449 38 21 har
589 1449 91 21 medfört
694 1449 46 20 icke
762 1449 60 26 ringa
836 1450 59 25 nytta

88 1477 33 21 för
135 1477 107 27 åtskilliga
256 1476 295 27 välgörenhetsintättningar,
566 1477 125 27 sparkassor
705 1476 39 21 och
759 1476 72 28 dylikt.
853 1476 42 21 För

88 1506 42 22 min
153 1506 33 21 del
209 1506 68 21 skulle
293 1505 37 27 jag
349 1505 70 22 derför
437 1505 79 21 föreslå
533 1507 31 20 att
578 1505 101 22 Finlands
694 1504 57 22 bank
765 1504 129 22 fortfarande

89 1534 67 22 skulle
171 1534 91 27 fullgöra
277 1534 68 21 denna
360 1534 48 21 dess
423 1534 119 21 häfdvunna
556 1534 59 27 pligt.
