1114 1764
210 125 34 18 612
481 123 93 22 Borgarest.
584 123 45 19 1885.
652 123 12 18 8
674 123 52 22 April:

189 193 8 21 i
212 195 72 19 ämnet
297 193 49 20 icke
364 197 52 16 vore
435 191 23 22 af
475 192 77 21 nöden.
586 192 32 21 På
636 191 69 22 denna
720 192 69 26 grund
805 191 95 22 önskade
914 191 38 27 jag
967 194 54 24 göra

191 228 26 15 en
232 221 90 26 ändring
341 221 33 20 uti
393 220 37 21 det
448 219 23 22 af
488 219 75 22 herrar
581 219 96 22 Grönvik
696 220 39 21 och
753 220 119 21 Rönnbäck
886 220 76 27 gjorda
977 221 44 20 för-

190 250 47 26 slag
253 249 39 22 och
308 249 70 20 skulle
394 248 34 21 för
443 247 44 22 min
502 248 35 21 del
553 247 81 22 föreslå
649 254 26 15 en
686 248 24 21 så
720 248 92 27 lydande
823 248 68 21 kläm:
908 250 44 25 ,att
962 251 59 19 stän-

190 278 73 25 derna,
283 277 6 21 i
308 276 145 27 förhoppning
472 277 31 19 att
520 282 77 20 genom
617 277 139 26 regeringens
771 276 85 26 försorg
870 276 103 27 lämpliga
988 277 32 21 åt-

191 306 78 27 gärder
284 305 62 21 skola
361 304 99 26 vidtagas
475 303 34 21 för
524 304 173 21 understödande
712 304 24 21 af
749 305 131 26 föreningar,
895 310 45 15 som
952 305 69 20 bildat

191 335 34 26 sig
239 333 34 22 för
289 334 31 21 att
331 333 73 21 lemna
415 332 58 27 hjelp
486 332 23 21 åt
520 332 88 27 frigifna
624 331 76 28 fångar
714 333 36 20 vid
765 333 63 20 deras
845 332 133 22 bemödande
988 334 33 19 att

191 363 64 25 ärligt
276 361 80 22 lifnära
378 361 39 25 sig,
439 361 3 20 i
461 360 103 21 händelse
584 361 63 20 dessa
665 361 123 26 föreningar
806 361 57 20 visat
881 361 60 20 såväl
957 360 63 22 lifak-

190 391 69 26 tighet
277 395 46 16 som
346 389 98 26 förmåga
462 390 32 19 att
513 388 66 21 verka
597 389 34 20 för
649 389 38 20 sitt
705 389 106 26 syftc::il,
831 389 51 20 ville
902 389 44 20 låta
963 389 58 21 före-

190 418 100 27 liggande
305 417 186 28 petitionsförslag
505 416 104 21 förfalla".

259 446 56 21 Herr
331 441 116 30 Öhberg:
462 445 46 20 Här
523 445 39 20 har
577 444 71 21 blifvit
657 445 63 26 sagdt
730 447 32 19 att
772 445 7 20 i
790 445 40 21 och
840 445 49 21 med
900 445 121 22 detsamma

192 481 45 15 som
257 475 39 20 den
316 473 24 22 af
356 473 107 21 utskottet
482 473 114 27 uppstälda
615 473 105 20 klämmen
737 473 70 21 skulle
822 474 64 20 vinna
902 473 118 22 understöd

191 503 54 22 eller
263 502 46 21 ifall
329 508 26 15 en
376 501 88 27 petition
484 501 7 20 i
510 501 37 21 det
566 501 62 27 syfte,
649 507 45 15 som
710 501 106 21 utskottet
832 501 86 26 önskar,
934 501 85 22 komme

191 531 34 21 till
247 530 69 26 stånd,
340 530 37 21 det
400 530 70 21 skulle
492 535 52 15 vara
562 529 48 21 fara
628 529 68 26 värdt,
716 531 31 19 att
765 529 63 22 dessa
848 529 130 27 föreningar,
996 531 25 20 så

192 560 59 20 snart
266 559 26 20 de
308 559 76 20 vunnit
398 558 117 21 understöd
532 557 22 21 af
568 559 77 24 staten,
662 557 69 21 skulle
746 558 86 26 slappas
848 558 7 20 i
867 558 32 21 sin
910 558 109 21 verksam-

191 587 37 21 het
243 587 38 21 och
296 587 27 20 de
339 586 99 21 enskilda
452 586 104 26 bidragen
571 585 98 28 upphöra
684 587 31 20 att
729 585 79 27 inflyta.
842 585 50 22 Men
912 586 108 21 utskottet

191 615 40 21 har
243 615 24 26 ju
283 614 119 22 framhällit
416 616 32 19 att
462 614 105 26 styrelsen
584 613 69 22 skulle
668 613 130 22 understöda
809 613 158 28 föreningarna,
983 621 37 15 en-

192 644 49 20 dast
255 643 7 20 i
277 643 38 21 fall
332 643 26 20 de
375 643 45 20 visa
436 642 122 26 lifaktighet
573 642 39 21 och
628 641 96 26 förmåga
743 643 32 20 att
793 642 67 21 verka
875 641 34 22 för
924 643 38 20 sitt
977 643 43 27 syf-

191 671 72 22 temäl.
291 672 49 20 Den
363 671 64 20 stund
446 670 126 27 regeringen
592 670 70 22 skulle
680 670 57 21 finna
755 671 32 20 att
804 676 27 15 en
850 669 98 28 förening
964 671 55 21 efter

192 699 90 22 erhället
296 698 174 22 statsunderstöd
485 699 110 26 upphörde
610 700 32 19 att
658 699 45 20 visa
718 698 66 21 sädan
804 698 128 27 lifaktighet,
949 699 70 22 skulle

191 727 135 27 naturligtvis
349 727 197 21 statsunderstödet
567 727 108 26 indragas.
704 726 43 21 Det
768 726 39 21 har
826 727 56 20 varit
902 727 117 22 utskottets

191 756 91 26 mening,
297 755 72 22 säsom
384 755 40 20 här
438 755 66 20 redan
520 754 111 27 päpekats,
647 756 32 19 att
694 755 115 20 ständerna
818 755 69 20 borde
898 755 69 20 uttala
978 756 41 20 den

191 784 89 27 äsigten,
296 785 32 20 att
343 784 37 20 det
398 785 24 18 är
442 783 116 26 styrelsens
578 783 121 27 skyldighet
718 784 32 19 att
765 789 45 14 mer
825 785 27 18 än
868 783 77 20 hittills
962 783 58 27 sörja

190 812 34 21 för
246 812 25 21 de
293 811 89 27 frigifna
400 811 110 26 fängarne.
541 811 71 26 Nägot
630 813 65 19 annat
712 811 68 21 finnes
800 811 46 21 icke
865 811 7 20 i
892 812 70 20 denna
982 818 37 21 pe-

191 840 68 21 tition.

259 868 56 21 Herr
331 867 133 27 Clouberg
479 867 147 22 understödde
642 867 49 21 herr
706 867 100 21 Neovius?
822 867 88 27 förslag.

260 896 69 21 Sedan
353 895 151 22 diskussionen
526 896 89 20 härmed
637 895 107 26 afslutats,
766 895 114 26 uppstälde
907 896 49 20 herr
978 896 41 21 tal-

192 931 90 15 mannen
299 925 34 20 för
352 924 106 21 vinnande
476 923 24 21 af
516 923 210 27 kontraproposition
744 925 44 19 mot
808 923 116 22 utskottets
945 924 74 21 betän-

191 953 69 21 kande
276 953 95 26 följande
387 952 286 27 omröstningsproposition:

259 980 40 26 De,
315 979 70 22 hvilka
399 980 72 21 säsom
486 979 206 26 kontraproposition
702 981 41 19 mot
754 979 107 22 utskottets
871 979 8 20 i
889 980 47 21 dess
948 980 72 21 betän-

191 1009 67 21 kande
276 1008 129 27 framstälda
424 1008 87 26 förslag,
531 1007 31 22 till
580 1007 66 22 beslut
664 1007 64 21 önska
750 1009 76 25 antaga
843 1007 50 21 herr
913 1007 107 22 Grönviks

191 1037 80 26 förslag
288 1038 29 20 att
327 1036 117 27 petitionen
459 1036 9 21 i
482 1036 64 27 fräga
561 1037 64 20 mätte
640 1037 51 20 utan
705 1036 72 20 vidare
790 1036 124 27 motivering
925 1036 24 26 af
958 1037 61 20 stän-

192 1065 34 21 det
239 1065 78 21 lemnas
332 1066 52 19 utan
399 1064 104 26 afseende,
518 1065 58 20 rösta
587 1064 35 26 ja;
640 1064 34 25 de,
690 1063 33 22 det
738 1063 42 21 icke
796 1064 71 25 önska,
883 1065 57 20 rösta
955 1065 45 26 nej;

259 1093 73 20 vinner
351 1093 41 26 nej,
412 1093 40 20 har
470 1092 171 27 borgareständet
659 1093 9 20 i
688 1092 78 21 sådant
784 1092 98 25 afseende
902 1092 118 27 föredragit

191 1121 50 21 herr
255 1121 98 21 Neovius'
369 1121 81 26 förslag
466 1127 32 14 om
514 1120 123 21 motiveradt
652 1119 135 27 förkastande
802 1121 23 25 af
840 1120 128 22 densamma.

258 1149 33 21 Då
307 1149 71 21 denna
392 1149 132 26 proposition
540 1149 130 20 besvarades
685 1149 49 20 med
750 1148 158 27 öfvervägande
922 1149 41 26 nej,
980 1149 40 20 och

191 1177 85 22 ständet
295 1177 91 21 sälunda
405 1177 32 20 till
457 1177 209 26 kontraproposition
686 1178 45 19 mot
749 1177 115 21 utskottets
884 1177 135 22 betänkande

193 1205 81 26 antagit
283 1205 50 22 herr
343 1205 101 23 Neovius"
455 1204 87 27 förslag,
556 1205 114 26 uppstälde
681 1205 51 22 herr
742 1205 124 21 talmannen
877 1205 95 27 följande
982 1206 38 21 de-

192 1233 82 22 finitiva
290 1233 286 26 omröstningsproposition
567 1228 12 35 :

259 1261 40 26 De,
317 1261 69 21 hvilka
404 1261 112 26 godkänna
535 1260 108 21 utskottets
657 1260 143 27 föreliggande
814 1261 130 21 betänkande
959 1261 59 26 oför-

191 1289 98 26 ändradt,
304 1291 59 19 rösta
375 1289 36 27 ja;
427 1289 31 26 de,
475 1289 34 20 det
523 1288 43 21 icke
579 1291 60 24 göra,
654 1290 58 20 rösta
727 1289 45 26 nej;

258 1317 73 21 vinner
349 1318 41 25 nej,
408 1317 40 21 har
466 1317 170 26 borgarestånget
654 1317 80 26 antagit
752 1317 48 21 herr
818 1317 100 21 Neovius
938 1317 81 27 förslag

190 1345 33 22 till
237 1346 124 20 motiveradt
375 1345 137 31 förkastande
527 1345 23 26 af
566 1345 164 27 ifrågavarande
744 1345 92 26 petition.

259 1374 34 21 Då
316 1374 70 21 denna
408 1374 133 27 proposition
563 1373 129 22 besvarades
715 1374 48 20 med
786 1374 28 21 30
832 1373 34 26 nej
887 1374 40 21 och
944 1374 30 21 20
988 1374 31 26 ja,

189 1402 55 21 hade
260 1402 86 21 ståndet
362 1401 91 27 således,
469 1402 6 20 i
492 1401 95 28 enlighet
603 1402 48 21 med
665 1402 51 21 herr
730 1401 102 22 Neovius”
842 1401 88 28 förslag,
942 1401 33 21 för
986 1401 33 22 sin

190 1430 35 21 del
248 1429 87 22 beslutit
358 1432 32 19 att
413 1431 116 20 ständerna
548 1430 5 20 i
574 1429 144 27 förboppning
737 1432 31 19 att
786 1435 78 20 genom
880 1429 139 27 regeringens

190 1459 84 25 försorg
290 1458 103 27 lämpliga
408 1458 102 26 åtgärder
526 1458 60 21 skola
602 1458 97 26 vidtagas
714 1457 34 21 för
763 1458 173 21 understödande
952 1458 23 21 af
987 1458 32 21 fö-

190 1487 106 25 reningar,
312 1492 46 15 som
374 1486 69 21 bildat
462 1486 32 26 sig
514 1486 34 21 för
566 1487 33 20 att
618 1486 70 21 lemna
706 1485 59 27 hjelp
780 1485 22 21 åt
817 1485 91 27 frigifna
920 1485 76 28 fångar
1011 1486 8 20 i

190 1515 63 20 deras
268 1514 149 21 bemödanden
433 1516 32 19 att
479 1514 65 26 ärligt
559 1514 78 21 lifnära
647 1515 43 25 sig,
711 1514 3 20 i
729 1514 103 21 händelse
847 1514 65 21 dessa
926 1513 94 23 förenin-
