1095 1759
242 124 33 35 734
497 128 91 23 Borgarest.
600 129 44 19 1885.
667 128 18 19 16
697 128 50 24 April.

220 200 102 20 minstone
337 200 32 20 till
386 199 90 26 150,000
491 199 60 21 mark
567 199 38 21 och
620 199 58 21 detta
696 200 62 26 utgör
778 196 44 25 19/0
838 198 27 27 pä
880 198 148 27 anläggnings-

219 228 109 28 kapitalet.
358 227 28 23 Sä
404 230 58 19 snart
479 227 187 28 Uleäborgsbanan
685 229 80 26 öppnas
784 226 33 22 för
835 226 96 27 trafiken,
951 228 24 20 är
994 228 36 20 det

219 257 80 27 ganska
314 258 72 20 säkert
400 259 32 19 att
447 257 68 21 denna
529 256 93 22 inkomst
636 256 95 22 kommer
745 258 32 20 att
792 256 50 21 ökas
855 256 108 27 betydligt,
977 256 52 22 lika-

219 292 45 14 som
280 286 40 20 den
338 286 64 21 ocksä
420 286 94 21 kommer
533 288 31 18 att
582 286 51 21 ökas
651 286 28 26 pä
697 286 65 21 andra
780 285 53 26 skäl,
853 285 24 21 sä
895 286 31 20 att
940 284 89 23 trafiken

219 314 68 21 under
302 316 62 19 nästa
378 314 24 20 är
417 314 119 27 antagligen
553 314 53 21 skall
622 314 57 27 gifva
694 320 26 15 en
735 314 150 21 nettoinkomst
900 314 23 20 af
938 313 46 27 2%
1002 314 28 26 pä

219 342 252 28 anläggningskapitalet;
487 342 85 21 således
586 343 94 21 kommer
695 342 126 21 åtminstone
837 343 68 20 denna
917 342 55 21 bana
982 342 48 22 icke

219 373 32 19 att
269 372 46 20 tära
332 371 28 27 på
378 371 281 21 kommunikationsfondens
677 371 114 26 tillgångar
812 373 51 19 utan
886 372 90 20 tvärtom
998 372 32 20 att

218 399 80 21 tillföra
313 400 39 20 den
368 399 69 27 någon
452 399 117 26 tillökning.
599 400 42 20 Det
659 399 112 21 förefinnes
788 399 46 21 icke
854 399 64 26 något
936 399 44 21 skäl
996 400 34 20 för

218 428 128 26 antagandet
368 429 31 19 att
421 427 188 27 Uleåborgsbanan
631 428 6 20 i
660 427 98 21 afseende
784 427 12 21 å
818 427 116 27 inkomster
960 426 69 22 skulle

218 455 66 21 blifva
299 456 24 20 så
338 456 96 27 olycklig.
464 450 132 27 Åtminstone
612 456 66 26 gäller
693 456 59 21 detta
762 455 105 21 bandelen
879 455 149 27 Östermyra—

219 484 76 21 Gamla
310 484 99 26 Karleby,
426 484 37 21 der
477 484 143 26 folkmängds-
635 484 38 21 och
689 485 66 20 andra
770 484 145 21 förhållanden
927 486 36 18 äro
974 490 56 21 myc-

219 512 36 21 ket
273 518 121 21 gynsamma
413 512 38 21 och
471 512 93 21 snarlika
584 513 52 25 dem,
656 518 44 15 som
719 512 131 21 förekomma
869 512 12 21 å
900 512 40 20 den
959 515 70 18 vestra

218 540 62 28 delen
296 540 22 21 af
332 540 124 22 Vasabanan
474 541 27 27 på
520 540 36 22 det
574 540 165 22 österbottniska
759 540 130 22 slättlandet.
918 540 60 22 Hvad
993 541 36 20 be-

218 568 73 22 träffar
307 569 39 21 den
361 575 63 15 norra
439 570 60 20 delen
515 569 23 21 af
551 569 194 27 Uleåborgsbanan,
761 569 23 21 så
799 569 41 21 kan
855 570 47 21 icke
913 569 67 21 heller
992 570 38 20 der

218 597 143 22 förhållandet
375 598 63 20 ställa
452 598 33 26 sig
500 600 118 24 ogynsamt,
634 604 33 14 om
682 604 47 15 man
744 600 60 24 tager
819 598 7 20 i
845 597 139 22 betraktande
999 600 32 19 att

219 625 147 28 befolkningen
386 626 7 21 i
411 632 63 15 norra
493 626 61 22 delen
576 626 22 22 af
619 628 35 20 det
676 626 165 22 österbottniska
863 626 124 22 slättlandet
1006 628 24 20 är

218 654 153 22 koncentrerad
395 655 59 26 längs
476 655 100 21 ådalarne
597 656 38 20 och
654 657 31 19 att
703 655 60 27 längs
782 656 62 20 dessa
861 656 48 26 löpa
925 656 105 20 allmänna

219 683 132 26 landsvägar,
367 684 71 20 hvilka
454 684 137 26 ovilkorligen
608 683 79 21 tillföra
700 684 115 26 jernvägen
831 683 69 26 trafik,
913 686 53 18 samt
978 684 51 21 slut-

218 711 57 26 ligen
293 712 87 20 emedan
401 712 68 20 banan
487 712 67 20 slutar
571 712 7 20 i
598 718 25 15 en
642 712 47 20 stad
708 718 44 14 som
772 712 107 26 Uleåborg
901 712 47 20 med
971 712 59 20 öfver

220 739 77 26 10,000
311 740 105 20 invånare.
439 740 40 26 Jag
494 740 54 21 fäste
564 740 42 26 mig
622 740 34 21 vid
671 742 32 19 att
717 740 50 21 herr
780 740 112 26 Rosenius,
910 740 65 26 jemte
994 741 36 20 det

219 768 40 20 han
275 768 78 26 yrkade
372 768 27 27 på
416 768 93 27 uppskof
525 769 47 21 med
591 768 119 28 byggandet
729 768 22 21 af
769 768 178 26 Savolaksbanan,
963 769 67 21 under

218 796 37 21 det
270 802 46 14 man
332 798 74 19 väntar
424 796 28 26 på
469 799 31 19 att
519 796 21 21 få
558 803 23 15 se
597 797 111 21 resultatet
723 797 45 21 från
784 797 40 20 den
840 797 190 21 nordösterbottni-

218 824 39 21 ska
272 824 74 26 banan,
363 824 93 27 föreslog
470 826 31 20 att
513 831 25 15 en
555 825 54 21 bana
623 825 65 21 måtte
704 825 78 27 byggas
797 825 47 21 från
856 825 129 27 Pihlajavesi
996 825 33 21 till

218 852 115 27 Jyväskylä
351 852 39 22 och
408 853 107 21 dessutom
535 860 26 14 en
579 854 55 20 bana
651 853 48 21 från
716 854 80 25 Viborg
816 854 58 21 öfver
893 854 85 20 Jääskis
996 854 33 20 till

218 881 85 21 Imatra.
333 881 61 22 Huru
416 881 50 22 herr
487 882 103 22 Rosenius
612 883 41 21 kan
671 884 33 20 tro
723 885 32 19 att
772 889 48 15 man
839 882 33 22 för
890 883 140 27 banstumpen

217 910 270 28 Pihlajavesi
361 906 10 37 —
382 910 105 28 Jyväskylä
510 912 47 20 med
580 918 25 14 en
627 912 65 20 sådan
714 912 99 21 säkerhet
830 912 70 21 kunde
919 912 65 20 räkna
1003 912 27 26 pä

217 938 64 22 trafik
300 939 40 21 kan
357 940 37 26 jag
412 940 46 20 icke
475 940 75 21 förstå.
585 940 38 22 Om
643 940 23 21 så
685 946 49 16 vore
749 940 66 27 fallet,
832 947 49 15 vore
897 940 35 21 det
946 940 84 27 mycket

218 968 44 24 bra,
279 974 45 14 men
340 968 66 26 några
421 968 46 21 skäl
482 968 39 21 har
535 968 41 22 han
592 969 131 26 sannerligen
737 968 45 22 icke
795 968 70 22 anfört
875 969 33 21 för
920 969 68 21 denna
997 970 32 20 sin

218 996 56 26 goda
288 996 70 21 tanke.
388 996 133 22 Beträffande
537 997 46 21 åter
598 998 39 20 den
653 997 119 27 Viborgska
786 997 69 21 banan
871 997 58 21 öfver
944 997 85 21 Jääskis

219 1025 39 21 och
273 1024 85 26 Imatra,
374 1027 45 19 tror
432 1025 36 27 jag
483 1025 64 21 också
566 1026 63 26 något
648 1026 27 26 på
693 1026 47 26 den,
759 1026 38 20 och
813 1026 41 20 blir
870 1027 39 20 den
925 1026 104 21 måhända

218 1053 150 26 förmånligare
384 1055 25 19 än
428 1053 179 27 Savolaksbanan,
625 1060 48 14 men
693 1054 38 21 den
747 1055 41 20 kan
804 1054 23 21 af
840 1055 67 20 andra
921 1054 46 21 skäl
982 1055 47 21 icke

218 1088 28 14 nu
261 1082 83 20 komma
357 1082 6 20 i
376 1081 66 27 fråga.
462 1082 59 21 Hvad
530 1082 66 26 angår
604 1083 138 26 banstumpen
751 1082 277 28 Pihlajavesi—Jyväskylä,

218 1110 39 20 har
272 1110 49 20 herr
338 1110 98 26 Högman
454 1116 45 15 som
519 1117 25 14 en
563 1111 94 21 särdeles
676 1117 87 21 gynsam
782 1111 157 26 omständighet
953 1112 77 25 anfört,

219 1140 32 20 att
266 1138 122 21 densamma
403 1138 68 22 skulle
486 1138 47 22 från
548 1139 115 27 Jyväskylä
678 1140 70 20 kunna
763 1140 94 26 påräkna
867 1140 91 25 240,000
973 1141 56 20 cent-

219 1173 38 15 ner
272 1168 102 25 trävaror,
393 1166 71 22 hvilka
483 1167 69 22 skulle
570 1168 27 26 gå
615 1168 32 21 till
666 1168 63 24 Vasa,
749 1168 26 21 då
793 1168 41 21 han
850 1168 94 22 deremot
958 1168 71 21 anfört

219 1198 44 19 mot
278 1196 172 21 Savolaksbanan
465 1198 31 19 att
510 1196 83 27 Kuopio
610 1197 67 21 skulle
693 1197 79 21 tillföra
790 1197 40 21 den
849 1198 75 20 endast
940 1197 91 25 100,000

218 1226 92 20 centner.
339 1224 45 21 När
402 1231 48 15 man
469 1225 32 21 till
521 1224 81 22 förmån
621 1225 33 21 för
672 1225 67 21 banan
758 1225 273 27 Pihlajavesi—Jyväskylä

218 1253 73 27 påstår
306 1254 30 20 att
350 1253 116 27 Jyväskylä
480 1255 82 19 ensamt
577 1254 68 20 skulle
661 1254 83 20 komma
759 1255 31 19 att
804 1255 146 25 transportera
962 1254 70 20 denna

218 1288 71 15 massa
303 1283 96 19 trävaror
414 1282 32 20 till
462 1282 63 25 Vasa,
545 1282 24 20 så
588 1282 37 21 bör
643 1288 48 14 man
706 1282 91 21 betänka
812 1284 31 18 att
859 1281 105 21 afståndet
979 1281 52 21 mel-

218 1310 35 21 lan
269 1310 56 21 Vasa
340 1310 39 21 och
394 1309 114 28 Jyväskylä
523 1312 23 19 är
561 1311 42 21 240
618 1313 62 19 verst.
711 1310 68 28 Tager
794 1316 47 15 man
857 1316 79 16 samma
950 1310 80 21 distans

219 1339 29 27 på
266 1338 178 27 Savolaksbanan,
464 1340 24 20 så
503 1339 94 21 kommer
612 1346 54 19 man,
684 1345 33 15 om
736 1345 47 15 man
802 1339 38 27 går
858 1342 23 18 ut
898 1338 46 22 från
959 1338 73 22 Kotka

219 1368 40 21 och
274 1367 58 21 öfver
346 1367 96 27 Kaipiais
457 1368 52 21 eller
523 1368 98 20 Kouvola
638 1368 33 20 till
690 1368 31 21 S:t
738 1367 84 27 Michel,
842 1368 55 21 ända
916 1370 52 18 nära
988 1373 44 21 upp

218 1396 33 21 till
267 1395 135 27 Suonenjoki.
436 1396 70 21 Alltså
524 1396 69 21 skulle
612 1402 47 15 man
678 1396 46 21 från
743 1396 129 27 Suonenjoki
893 1396 71 21 kunna
984 1396 47 21 föra

218 1424 41 22 ned
275 1424 32 21 till
325 1424 70 21 Kotka
414 1426 97 20 trävaror
529 1425 48 21 med
596 1425 43 21 lika
657 1426 54 20 stort
726 1424 52 26 skäl,
794 1430 44 16 som
855 1424 46 22 från
916 1425 115 27 Jyväskylä

218 1453 33 21 till
267 1453 63 21 Vasa.
359 1453 43 21 Det
416 1459 50 15 vore
481 1453 32 21 för
529 1453 43 26 mig
587 1453 94 21 särdeles
695 1453 104 27 fägnande
815 1459 34 15 om
862 1453 49 21 herr
922 1453 108 27 Högmans

218 1480 64 22 tanke
298 1487 32 15 om
346 1482 221 26 trävarutransporten
585 1482 27 26 på
629 1481 57 21 Vasa
705 1482 68 20 skulle
792 1482 123 25 realiseras;
933 1488 47 15 men
994 1482 36 27 jag

218 1511 46 19 tror
279 1511 31 19 att
324 1510 40 20 den
380 1510 24 20 är
418 1510 64 26 något
496 1510 33 20 för
545 1510 133 26 optimistisk.
707 1510 70 21 Jemte
792 1510 36 21 det
841 1510 37 26 jag
893 1510 83 22 således
995 1516 35 15 an-

220 1544 35 15 ser
270 1539 31 19 att
319 1538 26 21 de
365 1538 64 20 motiv
447 1538 49 21 herr
514 1538 104 21 Rosenius
636 1538 70 21 anfört
725 1538 33 21 för
776 1538 36 21 sitt
829 1538 94 27 yrkande
937 1538 28 27 på
979 1544 53 22 upp-
