1114 1709
356 112 100 39 RAWargst.
462 116 49 29 W.
529 116 25 28 10
559 112 57 41 ARRI
845 118 37 30 65

117 186 19 20 tt
148 184 18 50 E
183 185 102 28 fastighet
304 184 40 30 och
362 190 70 24 annan
447 185 103 31 egendom
564 184 70 25 skulle
650 185 63 21 träda
727 185 8 21 i
749 186 79 25 stället,
844 186 62 27 torde

68 205 46 36 "det
128 208 46 32 icke
188 220 52 15 vara
255 219 26 17 ur
295 210 73 32 vägen
379 212 37 22 att
426 212 70 26 erinra
511 212 73 25 derom
599 214 40 24 att,
655 213 69 22 sävidt
739 214 45 23 det
787 202 117 45 ankortiit

74 233 32 39 pä
123 236 131 32 regeringen,
270 242 71 20 denna
355 241 56 26 gjort
426 240 38 23 allt
478 241 38 21 sitt
530 235 34 27 till
577 240 34 22 för
625 243 35 19 att
673 239 34 23 få
711 238 60 30 detta
785 241 53 27 löfte
852 248 52 27 Upp-

70 245 68 61 Jyldt:
170 268 42 23 Vid
231 270 83 22 1877
318 269 55 23 —1878
389 268 34 22 års
438 269 102 26 landtdag
555 268 59 28 afgaf
626 269 126 27 regeringen
768 276 26 15 en
809 276 95 28 proposi-

70 298 53 30 tion
139 304 33 15 om
187 297 117 27 bevillning
317 297 49 21 från
380 297 101 26 fastighet
496 297 40 21 och
543 303 71 17 annan
622 297 102 27 inkomst,
731 298 97 22 hvilken
826 300 78 28 propo-

71 323 69 29 'sition
163 326 22 21 af
206 324 122 24 dävarande
349 325 210 27 bevillningsutskott
577 324 68 22 äfven
663 322 46 25 blef
719 314 127 40 ”behandlad
864 327 39 23 och

69 345 113 44 godkänd.
211 354 50 22 Men
276 353 116 21 ständerna
407 353 79 33 ansågo
501 353 35 21 vid
553 353 55 22 1882
623 353 36 22 års
674 354 103 27 landtdag
791 356 32 21 att
829 351 74 30 "hägon

74 388 30 21 ny
119 382 59 22 skatt
191 380 48 24 icke
253 381 92 24 behöfde
359 382 102 20 komma
450 376 14 39 i
473 381 66 27 fräga,
552 382 89 26 emedan
653 382 84 22 landets
748 382 93 29 finanser
851 385 51 25 voro

74 410 26 23 sä
122 410 55 27 goda
200 412 32 20 att
247 410 69 23 denna
330 409 48 22 icke
392 416 39 15 var
446 410 24 22 af
482 410 76 22 nöden.
588 402 67 45 Detta
670 412 43 20 sätt
727 413 33 19 att
767 408 81 29 afgöra
860 407 42 26 frä-

70 445 48 21 gan
131 439 56 22 hade
202 438 119 28 emellertid
336 445 27 14 en
378 445 70 14 annan
463 439 59 26 följd,
538 439 106 26 nemligen
655 440 32 20 att
697 440 115 21 ständerna
823 438 79 28 ansägo

72 469 37 21 att
127 466 37 26 det
180 467 76 26 vilkor,
272 473 45 15 som
334 466 54 22 1878
404 467 34 21 ärs
454 467 86 21 ständer
554 467 106 26 uppställt
674 467 33 22 för
721 467 181 32 vakansafgiftens

70 489 127 42 aflyftande,
212 496 48 21 icke
275 502 38 14 var
328 495 103 27 uppfyldt.
461 490 20 26 Å
496 501 40 16 ena
551 495 61 21 sidan
628 495 75 28 erbjöd
717 496 125 32 regeringen
857 496 46 22 lan-

70 522 53 25 "dets
141 524 169 27 representation
329 525 33 19 att
380 529 29 15 nu
426 523 73 28 aflyfta
513 523 172 27 vakansafgiften
701 524 39 21 och
754 525 8 20 i
778 524 47 21 dess
840 523 61 23 ställe

70 546 75 28 införa
163 558 26 15 en
207 553 65 25 skatt,
290 558 50 15 men
359 551 13 22 &
390 552 67 21 andra
475 552 61 21 sidan
551 551 82 27 afslogo
649 553 115 20 ständerna
779 553 69 21 denna
862 552 39 22 lin-

70 577 67 29 "Ariga
151 580 65 26 skatt,
231 587 46 14 som
292 579 68 22 skulle
374 581 77 26 utgöra
466 581 12 20 4
487 580 65 27 penni
561 580 34 21 för
608 581 42 21 100
661 581 72 22 marks
743 581 107 26 fastighet,
862 581 39 21 och

68 608 129 25 förklarade
210 597 38 38 att,
261 608 73 22 såvida
344 608 47 21 icke
402 608 70 27 någon
484 615 70 14 annan
565 608 58 26 skatt
635 609 74 20 trädt
702 603 12 36 i
723 609 77 26 stället,
812 607 89 26 väkans-

74 633 90 31 afgiften
182 625 69 34 skulle
265 636 135 22 fortfarande
418 638 94 25 utgöras.
542 637 34 21 Dä
591 637 125 26 regeringen
731 644 28 14 nu
774 626 48 33 icke
837 638 64 26 begär

69 664 77 31 någon
164 672 28 21 ny
210 665 59 22 skatt
284 665 7 21 i
306 663 71 23 stället
392 665 33 23 för
439 665 178 32 vakansafgiften,
632 667 53 19 utan
699 665 89 22 föreslår
804 667 32 20 att
850 666 50 27 den-

69 693 87 29 samma
171 694 68 21 måtte
254 693 119 28 afskrifvas,
389 693 74 26 tycker
479 693 43 27 jag,
541 695 39 24 att,
599 693 70 21 sävidt
685 694 36 21 det
735 692 125 24 ankommer
873 690 27 33 pä

69 720 121 30 ständerna
208 719 136 27 åtminstone,
363 721 127 26 afgörandet
505 721 22 21 af
541 709 69 34 denna
624 721 61 27 fråga
699 721 48 22 icke
761 722 67 21 borde
842 723 58 20 möta

69 745 72 34 några.
163 751 119 26 synnerliga
304 749 137 27 svårigheter.
478 750 41 26 Jag
538 750 68 21 skulle
626 750 89 25 således,
735 750 28 21 då
781 751 36 20 det
834 749 66 28 gäller

69 776 187 29 "vakan3afgiftens
271 777 149 27 afskrifvande,
436 784 52 15 vara
502 778 59 27 villig
576 780 32 19 att
622 778 74 21 förena
710 778 43 27 mig
768 779 48 20 med
832 779 26 20 de
868 780 32 20 ta-

68 807 57 25 lare,
142 812 47 15 som
204 806 68 22 önska
287 808 32 19 att
334 806 59 21 detta
408 795 78 32 ärende
500 807 67 20 måtte
582 806 167 22 äterremitteras
764 807 33 20 till
812 808 87 20 statsut-

67 819 88 47 "skottet
176 835 8 21 i
203 835 59 22 detta
281 835 105 24 afseende.
419 835 136 22 Beträffande
573 835 47 21 åter
638 835 178 27 rusthållsfrågan
833 835 67 27 gäller

67 861 49 28 "den
127 863 49 26 helt
191 864 77 26 enkelt,
284 863 104 21 huruvida
404 870 26 15 en
444 863 171 27 fastighetsskatt
631 864 23 21 af
666 864 81 21 inemot
761 870 26 15 en
799 863 45 22 half
853 864 46 21 mil-

68 892 42 26 jon
125 885 61 28 mark
200 892 56 22 skall
264 880 118 33 ”afskrifvas
398 892 51 20 eller
463 892 54 26 icke,
533 892 70 21 derför
619 893 32 20 att
666 898 49 15 man
729 892 36 21 vid
776 894 31 19 ett
817 892 82 32 föregå-

73 919 55 22 ende
146 920 151 26 ständermöte,
317 920 105 27 nemligen
442 920 24 21 år
486 920 61 26 1809,
567 920 23 21 af
605 922 122 25 temporära
741 920 47 22 skäl
802 920 51 21 fann
868 921 31 26 sig

68 945 126 25 föranlåten
210 951 32 19 att
257 949 77 26 bevilja
350 949 121 21 dåvarande
486 936 127 33 rusthållare
629 955 26 15 en
671 951 44 19 stor
730 945 99 41 lindring.
858 949 41 32 Jag

67 975 76 24 tviflar
161 977 111 26 högeligen
291 977 27 27 på
333 979 33 19 att
382 977 55 21 1809
452 977 35 21 års
502 977 88 21 ständer
604 977 104 27 någonsin
723 977 62 21 tänkt
800 977 32 26 sig
846 976 53 28 möj-

66 1002 102 33 jligheten
183 1005 64 30 deraf
260 1005 36 22 att
314 1005 69 22 denna
401 1004 93 28 lindring
509 1005 69 22 skulle
592 1006 78 25 utgöra
685 1007 30 20 ett
730 1005 48 22 skäl
792 1005 33 23 för
834 1005 64 28 kom-

65 1018 88 49 mande,
164 1033 56 28 tider
234 1033 33 26 att
281 1033 102 22 afskrifva
398 1034 40 25 den
453 1033 118 22 rusthällen
586 1033 112 27 åliggande
708 1033 86 22 skatten
804 1028 40 27 och
854 1030 44 31 väl-

65 1059 44 33 dra
122 1055 71 34 denna
206 1057 59 27 skatt
279 1062 28 27 på
321 1068 85 15 massan
422 1061 22 22 af
457 1062 108 21 nationen.
595 1061 74 22 Gäller
683 1059 74 29 frågan
773 1063 32 20 att
819 1059 79 24 ersätta

65 1079 77 33 "denna
160 1090 58 22 skatt
232 1090 49 21 med
296 1091 79 21 annan”
382 1090 70 21 direkt
468 1090 64 25 skatt,
549 1090 24 21 så
587 1090 42 21 blir
644 1091 70 21 denna
728 1096 75 15 senare
818 1090 80 27 ganska

65 1118 149 26 .betungande.
236 1119 93 26 Enhvar,
345 1125 46 15 som
406 1118 55 21 varit
475 1119 8 20 i
498 1107 83 33 tillfälle
596 1120 31 20 att
643 1119 51 21 vara
708 1118 48 22 med
765 1125 35 15 om
813 1118 85 22 utarbe-

66 1143 71 28 tande
156 1147 23 21 af
195 1147 81 27 förslag
290 1147 32 22 till
336 1147 122 26 bevillning,
472 1148 37 20 vet
524 1147 49 21 med
593 1147 87 21 hvilken
695 1147 107 26 svärighet
816 1147 8 21 i
839 1147 59 26 detta

66 1169 55 26 land
141 1181 26 15 en
186 1181 82 16 summa
286 1175 23 22 af
326 1175 66 27 några
411 1175 84 22 hundra
513 1177 62 20 tusen
590 1175 62 21 mark
667 1175 42 21 kan
724 1175 134 32 hopskrapas
870 1171 28 31 pä

63 1200 133 33 "fastigheter
212 1204 39 21 och
266 1204 123 21 inkomster.
419 1204 50 21 Men
484 1204 38 21 vär
536 1203 91 22 historia
641 1203 57 22 visar
713 1203 65 22 också
793 1205 33 20 att
840 1204 57 23 vien

63 1219 63 38 'gäng
143 1231 58 22 förut
219 1232 41 22 fätt
278 1232 80 21 sädana
375 1232 195 27 frälselägenheter,
589 1232 106 27 nemligen
714 1232 73 21 adelns
802 1232 95 25 säterier,

63 1258 80 26 hvilka
158 1257 97 31 uppstått
268 1261 90 25 sålunda
373 1262 32 19 att
420 1260 117 22 friheterna
551 1260 64 21 hafva
630 1260 105 26 bevarats,
745 1266 49 15 men
805 1259 93 34 skyldig-

63 1280 97 36 "heterna
175 1287 118 29 efterhand
301 1289 63 22 råkat
378 1289 8 20 i
400 1289 104 26 glömska.
534 1289 46 21 Här
595 1289 69 21 skulle
677 1289 21 21 vi
709 1277 46 32 icke
767 1289 56 21 blott
834 1288 22 22 få
864 1288 34 27 ett

64 1317 144 28 upprepande
230 1317 24 21 af
274 1317 59 22 detta
354 1317 140 26 förhållande,
516 1317 48 21 icke
583 1316 56 22 blott
657 1317 111 27 formligen
787 1307 111 39 skattefria

62 1331 138 50 Jägenheter,
216 1347 62 24 utan
284 1345 62 22 äfven
356 1345 91 26 sådana,
451 1351 52 19 som
513 1345 70 22 skulle
594 1351 52 20 vara
657 1345 134 27 berättigade
802 1347 32 19 att
845 1351 52 21 upp-

63 1371 58 27 jbära
140 1379 27 18 en
186 1374 34 22 del
238 1375 23 21 af
276 1368 112 38 skatterna
405 1362 48 33 frän
471 1374 68 21 andra
556 1368 131 31 lägenheter.
721 1373 34 22 En
772 1374 68 29 talare
857 1373 40 26 har

61 1390 50 33 "här
126 1398 50 25 sökt
193 1402 113 23 framhålla
324 1404 38 25 att,
382 1402 7 21 i
407 1401 103 23 händelse
527 1402 117 21 ständerna
662 1409 28 14 nu
706 1404 15 19 t.
738 1409 31 14 ex.
776 1400 121 32 godkände

61 1426 125 34 utskottets
201 1427 89 31 förslag,
303 1419 59 33 eller
368 1431 8 20 i
386 1430 117 22 allmänhet
515 1430 41 21 öka
567 1431 40 20 den
619 1430 68 28 afgift,
699 1430 33 22 för
742 1429 87 23 hvilken
839 1431 58 32 stän-

60 1453 75 63 di
157 1465 51 23 vore
228 1460 72 21 villiga
318 1461 32 19 att
369 1457 73 29 afiyfta
460 1459 198 27 rustningstungan,
677 1460 24 20 sä
718 1465 51 15 vore
788 1452 69 30 detta
855 1448 5 41 '
866 1459 31 21 ett

65 1487 60 47 H
126 1488 34 28 att
169 1483 97 34 ensidigt
273 1466 70 49 LON
357 1489 32 22 ett
404 1487 110 31 kontrakt.
536 1485 49 26 Den
593 1494 40 18 ena
640 1489 89 29 parten
723 1489 25 21 är
755 1483 140 34 nemligen
879 1479 19 43 —

59 1504 34 40 en
91 1510 43 56 ES
140 1510 51 35 den
206 1515 64 31 ärade
286 1510 92 35 talarens
393 1512 220 31 mening
493 1508 13 39 —
523 1512 90 31 kronan,
621 1516 42 21 den
667 1516 72 27 ändra
745 1513 83 30 parten;
829 1515 68 33 skulle
