1098 1770
241 122 38 34 698
512 126 90 23 Borgarest.
613 125 44 20 1885.
678 125 17 19 14
707 125 48 23 April.

223 195 128 27 nödvändigt
366 197 31 20 att
412 195 124 22 hädanefter
555 195 32 22 för
605 196 112 21 arbetenas
735 194 150 28 påskyndande
904 194 81 22 fördela
1000 194 33 27 sig

222 224 28 28 på
264 224 36 22 två
314 224 138 28 afdelningar.

291 253 49 22 Med
355 254 100 22 afseende
470 254 52 21 härå
540 254 33 21 får
585 253 37 28 jag
640 254 48 21 med
707 253 47 22 stöd
772 252 23 22 af
810 253 28 22 30
853 252 11 28 $
880 252 6 22 i
902 252 131 27 Landtdags-

223 282 116 27 ordningen
361 282 13 21 &
396 282 114 22 utskottets
534 284 79 25 vägnar
635 282 108 21 vördsamt
764 282 84 21 anhålla
870 283 31 19 att
921 280 112 28 Vällofliga

222 310 179 27 Borgareståndet
416 311 110 27 behagade
544 311 33 21 till
596 310 103 22 utskottet
716 310 123 27 ytterligare
857 310 78 26 invälja
954 310 35 20 två
1004 310 29 21 le-

223 339 101 21 damöter.
353 339 134 27 Helsingfors
503 340 39 20 den
560 340 26 20 14
600 339 60 27 April
677 338 60 22 1885.

723 367 49 22 Joh.
787 367 64 21 Gabr.
868 366 96 22 Geitlin*.

291 401 49 21 Med
355 402 113 26 anledning
483 402 23 20 af
516 402 68 20 denna
595 401 110 21 skrifvelse
718 402 83 26 yttrade
812 401 32 27 sig
853 401 93 26 följande
955 401 77 21 talare:

290 429 57 20 Herr
361 430 149 20 Rönnbäck:
530 430 41 20 Vid
589 429 114 26 afgörande
722 429 23 21 af
762 430 69 20 denna
845 429 61 26 fräga
920 429 62 20 beror
997 429 36 20 det

223 457 33 20 väl
279 457 83 26 mycket
380 457 27 26 pä
425 457 72 21 hvilka
514 457 113 26 petitioner
645 457 105 21 allmänna
769 457 190 21 besvärsutskottet
976 458 57 19 ännu

222 485 47 20 icke
285 485 119 20 behandiat.
434 485 38 21 Om
492 485 63 21 bland
575 485 47 20 dem
641 485 67 21 finnas
727 485 71 26 nägra,
817 491 44 14 som
880 486 36 19 äro
932 485 102 20 särskildt

223 513 86 28 vigtiga,
325 513 24 21 sä
363 519 50 15 vore
428 513 36 22 det
476 513 24 27 ju
519 513 22 21 af
559 513 68 21 nöden
646 515 31 19 att
692 513 73 21 bifalla
784 513 32 21 till
831 513 115 21 utskottets
960 513 73 21 anhäl-

222 541 42 21 lan.
293 541 43 21 Aro
352 542 95 21 deremot
462 542 25 21 de
503 541 145 22 obehandlade
663 541 99 27 frägorna
777 541 33 21 till
821 543 79 20 största
910 541 60 22 delen
980 543 53 20 tem-

222 569 57 27 ligen
294 570 155 27 betydelselösa
467 570 99 26 ärenden,
585 570 79 21 sådana
682 576 44 15 som
745 571 7 20 i
767 570 77 27 mängd
859 570 129 21 remitterats
1000 570 32 21 till

223 598 58 22 detta
295 599 82 20 utskott
391 599 35 21 vid
441 599 139 26 landtdagens
599 598 80 27 början,
697 599 24 21 så
739 598 69 22 kunde
824 599 26 21 de
869 605 65 20 gerna
952 599 80 21 lemnas

222 627 112 21 beroende.
363 627 41 26 Jag
419 627 90 21 föreslår
527 629 32 19 att
577 627 92 24 ståndet.
679 627 50 21 ville
744 627 23 21 af
780 627 104 21 utskottet
899 627 84 21 anhålla
998 633 34 15 om

222 655 127 28 upplysning
363 655 11 28 i
385 655 59 22 detta
458 655 107 22 afseende.

289 684 56 21 Herr
361 684 112 27 Öhberg:
491 684 45 21 När
555 691 25 14 en
599 684 55 27 gång
669 684 84 21 ståndet
768 685 119 20 remitterat
901 684 57 21 vissa
972 686 60 19 ären-

222 712 41 21 den
278 712 33 21 till
327 714 30 19 ett
371 712 88 26 utskott,
475 714 24 19 är
510 713 35 20 det
555 712 114 21 utskottets
680 713 121 26 skyldighet
814 714 32 19 att
856 713 104 20 behandla
970 713 62 20 dessa

222 740 99 21 ärenden.
351 740 77 21 Derför
446 741 38 20 har
502 741 106 20 allmänna
626 741 191 21 besvärsutskottet
834 743 70 19 ansett
926 741 32 26 sig
977 740 56 28 skyl-

223 769 46 26 digt
286 770 31 19 att
339 769 71 20 enkelt
428 769 102 24 meddela,
550 771 31 19 att
603 769 122 27 detsamma,
745 775 32 16 om
796 770 37 21 det
850 769 46 22 icke
915 769 60 21 delar
993 769 38 26 sig,

222 796 46 22 icke
283 797 123 21 medhinner
421 797 62 21 dessa
498 797 72 26 frågor
585 799 50 19 utan
650 799 24 19 är
689 798 6 20 i
711 797 64 22 behof
789 798 23 21 af
825 797 149 26 förstärkning.

290 825 55 21 Herr
359 825 152 26 Malmgren:
526 826 41 26 Jag
583 825 58 22 delar
656 826 49 21 herr
719 826 126 21 Rönnbäcks
860 825 133 28 uppfattning
1008 826 24 21 så

222 853 33 21 till
270 853 49 21 vida
334 855 32 19 att
381 853 37 27 jag
437 853 68 22 skulle
524 854 63 21 hafva
605 856 70 19 ansett
693 854 36 21 det
747 854 115 21 önskvärdt
880 856 32 19 att
928 854 104 21 utskottet

223 881 104 27 uppgifvit
341 882 72 21 hvilka
427 882 180 27 petitionsförslag
622 882 103 22 utskottet
739 884 71 20 ansett
824 883 32 27 sig
866 883 46 21 icke
922 883 64 21 hinna
995 883 37 21 be-

222 910 85 21 handla.
336 910 42 21 Det
399 912 24 19 är
446 910 58 22 svårt
525 910 34 22 för
577 911 84 21 ståndet
679 913 32 19 att
729 911 122 22 derförutan
869 912 111 20 bedömma
996 912 36 20 det

221 938 184 28 magtpåliggande
420 939 53 21 eller
487 939 46 21 icke
548 940 7 20 i
570 939 138 22 förevarande
723 940 105 21 anhållan.

289 967 55 21 Herr
358 967 143 21 Molander:
517 968 73 27 Enligt
604 968 43 21 min
661 968 134 27 uppfattning
810 968 62 22 hafva
887 968 95 27 stånden,
993 970 39 20 när

222 996 26 21 de
263 996 82 27 engång
359 996 119 22 remitterat
492 996 57 22 vissa
564 997 209 27 petitionsmemorial
789 997 33 21 till
837 996 109 28 utskottet,
962 999 70 20 ansett

221 1025 48 21 dem
287 1031 51 15 vara
357 1024 22 22 af
395 1025 64 21 sådan
479 1026 51 26 vigt,
548 1027 33 19 att
598 1026 27 20 de
642 1026 52 20 böra
713 1026 121 26 behandlas,
853 1026 38 21 och
906 1026 35 20 vid
956 1026 76 21 sådant

220 1053 133 21 förhållande
372 1055 24 19 är
415 1054 36 20 det
469 1054 37 20 vår
524 1054 55 26 pligt
597 1056 31 18 att
646 1054 85 26 vidtaga
749 1054 100 26 åtgärder
866 1054 8 21 i
889 1054 38 21 och
942 1054 33 21 för
990 1055 41 21 den

220 1082 94 26 begärda
328 1081 176 27 förstärkningen.

288 1109 55 21 Herr
359 1109 189 28 Schybergson:
563 1110 43 21 Det
620 1112 24 19 är
659 1111 100 26 temligen
775 1111 87 27 onödigt
876 1113 32 19 att
922 1111 109 21 diskutera

221 1138 104 21 huruvida
340 1138 84 21 ståndet
442 1138 54 21 skall
514 1138 75 22 bifalla
607 1139 32 21 till
657 1139 105 21 allmänna
778 1140 201 20 besvärsutskottets
994 1146 36 14 an-

220 1166 74 21 hållan
309 1166 52 21 eller
375 1166 54 22 icke.
458 1166 12 28 $
485 1167 28 21 30
527 1167 7 21 i
549 1167 228 27 landtdagsordningen
796 1168 67 20 måste
881 1167 64 22 fattas
960 1168 24 21 så
999 1169 32 20 att

221 1194 27 22 då
267 1196 31 20 ett
315 1195 81 21 utskott
414 1201 27 15 en
462 1195 56 26 gång
537 1195 90 21 föreslår
646 1202 24 14 en
690 1196 65 20 sådan
773 1196 149 26 förstärkning,
942 1196 88 20 stånden

220 1225 37 18 äro
273 1222 121 21 nödsakade
409 1224 32 19 att
454 1223 27 26 gå
496 1224 20 19 in
532 1223 71 26 derpå.

289 1250 68 22 Sedan
374 1251 146 21 diskussionen
539 1251 52 21 härå
610 1251 113 22 förklarats
741 1251 100 27 afslutad,
860 1251 69 22 beslöt
947 1251 85 22 ståndet

221 1281 37 25 att,
274 1279 48 21 med
337 1279 60 21 bifall
413 1279 32 21 till
460 1279 107 22 allmänna
581 1279 202 22 besvärsutskottets
793 1280 7 21 i
810 1286 49 21 nyss
870 1279 88 22 anförda
969 1279 62 22 skrif-

220 1308 59 21 velse
295 1307 125 21 framstälda
439 1307 79 27 förslag
537 1309 32 19 att
586 1308 36 20 två
640 1309 137 20 medlemmar
794 1308 46 21 från
860 1308 84 21 ståndet
962 1308 68 21 skulle

221 1338 57 19 utses
293 1336 7 20 i
315 1336 38 21 och
369 1336 33 21 för
417 1336 106 21 allmänna
537 1336 202 22 besvärsutskottets
755 1336 155 26 förstärkande,
920 1336 111 27 uppdraga

220 1364 23 21 åt
257 1364 94 22 ståndets
366 1364 106 22 elektorer
487 1367 32 19 att
534 1365 5 21 i
556 1364 75 22 sådant
645 1364 100 22 afseende
760 1365 73 21 skrida
847 1365 31 21 till
890 1365 34 21 val
934 1365 24 21 af
966 1365 64 27 sagde

220 1393 142 21 medlemmar.

287 1472 56 20 Herr
366 1472 120 21 talmannen
512 1472 141 26 tillkännagaf
677 1474 30 19 att
729 1472 146 22 sekreteraren
898 1472 80 22 anmält
998 1474 32 20 att

220 1500 94 21 ståndets
330 1500 237 27 diskussionsprotokoll
586 1500 33 21 för
639 1501 40 21 den
698 1501 27 21 30
744 1506 56 16 mars
819 1501 39 21 och
876 1502 11 20 1
906 1501 54 27 april
978 1507 51 16 voro

219 1528 119 26 framlagda
358 1528 33 21 till
409 1528 159 22 vederbörande
586 1529 79 21 talares
683 1529 139 27 granskning;
844 1529 38 22 och
900 1530 62 26 utsåg
981 1530 49 21 herr
