1109 1773
233 124 34 18 726
495 125 91 22 Borgarest.
597 124 44 20 1885.
663 124 18 19 16
693 124 48 23 April.

212 196 31 20 att
257 193 52 23 flera
324 195 64 21 ärade
406 194 68 22 talare
489 194 88 28 erbjuda
591 195 59 21 detta
665 194 102 28 landskap
783 200 25 15 en
821 194 96 27 jernväg,
932 200 48 16 men
994 194 27 28 på

211 224 24 21 så
250 224 47 25 sätt,
313 225 31 19 att
358 223 46 21 icke
420 230 26 14 en
464 224 54 21 enda
533 224 35 20 aln
581 224 88 26 jernväg
685 223 67 22 skulle
767 223 85 21 komma
866 225 31 19 att
911 223 59 21 ledas
986 230 35 20 ge-

211 258 48 16 nom
274 252 132 28 landskapet.
435 252 50 22 Man
507 252 90 22 föreslår
611 252 105 27 nemligen
730 253 7 21 i
753 254 30 20 ett
797 252 38 22 fall
849 254 31 20 att
896 252 125 22 savolakska

211 282 114 26 jernvägen
348 282 69 20 skulle
439 282 27 26 gå
488 282 47 20 från
556 282 129 26 Pihjalavesi
707 282 32 20 till
761 281 121 27 Jyväskylä,
904 281 7 21 i
934 283 30 19 ett
986 288 35 15 an-

211 312 36 19 nat
268 309 47 21 från
335 310 80 20 Imatra
428 310 33 21 till
476 310 86 26 Viborg.
591 310 41 27 Jag
653 312 45 19 tror
719 312 32 19 att
768 310 114 21 invånarne
897 310 7 20 i
919 310 102 22 Savolaks

211 338 47 21 med
281 339 54 20 stort
357 338 46 21 skäl
419 338 68 22 skulle
502 339 71 21 kunna
588 339 89 21 utbrista
692 339 7 20 i
714 340 94 25 utropet:
831 338 48 22 Gud
894 338 76 22 bevare
986 345 34 15 oss

211 366 46 22 från
278 366 70 27 dylika
367 368 87 20 vänner!
478 367 102 27 Märkligt
595 370 24 18 är
634 367 64 21 också
713 368 36 20 det
763 369 48 24 sätt,
826 367 80 27 hvarpå
921 374 47 14 man
983 368 39 21 här

211 395 72 27 tyckes
298 395 51 27 vilja
363 395 96 21 förbinda
475 396 130 26 landskapen
619 397 8 19 i
641 396 47 20 vårt
703 396 48 20 land
767 396 47 20 med
830 396 83 21 landets
928 397 93 20 centrala

209 423 97 27 punkter.
335 423 50 21 Man
407 430 62 14 anser
491 426 31 19 att
544 424 102 21 Savolaks
669 424 128 26 nödvändigt
812 424 54 20 skall
882 424 51 20 söka
948 425 32 25 sig
995 431 25 14 en

210 452 63 20 hamn
295 452 35 20 vid
351 452 112 21 Bottniska
485 452 67 26 viken,
569 452 38 21 och
623 453 36 20 det
673 452 56 21 ända
743 458 42 21 upp
799 452 8 20 i
821 451 66 28 Vasa,
903 452 38 21 och
956 452 64 22 förbi-

209 486 34 14 ser
259 480 73 20 dervid
347 482 32 19 att
393 482 66 24 vägen
474 481 33 21 till
521 481 80 20 Finska
614 480 62 21 viken
691 482 24 19 är
730 480 103 26 betydligt
847 481 92 25 kortare,
955 483 31 18 att
1000 481 20 21 vi

211 508 37 20 der
270 508 67 21 under
359 509 73 25 längre
454 509 31 21 tid
504 508 23 22 af
541 508 45 22 året
601 508 62 22 hafva
678 510 69 25 öppna
761 508 88 21 hamnar
864 508 39 22 och
918 510 31 19 att
963 509 58 21 trak-

209 537 61 20 terna
292 536 37 22 der
352 536 138 28 ovilkorligen
513 537 33 21 för
568 537 102 23 Savolaks
692 537 77 21 handel
788 537 38 21 och
843 536 124 22 samfärdsel
983 540 37 19 äro

209 564 24 22 af
252 565 49 21 vida
323 566 68 20 större
413 565 114 27 betydelse,
549 568 22 25 ty
592 566 39 21 här
649 566 69 26 ligger
737 566 83 21 landets
839 566 128 21 hufvudstad
982 566 39 22 och

209 592 83 22 landets
308 595 78 20 största
401 594 93 22 fabriker
509 594 39 21 och
563 594 166 22 handelsstäder.
753 594 104 27 Slutligen
871 595 38 20 har
924 600 47 16 man
984 595 36 27 på-

208 622 65 25 pekat
295 624 31 18 att
348 622 101 21 Savolaks
471 623 125 26 visserligen
617 623 39 21 bör
678 622 21 21 få
722 629 25 14 en
767 622 61 27 bana,
844 629 47 15 men
906 625 31 18 att
952 624 68 20 denna

209 650 54 21 skall
279 650 76 26 dragas
370 650 22 22 åt
407 651 72 26 sydost
495 652 5 20 i
517 657 80 15 samma
611 651 92 27 rigtning
718 657 44 15 som
779 650 101 22 Savolaks
891 651 76 21 handel
979 652 41 21 hit-

208 678 44 21 tills
267 678 51 26 gått.

275 707 40 26 Jag
338 708 37 20 ber
397 709 31 19 att
449 708 75 20 endast
542 708 108 26 angående
666 709 68 20 denna
749 708 52 21 sista
816 708 23 21 af
852 708 49 21 herr
917 708 103 21 Sanmark

207 734 124 27 föreslagna
353 736 55 21 bana
423 736 22 21 få
458 736 67 21 uttala
543 736 66 27 några
623 736 46 22 ord.
697 736 203 27 Förslagsställaren
915 736 63 27 yrkar
993 737 27 27 på

208 765 31 19 att
251 763 116 27 jernvägen
383 764 46 21 från
444 764 83 27 Kuopio
543 764 38 21 bör
596 766 75 25 dragas
687 765 59 21 öfver
760 764 103 22 Puumala
878 765 38 21 och
930 765 90 21 Immala

207 792 33 20 till
262 791 86 27 Viborg.
377 792 61 22 Huru
461 794 67 20 denna
551 793 54 21 bana
626 794 95 20 kommer
741 795 32 19 att
788 793 113 27 tillgodose
917 793 101 22 Savolaks

207 820 40 20 och
263 820 35 20 det
313 820 67 27 öfriga
395 821 82 21 landets
493 822 103 20 intressen
613 824 23 18 är
651 822 58 20 svårt
723 824 32 18 att
769 822 73 20 förstå.
872 822 67 20 Södra
954 822 64 21 Savo-

207 848 47 20 laks
277 848 52 21 eller
352 849 31 21 S:t
404 849 89 21 Michels
515 850 34 20 län
565 850 38 20 har
618 849 23 22 af
655 850 68 21 denna
737 850 55 21 bana
807 850 61 26 ingen
885 849 67 22 fördel
968 850 50 26 alls;

207 876 48 22 hela
278 876 59 23 detta
355 878 85 21 område
456 878 95 22 kommer
565 880 31 19 att
611 879 57 27 ligga
683 878 46 22 från
745 879 68 21 denna
827 878 55 22 bana
897 878 43 23 lika
955 878 64 28 afläg-

209 908 32 19 set
265 911 44 16 som
333 907 35 21 det
382 907 68 27 ligger
465 907 46 22 från
527 907 32 22 S:t
576 908 125 27 Petersburg
718 907 203 22 —Riihimäkibanan.
950 908 69 22 Norra

207 934 102 22 Savolaks
333 936 38 21 och
393 942 63 15 norra
471 936 93 21 Karelen
579 937 46 21 åter
639 937 84 20 komma
737 936 185 27 hufvudsakligast
936 938 31 19 att
983 937 34 21 be-

206 969 69 21 gagna
297 964 32 26 sig
351 965 22 20 af
393 965 68 21 denna
479 965 55 21 bana
549 965 74 22 endast
638 965 105 22 vintertid.
773 965 41 26 Jag
828 965 70 22 tviflar
912 965 105 27 nemligen

205 992 28 26 på
255 993 32 20 att
301 993 32 26 de,
349 999 45 15 som
409 993 63 22 hafva
486 995 153 25 transporterat
655 995 46 20 sina
714 1000 63 15 varor
792 994 92 26 sjöledes
899 993 47 22 från
960 994 58 21 Kuo-

205 1020 36 26 pio
263 1020 38 21 och
320 1021 95 22 Joensuu
430 1023 55 20 ända
499 1022 33 21 till
547 1022 103 21 Puumala
665 1023 60 25 sund,
741 1023 64 20 sedan
821 1022 69 21 skulle
905 1022 113 27 föredraga

206 1050 32 19 att
253 1049 37 20 der
305 1049 74 22 aflasta
395 1050 46 21 dem
457 1051 35 20 vid
507 1057 25 14 en
549 1051 85 26 brygga,
646 1050 33 21 för
687 1053 30 18 att
725 1051 27 26 på
757 1050 89 27 jernväg
854 1051 46 20 föra
908 1051 46 20 dem
963 1051 53 21 fram

205 1077 32 20 till
252 1077 86 27 Viborg,
355 1079 26 20 då
396 1078 26 21 de
438 1079 47 21 med
501 1085 80 15 samma
588 1079 69 27 fartyg
665 1079 49 21 vida
722 1079 85 21 enklare
816 1079 38 21 och
863 1079 75 21 lättare
946 1079 70 21 kunna

203 1105 47 21 föra
265 1105 48 21 dem
328 1106 53 21 fram
397 1107 54 21 ända
466 1107 33 21 till
515 1107 129 21 sistnämnda
659 1108 53 20 stad.
735 1107 49 21 Man
800 1107 41 21 kan
855 1107 46 21 icke
910 1107 67 21 heller
984 1108 32 20 för

205 1134 68 20 denna
288 1134 54 21 bana
357 1135 92 27 åberopa
459 1136 67 26 någon
538 1135 127 26 lokaltrafik,
673 1137 22 25 ty
703 1136 40 28 den
751 1135 38 27 går
797 1141 75 21 genom
881 1136 25 20 de
915 1135 101 22 folkfatti-

203 1164 60 24 gaste
271 1162 87 28 trakter,
365 1164 6 20 i
379 1163 108 27 Savolaks,
495 1163 87 27 trakter,
594 1164 75 26 hvilka,
676 1164 63 26 enligt
746 1164 54 20 hvad
809 1170 25 15 en
843 1164 56 21 blick
907 1164 26 26 pä
940 1164 75 22 kartan

203 1191 63 25 visar,
282 1192 37 20 äro
335 1193 55 19 ännu
405 1192 145 27 folkfattigare
562 1194 26 19 än
596 1192 65 21 linien
669 1192 206 27 Kaipiais—Kieppi.
897 1192 41 26 Jag
946 1192 68 22 skulle

203 1219 50 27 vilja
267 1219 82 27 påpeka
364 1221 37 25 att,
417 1220 66 21 ehuru
499 1220 57 22 såväl
571 1220 79 22 Imatra
665 1227 45 15 som
725 1220 94 27 Kaipiais
835 1222 36 20 äro
887 1221 90 25 belägna
985 1223 31 19 ett

203 1248 72 26 stycke
297 1248 48 21 från
366 1248 86 28 Viborg,
475 1255 48 15 man
545 1248 65 22 likväl
629 1249 46 21 från
691 1249 95 27 Kaipiais
801 1249 41 21 kan
857 1249 69 27 slippa
941 1248 27 27 på
982 1256 33 14 re-

203 1276 40 21 dan
267 1276 69 28 färdig
355 1278 90 26 jernväg
459 1278 33 21 till
509 1278 84 26 Viborg,
610 1278 75 20 medan
701 1284 47 15 man
764 1278 95 20 deremot
873 1278 48 20 från
936 1278 78 20 Imatra

203 1304 70 23 skulle
288 1306 67 21 måste
370 1307 68 26 bygga
453 1313 26 15 en
495 1306 64 22 sådan
575 1306 33 22 för
623 1308 32 20 att
669 1306 84 21 komma
767 1306 60 21 fram.
857 1306 155 26 Vägskilnaden

202 1335 25 19 är
246 1334 46 22 icke
312 1335 133 27 synnerligen
461 1337 50 19 stor.
541 1335 56 21 Herr
612 1335 103 21 Sanmark
730 1335 39 21 har
784 1335 104 27 nemligen
903 1335 57 21 velat
974 1335 39 21 lik-

203 1364 63 20 ställa
288 1363 64 21 linien
374 1364 77 21 mellan
473 1364 78 21 Imatra
574 1364 38 21 och
635 1363 79 27 Viborg
732 1364 47 22 med
796 1364 39 21 den
851 1363 76 22 mellan
942 1363 71 22 Kotka

202 1392 38 20 och
262 1392 95 27 Kaipiais
381 1392 52 21 eller
453 1392 97 22 Kouvola
571 1392 38 22 och
624 1392 85 27 Viborg.
741 1392 57 22 Skall
812 1392 135 27 jemförelsen
962 1398 51 16 vara

200 1420 70 27 rigtig,
293 1421 67 21 måste
382 1427 47 15 man
452 1423 43 19 mot
517 1421 98 21 sträckan
637 1421 188 27 Imatra—Viborg
843 1422 63 20 ställa
921 1427 25 15 en
963 1421 49 22 linie

200 1450 49 20 med
272 1449 94 27 Kaipiais
388 1455 44 15 som
449 1450 40 20 den
504 1455 39 15 ena
559 1450 37 20 och
611 1450 80 26 Viborg
707 1456 44 14 som
767 1450 40 20 den
822 1450 67 20 andra
903 1450 108 26 ändpunk-

199 1478 42 20 ten.
270 1478 32 20 En
325 1477 126 27 föregående
473 1478 52 20 ärad
547 1478 66 20 talare
629 1478 38 20 har
681 1478 92 27 påpekat
789 1478 40 20 den
844 1480 58 18 stora
918 1478 92 26 betydel-

199 1510 37 16 sen
259 1505 22 21 af
302 1512 26 14 en
349 1505 218 27 handelsgemenskap
589 1506 77 21 mellan
689 1506 136 21 Österbotten
847 1506 39 21 och
909 1505 101 22 Savolaks

198 1533 34 21 för
253 1534 72 21 landet
346 1534 7 21 i
376 1534 31 21 sin
423 1534 77 26 helhet,
521 1534 154 21 framhållande
689 1534 74 21 härvid
780 1534 64 21 bland
859 1536 63 19 annat
938 1536 31 19 att
984 1535 26 20 de
