1109 1739
231 118 50 32 1032
496 123 91 23 Borgarest.
599 123 45 20 1885.
667 123 10 18 7
690 123 37 23 Maj.

208 199 48 16 rare
274 193 34 21 vid
327 193 148 27 privatskolor.
506 193 40 27 Jag
564 193 33 22 fär
615 193 71 22 derför
704 192 78 22 föreslä
802 194 31 20 att
848 193 75 21 orden:
946 192 79 27 ,under

208 222 100 22 inseende
324 221 22 22 af
360 221 163 29 öfverstyrelsen
538 221 34 22 för
584 221 218 22 folkskoleväsendet*
812 221 69 22 skulle
891 221 78 22 ändras
979 221 45 22 till:

208 252 78 27 Under
300 251 100 22 inseende
416 251 22 22 af
452 251 94 27 offentlig
561 250 139 29 myndighet".

275 280 41 26 Jag
335 280 38 21 ber
392 282 31 19 att
441 280 22 21 få
480 280 88 31 tillägga
583 282 31 19 att
628 280 33 21 till
677 279 95 28 exempel
787 278 188 23 handelsskolorna
990 278 35 22 stä

208 308 66 21 under
295 308 100 21 inseende
414 309 23 20 af
453 308 215 27 finansexpeditionen
686 308 39 21 och
744 309 93 26 närmast
857 307 166 22 manufakturdi-

207 336 110 21 rektionen
333 337 53 21 eller
401 343 87 15 numera
503 337 201 27 industristyrelsen.

276 365 56 21 Herr
352 371 19 15 v.
391 365 100 22 Pfaler:
512 365 41 27 Jag
575 365 38 22 ber
632 367 32 19 att
681 364 22 22 få
721 358 129 33 understöda
868 364 50 22 herr
934 363 91 23 Heikels

205 393 86 27 förslag.

275 422 69 20 Sedan
367 421 146 22 diskussionen
536 421 129 21 beträffande
691 421 107 22 allmänna
819 421 205 28 besvärsutskottets

206 449 161 27 ifrägavarande
378 450 133 22 betänkande
522 450 86 22 härmed
619 450 114 21 förklarats
744 449 99 28 afslutad,
852 450 112 27 uppstälde
974 450 50 22 herr

205 478 121 21 talmannen
341 478 93 26 följande
450 478 285 27 omröstningsproposition
726 474 12 36 :

274 505 40 27 De,
326 505 68 22 hvilka
400 506 118 32 godkänna
533 501 107 35 utskottets
654 506 162 40 ifrågavarande
826 499 128 30 betänkande
968 506 57 26 oför-

207 534 97 32 ändradt,
319 540 61 15 svara
392 535 35 33 ja;
442 535 32 26 de,
489 535 34 21 det
537 534 42 22 icke
592 536 58 26 göra,
665 540 60 16 svara
740 535 44 27 nej;

273 562 73 22 vinner
360 564 41 28 nej,
417 563 39 22 har
472 563 168 27 borgareståndet
656 562 78 28 antagit
748 542 49 43 herr
811 562 85 23 Heikels
911 562 114 28 ändrings-

204 591 85 27 förslag.

272 620 34 22 Då
321 620 68 22 denna
403 621 130 27 proposition
549 620 128 22 besvarades
693 620 47 21 med
751 621 154 27 öfvervägande
916 621 40 26 nej,
968 621 55 21 hade

206 648 84 22 ståndet
308 648 84 23 således
411 649 93 27 beslutit;
520 651 31 19 att
570 649 6 21 i
596 648 64 28 öfrigt
678 648 112 28 godkänna
805 648 106 22 allmänna
926 649 98 22 besvärs-

205 676 115 22 utskottets
335 677 133 22 betänkande
484 677 142 27 oförändradt,
637 679 58 19 utom
706 679 31 19 att
748 678 74 21 orden:
834 678 78 26 ,under
922 678 102 22 inseende

206 705 23 21 af
242 705 163 28 öfverstyrelsen
421 706 33 22 för
469 706 159 22 skolväsendet"
639 706 69 21 skulle
723 706 85 27 utbytas
823 708 53 20 mot:
896 706 77 28 ,under
992 706 32 22 in-

206 734 77 21 seende
299 734 23 22 af
335 734 94 28 offentlig
444 734 138 28 myndighet".

273 820 120 27 Föredrogs
408 821 107 21 allmänna
529 820 203 22 besvärsutskottets
742 820 133 23 betänkande
886 826 34 16 n:o
929 821 33 27 17,
972 821 50 22 med

205 848 114 27 anledning
334 848 23 22 af
370 851 32 19 ett
416 850 56 20 inom
487 849 155 21 bondeståndet
656 849 62 21 väckt
732 849 182 27 petitionsförslag
929 855 33 16 om
978 850 44 21 för-

205 877 90 26 ändring
310 876 22 22 af
352 876 5 28 $
375 878 10 20 1
402 879 114 20 momentet
535 878 13 20 2
567 878 6 20 i
592 878 121 26 Kejserliga
730 877 150 27 förordningen
899 877 23 21 af
938 878 40 22 den
993 878 29 22 22

204 904 93 22 februari
314 905 60 27 1869,
385 906 109 27 angående
509 906 161 27 kronobetjente
686 905 38 23 och
740 906 62 22 deras
816 906 96 22 biträden
928 906 94 22 tillkom-

205 934 76 21 mande
300 934 78 21 arvode
398 934 32 21 för
449 934 117 27 utmätning
582 935 38 21 och
636 935 125 26 försäljning
776 934 23 22 af
812 935 146 26 lösegendom;
982 935 39 22 och

203 963 84 26 yttrade
302 963 33 26 sig
350 963 6 20 i
372 963 113 27 anledning
496 963 63 21 häraf
571 963 93 27 följande
680 963 76 22 talare:

272 991 56 22 Herr
342 991 80 22 Lille:
441 992 41 27 Jag
496 991 50 22 ville
562 991 54 22 blott
630 993 57 20 rätta
702 993 30 20 ett
746 992 8 21 i
769 992 58 23 detta
842 991 132 23 betänkande
989 993 31 20 in-

204 1019 82 27 gående
304 1019 96 28 tryckfel.
430 1020 32 21 På
476 1020 48 21 4:de
539 1020 59 21 sidan
614 1020 39 21 och
669 1020 47 21 7:de
731 1020 65 22 raden
811 1020 97 24 nedifrån
924 1020 44 22 står
986 1021 37 26 97;

203 1048 39 21 bör
256 1053 52 16 vara
322 1048 33 21 94.

272 1076 56 22 Herr
342 1076 161 27 Tegengren:
526 1076 40 27 Jag
586 1077 38 21 har
642 1077 76 26 begärt
735 1078 60 21 ordet
810 1077 46 25 icke
872 1077 33 21 för
920 1079 32 19 att
966 1079 57 20 mot-

204 1106 56 21 sätta
275 1105 42 26 mig
332 1105 114 22 utskottets
462 1105 62 26 kläm,
535 1107 50 19 utan
600 1105 34 22 för
649 1107 31 20 att
691 1107 51 24 göra
754 1111 38 21 par
803 1101 163 41 anmärkningar
975 1109 48 18 mot.

204 1133 115 22 utskottets
334 1133 126 27 motivering
474 1133 23 21 af
510 1121 148 34 betänkandet.
684 1133 31 22 På
729 1133 52 22 flera
791 1134 76 21 ställen
882 1134 7 21 i
904 1134 118 22 betänkan-

204 1161 36 22 det
253 1161 143 22 förekommer
410 1161 116 28 uttrycket:
547 1162 39 27 ,pä
600 1162 13 22 5
628 1162 48 21 mils
695 1161 83 23 afständ
794 1157 46 27 från
855 1161 166 28 kronofogden".

203 1189 42 28 Jag
255 1192 35 19 vet
300 1190 53 21 visst
364 1192 32 20 att
404 1191 36 21 det
452 1191 6 20 i
471 1191 63 20 södra
544 1190 97 27 Finland,
650 1191 37 21 der
702 1191 117 22 häraderna
834 1193 36 19 äro
885 1191 33 21 till
934 1191 88 22 arealen

203 1219 52 26 små,
274 1219 42 21 kan
337 1219 85 21 inträffa
443 1221 32 20 att
492 1207 149 39 kronofogden
655 1219 51 27 sjelf
722 1219 125 22 verkställer
865 1219 156 28 utmätningen,

203 1249 51 20 utan
273 1249 32 20 att
323 1247 71 22 dertill
413 1247 91 22 beordra
522 1247 46 22 sina
586 1247 158 28 underlydande
762 1247 103 28 länsmän,
880 1254 47 15 men
943 1248 79 22 sådant

203 1275 141 22 förekommer
362 1276 46 22 icke
423 1277 7 20 i
446 1277 26 20 de
489 1276 97 27 nordliga
605 1276 69 22 länen.
703 1276 59 27 Eljes
776 1277 69 21 skulle
860 1277 111 21 derstädes
985 1278 36 20 ut-

203 1305 95 26 mätning
312 1304 28 27 på
354 1311 25 15 en
394 1305 119 27 vägalängd
528 1304 23 22 af
564 1311 45 16 mer
624 1307 25 19 än
665 1305 13 22 5
693 1305 37 21 mil
745 1304 47 23 från
803 1305 113 22 exekutors
928 1305 92 22 hemvist

204 1333 24 22 så
250 1333 44 22 ofta
312 1333 130 22 förekomma
461 1336 55 19 samt
534 1335 80 20 statens
634 1333 149 22 mellankomst
800 1333 33 22 för
848 1333 135 27 afhjelpande
998 1334 25 21 af

202 1362 26 22 de
247 1362 7 21 i
272 1362 114 27 petitionen
405 1362 110 27 påpekade
534 1361 197 23 missförhållanden
751 1362 24 22 så
793 1362 44 23 ofta
856 1362 106 22 erfordras
978 1362 40 22 och

202 1391 59 21 detta
276 1390 95 22 medföra
392 1391 79 21 sådana
482 1390 253 28 penningeuppoffringar
754 1390 46 22 från
819 1393 79 20 statens
917 1391 53 27 sida,
985 1393 35 20 att

202 1419 70 26 någon
289 1419 111 27 framgång
418 1419 49 22 med
485 1419 40 21 den
544 1419 88 22 afsedda
649 1419 117 28 petitionen
784 1419 65 27 knapt
862 1425 50 15 vore
927 1421 32 20 att
973 1419 43 22 för-

202 1449 69 19 vänta.
303 1447 33 21 De
358 1447 130 22 vidsträckta
510 1447 219 22 länsmansdistrikten
751 1447 7 21 i
780 1448 26 21 de
828 1447 96 28 nordliga
946 1447 73 27 länen,

201 1475 65 21 hafva
280 1475 54 21 dock
348 1476 68 21 under
430 1476 26 20 de
471 1475 36 21 två
522 1477 83 20 senaste
620 1475 140 22 decennierna
774 1475 70 22 blifvit
858 1476 82 26 delade,
951 1476 24 21 så
984 1477 35 20 att

203 1504 36 21 det
257 1509 87 16 numera
362 1503 46 23 icke
426 1504 66 21 borde
510 1503 84 22 inträffa
613 1504 25 21 så
655 1503 116 27 synnerligt
785 1504 51 26 ofta,
851 1505 31 21 att
897 1504 120 27 utmätning

201 1532 93 22 behöfde
316 1531 37 22 ske
371 1532 28 26 på
417 1538 45 15 mer
479 1533 27 20 än
525 1532 14 22 5
556 1532 49 21 mils
623 1532 83 21 afstånd
725 1531 46 23 från
790 1532 112 22 exekutors
916 1532 102 27 hemvist,
