1109 1770
240 133 40 33 766
500 135 92 24 Borgarest.
604 135 45 19 1885.
672 134 19 19 18
702 134 51 23 April.

216 206 79 27 ningen
317 205 23 21 af
357 205 154 26 författningen
530 204 46 22 icke
598 204 62 21 torde
678 203 64 21 häraf
758 202 139 33 föranledas,
908 202 38 22 vill
962 202 38 27 jag
1018 202 21 27 ej

216 236 53 26 göra
283 234 67 27 nägot
363 234 81 26 förslag
459 234 8 20 i
482 233 114 26 anledning
611 232 23 22 af
648 232 60 22 detta
722 230 308 29 sammanjemkningsförslag.

284 262 34 22 Dä
332 263 64 26 ingen
415 262 69 21 talare
499 262 73 21 vidare
587 260 96 22 önskade
697 262 59 26 yttra
770 260 33 27 sig
819 262 55 20 samt
890 260 150 22 diskussionen

216 291 72 21 derför
303 290 117 22 förklarats
435 290 99 26 afslutad,
547 289 70 22 beslöt
630 289 86 21 ständet
728 291 32 19 att
772 288 140 22 oförändradt
926 288 114 27 godkänna

216 319 172 21 statsutskottets
403 318 163 27 ifrägavarande
582 317 305 27 sammanjemkningsförslag.

283 402 42 21 Vid
347 402 59 22 härä.
418 402 68 21 skedd
508 402 151 27 föredragning
682 402 24 20 af
726 402 172 21 statsutskottets
920 401 120 27 bordlagda

215 431 135 21 betänkande
369 436 34 15 n:o
422 431 12 20 7
454 430 49 21 med
522 430 114 26 anledning
654 430 23 21 af
695 430 41 21 den
754 430 35 20 vid
809 430 55 21 1882
883 429 35 21 ärs
936 430 104 26 landtdag

214 459 100 22 nedsatta
329 458 289 26 ständerhusdelegationens
636 458 124 26 berättelse,
779 457 92 27 uppstod
886 457 95 27 följande
997 457 43 22 dis-

214 487 100 20 kussion
306 483 12 34 :

282 514 57 21 Herr
353 513 152 22 Rönnbäck:
524 513 44 21 Det
584 513 40 21 har
642 513 47 26 gätt
703 513 25 20 sä
742 518 46 15 som
804 519 50 14 man
870 513 71 21 kunde
956 512 82 22 förutse

214 543 33 20 att
262 542 36 21 det
316 542 69 21 skulle
404 541 34 27 gä,
456 543 39 19 när
514 541 115 21 ständerna
648 541 83 21 beslöto
749 540 111 22 remittera
881 541 59 21 detta
958 541 82 21 ärende

213 570 34 21 till
262 571 31 20 ett
307 570 89 25 utskott,
412 570 7 21 i
438 569 82 22 hvilket
534 569 47 22 icke
600 569 82 22 mindre
701 571 27 18 än
747 569 43 21 fem
810 569 23 20 af
850 569 188 22 ständerhusdele-

213 599 111 26 gationens
339 598 140 21 medlemmar
496 597 56 22 hade
571 599 45 20 säte
635 597 38 22 och
690 599 97 19 stämma.
818 597 166 22 Statsutskottet
998 597 40 22 har

213 626 113 27 föreslagit
340 626 61 21 bifall
416 627 32 20 till
465 626 159 27 delegationens
640 625 158 27 framställning
809 632 34 15 om
856 627 32 19 att
898 625 77 22 inalles
990 626 14 21 2
1014 625 26 24 !/2

212 655 100 26 miljoner
327 655 61 20 mark
403 655 70 21 skulle
488 653 72 22 ansläs
574 653 34 22 för
623 654 121 27 byggandet
760 653 24 21 af
793 655 31 20 ett
834 653 40 22 hus
885 653 35 22 för
933 653 104 22 Finlands

213 683 93 21 ständer.
336 683 127 20 Emellertid
485 682 42 21 kan
547 682 44 27 jag,
614 682 89 21 oaktadt
720 681 146 22 betänkandet
885 682 91 21 sälunda
993 682 45 21 for-

212 711 54 20 melt
280 711 120 26 tillstyrker
414 711 60 20 detta
488 710 88 27 förslag,
594 710 35 21 för
647 710 43 21 min
709 710 35 21 del
762 710 48 21 icke
828 710 24 21 få
870 712 65 19 annat
953 710 85 27 intryck

212 738 24 21 af
250 739 59 20 detta
324 738 142 26 betänkande,
485 739 27 19 än
530 739 32 20 att
580 738 37 21 det
635 738 7 21 i
661 737 77 26 sjelfva
755 737 75 22 verket
848 739 24 20 är
891 737 145 28 afstyrkande.

212 766 67 21 Detta
294 766 83 27 intryck
396 765 124 22 framkallas
538 765 56 22 först
612 765 63 22 deraf
691 767 32 20 att
738 766 27 21 de
780 765 43 21 fem
838 765 102 22 herrarne
956 765 6 21 i
978 767 58 20 stän-

212 794 229 26 derhusdelegationen
464 793 54 25 icke,
540 793 70 21 säsom
634 794 6 20 i
661 793 37 21 det
717 793 85 27 dagliga
821 793 61 22 lifvet
899 793 72 27 vanlig
989 794 47 21 takt

213 822 39 21 och
267 822 81 26 hänsyn
364 821 68 22 bruka
447 821 81 26 kräfva,
544 821 142 27 undandragit
701 821 33 27 sig
748 823 32 19 att
796 821 86 26 deltaga
896 821 7 21 i
916 821 122 28 öfverlägg-

212 849 51 27 ning
278 849 39 21 och
332 849 72 21 beslut
418 849 91 22 rörande
529 849 63 22 deras
608 855 54 20 egna
680 849 132 26 ätgöranden
826 850 8 20 i
849 849 187 22 ständerhusdele-

212 878 107 26 gationen.
348 878 75 20 Ehuru
442 878 38 26 jag
502 877 47 21 icke
571 879 25 19 är
617 884 42 20 nog
677 877 117 27 lagkunnig
813 877 35 21 för
866 879 32 19 att
916 877 118 28 bedömma,

212 905 106 22 huruvida
336 908 137 19 reservanten
496 906 91 21 friherre
608 906 70 21 Borns
700 906 95 26 yrkande
817 906 29 26 pä
867 906 50 26 laga
936 905 34 27 jäf
990 908 46 20 mot

212 934 64 21 dessa
290 934 150 21 medlemmars
455 934 128 27 deltagande
597 934 8 21 i
616 934 172 22 statsutskottets
800 934 131 27 behandling
943 934 23 22 af
975 934 61 22 detta

210 962 81 22 ärende
301 964 24 19 är
334 962 93 27 lagligen
435 962 108 27 befogadt,
553 968 65 16 anser
625 962 38 28 jag
673 962 77 22 honom
762 962 55 21 dock
828 962 64 22 hafva
903 962 132 28 fullkomligt

210 992 50 24 rätt,
271 990 28 22 dä
308 990 42 21 han
360 992 64 24 säger
434 992 32 20 att
475 991 27 20 de
512 991 53 21 stält
574 990 33 27 sig
617 991 29 26 pä
655 997 26 15 en
692 990 138 27 ständpunkt,
841 996 46 16 som
898 991 28 21 de
936 991 99 21 otvifvel-

211 1018 69 26 aktigt
294 1024 51 15 vore
361 1019 27 20 de
402 1018 68 22 första
486 1020 32 19 att
535 1019 39 21 hos
594 1019 40 21 den
650 1019 68 21 andra
733 1020 141 25 statsmagten
890 1020 89 26 angripa
994 1020 40 20 och

210 1046 106 21 fördöma.
345 1046 50 22 Men
410 1047 47 21 icke
473 1046 55 22 blott
542 1047 39 21 hos
597 1047 40 21 den
652 1047 68 21 andra
735 1048 140 26 statsmagten
887 1048 51 20 utan
952 1047 62 21 äfven
1026 1048 7 21 i

210 1074 37 20 det
264 1074 88 26 dagliga
370 1074 62 21 lifvet
449 1074 69 22 skulle
537 1076 31 20 ett
586 1075 76 21 sädant
682 1075 127 27 deltagande
828 1076 7 19 i
852 1081 52 20 egen
924 1075 46 26 sak,
986 1081 46 15 som

209 1101 40 21 här
264 1102 122 26 föreligger,
402 1104 51 19 utan
468 1102 74 22 tvifvel
558 1103 113 21 framkalla
686 1103 114 25 ogillande.
830 1103 39 21 Att
884 1103 62 21 desse
957 1103 77 22 herrar

209 1130 47 21 icke
278 1130 54 26 tagit
350 1130 82 27 hänsyn
450 1130 72 22 härtill
545 1131 63 26 visar,
628 1131 68 26 enligt
713 1131 43 21 min
780 1130 61 27 äsigt,
861 1131 75 21 endast
955 1132 32 20 att
1006 1132 27 21 de

209 1158 131 21 misströstat
355 1164 34 15 om
404 1158 139 27 framgängen
562 1158 24 22 af
602 1159 32 21 sin
648 1159 45 26 sak,
709 1159 7 20 i
731 1159 102 21 händelse
852 1159 41 21 den
909 1158 69 22 skulle
993 1166 39 14 un-

209 1186 123 21 derkastats
352 1193 26 15 en
397 1186 50 22 fullt
464 1187 96 27 opartisk
579 1187 138 27 granskning.
746 1187 43 21 Det
806 1187 40 21 har
866 1187 34 21 för
915 1188 47 20 dem
978 1188 54 26 gällt

209 1216 33 18 att
252 1214 83 26 kämpa
349 1220 39 21 pro
404 1215 43 21 aris
466 1216 22 20 et
506 1215 60 26 focis,
585 1215 39 21 och
643 1216 32 20 att
692 1215 128 21 åtminstone
837 1216 21 20 få
872 1215 34 21 till
922 1215 63 21 stånd
1000 1217 32 20 ett

208 1242 237 27 utskottsbetänkande,
462 1248 45 16 som
522 1243 69 21 skulle
606 1243 115 26 godkänna
734 1243 63 21 deras
808 1243 140 26 ätgöranden.
966 1243 66 21 Detta

207 1269 66 22 hafva
288 1270 26 21 de
330 1271 77 25 ernätt,
423 1277 48 15 men
486 1271 60 21 detta
560 1271 134 21 betänkande
709 1271 119 21 innehäller
842 1271 47 21 icke
901 1271 72 26 nägot,
985 1277 47 15 som

208 1297 70 22 skulle
288 1299 130 26 vederlägga
432 1299 27 21 de
474 1299 172 26 anmärkningar,
660 1299 72 21 hvilka
746 1299 69 27 gjorts
827 1299 7 21 i
846 1300 59 20 detta
918 1299 62 21 ständ
996 1299 36 21 vid

208 1327 101 21 ärendets
320 1327 76 21 remiss
406 1327 33 21 till
449 1327 111 21 utskottet.
579 1327 112 21 Utskottet
700 1327 40 21 har
749 1327 47 21 icke
806 1327 82 21 kunnat
898 1327 134 27 ädagalägga

208 1356 32 19 att
255 1354 47 22 icke
317 1354 277 27 ständerhusdelegationen
609 1355 69 21 skulle
692 1355 64 21 hafva
772 1354 138 22 öfverskridit
924 1355 32 21 sin
972 1354 59 22 befo-

207 1382 86 26 genhet,
308 1383 28 21 dä
352 1384 40 20 den
407 1383 89 21 beslutit
506 1383 144 27 uppförandet
661 1382 23 22 af
694 1384 32 20 ett
737 1383 122 27 fyraständs
871 1382 47 27 hus,
931 1383 28 21 dä
974 1384 58 20 stän-

208 1410 77 22 dernas
300 1411 86 26 mening
404 1410 168 28 uppenbarligen
591 1417 38 15 var
648 1412 32 20 att
698 1411 126 27 byggnaden
842 1411 70 21 skulle
927 1411 105 26 inrymma

207 1438 77 22 endast
298 1440 33 20 tre
347 1439 68 21 ständ.
442 1439 110 21 Utskottet
567 1440 40 20 har
621 1440 76 20 endast
712 1441 49 24 sagt
775 1440 33 20 att
823 1439 149 26 delegationen
986 1440 45 26 tyc-

206 1466 39 21 kes
260 1466 64 21 hafva
339 1467 47 21 haft
401 1466 48 22 skäl
463 1467 33 21 för
512 1467 32 21 sin
560 1467 56 26 äsigt
630 1468 7 20 i
652 1468 61 20 detta
728 1467 107 21 afseende.
865 1466 113 22 Utskottet
991 1467 40 21 har

206 1494 74 21 vidare
295 1494 47 22 icke
357 1495 111 26 vederlagt
483 1495 40 21 den
542 1495 173 26 anmärkningen,
735 1497 32 19 att
785 1494 246 26 ständerhusdelegatio-

206 1528 41 14 nen
271 1524 49 19 utan
343 1523 29 20 all
391 1522 62 27 fräga
471 1522 138 22 öfverskridit
627 1524 33 20 sin
678 1522 134 27 befogenhet,
833 1523 27 21 dä
879 1522 41 22 den
940 1522 91 27 vidtagit
