1114 1764
383 123 91 22 Borgarest.
487 122 47 19 1885..
548 123 23 18 30
584 123 52 21 Mars.
867 125 35 18 568

93 191 86 20 ståndet
193 191 49 21 med
256 190 84 27 afgjord
358 190 151 27 röstöfvervigt
531 191 82 26 antagit
632 191 118 21 utskottets
768 191 32 21 uti
815 192 108 21 klämmen

93 219 14 20 å
121 225 47 20 pag.
185 219 14 20 5
219 219 23 21 af
259 218 146 22 betänkandet
426 218 125 22 framstälda
565 219 92 26 förslag;
672 221 33 19 att
719 219 86 21 ståndet
820 219 102 23 likaledes

93 247 97 26 godkänt
204 247 60 21 såväl
282 247 118 20 utskottets
421 247 32 20 uti
474 247 107 21 klämmen
604 247 13 20 å
639 253 48 20 pag.
707 248 14 20 5
739 247 23 21 af
777 247 147 23 betänkandet

93 274 126 22 framstälda
233 275 86 26 förslag,
330 281 58 15 som
410 275 117 21 utskottets
547 275 167 26 anmärkningar
736 275 132 22 beträffande
887 277 37 21 det

93 303 42 22 den
150 303 78 27 nådiga
243 303 159 27 propositionen
418 303 113 26 vidfogade
549 303 80 26 förslag
648 304 33 20 till
697 303 178 28 ordningsstadga
890 305 32 21 för

92 330 71 22 finska
180 331 116 26 militären;
320 331 109 21 äfvensom
452 333 33 18 att
507 331 86 21 ståndet
611 331 90 21 beslutit
719 331 37 22 det
773 332 8 21 i
796 333 126 21 ständernas

93 365 50 15 svar
157 359 14 21 å
185 359 41 22 den
246 359 77 26 nådiga
345 359 160 26 propositionen
527 359 67 21 borde
612 359 125 22 framhållas
752 362 32 19 att
800 360 24 27 $$
838 361 28 21 57
882 361 41 21 och

93 387 26 21 71
135 388 33 21 uti
188 383 133 36 nästnämnda
336 383 86 36 förslag
437 387 48 21 icke
504 387 61 21 stode
580 387 8 21 i
603 387 112 27 samklang
729 388 48 21 med
792 388 130 27 hvarandra;

163 423 32 20 att
217 421 86 21 ståndet
323 421 96 26 godkänt
439 421 108 21 allmänna
562 421 206 22 besvärsutskottets
787 422 135 22 betänkande

93 455 35 16 om
150 449 110 22 ordnande
282 449 24 21 af
325 449 179 26 undervisningen
526 449 7 20 i
555 449 122 26 gymnastik
702 450 35 20 vid
759 450 83 22 landets
866 451 56 21 läro-

81 501 3 2 .
91 478 60 25 verk,
169 483 49 15 men
238 479 32 19 att
288 477 144 21 betänkandet
454 477 118 21 emellertid
595 478 177 21 äterremitterats
790 479 34 21 till
838 479 84 21 utskot-

92 507 33 19 tet
139 505 34 22 för
187 507 33 20 att
234 505 153 27 kompletteras
410 505 48 21 med
481 505 100 22 afseende
596 505 12 21 &
624 505 49 21 dess
688 506 127 27 motivering
830 507 7 20 i
852 507 36 21 det
900 507 23 21 af

91 533 91 22 friherre
197 533 24 22 af
234 533 101 22 Schult6n
350 533 68 21 under
432 533 149 21 diskussionen
597 533 88 26 angifna
700 533 64 28 syfte;

161 568 34 20 2:0
211 567 48 21 från
273 567 157 27 presteständet
444 567 49 21 med
508 567 167 22 underrättelse:

161 603 32 19 att
208 601 86 21 ständet
307 601 95 26 godkänt
418 601 171 21 statsutskottets
610 601 138 22 betänkande
763 602 41 21 N:o
820 603 19 25 6,
855 603 65 26 angä-

92 629 55 21 ende
162 629 80 21 Simola
269 628 169 22 Villmanstrand
452 628 209 27 jernvägsbyggnad;

161 664 32 20 att
208 663 86 21 ständet
307 663 119 20 remitterat
444 662 32 21 till
495 662 143 27 lagutskottet
657 664 32 20 ett
703 663 24 21 af
739 663 107 27 professor
861 664 59 21 Don-

91 697 38 15 ner
144 691 35 21 vid
194 691 86 27 plenum
296 691 41 20 den
347 691 27 20 21
391 690 144 21 innevarande
545 690 59 21 Mars
614 690 123 22 framstäldt
748 692 78 26 förslag
838 692 80 26 derom,

91 720 34 20 att
139 718 117 22 ständerna
273 718 69 22 skulle
363 718 33 21 till
418 719 38 20 sitt
477 724 50 16 svar
548 718 28 27 pä
595 718 60 22 Hans
674 719 119 27 Kejserliga
808 720 111 26 Majestäts

90 747 80 27 nädiga
183 746 134 28 proposition
332 746 109 27 angäende
456 746 115 27 ändringar
585 747 24 21 af
622 747 41 21 och
677 748 74 26 tillägg
766 747 33 21 till
814 748 105 22 särskilda

91 775 133 27 stadganden
239 775 7 21 i
261 775 192 26 värnepligtslagen
472 774 87 27 tillägga
574 780 26 16 en
615 775 134 27 underdänig
764 776 106 26 anhällan,
886 778 33 20 att

89 803 62 21 Hans
165 803 120 27 Kejserliga
300 803 101 26 Majestät
420 803 99 26 nädigast
537 803 48 21 ville
604 803 110 27 förelägga
732 804 84 21 landets
830 804 89 22 härnäst

90 831 202 21 sammanträdande
306 832 87 20 ständer
407 831 79 26 förslag
504 832 33 20 till
551 831 67 21 sädan
634 832 91 26 ändring
739 832 24 21 af
775 832 28 21 38
818 838 100 21 paragra-

69 863 2 2 *
87 858 39 23 Fen
140 860 8 20 i
166 860 199 26 värnepligtslagen,
389 861 31 19 att
438 859 186 27 uppbädsomräde
643 859 56 27 finge
714 860 65 22 hafva
793 860 83 22 mindre
891 863 27 18 än

91 888 78 25 15,000
183 888 139 26 innevånare;

159 922 34 21 3:0
208 922 49 21 från
272 922 156 21 bondeståndet
443 922 49 20 med
506 922 167 21 underrättelse:

159 952 33 19 att
206 950 86 21 ståndet
306 950 36 20 vid
357 950 130 26 behandling
505 950 23 21 af
545 950 218 21 ekonomiutskottets
781 950 137 22 betänkande

89 984 36 15 n:o
140 979 14 21 2
168 978 8 21 i
191 978 115 26 anledning
320 978 24 21 af
356 978 61 21 Hans
431 978 119 27 Kejserliga
564 978 113 26 Majestäts
692 978 78 27 nådiga
783 979 135 26 proposition

89 1012 35 15 n:o
140 1007 15 20 4
169 1012 36 16 om
219 1006 111 21 införande
345 1006 23 22 af
380 1006 100 21 metriskt
494 1006 55 21 mått
563 1006 40 21 och
618 1006 46 26 vigt
678 1008 55 19 samt
749 1006 109 26 angående
873 1008 43 20 sär-

89 1034 71 22 skilda
174 1036 84 20 räntors
274 1034 40 22 och
328 1034 160 27 skattebelopps
504 1034 129 26 erläggande
648 1034 54 22 efter
717 1034 76 22 sådant
807 1035 55 21 mått
876 1035 41 21 och

89 1062 46 26 vigt
157 1064 87 20 stannat
266 1063 35 21 vid
319 1063 94 26 följande
432 1063 80 21 beslut:
535 1062 65 22 sedan
616 1062 86 22 ståndet
717 1062 102 27 enhälligt
833 1063 84 21 förenat

89 1090 33 27 sig
137 1097 35 15 om
187 1091 117 21 utskottets
321 1091 81 26 förslag
424 1092 80 24 derom,
521 1092 32 19 att
571 1090 117 22 ständerna
702 1091 49 21 ville
766 1091 8 21 i
789 1091 37 21 sitt
840 1097 49 15 svar
904 1091 12 21 &

89 1119 42 21 den
145 1119 78 27 nådiga
238 1119 160 27 propositionen
416 1118 113 27 tillstyrka,
549 1120 32 20 att
599 1119 38 21 det
651 1119 103 21 metriska
769 1120 100 26 systemet
883 1119 34 21 för

88 1146 55 22 mått
159 1147 40 21 och
213 1147 45 27 vigt
272 1147 67 21 måtte
357 1147 67 21 varda
441 1147 81 21 infördt
537 1148 8 20 i
559 1147 79 25 landet,
659 1148 55 20 hade
729 1147 85 21 ståndet
829 1148 89 20 beslutit

89 1175 55 21 efter
159 1176 131 26 omröstning
304 1177 33 19 att
351 1176 8 21 i
377 1175 100 24 afseende
500 1175 13 21 å
534 1176 100 26 yttrande
653 1175 58 22 öfver
730 1176 36 20 det
780 1175 78 27 nådiga
873 1175 44 22 för-

89 1204 69 26 slaget
171 1204 34 20 till
219 1204 125 26 förordning
359 1204 109 26 angående
483 1203 55 21 mått
553 1203 40 21 och
608 1204 52 26 vigt,
675 1204 48 20 med
735 1203 182 22 underkännande

89 1231 23 22 af
124 1232 57 21 hvad
195 1232 106 21 utskottet
315 1232 132 21 beträffande
466 1232 61 21 detta
543 1231 81 27 förslag
639 1232 32 26 sig
686 1232 79 25 utlåtit,
781 1232 84 21 anmäla
880 1232 36 20 det

88 1259 87 22 ståndet
189 1260 95 26 godkänt
299 1266 81 15 samma
394 1260 85 26 förslag,
495 1260 90 21 emedan
599 1260 54 25 deri,
668 1260 33 21 för
715 1260 169 26 tillgodoseende
895 1260 23 20 af

88 1288 37 21 det
143 1288 113 27 praktiska
277 1288 107 26 behofvet,
408 1288 7 20 i
433 1288 67 21 bredd
523 1288 48 20 med
589 1288 26 21 de
634 1288 166 22 internationela
814 1288 103 21 metriska

88 1316 117 22 enheterna
218 1316 82 27 tillagts
315 1317 33 21 för
366 1317 94 20 nämnda
482 1316 67 21 behof
569 1316 100 27 lämpade
687 1316 94 26 enheter,
798 1316 67 26 jemte
880 1316 37 21 det

88 1344 87 21 ståndet
189 1345 49 21 ville
253 1344 69 22 såsom
337 1345 47 21 sina
406 1344 161 27 önskningsmål
587 1345 75 21 vidare
683 1344 114 21 framhålla
814 1346 38 24 att,
870 1344 47 21 ifall

87 1373 68 20 andra
171 1373 39 20 och
225 1372 51 21 flere
290 1373 34 20 för
338 1373 37 20 det
390 1372 111 27 praktiska
517 1372 100 21 behofvet
633 1374 57 19 ännu
704 1378 59 15 mera
773 1372 101 26 lämpliga
884 1372 32 21 bi-

87 1400 90 22 enheter
191 1400 40 21 och
246 1400 155 27 benämningar
419 1400 13 21 å
449 1401 48 20 dem
519 1400 73 21 kunde
610 1400 105 27 påfinnas,
732 1400 78 21 sådana
818 1396 73 35 skulle
908 1400 9 21 i

86 1428 156 27 författningen
256 1428 50 27 ingå
320 1429 8 20 i
342 1429 73 21 stället
428 1429 34 21 för
477 1428 26 21 de
518 1429 7 20 i
540 1428 77 21 sådant
632 1428 100 21 afseende
747 1434 29 15 nu
790 1427 126 27 föreslagna,

87 1456 71 22 såsom
173 1457 41 21 ock
229 1458 39 25 att,
283 1457 49 21 med
346 1457 100 22 afseende
465 1457 13 21 &
496 1457 136 26 svårigheten
649 1456 34 22 för
699 1457 41 21 den
754 1458 60 20 stora
828 1457 88 20 allmän-

86 1485 66 22 heten
167 1487 32 19 att
213 1486 59 21 inom
287 1485 50 21 kort
351 1485 33 22 tid
398 1486 52 25 göra
464 1485 33 26 sig
512 1484 111 27 förtrogen
633 1485 50 21 med
693 1485 28 21 de
731 1491 42 21 nya
783 1484 82 21 måtten
876 1485 41 20 och

86 1513 105 26 vigterna,
214 1513 66 27 tiden,
302 1513 48 22 från
372 1513 87 22 hvilken
480 1513 63 22 dessa
565 1513 56 21 mått
640 1513 40 22 och
698 1513 69 26 vigter
780 1513 137 21 uteslutande
