1109 1773
377 135 93 24 Borgarest.
479 130 43 25 1885.
545 134 11 21 3
568 134 38 25 Maj.
843 136 33 20 979

189 210 47 22 Art.
252 210 42 22 IV.
324 211 39 22 Om
378 211 120 22 kontrollen
513 211 35 21 vid
563 211 236 28 bränvinstillverkning

211 257 3 7 ,
398 239 38 22 och
452 239 138 28 destillering.

155 285 31 28 $$
200 272 91 34 27-40
298 285 128 29 godkändes
442 287 49 19 utan
507 285 126 22 diskussion.

188 324 48 35 Art.
256 335 23 21 V.
310 336 38 21 Om
364 342 76 15 ansvar
454 336 33 21 för
502 336 192 21 öfverträdelserna
709 336 23 21 af
745 337 54 20 före-

310 365 115 21 skrifterna
439 365 7 20 i
462 365 68 20 denna
544 364 130 27 förordning.

154 405 114 27 Angående
283 404 16 28 $
314 405 28 20 41
355 404 84 28 yttrade
454 404 32 27 sig
501 403 93 28 följande
609 404 79 21 talare:

153 433 61 25 Herr
224 433 155 22 Söderlund:
399 433 31 21 De
446 433 144 26 bötesbelopp,
606 439 44 15 som
666 433 31 21 uti
713 433 68 22 denna
796 433 38 21 och
849 433 7 21 i
872 434 25 21 de

86 462 94 28 följande
195 461 150 28 päragraferna
360 461 136 26 förekomma,
508 467 62 21 synas
586 461 42 28 mig
643 461 33 21 för
691 461 55 28 låga,
757 462 87 21 emedan
853 462 45 27 just

86 497 75 22 genom
181 491 46 21 den:
238 490 50 27 låga
306 490 220 26 bötesbestämningen
546 490 88 27 mången
654 489 76 23 frestas
751 492 31 19 att
802 490 97 22 bedrifva

88 520 37 21 sitt
147 519 55 27 ofog.
230 519 38 21 Ett
292 519 66 26 högre
380 518 137 27 bötesbelopp
540 518 68 22 skulle
631 518 95 21 deremot
747 519 99 26 möjligen
868 519 31 21 af-

87 548 91 22 skräcka
192 547 48 22 dem
256 547 99 21 derifrän.
382 546 10 21 I
407 547 72 21 stället
493 547 33 20 för
541 547 36 20 det
589 547 6 20 i
610 546 144 22 betänkandet
767 549 81 19 utsatta
862 547 37 21 bö-

86 576 132 27 tesbeloppet
238 575 112 22 100—250
368 575 60 21 mark
447 575 89 21 föreslår
552 575 38 26 jag
610 575 71 22 derför
704 576 110 21 150—300
832 576 66 25 mark,

86 606 55 21 samt
155 605 29 21 50
198 604 70 21 marks
287 603 119 28 förhöjning
425 603 23 21 af
466 603 68 26 öfriga
552 603 144 27 bötesbelopp,
712 610 45 15 som
774 603 38 22 här
830 603 68 22 finnas

86 630 114 35 upptagna.
910 632 2 2 |

151 667 59 22 Herr
226 665 164 29 Tegengren:
412 667 42 26 Jag
472 673 62 15 anser
552 667 165 26 bötesbeloppen
736 667 46 21 icke
800 673 51 15 vara
865 667 33 21 för

87 696 54 27 låga,
153 696 27 21 då
194 697 47 20 mån
255 697 60 24 tager
330 695 7 20 i
352 695 138 21 betraktande
506 697 37 24 att,
554 697 58 19 utom
628 695 58 22 detta
698 695 142 27 bötesbelopp,
852 695 47 26 den,

86 730 44 17 som
146 723 133 27 öfverträder
293 723 157 26 författningen,
462 723 108 22 dessutom
588 724 38 26 går
640 723 98 27 förlustig
752 724 147 21 brännerired-

87 752 86 28 skapen,
188 752 84 21 hvilken
291 751 77 22 förlust
386 751 7 21 i
409 753 29 20 ett
454 753 68 20 större
536 752 155 28 priviligieradt
706 752 98 21 bränneri
818 752 82 28 uppgår

86 782 33 22 till
137 783 31 20 ett
186 781 24 21 så
228 781 104 27 betydligt
349 780 83 28 belopp,
448 783 31 19 att
497 781 89 21 böterna
604 783 37 20 äro
661 787 25 15 en
705 780 84 23 smäsak
804 781 6 21 i
824 781 75 27 jemfö-

86 811 56 22 relse
157 810 93 26 dermed,
265 809 62 21 äfven
342 815 34 16 om
391 809 26 21 de
432 809 60 27 höjas
508 810 48 20 med
571 810 66 26 några
651 810 60 21 tiotal
727 809 66 23 mark.

153 844 56 23 Herr
226 843 128 24 Grönvik:
376 843 40 27 Jag
434 844 39 21 ber
490 844 22 20 få
530 843 56 22 fästa
605 844 95 21 ständets
714 844 197 27 uppmärksamhets

86 874 36 21 vid
137 879 25 16 en
178 871 147 29 oegentlighet,
341 878 45 15 som
401 871 93 28 framgår
509 872 35 21 vid
560 878 25 15 en
599 872 123 27 jemförelse
737 872 77 22 mellan
830 872 69 22 straff-

86 901 188 27 bestämmelserna
292 901 7 21 i
314 901 27 21 41
357 900 39 22 och
411 901 27 21 45
453 901 30 28 $$.
514 900 229 28 Straffbestämmelsen
761 901 7 21 i
786 901 41 21 den
842 901 58 22 förra

87 930 127 29 paragrafen
228 929 68 28 gäller
310 929 64 22 bland
389 931 65 19 annat
469 931 45 24 den,
529 935 44 15 som
589 932 49 19 utan
652 929 89 22 erhållet
751 929 98 27 behörigt
858 930 43 21 till-

87 959 62 22 stånd
168 958 120 25 destillerar
306 958 93 21 bränvin.
430 957 228 22 Straffbestämmelsen
676 958 7 21 i
699 958 28 24 45
742 958 11 27 $
769 957 45 22 åter
833 958 68 27 gäller

87 986 229 25 bränvinstillverkare,
335 992 45 15 som
398 986 127 21 verkställer
544 986 132 27 destillering
694 986 23 21 af
734 986 87 21 bränvin
840 986 12 21 ä
870 986 31 21 tid

88 1016 54 22 eller
156 1016 39 26 ort,
210 1021 45 16 som
270 1014 97 22 otilläten
382 1016 30 19 är.
438 1015 43 21 För
496 1015 104 21 hvardera
615 1017 23 18 är
654 1014 121 28 föreslaget,
786 1014 33 21 för
834 1015 67 21 första

88 1050 69 20 resan,
176 1043 61 22 böter
255 1043 46 22 frän
318 1043 112 22 100—250
444 1044 60 21 mark
523 1043 40 21 och
581 1043 33 22 för
632 1043 66 22 andra
716 1049 61 16 resan
796 1043 46 21 frän
862 1044 39 21 och

89 1073 49 23 med
153 1073 42 21 200
204 1072 40 21 .till
257 1071 39 22 och
310 1073 48 20 med
373 1071 41 23 500
429 1072 71 26 mark;
515 1078 48 15 men
578 1072 65 27 begås
659 1072 65 21 sådan
734 1071 126 27 förbrytelse
870 1074 32 25 yt-

87 1096 107 31 terligare,
210 1099 24 22 är
248 1099 34 23 för
300 1100 47 27 den,
367 1106 44 15 som
431 1100 46 21 icke
496 1101 39 20 har
553 1100 97 21 tillstånd
665 1102 31 19 att
716 1100 99 21 tillverka
837 1101 64 20 brän-

88 1130 35 21 vin
142 1129 39 22 och
199 1128 81 22 ändock
299 1128 97 27 olofligen
415 1129 121 22 destillerar
554 1129 58 27 dylik
627 1135 57 20 vara,
700 1128 136 22 föreskrifvet
850 1129 52 21 ovil-

88 1157 79 27 korligt
187 1157 159 28 fängelsestraff
365 1157 47 22 från
431 1159 31 20 ett
479 1157 54 21 halft
551 1157 33 28 till
604 1159 30 20 ett
653 1157 34 22 års
705 1157 37 27 tid,
762 1157 27 21 dä
807 1157 100 22 deremot:

88 1184 230 28 bränvinstillverkäre,
329 1192 44 15 som
390 1186 120 21 destillerar
524 1186 88 21 bränvin
627 1186 13 21 &
651 1186 95 21 otillåten
757 1185 31 22 tid
798 1186 54 21 eller
861 1188 40 24 ort,

88 1215 80 28 slipper
183 1214 48 22 med
247 1214 62 26 1,000
323 1214 71 21 marks
409 1214 66 21 böter.
498 1214 34 22 Dä
543 1214 38 27 jag
596 1215 46 21 icke
657 1214 41 21 kan
714 1214 66 21 förstä
796 1217 64 18 annat
874 1216 28 20 än

88 1246 32 25 att
134 1249 26 16 en
175 1243 65 22 sädan
256 1242 105 27 ojemnhet
376 1243 7 21 i
400 1243 250 22 straffbestämmelserna
659 1243 80 26 härrör
756 1242 22 22 af
786 1243 65 26 nägot
860 1243 43 21 för-

89 1272 109 26 biseende,
213 1270 37 30 vill
263 1271 37 29 jäg
314 1271 33 22 för
363 1271 42 22 min
421 1271 40 27 del,
475 1271 65 28 jemte
557 1271 35 22 det
605 1272 37 27 jag
657 1271 7 21 i.
680 1271 64 27 öfrigt
758 1271 122 27 godkänner
890 1271 14 27 $

90 1301 34 27 41,
140 1301 79 21 föreslä
239 1301 30 20 ett
287 1300 75 21 sädant
379 1299 75 28 tillägg
469 1300 32 21 till
517 1300 128 26 densamma,
661 1302 31 19 att
706 1300 39 21 här
760 1300 68 21 skulle
843 1300 58 21 heta:

90 1329 75 28 nbegäs
184 1328 65 23 sådan
268 1328 124 28 förbrytelse
413 1329 129 26 ytterligare,
558 1335 50 14 vare
631 1328 82 22 straffet
727 1329 61 20 böter
802 1329 54 20 ända
870 1328 33 22 till

90 1358 63 27 1,000
172 1357 60 22 mark
250 1357 53 21 eller
320 1357 158 26 fängelsestraff
494 1357 55 21 ända
564 1357 32 21 till
615 1358 30 20 ett
659 1357 41 26 år",
716 1357 24 21 sä
755 1358 31 20 att
801 1357 104 21 hvardera

90 1385 120 23 straffarten
224 1385 70 22 kunde
309 1384 113 28 tillämpas.

159 1420 68 21 Sedan
243 1420 146 21 diskussionen
404 1419 129 21 beträffande
549 1419 11 27 $
571 1420 27 21 41
609 1419 87 21 härmed
706 1419 115 22 förklarats
836 1419 66 22 afslu-

90 1450 49 25 tad,
148 1449 112 27 uppstälde
275 1448 49 22 herr
338 1449 121 22 talmannen
470 1448 93 26 följande
578 1448 305 27 omröstningspropositioner:

159 1478 38 20 1:0.
219 1476 40 27 De,
274 1476 68 22 hvilka
354 1476 112 27 godkänna
480 1476 107 21 utskottets
596 1476 80 27 förslag
692 1476 127 27 beträffande
830 1476 71 26 straff-

92 1505 180 23 bestämmelserna
284 1504 36 27 för
336 1504 147 27 öfverträdelse
498 1504 23 26 af
535 1504 142 28 stadgandena
686 1504 42 22 :wuti
742 1504 162 28 ifrågavarande

92 1534 132 29 författning,
239 1540 61 16 svara
312 1535 36 28 ja;
363 1534 31 26 de,
410 1534 33 21 det
456 1533 43 22 icke
513 1535 58 25 göra,
586 1540 62 15 svara
664 1533 47 28 nej;
