1111 1775
364 130 90 23 Borgarest.
467 130 43 19 1885.
533 130 11 18 2
555 130 38 23 Maj.
834 132 33 18 897

80 199 87 21 ståndet
183 200 82 21 således
281 200 87 21 beslutit
383 202 37 24 att,
436 200 7 21 i
458 200 93 26 enlighet
565 200 46 22 med
623 200 50 22 herr
687 201 101 26 Ignatius'
803 201 87 27 förslag,

79 227 67 21 orden
166 228 69 26 ,öfver
253 228 84 22 Jääskis.
356 228 92 22 direkte*
468 228 68 22 skulle
555 234 24 15 ur
602 228 40 22 den
664 228 138 23 förevarande
824 230 68 21 kläm-

80 262 48 15 men
143 256 56 27 utgä.

148 284 49 21 Med
212 285 100 21 afseende
327 285 13 21 ä
354 285 48 22 herr
417 286 118 21 Wasenius'
555 287 65 20 andra
639 285 180 28 ändringsförslag
839 293 52 21 upp-

79 313 70 20 stälde
167 313 49 21 herr
238 313 119 21 talmannen
377 314 33 21 till
431 314 94 21 ständets
544 313 131 22 besvarande
693 314 94 26 följande
802 317 89 19 omröst-

80 341 192 26 ningsproposition
278 349 4 13 :

148 374 40 26 De,
204 374 68 21 hvilka.
285 374 112 27 godkänna
414 375 106 21 utskottets
538 375 126 22 betänkande
681 376 9 20 i
704 376 67 21 denna
786 377 32 20 del
833 377 58 26 oför-

79 403 101 27 ändradt,
195 409 61 16 svara
268 403 36 28 ja;
320 403 30 26 de,
367 403 32 21 det
413 403 43 21 icke
469 405 58 25 göra,
543 409 60 15 svara
617 405 46 27 nej;

147 431 74 22 vinner
228 432 41 27 nej,
281 431 40 22 har
329 432 83 21 ståndet
422 432 80 27 antagit
511 431 48 22 herr
577 431 114 23 Wasenius'
703 433 188 28 ändringsförslag.

136 466 34 22 Dä
184 467 68 22 denna
267 467 130 27 proposition
412 467 128 21 besvarades
555 466 46 22 med
618 467 27 22 33
660 467 33 27 nej
710 466 38 23 och
760 468 26 21 18
796 468 29 27 ja,
838 468 54 22 hade

78 495 87 22 ständet
184 496 83 21 säledes
285 497 85 20 stannat
387 496 35 21 vid
442 496 36 21 det
497 495 75 26 beslut,
591 497 37 25 att,
648 496 6 21 i
674 496 218 22 öfverensstämmelse

81 524 48 21 med
142 524 50 21 herr
206 524 118 22 Wasenius'
334 523 85 28 förslag,
436 524 108 21 slutorden
559 524 6 21 i
581 525 114 20 utskottets
709 525 56 21 kläm
782 527 65 26 ,samt
861 527 32 20 att

79 553 142 26 proposition*
238 554 38 20 etc.
294 553 68 20 skulle
378 553 81 21 erhälla
473 553 92 26 följande
585 553 89 27 lydelse:
699 555 64 25 ,samt
778 556 32 19 att
825 554 67 21 denna

81 581 113 27 utredning
212 581 65 21 måtte
296 580 103 28 delgifvas
419 581 113 21 ständerna
550 581 6 21 i
576 581 39 21 den
634 581 130 27 proposition
784 582 109 26 angående

79 610 74 20 vidare
166 609 223 28 jernvägsbyggnader
404 610 7 20 i
427 610 77 24 landet,
520 615 43 15 som
580 610 40 20 kan
636 610 173 22 nästkommande
824 611 69 20 landt-

79 638 42 26 dag
137 637 137 28 föreläggas*.

149 672 10 21 I
178 672 112 27 anledning
309 672 23 21 af
347 672 115 22 utskottets
480 672 79 26 förslag
577 672 130 22 beträffande
725 673 115 27 petitionen
859 678 33 16 n:o

80 700 22 27 9,
113 701 158 21 undertecknad
287 700 23 22 af
323 700 73 22 herrar
412 700 112 27 Clouberg,
537 700 84 28 Hoving
635 701 38 21 och
689 700 109 27 Rosenius,
809 701 84 27 yttrade

80 730 34 26 sig
129 729 93 27 följande
237 730 77 20 talare:

149 763 55 21 Herr
219 763 137 22 Backman:
372 762 41 22 För
429 763 41 21 min
487 762 34 22 del
537 762 39 22 kan
590 763 37 27 jag
643 763 46 21 icke
703 762 73 23 förena
791 764 43 26 mig
845 763 49 22 med

81 792 28 22 de
127 792 64 22 ärade
209 792 171 28 petitionärerne,
396 792 94 27 emedan,
506 791 69 23 säsom
593 794 159 20 reservanterne
771 792 123 27 framhällit,

80 821 121 22 fördelarne
216 821 24 21 af
252 821 146 27 ifrägakomna
417 821 162 27 bansträckning
594 827 62 22 synas
671 827 42 21 nog
727 821 121 28 obetydiiga
860 821 34 22 för

80 852 34 19 att
135 850 70 21 kunna
226 850 67 21 väcka
314 850 130 21 allmännare
466 849 89 22 intresse
577 850 33 21 för
628 849 115 28 företagets
762 850 130 27 realisering.

82 878 45 27 Mig
142 878 108 22 förefaller
266 879 36 20 det
316 878 70 21 säsom
401 878 69 21 skulle
486 878 115 27 upphofvet
615 879 32 20 till
662 879 115 26 petitionen
792 878 102 22 framkal-

82 908 41 21 lats
139 907 22 21 af
175 907 65 27 nägra
254 907 22 21 fä
290 906 136 22 trafikanters
441 907 6 20 i
458 906 83 27 Viborg
555 907 90 22 intresse
660 907 23 21 af
696 908 32 20 att
741 906 55 22 ifrän
808 907 85 21 stadens

81 935 94 27 packhus
194 936 32 21 till
243 935 205 27 jernvägsstationen
467 935 120 21 underlätta
604 937 135 25 transporten
758 935 23 22 af
798 936 46 20 sina
860 935 34 21 till

81 964 117 26 afsättning
212 971 38 20 per
263 964 89 26 jernväg
367 963 32 22 för
415 964 36 21 det
466 964 45 20 inre
527 963 70 22 landet
613 963 88 22 afsedda
711 969 69 16 varor.
802 963 33 22 Dä
846 969 48 16 man

82 993 99 20 besinnar
202 994 32 19 att
252 992 92 26 Viborgs
362 991 168 27 varuafsättning
549 991 32 22 till
601 992 36 21 det
655 992 45 21 inre
719 991 71 22 landet
805 991 89 22 hufvud-

80 1021 105 26 sakligast
200 1021 49 20 sker
264 1021 91 26 sjöledes
370 1026 75 20 genom
462 1019 71 22 Saima
548 1019 62 22 kanal
625 1020 39 21 och
675 1021 100 26 exporten
787 1020 59 21 öfver
858 1020 36 21 Vi-

82 1049 53 27 borg
153 1049 46 22 icke
218 1049 67 21 heller
303 1048 33 21 för
355 1049 35 21 det
408 1048 131 21 närvarande
557 1049 108 21 erfordrar
680 1049 127 26 anläggning
822 1048 22 21 af
858 1049 36 21 det

81 1077 162 27 ifrågavarande
261 1077 140 27 hamnspäret,
422 1077 24 22 sä
464 1077 60 21 torde
543 1077 26 21 de
587 1077 113 28 inflytande
718 1076 176 28 trafikafgifterna

82 1105 34 22 för
134 1106 190 27 bansträckningen
339 1105 46 22 icke
400 1106 27 27 pä
442 1105 59 27 längt
516 1107 37 19 när
568 1105 84 22 komma
667 1107 31 20 att
712 1107 106 20 motsvara
833 1105 61 22 drift-

81 1135 117 20 kostnaden
214 1135 13 20 &
242 1135 128 25 densamma;
385 1134 39 21 och
439 1134 69 21 blefve
524 1135 68 21 denna
606 1135 54 21 bana
675 1135 83 21 således
773 1135 75 22 endast
862 1137 32 19 tä-

82 1163 65 21 rande
162 1163 27 27 pä
204 1164 26 21 de
245 1163 115 22 inkomster
375 1165 81 19 statens
471 1163 68 27 öfriga
551 1163 113 27 jernvägar
678 1163 69 21 hafva.
772 1164 41 26 Jag
828 1165 24 20 är
863 1163 31 22 öf-

81 1192 101 27 vertygad
201 1192 79 26 derom,
295 1193 32 20 att
345 1192 39 21 den
405 1191 69 27 trafik,
491 1198 44 15 som
551 1192 82 22 komme
648 1192 39 22 den
703 1192 107 22 tilltänkta
826 1192 67 22 banan

81 1221 34 21 till
138 1221 40 25 del,
193 1221 34 21 väl
246 1220 41 22 kan
307 1220 125 27 tillgodoses
450 1220 121 27 derigenom
590 1222 32 20 att
639 1221 100 26 antingen
757 1221 26 21 de
798 1221 96 21 enskilde

80 1249 132 27 trafikanter,
224 1256 44 14 som
284 1248 62 22 hafva
361 1250 58 25 nytta
435 1248 23 22 af
471 1249 125 26 begvämare
607 1250 182 26 transportmedel,
800 1252 26 18 än
838 1250 55 21 hvad

81 1279 61 20 orten
157 1277 105 27 erbjuder,
275 1277 52 21 eller
342 1277 39 21 ock
392 1277 91 27 Viborgs
499 1278 47 20 stad
563 1278 91 26 anlägga
669 1278 90 26 spårväg
773 1278 54 21 ifrån
836 1278 58 26 jern-

81 1306 159 27 vägsstationen
259 1306 33 21 till
307 1305 62 27 kajen
383 1306 36 21 vid
434 1306 117 26 packhuset
565 1306 7 20 i
587 1306 81 21 staden.
697 1306 160 27 Anläggningen
872 1306 24 22 af

81 1341 28 16 en
125 1334 57 28 dylik
197 1334 90 27 spårväg
302 1334 61 21 torde
377 1334 47 22 ieke
440 1341 36 14 ens
492 1334 74 21 kräfva
581 1335 26 21 de
617 1334 116 22 kostnader
744 1334 91 27 Viborgs
846 1335 48 22 stad

81 1363 94 27 erbjudit
193 1364 69 20 såsom
281 1363 75 26 bidrag
375 1363 32 21 till
422 1363 123 21 utförandet
558 1363 23 21 af
591 1363 116 26 jernvägen
722 1363 26 26 på
763 1365 80 20 statens
858 1363 36 22 be-

81 1391 88 21 kostnad
182 1391 42 21 och
241 1391 69 21 skulle
326 1391 89 21 sålunda
430 1391 36 21 det
481 1391 101 26 uppgifna
597 1391 98 22 behofvet
709 1391 62 27 fyllas
786 1393 55 20 samt
851 1393 43 20 sta-

79 1421 38 20 ten
132 1419 100 27 besparas
248 1419 197 22 hufvudkostnaden
460 1419 34 22 för
508 1419 80 22 banans
602 1419 184 27 åvägabringande
797 1422 55 19 samt
862 1419 31 22 fö-

82 1448 111 21 restående
213 1447 87 28 utgifter
318 1447 35 21 för
369 1447 167 22 underhållande
554 1447 23 22 af
595 1447 90 22 trafiken
699 1448 14 21 &
727 1448 69 21 banan
810 1448 84 22 utöfver

81 1477 145 22 inkomsterna
244 1476 23 22 af
284 1476 128 21 densamma.
442 1476 32 21 På
492 1476 67 26 grund
575 1476 22 22 af
610 1477 36 21 det
659 1476 90 22 anförda
763 1477 33 21 får
809 1477 37 26 jag
860 1477 34 21 till

81 1505 107 26 vällofliga
206 1504 176 28 borgareståndet
400 1505 112 21 hemställa
530 1511 33 15 om
583 1505 18 26 ej
617 1505 115 27 petitionen
747 1504 34 22 för
795 1505 37 22 det
846 1507 48 19 när-

82 1534 93 21 varande
189 1533 70 22 kunde
274 1533 81 22 lemnas
369 1535 52 20 utan
436 1533 105 22 afseende.

769 1579 22 17 57
