1098 1773
361 132 92 23 Borgarest,
465 131 44 20 1885.
529 132 11 19 &
552 132 38 23 Maj.
825 133 34 18 893

72 201 69 22 banan
157 201 45 21 frän
219 200 32 22 S:t
265 201 78 22 Michel
361 201 66 22 mätte
445 201 77 27 dragas
540 201 34 21 via
591 200 76 28 Kieppi
682 202 41 21 ned
738 201 33 22 till
786 201 94 27 Kaipiais

73 229 39 22 och
128 229 45 21 icke
189 229 137 21 annorlunda.
348 229 42 26 Jag
404 235 62 16 anser
480 231 31 19 att
526 229 41 21 den
581 229 61 27 äsigt,
658 235 45 16 som
718 230 50 21 herr
779 229 103 28 Tallgvist

70 258 28 21 då
113 257 119 22 förfäktade
250 257 109 27 angående
374 257 125 28 Jyväskyläs
514 259 44 20 rätt
575 257 33 22 till
623 258 95 27 jernväg,
738 260 24 19 är
776 258 49 21 fullt
840 258 42 27 rig-

72 286 38 26 tig.
128 285 115 28 Jyväskylä
253 285 95 22 kommer
358 286 47 21 icke
420 287 31 20 att
465 285 69 22 såsom
550 286 49 21 herr
614 286 104 27 Tallgvist
732 287 74 26 antydt
820 286 63 21 hafva

73 313 65 28 några
157 313 95 28 verkliga
270 313 95 22 fördelar
381 314 23 21 af
421 314 40 21 den
481 320 28 15 nu
523 314 98 21 beslutna
639 314 177 27 Savolaksbanan,
832 317 51 19 utan

73 343 69 20 denna
155 342 88 27 jernväg
258 342 97 21 kommer
366 344 99 25 tvärtom,
480 342 70 21 såsom
561 343 37 26 jag
609 349 48 20 nyss
669 343 103 26 anmärkt,
784 345 31 19 att
827 343 55 21 från-

71 372 51 25 taga
137 371 58 21 detta
209 370 156 21 trafikeentrum
381 377 26 14 en
423 372 44 19 stor
482 370 34 21 del
530 370 24 21 af
567 371 48 20 dess
631 371 130 20 närvarande
776 371 107 21 trafikom-

72 399 58 21 råde.
159 398 51 21 Man
224 398 41 21 kan
280 398 53 21 visst
348 400 51 25 säga
413 400 32 19 att
459 398 76 27 många
553 399 66 20 andra
637 399 71 21 städer
726 399 84 21 befinna
829 399 32 26 sig
876 399 7 20 i

75 433 81 16 samma
170 427 49 26 läge
233 427 39 22 och
287 428 31 20 att
333 427 36 22 det
383 429 24 19 är
421 427 71 27 nägot,
511 433 44 16 som
571 427 46 22 icke
635 427 41 21 kan
695 427 110 22 undvikas.
834 427 48 22 Men

72 456 38 21 det
124 456 39 21 bör
181 455 54 22 dock
253 455 46 22 icke
317 455 89 22 lemnas-
419 455 113 22 obeaktadt
549 457 32 20 att
598 456 115 27 Jyväskylä
728 457 47 20 stad
790 455 94 22 befinner

74 485 32 26 sig
121 485 35 20 vid
172 490 25 15 en
213 484 116 26 stambana,
344 489 45 16 som
404 484 7 21 i
427 485 43 20 alla
484 484 113 21 händelser
611 485 66 20 mäste
693 485 86 26 byggas,
794 484 40 22 och
846 487 37 24 att,

74 513 72 21 derest
165 513 68 20 denna
250 513 46 21 icke
314 513 6 20 i
341 519 25 15 en
385 519 50 14 snar
452 512 86 21 framtid
557 513 84 26 bygges,
658 514 31 20 ett
703 513 145 26 nedätgäende
863 513 23 21 af

74 541 37 22 det
126 541 137 21 ekonomiska
277 541 120 21 välståndet
415 541 7 21 i
443 541 62 21 dessa
522 541 82 21 trakter
619 541 69 21 blefve
704 541 85 27 följden,
804 541 81 22 hvilket

74 569 105 22 måhända
192 569 47 22 icke
254 569 24 22 sä
293 569 40 22 lätt
347 569 71 22 kunde
433 569 111 27 afhjelpas.
566 569 78 27 Dylika
654 569 150 22 fluktuationer
815 570 70 21 kunna

74 598 48 21 icke
139 600 66 19 annat
221 599 27 20 än
269 597 66 22 skada
353 598 39 21 och
416 599 68 20 staten
502 598 40 21 har
560 598 53 21 intet
628 598 90 21 intresse
733 597 23 22 af
769 600 31 19 att
814 598 70 21 ästad-

74 626 85 21 komma
175 627 54 20 dem.

143 661 55 21 Herr
217 661 145 21 Wasenius:
385 661 41 26 Jag
444 660 92 27 begärde
555 661 61 20 ordet
635 661 33 21 för
686 663 32 18 att
738 661 82 21 ansluta
842 661 42 26 mig

74 689 34 22 till
124 690 40 21 den
179 689 154 22 vidsträcktare
348 689 144 27 formulering,
508 695 44 15 som
567 689 49 21 herr
631 689 146 27 Schybergson
788 695 50 21 nyss
849 689 37 27 gaf

75 718 47 21 mitt
136 718 81 26 förslag
231 718 39 21 och
283 718 37 27 jag
336 718 37 20 ber
387 719 37 24 att,
440 718 32 20 till
488 718 48 20 stöd
551 717 32 21 för
598 718 54 20 hvad
666 718 38 26 jag
722 718 45 21 haft
786 720 49 19 äran
854 718 31 21 fö-

76 746 62 26 reslä,
156 746 23 21 fä
197 746 98 26 päminna
313 752 33 15 om
366 748 31 18 att
415 746 124 26 regeringen
559 746 75 20 endast
651 746 45 26 gätt
712 746 123 21 ständernas
850 746 35 21 vid

75 776 84 20 senaste
173 774 102 28 landtdag
289 774 95 22 uttalade
399 774 80 22 önskan
494 774 34 22 till
543 776 73 25 mötes,
633 774 26 22 dä
671 774 39 22 den
722 774 103 22 framlade
836 781 48 21 pro-

74 804 93 27 position
181 810 34 15 om
231 804 178 26 Savolaksbanan,
428 803 39 21 och
482 805 32 19 att
525 803 205 27 jernvägsutskottet
742 804 65 21 också
820 804 66 21 hand-

77 832 31 22 lat
122 832 81 27 rigtigt,
219 832 27 22 dä
261 833 36 21 det
311 832 96 21 förordat
422 832 41 21 den
478 832 54 21 enda
546 832 61 26 bana,
623 838 45 15 som
679 832 39 21 var
728 832 24 21 af
761 832 125 27 regeringen

75 860 120 28 föreslagen
215 861 33 21 till
267 860 118 22 utförande.
414 860 50 22 Men
480 860 38 28 jag
536 860 120 22 föreställer
674 861 43 27 mig
732 862 37 25 att,
785 866 34 16 om
833 861 7 21 i
856 863 30 19 ett

73 889 184 28 jernvägsutskott
275 894 45 17 mer
337 891 26 20 än
382 889 80 22 hälften
481 889 23 21 af
520 889 115 21 utskottets
654 889 116 22 ledamöter
785 895 50 16 anse
850 890 36 21 det

75 917 47 22 icke
138 921 51 18 vara
203 918 137 27 fördelaktigt
355 918 33 21 för
402 918 73 21 landet
489 919 31 20 att
535 918 40 21 den
591 917 23 22 af
627 918 124 27 regeringen
766 917 120 28 föreslagna

76 947 68 20 banan
161 947 54 20 skall
230 947 7 20 i
252 947 67 20 första
333 948 91 19 rummet
438 946 85 21 komma
537 946 32 21 till
582 946 117 27 utförande,
711 947 36 20 det
759 947 65 20 mätte
836 953 50 14 vara

78 976 32 20 ett
124 975 81 26 ganska
221 975 121 26 obehagligt
355 975 97 26 uppdrag
466 976 32 19 att
512 975 87 26 plädera
614 974 34 21 för
662 980 25 15 en
703 975 60 25 bana,
779 981 45 14 som
838 981 48 15 man

78 1003 47 21 icke
140 1009 63 15 anser
217 1009 52 15 vara
283 1003 40 21 den
338 1003 144 27 lämpligaste;
502 1003 38 21 och
559 1003 68 21 likasä
644 1003 61 21 torde
720 1003 36 21 det
769 1003 33 21 för
816 1003 71 27 plura-

78 1031 75 22 liteten
165 1031 26 22 af
204 1032 114 21 ständerna
332 1037 51 16 vara
397 1033 62 25 tungt
477 1037 48 21 nog,
544 1037 33 15 om
597 1031 26 22 de
641 1031 53 28 hysa
708 1037 26 16 en
749 1037 68 16 annan
832 1030 56 29 åsigt

77 1065 34 16 om
127 1060 40 21 den
182 1061 61 25 bana,
259 1065 44 16 som
318 1060 88 27 tidigast
421 1060 39 21 bör
474 1060 85 21 komma
573 1060 33 21 till
621 1060 118 26 utförande,
755 1062 31 19 att
801 1060 86 22 förorda

78 1089 40 20 den
134 1088 23 21 af
175 1089 123 26 regeringen
318 1089 126 26 föreslagna.
478 1088 41 21 Det
536 1090 25 19 är
580 1088 77 27 derför,
677 1095 44 14 som
738 1088 36 27 jag
794 1088 32 21 för
845 1089 41 21 min

78 1117 40 26 del,
132 1117 66 26 jemte
213 1117 46 21 det
266 1117 38 27 jag
322 1117 50 21 ville
391 1116 95 28 afstyrka
503 1117 72 26 hvarje
589 1117 90 27 petition
694 1123 34 15 om
743 1117 67 27 nägon
826 1117 60 27 bana,

77 1145 39 22 ber
130 1147 32 19 att
176 1145 21 22 få
206 1145 92 22 -förorda
313 1147 31 20 att
359 1145 113 22 ständerna
487 1145 75 21 endast
576 1145 80 27 begära
669 1146 119 27 utredning,
800 1151 45 16 som
856 1146 31 21 fö-

76 1173 105 28 relägges,
193 1174 69 21 såsom
275 1174 49 21 herr
335 1173 146 28 Schybergson
493 1176 53 25 sagt,
558 1174 7 21 i
577 1174 151 27 sammanhang
739 1175 47 20 med
798 1175 36 21 det
845 1175 42 21 för-

77 1202 53 27 slag,
146 1209 44 15 som
207 1203 125 26 regeringen
344 1202 130 22 framställer
488 1208 33 16 om
540 1203 106 21 blifvande
658 1203 228 27 jernvägsbyggnader.

147 1236 69 22 Sedan
231 1236 146 26 diskussionen
391 1237 109 28 angäende
515 1237 69 21 denna
599 1237 34 21 del
648 1237 23 21 af
684 1237 142 22 betänkandet
840 1237 47 22 här-

77 1265 48 22 med
147 1264 104 27 afslutats,
267 1265 112 29 uppstälde
393 1265 49 21 herr
456 1265 120 21 talmannen
595 1265 33 22 för
643 1266 103 21 vinnande
764 1265 24 22 af
803 1265 84 23 kontra-

78 1294 131 28 proposition
224 1296 44 19 mot
282 1294 115 21 utskottets
411 1294 82 26 förslag
507 1293 92 27 följande
611 1294 276 28 omröstningsproposition.

145 1327 40 27 De,
200 1326 69 23 hvilka
283 1328 70 22 säsom
367 1324 203 31 kontraproposition
585 1329 42 19 mot
641 1327 106 21 utskottets
758 1328 80 26 förslag
852 1330 35 19 ön-

76 1356 38 22 ska
137 1358 75 26 antaga
234 1356 48 21 herr
300 1355 107 28 Högmans
428 1356 86 27 förslag,
531 1362 62 15 svara
608 1356 35 27 ja;
665 1356 31 26 de,
714 1356 33 21 det
761 1355 42 22 icke
818 1356 69 26 önska,

76 1390 62 16 svara
153 1390 44 22 nej;

145 1418 73 21 vinner
239 1418 41 28 nej,
302 1418 39 21 har
360 1418 169 27 borgareständet
548 1418 9 20 i
573 1418 77 21 sädant
665 1418 95 26 afseende
774 1418 115 27 föredragit

78 1446 48 22 herr
142 1446 151 28 Schybergsons
307 1446 84 28 förslag.

145 1482 34 21 Då.
201 1482 68 21 denna
291 1482 130 26 proposition
444 1481 128 22 besvarades
592 1481 53 21 :med
671 1480 154 28 öfvervägande
847 1481 40 27 nej,

79 1510 112 27 uppstälde
206 1510 49 21 herr
270 1510 122 21 talmannen
406 1510 34 20 till
455 1510 94 21 ständets
564 1510 131 21 besvarande
709 1510 92 26 följande
816 1509 72 22 defini-

78 1538 44 22 tiva
137 1538 293 27 omröstningsproposition:.
