1084 1773
230 118 37 31 730
492 124 91 23 Borgarest.
596 124 43 19 1885.
663 124 18 19 16
692 124 46 23 April

208 194 102 21 minstone
329 193 46 22 icke
391 194 23 21 så
429 195 54 26 goda
499 201 45 14 som
558 194 83 27 hittills,
657 193 33 22 för
704 196 58 19 östra
777 194 100 21 Finlands
893 194 123 27 produkter.

206 223 73 21 Redan
301 229 28 15 nu
350 225 25 18 är
396 223 158 21 konkurrensen
570 223 54 22 hvad
639 225 57 19 smör
711 223 99 21 beträffar
825 222 27 27 på
867 223 128 21 marknaden
1009 223 7 21 i

206 251 129 28 Petersburg
357 251 46 22 från
419 252 240 27 östersjöprovinsernas
674 251 38 22 och
728 252 36 21 det
778 252 45 21 inre
838 251 117 28 Rysslands
971 252 46 22 sida

206 281 81 26 ganska
301 281 94 26 betydlig
410 281 37 21 och
463 281 54 21 skall
532 282 7 20 i
555 288 25 14 en
596 281 85 22 framtid
696 281 65 21 blifva
776 283 26 19 än
817 283 68 20 större
900 287 74 21 genom
990 281 26 22 de

206 309 55 26 höga
282 309 115 26 tullsatser,
420 309 99 22 hvarmed
543 317 46 14 man'
605 311 62 20 hotar
682 312 31 19 att
727 310 90 26 belägga
832 310 49 21 våra
896 311 121 20 industrial-

206 340 44 19 ster
274 338 37 21 och
327 338 134 26 hvarigenom
478 338 128 21 marknaden
622 338 83 21 komme
720 340 32 19 att
768 339 101 26 betydligt
884 339 132 25 inskränkas,

206 366 111 21 kanhända
340 367 44 20 belt
399 367 37 21 och
453 367 65 21 hållet
533 367 157 27 undertryckas.
720 367 42 21 Det
776 369 24 19 är
815 367 64 21 också
894 373 25 15 en
934 367 83 28 möjlig-

206 395 36 20 het
257 397 31 18 att
302 395 39 20 tull
357 396 5 19 i
379 401 25 15 en
425 401 48 15 snar
489 395 85 21 framtid
590 396 53 20 skall
660 396 72 25 läggas
748 395 27 26 på
789 396 51 20 våra
853 396 164 26 jordbrukspro-

206 423 85 25 dukter,
313 423 27 20 då
362 429 25 14 en
403 423 55 26 gång
473 424 26 20 de
514 423 64 26 ryska
590 423 168 27 jordbrukarene
774 430 22 14 se
811 426 31 18 att
856 424 160 21 konkurrensen

205 451 48 21 med
275 451 46 21 vårt
344 451 48 20 land
415 451 6 20 i
441 452 58 21 detta
514 451 99 22 afseende
628 451 79 21 skadar
721 451 112 27 Ryssland.
863 452 10 21 I
888 452 75 21 sådant
979 451 37 22 fall

204 481 25 18 är
251 479 36 21 det
302 479 106 26 sjelfklart
423 482 32 18 att
471 480 101 21 Savolaks
589 480 65 21 måste
670 480 51 21 söka
736 486 25 15 en
776 486 67 15 annan
859 482 47 24 väg,
921 481 27 25 på
964 481 52 20 hvil-

205 507 40 21 ken
261 507 36 21 det
311 507 41 21 kan
367 507 47 21 föra
429 507 46 21 sina
489 508 117 26 produkter
620 508 32 21 till
669 508 101 21 utlandet.
792 508 41 27 Jag
848 508 40 21 kan
904 509 47 20 icke
961 508 56 21 finna

205 537 70 24 annat,
297 537 26 19 än
339 537 31 19 att
385 536 68 21 denna
468 538 39 25 väg
523 536 67 21 måste
606 536 26 27 gå
647 536 31 21 sin
694 536 106 27 naturliga
815 537 54 21 bana
884 539 29 26 ut
922 537 32 21 till
971 537 46 21 haf-

205 566 41 24 vet,
265 564 31 21 till
313 564 36 21 det
365 564 37 28 haf
404 565 121 27 nemligen,
542 571 44 15 som
602 567 24 19 är
642 567 62 25 öppet
719 565 48 21 hela
782 565 46 21 året
843 572 40 19 om,
899 565 116 28 Östersjön.

204 593 43 21 Det
268 595 23 19 är
314 593 57 21 öfver
394 593 109 27 Östersjön
526 594 84 27 Europa
633 593 95 22 sträcker
742 593 82 22 handen
840 596 44 19 mot
899 594 46 21 vårt
960 595 56 26 land,

205 621 38 22 och
267 622 35 20 det
324 623 23 19 är
370 622 98 21 deröfver
490 622 20 21 vi
534 623 60 20 skola
616 622 86 21 försöka
717 622 53 21 fatta
786 623 67 20 denna
868 623 62 21 hand.
959 623 56 21 Från

205 651 68 20 denna
295 650 106 27 synpunkt
424 650 128 26 betraktadt,
576 651 67 21 måste
662 657 48 14 man
725 651 63 20 tänka
804 651 31 26 sig
851 653 31 19 att
897 652 39 20 den
951 651 65 22 fram-

204 679 30 20 tid
250 678 45 21 icke
311 680 24 19 är
350 678 73 21 alltför
438 679 59 26 långt
512 679 99 26 aflägsen,
627 679 27 21 då
669 679 26 21 de
710 680 45 20 inre
771 679 86 22 delarne
872 679 23 22 af
908 680 47 21 vårt
966 680 49 21 land

204 707 61 20 skola
288 707 69 20 känna
379 707 32 26 sig
433 707 100 27 lyckliga,
556 714 32 15 om
612 708 26 21 de
658 707 62 21 hafva
736 714 24 15 en
774 707 95 27 jernväg,
886 714 44 15 som
947 708 69 21 direkt

204 735 86 21 förenar
313 735 47 20 dem
384 736 47 19 med
447 735 78 21 hafvet.
554 736 41 26 Jag
610 736 68 21 skulle
694 736 71 21 derför
780 735 32 21 för
827 737 42 20 min
885 737 34 20 del
935 737 81 20 obetin-

203 763 52 27 gadt
269 763 50 27 vilja
334 763 57 26 gifva
405 763 108 22 företräde
528 764 22 21 åt
565 770 25 15 en
606 764 54 21 bana
675 764 46 21 från
736 764 73 21 Lahtis
825 765 32 21 till
871 764 31 22 S:t
910 765 105 21 Michel—

204 792 89 26 Kuopio,
316 798 47 14 men
385 792 27 26 på
435 792 25 20 de
483 793 143 25 välgrundade
642 793 53 26 skäl,
710 793 71 20 hvilka
796 792 49 22 herr
860 793 104 21 Rosenius
979 800 36 14 an-

204 820 48 26 fört,
275 821 69 19 röstar
363 820 38 26 jag
423 820 33 20 för
478 821 93 26 uppskof
588 822 47 20 med
650 821 120 27 byggandet
784 821 23 20 af
820 822 67 20 denna
903 822 112 20 Savolaks-

204 848 54 21 bana
281 848 34 20 vid
337 848 68 20 denna
426 848 101 26 landtdag
543 849 37 21 och
596 849 38 21 ber
650 850 29 20 att
695 849 21 21 få
730 849 74 21 förena
818 850 43 26 mig
876 850 48 20 med
938 850 76 21 honom

203 877 7 21 i
225 877 52 21 hans
291 876 86 27 förslag.

272 906 56 21 Herr
343 905 104 22 Ervast:
470 906 32 21 De
517 906 60 22 fleste
596 907 64 22 ärade
678 907 74 26 talare,
769 907 71 22 hvilka
857 907 75 22 hittills
949 910 66 25 yttrat

204 935 32 26 sig
252 935 6 21 i
273 935 68 21 denna
360 934 66 27 fråga,
445 935 62 21 hafva
527 936 99 26 uppträdt
644 936 32 21 till
696 936 81 21 förmån
792 935 33 22 för
839 937 43 20 alla
897 937 66 20 andra
978 937 35 20 ba-

202 970 46 19 nor,
264 966 56 18 utom
341 963 39 21 den
400 963 23 21 af
437 963 205 28 jernvägsutskottet
660 965 126 26 föreslagna.
819 965 48 21 Den
885 971 39 15 ena
939 965 74 21 ställer

203 992 75 21 främst
292 991 218 28 Björneborgsbanan,
531 993 38 21 den
586 993 66 21 andra
666 993 114 27 Jyväskylä
791 987 222 37 —Pihlajavesibanan,

202 1021 40 20 den
258 1021 67 26 tredje
339 1020 323 28 Jokkas--Puumala—
582 1016 75 36 Viborg
678 1027 18 15 o.
712 1028 16 14 s.
745 1028 25 20 v.;
779 1022 37 26 jag
827 1022 32 20 för
870 1022 42 20 min
923 1023 33 20 del
968 1022 46 21 äter

201 1049 122 26 godkänner
342 1048 32 21 till
397 1048 149 27 hufvudsaklig
568 1049 34 21 del
620 1050 114 21 utskottets
757 1050 132 21 betänkande
912 1050 37 21 och
972 1050 41 21 kan

201 1077 46 21 icke
263 1076 111 21 underläta
393 1078 32 19 att
443 1077 32 21 till
494 1077 128 27 protokollet
637 1078 67 21 uttala
720 1078 42 21 min
777 1079 70 26 glädje
863 1078 104 26 deröfver,
983 1080 31 19 att

200 1105 207 26 jernvägsutskottet
421 1111 75 20 genom
513 1107 37 20 sitt
564 1108 75 24 trägna
658 1106 79 27 arbete,
755 1113 75 20 genom
846 1107 45 20 sina
907 1106 106 22 ekonomi-

202 1133 42 21 ska
259 1133 37 21 och
311 1133 97 22 tekniska
423 1135 188 26 undersökningar,
627 1141 74 20 genom
718 1135 31 20 sin
765 1135 145 26 komparativa
920 1135 93 21 statistik

201 1161 88 22 kommit
303 1162 32 21 till
352 1167 80 16 samma
447 1163 95 26 resultat,
558 1163 84 21 hvartill
656 1163 38 27 jag
708 1163 33 21 för
756 1163 41 21 min
813 1164 41 25 del,
870 1164 64 21 redan
949 1164 63 21 innan

201 1191 114 20 utskottets
333 1190 72 21 arbete
420 1191 78 27 vidtog,
514 1191 94 26 kommit,
624 1192 105 26 nemligen
747 1192 32 20 till
795 1192 154 27 öfvertygelsen
967 1193 46 20 der-

201 1225 41 20 om,
253 1221 30 19 att
294 1225 25 15 en
328 1219 89 26 jernväg
432 1219 46 21 frän
493 1219 175 22 Riihimäki—S:t
682 1220 214 27 Petersburgsbanan,
908 1221 105 26 utgäende

201 1247 47 21 frän
266 1248 94 26 Kaipiais
380 1247 59 21 öfver
459 1247 30 22 S:t
507 1248 77 21 Michel
603 1248 32 21 till
658 1248 89 27 Kuopio,
766 1255 28 14 nu
811 1249 7 20 i
837 1249 68 21 första
922 1251 91 19 rummet

200 1277 66 20 borde
285 1277 85 26 byggas.
404 1276 80 21 Herrar
502 1277 99 25 Neovius,
620 1277 104 26 Tallgvist
742 1277 38 21 och
799 1277 94 26 Ignatius
909 1277 62 21 hafva
986 1277 27 27 pä

201 1307 30 19 ett
246 1305 24 21 sä
284 1305 82 21 sakrikt
381 1305 48 25 sätt,
445 1305 6 20 i
467 1305 24 21 sä
505 1305 34 21 väl
559 1305 128 22 motiverade
702 1306 148 26 andraganden
866 1306 100 27 uppträdt
980 1306 32 21 till

200 1333 82 21 försvar
297 1333 33 21 för
345 1333 115 21 utskottets
475 1334 139 25 betänkande,
630 1336 30 19 att
672 1334 38 27 jag
724 1334 46 21 icke
785 1335 78 25 vidare,
883 1334 130 21 beträffande

201 1363 53 20 1:sta
269 1364 114 19 momentet
399 1361 23 21 af
435 1362 115 21 utskottets
566 1363 63 26 kläm,
645 1362 101 21 behöfver
754 1364 50 25 taga
813 1363 95 20 ständets
919 1363 30 20 tid
959 1363 7 20 i
977 1369 36 14 an-

200 1391 70 26 språk.
299 1391 41 26 Jag
354 1390 128 22 förbehåller
498 1391 42 26 mig
556 1391 75 20 endast
650 1393 37 24 att,
706 1393 50 19 enär
774 1391 49 21 herr
841 1391 120 21 talmannen
977 1391 36 22 be-

199 1421 65 19 stämt
279 1419 39 21 den
334 1419 89 26 ordning
437 1419 34 21 för
486 1419 146 21 diskussionen
651 1421 31 19 att
701 1420 39 21 den
762 1419 53 22 skall
830 1421 125 20 momentvis
970 1420 42 21 för-

201 1448 65 26 siggä,
283 1448 113 21 framdeles
412 1448 22 21 fä
447 1450 57 25 yttra
519 1448 43 26 mig
578 1448 108 26 angäende
701 1450 114 20 momentet
830 1449 20 26 2,
866 1448 39 22 och
915 1449 97 21 förordar

198 1482 34 20 nu,
255 1476 54 21 hvad
333 1478 113 20 momentet
469 1477 11 21 1
503 1476 106 26 beträffar,
629 1476 115 22 utskottets
763 1477 132 21 betänkande
914 1477 44 21 helt
973 1477 38 21 och

198 1504 72 22 hället.

265 1532 56 21 Herr
335 1532 150 22 Wasenius:
507 1533 41 27 Jag
567 1534 37 20 ber
619 1535 37 24 att,
672 1534 24 20 sä
711 1534 62 26 länge
788 1534 40 21 den
843 1534 123 26 principiela
981 1534 31 21 di-
