1111 1750
234 122 42 32 888
504 126 89 23 Bergarest.
605 125 44 19 1885.
672 125 11 19 3
695 125 39 23 Maj.

215 203 38 21 ges
268 203 27 15 en
309 196 92 22 särskild
414 196 59 22 skatt
486 195 34 22 för
535 196 68 26 någon
618 195 81 27 näring,
721 195 40 22 han
777 195 71 23 derför
861 195 42 22 kan
918 195 26 27 på
959 195 66 27 något

216 228 44 20 sätt
281 231 61 16 anses
365 224 89 22 befriad
448 220 7 36 '
464 224 53 22 från:
528 224 78 22 allmän
624 224 213 27 inkomstbevillning,
852 224 8 21 i
874 224 101 25 händelse
990 224 35 21 sä-

216 255 41 21 dan
272 254 107 28 pålägges.
407 253 45 22 Allt
466 253 30 23 tal
512 253 72 22 härom
598 254 25 20 är
637 252 83 22 således
735 252 129 28 fullkomligt
877 253 92 27 onödigt:

283 283 55 21 Herr
353 282 128 27 Eneberg:
502 282 73 21 Under
589 282 41 21 den
647 281 151 28 förutsättning
812 283 32 20 att
858 264 165 49 inkomstbevill-

215 312 50 27 ning
287 311 94 21 kommer
403 312 32 20 att
456 310 57 27 utgå,
535 316 61 16 anser
616 310 37 27 jag
667 310 37 22 det
717 310 107 32 verkligen
839 310 46 22 icke
900 310 78 28 rädligt
993 312 33 20 att

215 341 99 25 borttaga
336 340 61 21 dessa
419 339 45 26 ord,
486 339 28 21 då
535 339 26 21 de
582 339 57 21 förut
660 338 80 22 funnits
757 338 7 21 i
783 338 157 28 författningen.
972 338 51 22 Man

214 368 72 22 kunde
300 368 122 26 härigenom.
437 367 58 27 gifva
509 367 112 27 anledning
635 367 33 21 till
684 367 40 21 den
734 366 140 28 uppfattning,
886 369 31 20 att
930 373 48 16 man
988 373 37 16 ve-

215 398 31 21 lat
260 397 68 21 införa
341 396 66 27 några
422 402 40 21 nya
476 396 157 26 bestämningar
647 396 7 20 i
668 396 72 20 saken.
768 396 49 22 Ifall
832 396 84 21 ståndet
929 396 46 21 icke
986 396 37 21 vill

214 426 45 21 låta
280 426 59 21 detta
359 424 133 22 betänkande
513 424 62 26 hvila,
597 424 45 21 tills
661 424 74 27 frågan
755 429 33 16 om
804 424 77 21 allmän
896 424 130 21 inkomstbe-

215 454 88 26 villning
317 453 41 21 blir
372 453 91 27 afgjord,
477 453 37 20 ber
527 453 37 26 jag
578 452 22 21 få
613 452 74 21 förena
702 452 42 27 mig
758 458 34 15 om
807 452 49 21 herr
867 452 103 21 Grönviks
981 452 42 21 för-

216 483 46 26 slag
277 482 33 21 till
324 481 145 26 formulering,
484 487 45 15 som
544 481 125 21 åtminstone
683 481 39 20 bör
736 480 131 27 undanrödja
881 481 38 21 allt
929 480 94 21 missför-

215 510 68 21 stånd.
319 509 42 22 Vill
384 515 48 15 man
454 509 95 21 deremot
566 511 50 24 taga
634 509 47 21 bort
699 509 65 21 orden
783 509 101 26 ,förutom
900 509 77 21 allmän
992 509 34 20 in-

216 538 202 26 komstbevillning*,
434 537 24 21 sä
472 538 66 21 borde
553 543 47 16 man
615 537 47 21 med
681 543 79 15 samma
779 537 46 21 skäl
840 537 92 22 utesluta
947 537 76 21 orden:

216 567 51 28 den
288 572 75 22 genom
385 566 78 27 nådiga
484 565 149 27 förordningen
649 565 23 21 af
685 566 40 21 den
739 565 28 23 22
780 565 46 27 juni
842 566 54 22 1859
911 565 114 23 faststälda

216 583 153 40 stämpelafgift
383 594 34 22 för
430 595 114 27 spelkort*.

282 624 56 22 Herr
353 624 139 22 Snellman:
510 624 42 26 Jag
569 623 42 22 kan
629 623 46 21 icke
693 623 66 22 förstå
774 623 73 22 herrar
862 623 104 22 Grönviks
982 624 42 20 och

215 653 109 26 Enebergs
339 652 129 21 uttalanden.
498 652 29 21 Sä
537 651 64 22 framt
611 658 25 14 en
647 651 123 27 förordning
784 658 33 15 om
833 652 78 23 allmän
922 652 105 21 inkomst-

215 681 115 27 bevillning
344 681 95 21 kommer
453 680 32 22 till
501 680 67 27 ständ,
584 680 24 22 sä
623 680 38 22 bör
676 680 41 22 den
731 686 51 16 vara
796 680 24 22 sä
831 680 76 28 tydligt
918 680 38 22 och
967 680 57 22 klart

215 710 107 21 stiliserad
336 711 32 19 att
382 709 64 21 derur
460 709 99 27 framgår,
575 709 61 21 hvem
652 714 44 16 som
712 708 54 22 skall
778 709 71 21 betala
860 709 113 27 bevillning
985 709 41 21 och

215 738 61 22 hvem
292 738 52 22 icke,

282 766 70 22 Sedan
367 766 146 21 diskussionen
528 766 52 21 härä
598 765 114 22 förklarats
732 766 97 26 afslutad,
849 766 111 27 uppstälde
975 766 52 22 herr

216 795 126 25 talmannen,
358 794 26 22 dä
400 794 66 22 under
480 794 147 22 diskussionen
642 794 104 22 särskilda
761 794 180 27 ändringsförslag
954 794 70 22 blifvit

215 822 131 26 framstälda,
361 823 34 21 för
412 822 105 22 vinnande
532 822 23 22 af
570 822 205 28 kontraproposition
793 824 44 20 mot
855 823 114 21 utskottets
987 823 37 21 be-

216 852 106 20 tänkande
336 851 93 27 följande
445 850 280 28 omröstningsproposition:

284 878 41 27 De,
340 878 67 22 hvilka
422 879 70 21 såsom
506 878 203 28 kontraproposition
723 880 42 20 mot
778 878 106 23 utskottets
898 879 80 27 förslag
993 879 33 21 til

217 906 107 24 redaktion
339 907 23 27 af
376 907 39 22 den
430 907 161 35 ifrågavarande
605 907 156 35 förordningen,
776 908 112 34 föredraga
898 908 47 22 herr
956 908 67 22 Snell-

216 944 61 14 mans
291 936 85 33 förslag,
391 938 57 20 rösta
460 937 36 29 ja;
512 937 30 27 de,
557 937 34 21 det
605 936 42 22 icke
660 938 57 32 göra,
733 938 57 20 rösta
803 937 45 29 nej;

283 966 73 20 vinner
373 966 41 28 nej,
433 965 39 21 har
490 964 167 29 borgareständet
675 966 9 21 i
701 966 77 22 sädant
795 966 97 27 afseende
910 966 120 28 föredragit

216 994 49 22 herr
282 994 104 22 Grönviks
400 994 86 28 förslag.

283 1023 34 21 Då
332 1024 68 21 denna
414 1023 130 27 proposition
559 1023 127 22 besvarades
700 1024 47 22 med
762 1024 27 21 29
801 1024 33 27 nej
847 1024 38 22 och
896 1025 28 21 22
933 1024 28 26 ja,
973 1030 55 21 upp-

212 1042 73 31 'stälde
301 1052 49 21 herr
364 1052 120 21 talmannen
499 1051 92 27 följande
607 1051 107 22 definitiva
729 1052 280 27 omröstningsproposition:

284 1078 40 28 De,
340 1079 67 21 hvilka
420 1079 112 28 godkänna
548 1079 105 22 utskottets
671 1079 79 27 förslag
768 1080 32 21 till
818 1080 124 27 förordning
960 1081 68 26 angå-

217 1108 51 21 ende
283 1108 122 26 erläggande
420 1108 27 33 af
458 1109 58 20 extra
530 1108 110 56 ET
657 1108 35 26 för
705 1108 91 26 spelkort
809 1108 145 27 oförändradt,
970 1110 58 20 rösta

215 1136 34 28 ja;
267 1136 30 26 de,
312 1136 34 22 det
360 1136 42 22 icke
415 1138 58 26 göra,
488 1132 56 37 rösta
557 1132 26 37 ne

284 1164 72 22 vinner
370 1166 41 28 nej,
423 1165 39 22 har
473 1140 167 57 borgäreständet
650 1165 79 28 antagit
738 1165 48 22 herr
799 1165 104 22 Grönviks
914 1166 113 27 ändrings-

218 1193 86 28 förslag.

285 1223 33 22 Då
333 1223 67 21 denna
415 1223 130 27 proposition
560 1223 126 22 -besvarades
702 1223 46 21 med
764 1223 154 27 öfvervägande
929 1223 40 27 nej,
981 1223 50 22 blef

218 1251 83 22 således
315 1251 37 22 det
366 1251 82 27 förslag
461 1251 33 22 till
508 1251 122 27 förordning
645 1252 7 21 i:
667 1253 76 25 ämnet,
762 1257 44 16 som
822 1252 103 21 utskottet
938 1251 7 21 i
961 1251 65 27 enlig-

218 1279 36 22 het
270 1281 47 20 med
332 1280 39 21 den
381 1280 77 27 nådiga
472 1280 156 28 propositionen
640 1280 109 27 föreslagit
759 1280 33 21 till
804 1281 123 26 antagande,
939 1280 7 21 i
961 1279 69 28 öfrigt

219 1309 113 27 godkändt,
348 1311 57 20 utom
420 1310 32 20 att
467 1309 26 21 de
508 1311 32 19 tre
552 1309 67 21 första
629 1309 64 21 orden
704 1309 7 23 i
722 1308 237 28 författningsförslaget
973 1308 55 22 eller

217 1338 74 22 orden:
307 1338 111 27 ,Förutom
434 1338 76 21 allmän
526 1337 217 27 inkomstbevilining*
758 1337 68 22 skulle
842 1338 83 27 utbytas
936 1339 44 20 mot
992 1343 36 15 or-

218 1366 50 21 den:
284 1366 129 28 ,oberoende
425 1366 23 22 af
457 1366 141 28 tilläfventyrs
609 1366 105 28 utgående
725 1366 227 28 inkomstbevillning*;
959 1366 68 27 jemte

218 1394 36 22 det
268 1394 174 28 borgareståndet
457 1395 30 21 lät
505 1395 61 21 äfven
585 1396 68 20 denna
671 1395 125 27 bevillnings
814 1396 117 26 antagande
949 1396 79 26 ytterst

218 1424 51 20 bero
290 1423 24 21 af
330 1430 27 15 en
375 1430 74 20 genom
466 1424 158 21 statsutskottet
641 1430 83 16 vunnen
742 1424 99 24 framtida
859 1424 111 39 utredning
988 1429 41 15 an-

215 1452 81 26 gäende
312 1453 132 21 densammas
459 1452 132 27 behöflighet.

283 1508 40 22 Vid
345 1509 51 21 härä
419 1509 66 21 skedd
507 1508 149 28 föredragning
678 1509 23 21 af
719 1509 213 27 jernvägsutskottets
952 1509 75 21 betän-

213 1536 71 22 kande
299 1543 34 15 n:o
348 1538 13 20 3
376 1537 7 21 i
399 1537 113 26 anledning
527 1536 23 22 af
563 1537 104 21 särskilda
682 1537 33 21 till
726 1537 112 27 höglofliga
850 1536 89 22 stånden
950 1537 75 21 inlem-
