1100 1775
248 118 42 37 864
508 123 91 26 Bprgarest.
611 122 43 25 1885.
674 122 25 28 30
711 122 50 28 April.

298 190 69 29 Sedan
390 191 146 27 diskussionen
558 192 86 24 härmed
666 192 113 26 förklarats
804 192 99 26 afslutad,
925 192 111 27 uppstälde

232 219 50 22 herr
296 219 121 27 talmannen
431 220 93 27 följande
539 220 281 30 omröstningsproposition:

296 247 40 28 De,
357 247 68 23 hvilka
444 248 111 28 godkänna
576 250 54 21 1:sta
647 250 107 20 momentet
771 248 25 28 af
812 248 15 30 $
844 250 28 21 10
891 248 144 28 oförändradt,

229 278 57 21 rösta
298 277 37 28 ja;
351 277 31 26 de,
398 278 32 29 det
444 277 42 22 icke
499 280 58 24 göra,
572 280 57 20 rösta
642 278 45 28 nej;

297 306 73 21 vinner
384 306 40 26 nej,
439 306 38 21 har
492 306 167 28 borgareståndet
676 306 81 22 beslutit
771 308 29 28 att
814 306 46 22 deri
874 306 71 28 införa
959 307 25 22 de
998 308 38 26 fn-

230 334 87 26 dringar
330 334 49 20 herr
393 333 91 23 Neovius
498 334 112 28 föreslagit.

318 362 12 21 å
351 362 68 22 denna
440 364 130 27 proposition
593 364 126 26 besvarades
746 364 47 29 med
819 364 153 28 öfvervägande
995 364 41 28 nej,

231 391 54 28 hade
301 391 84 21 ståndet
400 392 82 21 således
498 392 86 24 beslutit
599 393 154 27 återremittera
768 393 11 32 $
796 394 27 20 10
837 393 33 21 för
879 395 32 24 att
921 393 6 21 i
938 393 99 28 afseende

230 420 13 20 å
265 420 54 20 I:sta
341 423 114 23 momentet
476 420 95 27 undergå
593 421 153 26 omredigering
767 428 7 14 i
794 422 35 20 det
847 421 60 27 syfte,
928 423 31 19 att
974 422 63 21 derur

229 448 92 28 tydligen
337 447 118 29 framginge
470 451 31 19 att
516 448 181 28 bankfullmägtig,
713 455 45 15 som
773 451 24 19 är
811 449 93 21 ledamot
915 450 6 20 i
931 449 106 21 bankfull-

229 476 106 26 mägtiges
355 477 87 26 utskott,
465 478 98 26 åtnjuter,
585 484 34 15 om
637 478 41 20 han
696 480 24 18 är
739 478 71 20 bosatt
828 478 6 20 i
854 477 140 27 Helsingfors,
1009 478 28 21 20

229 504 60 21 mark
304 504 75 20 endast
394 505 32 21 för
440 506 73 26 hvarje
528 506 41 26 dag
587 506 40 21 han
647 506 154 20 sammanträde
820 506 93 26 bivistar,
929 511 45 16 men
990 506 47 21 icke

229 532 33 22 för
277 532 80 21 sådana
372 533 65 27 dagar
451 534 28 21 då
493 534 33 21 väl
541 534 154 22 sammanträde
710 534 74 26 hålles,
799 540 48 16 men
862 534 41 21 han
913 534 46 22 icke
970 534 67 22 delta-

229 567 38 21 ger
285 560 7 21 i
311 560 125 28 detsamma;
455 562 110 21 hvarutom
583 563 6 21 i
605 564 114 20 momentet
735 562 78 27 jemväl
828 562 66 22 borde
908 562 83 28 intagas
1006 564 32 20 ett

229 589 204 28 tilläggsstadgande
448 591 72 21 derom
536 593 31 19 att
581 591 109 22 enahanda
707 590 88 28 förmån,
814 597 45 16 som
880 591 104 22 utskottet
998 591 39 24 här

229 618 110 26 föreslagit
353 617 34 23 för
402 620 193 27 bankfullmägtige,
609 620 77 27 jemväl
702 619 117 23 tillkomme
837 619 199 28 bankfullmägtiges

229 647 118 27 suppleant,
363 647 27 22 då
404 648 40 21 han
459 649 32 20 till
507 649 155 25 sammanträde
676 648 97 21 inkallas.

297 674 55 21 Herr
367 676 118 27 Eneberg
503 676 54 21 fäste
573 677 74 21 härvid
661 677 95 21 ståndets
771 677 185 27 uppmärksamhet
970 677 66 27 derpå

229 705 32 23 att
282 703 6 20 i
311 703 37 20 fall
371 705 52 21 hans
445 705 79 26 förslag
545 705 130 22 beträffande
696 707 115 20 momentet
833 706 13 21 2
864 705 128 27 godkändes,
1012 705 24 22 så

229 731 71 22 blefve
316 737 25 15 en
356 734 92 26 naturlig
463 733 52 27 följd
531 734 60 21 deraf
605 736 32 19 att
651 734 36 21 det
704 734 3 21 i
724 739 80 16 samma
814 736 92 20 moment
916 733 120 28 föreslagna

229 760 97 30 tillägget
341 761 23 21 af
377 762 63 27 3,000
455 762 59 21 mark
529 762 66 21 under
611 763 25 20 de
650 764 33 19 tre
698 762 66 21 första
779 762 50 21 åren
838 762 33 21 för
881 762 97 27 ledamot,
990 762 45 21 som

229 788 46 21 från
290 787 74 24 landet
378 790 97 27 inflyttat,
492 790 68 21 skulle
575 791 78 20 ändras
667 790 32 21 till
714 791 64 25 2,000
793 791 65 21 mark.

241 844 21 21 w
297 816 58 23 Härä
373 819 110 26 uppstälde
502 819 49 20 herr
570 819 118 21 talmannen
707 818 93 27 följande
819 816 216 29 omröstningspropo-

229 850 72 15 sition:

296 871 40 31 De,
355 874 68 22 hvilka
439 874 111 28 godkänna
568 875 64 22 2:dra
649 876 108 20 momentet
774 875 24 27 af
815 875 15 28 $
848 876 27 20 10
890 874 144 28 oförändradt,

229 907 56 21 rösta
301 904 34 29 ja;
351 904 31 26 de,
398 904 33 22 det
445 904 42 21 icke
499 906 58 25 göra,
573 906 56 20 rösta
643 903 44 29 nej;

297 934 72 22 vinner
390 934 40 27 nej,
453 933 39 21 har
512 933 83 22 ståndet
616 933 127 27 beträffande
765 933 54 22 detta
841 934 88 20 moment
944 932 92 28 godkänt

229 964 48 21 herr
292 962 106 26 Enebergs
411 962 84 27 förslag.

297 992 34 21 Då
352 992 69 20 denna
444 991 129 27 proposition
595 991 126 22 besvarades
744 991 48 21 med
809 991 28 21 34
852 990 24 27 ja
893 990 39 22 och
951 991 25 21 18
994 991 41 27 nej,

228 1021 55 21 hade
302 1020 84 21 ståndet
404 1020 88 22 sålunda
511 1019 92 27 godkänt
618 1020 36 20 det
669 1018 159 28 ifrågavarande
851 1021 113 19 momentet
981 1019 55 21 oför-

228 1049 96 21 ändradt.

295 1076 133 22 Beträffande
444 1078 114 19 momentet
577 1076 12 22 3
608 1076 110 28 uppstälde
737 1076 50 21 herr
805 1076 119 21 talmannen
943 1076 93 27 följande

229 1104 279 27 omröstningsproposition:

296 1132 39 28 De,
358 1132 67 22 hvilka
445 1132 112 27 godkänna
578 1133 57 27 3:dje
652 1134 108 26 momentet
775 1132 27 26 af
813 1132 15 29 $
849 1134 27 19 10
891 1132 144 26 oförändradt,

228 1164 57 19 rösta
299 1162 34 29 ja;
349 1161 31 26 de,
396 1161 33 21 det
443 1160 42 22 icke
497 1162 58 27 göra,
570 1163 56 19 rösta
641 1160 44 29 nej;

296 1191 72 20 vinner
386 1190 39 28 nej,
445 1190 39 21 har
505 1190 167 27 borgareståndet
689 1189 82 22 beslutit
787 1191 30 20 att
834 1190 47 21 deri
897 1190 9 21 i
919 1190 69 21 stället
1001 1190 35 27 för

231 1221 40 25 »15
286 1219 71 21 mark"
374 1219 70 26 införa
461 1219 42 26 ,20
517 1217 79 25 marks.

295 1248 34 21 Då
344 1248 67 21 denna
426 1247 131 28 proposition
572 1248 126 21 besvarades
713 1247 48 21 med
777 1247 154 27 öfvervägande
944 1247 29 27 ja,
982 1247 54 25 hade

228 1277 85 26 ståndet
327 1277 88 21 sålunda
429 1276 94 27 godkänt
537 1277 114 21 momentet
665 1276 13 21 3
693 1275 142 23 oförändradt.

296 1306 12 27 8
325 1306 25 21 11
365 1305 123 26 godkändes
503 1304 133 22 oförändrad.

297 1333 136 23 Beträffande
447 1333 110 27 ingressen
571 1333 84 28 yttrade
670 1333 32 27 sig
717 1333 92 27 följande
824 1333 77 21 talare:

295 1363 56 26 Herr
370 1361 125 23 Grönvik:
519 1362 73 25 Sävidt
608 1362 37 27 jag
664 1362 64 21 fattar
746 1362 27 21 68
791 1361 12 28 $
818 1361 7 22 i
841 1361 196 27 landtdagsordnin-

227 1398 48 20 gen,
294 1392 37 21 der
351 1391 37 21 det
406 1391 44 22 stär
468 1392 31 19 att
517 1391 113 26 ständerna
649 1392 98 25 upprätta
765 1391 38 25 och
821 1389 106 23 fastställa
945 1390 91 27 instruk-

228 1420 44 23 tion
288 1419 33 22 för
340 1419 195 27 bankfullmägtige,
554 1425 62 15 anser
631 1419 37 26 jag
686 1420 32 27 att
732 1419 75 26 orden:
829 1418 44 28 ,för
891 1418 32 21 sin
938 1418 45 25 del”
998 1418 38 30 bör

234 1455 25 14 ur
274 1449 108 26 ingressen
397 1448 103 26 uteslutas
515 1447 107 26 äfvensom
638 1449 31 19 att
682 1447 115 27 ständerna
810 1447 7 20 i
833 1445 147 30 slutklämmen
988 1447 48 28 icke

232 1477 52 20 böra
299 1475 85 22 anhålla
399 1482 32 15 om
446 1475 64 27 nödig
525 1475 134 25 stadfästelse
673 1475 28 27 på
714 1473 153 31 instruktionen
886 1475 33 21 för
933 1473 104 30 bankfull-

229 1500 98 36 mägtige.
811 1530 2 2 ;

296 1533 56 20 Herr
367 1532 130 27 Eneberg:
519 1531 42 22 Det
575 1533 24 20 är
617 1531 66 27 enligt
697 1531 42 21 min
754 1531 63 22 tanke
832 1531 88 28 alldeles
934 1531 57 28 klart
1004 1533 33 26 att
