1109 1767
240 129 32 18 122
399 118 7 9 N
498 128 90 24 Borgarest.
600 128 43 19 1885.
666 128 18 18 16
695 128 49 23 April.

216 204 41 22 gon
283 199 53 21 enda
361 198 135 22 savolaksare
523 198 99 28 uppträdt
647 198 68 21 säsom
737 197 213 27 tvägrenighetsman.
982 197 45 22 Det

217 228 107 22 förefaller
346 228 42 27 mig
410 229 97 25 tvärtom,
523 234 44 15 som
587 233 33 15 om
639 226 103 22 Savolaks
760 226 68 22 skulle
847 226 50 28 vilja
911 226 68 22 befria
993 226 34 28 sig

217 257 47 21 frän
287 257 35 22 det
343 258 69 26 tväng,
429 257 35 21 det
482 257 75 21 hittills
576 256 51 26 haft,
643 258 31 19 att
692 256 138 26 ovilkorligen
845 255 46 22 föra
906 256 45 22 sina
963 262 65 15 varor

217 286 60 27 längs
300 286 39 21 den
362 286 54 22 enda
436 285 232 26 kommunikationsled,
684 291 45 15 som
751 284 73 26 finnes,
840 285 103 27 nemligen
965 285 60 27 längs

217 314 71 22 Saima
298 314 69 28 kanal,
378 314 34 22 för
427 316 31 19 att
473 314 53 22 efter
542 314 206 26 omständigheterna
762 314 38 20 och
816 314 65 26 enligt
896 314 131 21 konkurren-

217 349 47 15 sens
283 343 119 27 fordringar
419 343 61 21 kasta
499 344 46 20 dem
560 345 27 19 än
602 342 22 21 ät
638 348 46 20 ena,
700 344 26 19 än
741 343 22 21 ät
777 342 66 21 andra
858 342 59 21 sidan
932 342 39 22 och
986 342 42 21 sist

217 372 39 20 och
277 372 100 26 slutligen
399 373 48 25 taga
468 372 21 20 in
508 372 45 20 sina
572 377 62 15 varor
651 371 121 21 tillochmed
788 370 58 22 öfver
861 371 164 21 Fredrikshamn

216 400 52 21 eller
289 400 77 21 Kotka.
394 400 42 26 Jag
457 402 35 18 vet
513 400 19 26 ej
555 399 85 21 hvarför
658 405 48 15 man
723 399 68 21 skulle
806 399 54 20 neka
875 400 153 20 savolaksarne

217 428 68 21 denna
306 428 138 26 obestridliga
465 428 75 25 fördel,
555 427 38 21 och
614 433 76 20 genom
707 428 32 19 att
758 427 65 26 draga
837 427 68 20 banan
921 426 105 22 exklusivt

217 456 21 21 åt
260 456 36 21 det
318 463 38 14 ena
378 456 52 21 eller
452 456 65 21 andra
535 455 71 26 hållet,
622 456 72 25 tvinga
712 455 47 21 dem
778 457 31 18 att
823 455 138 26 ovilkorligen
977 455 50 21 leda

216 484 31 20 sin
260 485 80 20 rörelse
354 484 7 20 i
377 484 39 20 den
432 484 98 26 rigtning,
544 484 114 26 jernvägen
674 485 24 19 är
712 483 85 26 dragen,
809 483 39 20 och
862 483 88 20 sälunda
961 483 65 20 binda

217 512 47 21 dem
286 512 6 21 i
315 512 61 21 deras
394 511 70 22 frihet.
494 512 40 26 Jag
550 511 54 22 skall
618 511 33 21 för
667 512 67 21 denna
749 511 55 27 gäng
819 511 69 21 lemna
903 512 71 20 vidare
989 517 36 15 an-

217 541 120 26 draganden
352 541 7 20 i
374 540 64 21 saken
454 541 32 20 till
501 541 40 20 den
555 539 106 22 blifvande
677 539 227 28 detaljeranskningen.

282 569 41 26 Jag
338 569 138 21 understöder
491 569 133 26 naturligtvis
640 575 25 14 en
681 569 79 21 central
776 568 185 26 banaiSavolaks,
971 569 54 20 dock

217 598 68 21 skulle
305 597 38 27 jag
364 598 34 21 för
420 598 42 20 min
485 598 34 21 del
541 597 56 22 helst
618 603 28 20 se,
662 599 32 19 att
708 598 40 20 den
763 596 55 27 finge
834 597 118 27 rigtningen
967 597 58 20 Kou-

216 626 108 21 vola—$:t
339 625 77 22 Michel
431 626 38 21 och
485 626 92 21 derefter
592 625 82 21 komme
690 627 31 19 att
736 625 94 21 sträckas
846 626 6 19 i
868 626 93 26 enlighet
976 625 48 21 med

215 655 103 26 yrkandet
340 655 7 20 i
369 655 155 20 reservationen
547 660 33 15 n:o
603 655 19 25 2,
638 654 84 21 hvilken
735 654 37 27 jag
787 654 63 21 också
865 653 160 22 undertecknat.

215 683 140 26 Naturligtvis
377 683 129 21 framställer
524 683 37 27 jag
583 683 45 20 icke
644 683 58 20 detta
718 683 68 20 säsom
802 683 55 20 skild
874 683 150 26 omröstnings-

214 711 135 27 proposition,
365 713 49 19 utan
430 711 85 21 förenar
530 712 42 25 mig
587 711 47 20 med
649 711 103 21 utskottet
767 711 93 26 sälunda,
876 713 32 18 att
915 711 37 26 jag
963 717 61 14 even-

214 740 54 21 tuelt
289 739 61 22 äfven
373 739 121 27 godkänner
516 739 94 27 Kaipiais
634 739 68 21 säsom
725 739 163 27 utgängspunkt.
918 739 49 21 Men
992 739 35 21 för

215 768 42 21 min
280 768 96 21 enskilda
391 768 33 20 del
440 774 61 15 anser
514 768 37 26 jag
566 767 36 22 det
616 767 53 26 bäst,
685 769 31 19 att
731 768 67 21 banan
814 768 76 25 droges
905 767 47 22 frän
967 767 57 22 Kou-

214 797 54 25 vola,
289 797 88 20 emedan
392 796 36 21 det
441 796 143 21 framstäende
599 795 173 26 fabriksdistrikt,
787 801 44 15 som
848 795 66 22 finnes
928 796 99 27 omkring

215 825 115 26 Kymmene
346 825 34 25 elf,
396 824 88 21 sälunda
499 824 83 21 komme
597 824 7 20 i
620 824 114 21 direktaste
750 824 98 27 beröring
864 825 47 20 med
926 825 26 20 de
966 824 60 26 jord-

215 853 107 21 brukande
339 855 85 19 orterna
439 853 6 20 i
461 859 63 15 norra
539 852 107 22 Savolaks.

282 881 56 22 Herr
360 881 132 22 Sanmark:
515 881 31 22 De
570 881 73 26 talare,
667 887 43 16 som
734 881 102 21 förfäktat
851 881 171 28 Kaipiaisbanan,

215 917 62 20 synas
300 911 42 26 mig
365 910 62 21 hafva
449 910 69 27 utgätt
540 910 46 22 frän
601 911 40 20 den
657 910 183 27 förutsättningen,
856 912 32 19 att
902 911 122 20 ändamälet

215 939 47 22 med
284 940 68 21 denna
371 939 55 22 bana
441 940 74 20 endast
530 941 23 19 är
568 941 31 19 att
611 939 74 21 förena
699 939 83 27 Kuopio
798 939 38 21 och
851 939 110 21 trakterna
976 939 47 22 der-

214 968 96 27 omkring
326 969 46 20 med
388 969 63 20 södra
466 968 100 21 Finlands
580 968 142 27 jernvägsnät,
739 968 38 21 och
793 968 25 21 de
834 968 72 27 tyckas
922 974 50 15 anse
983 968 41 21 den

214 1003 50 14 vara
286 999 30 19 ett
331 997 129 26 nödvändigt
474 997 57 26 ondt,
547 1002 44 15 som
608 1002 48 15 man
671 997 27 26 pä
713 997 107 26 möjligast
834 997 74 26 billiga
924 997 42 20 sätt
982 996 46 21 mä--

214 1027 32 19 ste
267 1025 84 21 komma
372 1025 62 21 ifrån.
464 1025 48 21 Men
531 1025 83 26 Kuopio
629 1027 23 18 är
667 1025 46 21 icke
729 1027 30 19 ett
774 1025 157 20 trafikeentrum
947 1025 23 21 af
984 1025 40 21 den

213 1053 50 26 vigt,
286 1055 30 19 att
331 1054 36 21 det
381 1053 7 20 i
404 1053 38 21 och
456 1053 34 20 för
505 1054 31 25 sig
552 1053 68 21 skulle
635 1053 71 21 kunna
722 1053 102 21 motivera
840 1053 147 26 sträckningen
1003 1053 25 21 af

214 1088 25 15 en
259 1081 94 27 jernväg,
379 1087 33 15 om
428 1087 48 15 man
491 1081 46 21 icke
552 1087 74 21 genom
642 1083 32 19 att
688 1081 48 21 leda
751 1082 40 20 den
806 1087 74 20 genom
896 1081 23 21 sä
934 1083 41 19 tätt
989 1081 37 21 be-

214 1109 84 22 folkade
320 1110 81 21 trakter
424 1115 44 15 som
484 1110 83 26 möjligt
582 1109 66 21 under
664 1111 66 24 vägen
745 1109 66 21 tillför
826 1110 40 20 den
881 1109 69 22 trafik.
980 1109 44 22 Och

214 1144 48 15 man
285 1138 45 26 bör,
352 1139 70 20 såsom
437 1144 25 15 en
478 1138 112 21 affärsman
605 1138 64 21 redan
685 1138 38 21 här
738 1138 121 26 framhållit,
876 1139 47 20 leda
938 1139 40 20 den
994 1138 30 26 sä,

214 1168 31 19 att
268 1167 39 21 den
328 1167 46 21 icke
389 1167 59 20 leder
463 1166 89 21 trafiken
567 1167 22 20 in
604 1167 7 20 i
626 1173 40 20 nya
682 1167 122 26 rigtningar,
820 1168 22 25 ty
857 1167 75 21 sädant
947 1168 24 19 är
986 1167 39 20 all-

214 1195 31 21 tid
269 1197 30 19 ett
320 1195 80 26 vädligt
423 1195 129 26 experiment
571 1195 38 21 och
625 1195 121 27 isynnerhet
761 1195 92 26 skadligt
868 1195 5 20 i
890 1197 30 19 ett
934 1195 92 26 kapital-

214 1223 72 27 fattigt
308 1224 50 21 land
381 1223 75 21 sädant
478 1229 44 16 som
546 1224 51 21 värt.
628 1223 37 21 Att
687 1224 149 20 stambanorna
852 1224 50 20 böra
917 1224 52 26 följa
984 1223 41 21 den

215 1254 57 19 stora
287 1252 100 21 trafikens
402 1251 197 28 hufvudrigtningar
614 1253 24 19 är
652 1251 33 22 för
700 1252 64 26 öfrigt
779 1258 25 14 en
820 1251 22 21 af
856 1252 26 21 de
892 1252 76 26 regler,
979 1257 47 15 som

212 1280 268 27 jernvägskommissioner,
489 1280 209 27 jernvägskomit6er,
705 1280 208 27 jernvägsutskotten
922 1280 38 21 och
968 1281 58 20 stän-

216 1309 65 21 derna
302 1309 75 21 hittills
400 1311 69 19 ansett
484 1309 75 21 främst
574 1309 50 21 böra
640 1309 117 27 efterföljas
772 1309 34 21 vid
822 1309 167 21 bestämmandet
1003 1308 25 22 af

215 1338 61 21 deras
295 1338 99 27 rigtning.
424 1338 43 20 Och
483 1338 31 20 uti
528 1337 86 22 hvilken
628 1337 172 27 hufvudrigtning
814 1337 89 22 trafiken
918 1338 39 20 här
972 1337 51 27 gätt,

216 1366 72 22 derom
310 1367 60 21 torde
386 1372 48 15 man
448 1366 103 27 knappast
566 1367 70 20 kunna
650 1366 68 21 tveka.
747 1366 56 21 Herr
817 1366 93 22 Neovius
925 1366 37 22 har
978 1368 48 24 sagt

216 1396 32 20 att
269 1395 39 21 den
331 1395 67 21 måste
413 1395 27 26 gå
454 1395 6 21 i
476 1395 68 27 sydlig
560 1394 110 22 direktion.
699 1395 41 26 Jag
754 1395 67 21 måste
837 1395 92 21 erkänna
944 1396 31 20 att
987 1395 39 26 jag

215 1424 7 20 i
245 1424 57 20 detta
324 1423 98 22 afseende
445 1423 62 27 hyser
522 1426 53 18 stort
589 1422 121 22 förtroende
725 1424 33 20 till
774 1424 39 20 den
829 1424 126 21 savolakska
967 1423 58 27 jern-

216 1452 226 26 vägskommissionens
466 1452 139 25 betänkande,
628 1452 32 20 till
682 1452 80 21 hvilket
781 1452 37 26 jag
840 1452 36 21 ber
892 1454 31 19 att
937 1452 22 21 få
973 1452 51 20 hän-

215 1480 51 21 visa.
296 1480 44 21 Der
354 1480 122 21 framhälles
495 1480 138 27 uttryckligen
649 1481 31 19 att
694 1480 169 21 hufvudtrafiken
878 1480 37 27 gär
930 1481 6 20 i
952 1480 72 26 sydost

216 1511 44 18 mot
275 1508 31 21 S:t
320 1508 128 26 Petersburg
469 1508 38 21 och
522 1508 7 21 i
544 1508 85 27 sydvest
644 1510 43 19 mot
701 1508 140 26 Helsingfors.
871 1508 64 27 Dock,
950 1508 8 22 i
973 1508 51 21 stäl-

215 1536 30 21 let
269 1536 33 21 för
324 1538 30 20 att
369 1536 51 26 följa
434 1536 62 22 dessa
512 1536 196 27 hufvudrigtningar
722 1537 53 21 eller
789 1536 33 22 till
838 1543 26 15 en
878 1537 74 27 början
966 1536 58 22 helst
