1098 1773
240 117 34 45 198
492 134 91 23 Borgarest.
594 133 43 19 1985:
659 133 24 19 20
693 133 53 23 April:

218 202 104 22 förmåner
340 203 47 25 från
407 203 136 21 kommunens
559 203 45 21 sida
618 203 53 20 först
686 203 46 20 från
747 203 39 21 och
801 203 48 23 med
859 203 28 20 är
903 203 60 26 1891,
979 203 40 21 och

218 230 32 21 för
267 231 122 27 folkskolor,
408 238 45 15 som
459 226 104 36 -hävefter
576 232 100 25 inrättas,
692 231 13 22 5
720 231 23 21 är
759 231 53 22 efter
827 231 66 21 deras.
904 231 115 27 öppnande.

284 260 42 21 Det
347 267 74 14 senare
435 262 115 19 momentet
563 261 7 20 i
585 267 80 14 samma
678 260 57 21 kläm
750 260 13 21 &
776 260 37 21 sid.
831 261 32 25 11,
878 260 53 21 eller
945 259 77 22 försla-

217 289 41 26 get,
278 290 30 19 att
326 289 112 20 ständerna
456 289 51 23 ville
520 289 39 21 hos
573 289 58 26 Hans
646 289 119 26 Kejserliga
778 288 100 27 Majestät
892 289 83 20 anmäla
990 291 31 19 att

217 317 111 20 ständerna
347 317 98 27 godkänt;
464 319 31 19 att
513 317 33 21 till
567 317 154 21 folkskolornas
736 317 28 27 pä
777 317 72 21 landet
863 317 113 22 underhåll
987 317 35 22 för

217 345 48 20 åren
286 345 60 26 1886,
362 346 59 21 1887
437 346 39 21 och
491 346 53 21 1888
560 346 105 21 användes
680 345 23 22 af
715 346 108 21 allmänna
835 346 67 21 medel
918 352 105 15 samman-

216 373 58 27 lagdt
290 374 110 26 1,962,200
414 374 66 25 mark,
495 374 45 21 blef
554 375 45 20 äter
614 374 23 21 af
649 374 84 21 ständet
747 375 136 20 oförändradt
897 376 91 25 antaget.

283 402 111 21 Likaledes
410 403 123 26 godkändes
548 402 113 21 utskottets
675 402 80 27 förslag
769 404 37 19 att.
815 403 66 20 under
896 403 127 21 kommande

216 430 150 26 budgetperiod
382 431 64 20 måtte
461 431 33 20 till
509 430 173 27 öfverstyrelsens
697 431 32 20 för
740 431 147 20 skolväsendet
897 431 124 26 förfogande

216 458 73 21 ställas
304 465 26 14 en
344 465 81 14 summa
440 459 22 20 af
475 459 64 25 5,000
553 459 59 20 mark
627 458 81 27 årligen
723 459 52 20 eller
784 459 75 20 inalles
871 459 75 24 15,000
953 459 66 26 mark,

215 486 34 20 för
269 488 31 18 att
322 486 53 21 efter
396 487 96 25 pröfning
514 487 83 20 utdelas
617 487 31 19 till
668 487 114 20 understöd
803 487 22 20 ät
839 486 180 26 folkskolelärare,

215 519 48 14 som
274 519 75 21 genom
364 514 72 21 iräkad
452 514 95 26 sjukdom
563 514 69 20 blifvit
646 514 67 21 fören
723 515 31 20 tid
759 514 148 21 urständsatte
917 516 32 19 att
959 515 61 20 sköta

215 541 31 21 sin
262 541 64 28 tjenst
340 542 38 21 och
393 542 67 21 måste
474 541 68 22 aflöna
557 542 86 21 vikarie.
862 552 2 2 ]

281 570 133 21 Beträffande
429 571 119 21 utskottets.
557 571 79 26 förslag
651 571 12 20 &
678 577 60 21 pagg.
755 571 26 21 15
796 571 38 21 och
846 572 26 21 16
879 572 91 26 uppstod
979 571 40 22 föl-

212 599 64 26 jande
291 599 127 21 diskussion:

281 627 55 21 Herr
360 627 131 22 Sundvall:
514 628 109 21 Utskottet
644 628 39 21 har
697 628 38 21 här
750 628 109 27 föreslagit
873 630 32 19 att
919 629 100 26 rättighet

213 656 33 20 till
268 656 86 26 pension
376 656 68 21 blefve
460 656 117 27 medgifven
592 656 32 21 för
639 656 174 21 folkskolelärare
828 657 38 20 och
881 657 116 21 lärarinnor
1010 658 8 20 i

214 684 46 20 stad
279 689 44 15 som
342 684 27 26 pä
382 685 78 25 landet,
475 686 50 19 utan
541 685 98 21 afseende
654 685 27 26 pä
696 691 33 14 om
745 685 27 20 de
785 685 91 21 utbildat
891 685 31 26 sig
936 685 35 21 vid
987 691 32 16 se-

213 712 110 21 minarium
344 713 52 20 eller
410 713 52 20 icke.
492 713 109 22 Utskottet
615 713 39 20 har
668 713 45 21 helt
727 713 71 21 säkert
812 713 45 26 gätt
872 715 23 19 ut
909 713 57 24 ifrän
979 714 40 21 den

212 740 78 27 rigtiga
304 740 148 27 äskädningen,
468 743 32 19 att
514 742 36 20 det
560 748 53 15 vore
629 743 55 19 orätt
698 743 32 19 att
744 742 69 20 lemna
829 747 25 15 en
869 744 44 19 stor
921 748 69 15 massa
998 742 23 21 af

213 769 69 21 lärare
297 769 38 21 och
350 769 122 27 lärarinnor,
492 775 44 15 som
551 770 33 21 för
591 770 137 21 närvarande
743 770 117 26 tjenstgöra
874 770 35 21 vid
924 770 94 22 folksko-

213 797 65 25 lorna,
300 803 47 15 men
369 798 47 20 icke
437 798 70 26 utgätt
527 798 46 21 frän
596 798 129 26 seminarier,
740 800 51 19 utan
805 799 93 25 pension,
913 800 58 20 utom
986 801 32 19 att

214 825 36 21 det:
263 831 49 15 vore
327 825 81 27 vädligt
421 828 32 18 att
467 826 106 21 bibehålla
587 827 48 20 dem
649 826 38 20 vid:
699 826 118 21 folkskolan
833 826 60 21 äfven
909 827 65 21 sedan
982 827 36 21 de-

213 859 34 15 ras
269 853 59 21 ålder
346 854 46 20 icke
409 854 80 20 tillåter
507 854 48 21 dem
570 856 31 19 att
615 854 27 27 pä
657 856 30 19 ett
701 854 50 25 fullt
764 854 196 22 tillfredsställande
976 856 42 20 sätt

212 880 92 28 fullgöra
318 882 35 21 det
368 883 153 26 ansträngande
537 882 134 22 skolarbetet.
693 882 42 28 Jag
744 883 122 22 instämmer
877 884 48 21 med
937 883 80 22 utskot-

212 912 32 19 tet
257 911 31 20 uti
303 911 48 21 dess
366 911 64 21 tanke
440 918 38 14 om
494 912 53 26 dem,
563 918 45 15 som
623 912 33 21 för
670 913 130 20 närvarande
815 913 64 20 redan
896 912 81 22 befinna
985 913 36 27 sig:

211 939 7 20 i
240 939 131 22 folkskolans
393 940 71 27 tjenst.
492 940 41 27 Jag
552 941 40 20 kan
611 941 52 21 dock
677 941 46 21 icke
739 941 26 26 gå
779 941 22 20 in
815 941 28 27 pä
857 943 32 19 att
903 941 115 22 formulera

212 968 68 21 denna
301 968 56 21 kläm
375 968 27 27 pä
411 964 48 37 sätt
473 964 103 37 utskottet
586 969 39 21 har
638 969 55 27 gjort
703 969 42 21 det.
760 969 41 27 Jag
811 971 45 20 tror
867 970 104 27 nemligen
985 972 33 19 att

212 997 35 20 det
261 1003 50 14 vore
326 997 80 26 vädligt
420 999 31 19 att
464 997 130 22 fortfarande
605 999 68 25 öppna
683 997 119 22 folkskolan
813 998 33 21 för
857 999 102 26 arbetare,
971 1005 45 15 som

211 1025 46 20 icke
272 1025 90 20 utbildat
376 1026 32 25 sig
422 1025 142 28 fackmässigt.
587 1027 42 20 Det
643 1026 82 21 fordras
739 1027 24 25 ju
773 1027 22 20 af
804 1027 65 21 andra
881 1029 30 18 att
922 1027 27 21 de
956 1027 61 21 skola

210 1053 62 20 hafva
287 1053 143 26 fackinsigter,
444 1054 85 21 hvarför
540 1054 26 21 då
576 1055 45 20 icke
631 1054 24 21 af
662 1054 173 21 folkskolelärare
845 1055 38 21 och
894 1055 123 21 lärarinnor.

210 1081 49 20 Man
282 1081 38 20 har
342 1081 87 21 inrättat
448 1082 52 27 dyra
517 1083 139 26 inrättningar
673 1083 33 20 för
723 1083 122 21 utbildande
864 1083 23 21 af
903 1083 114 22 folkskole-

210 1109 70 21 lärare
295 1109 38 21 och
348 1110 123 21 lärarinnor.
493 1111 91 20 Hvartill
599 1117 68 20 gagna
682 1111 27 20 dä
723 1111 68 25 dessa,
802 1117 34 15 om
846 1118 47 14 man
903 1112 41 20 kan
952 1112 66 21 blifva

210 1143 26 15 en
251 1137 44 21 lika
310 1138 40 26 god
366 1138 68 21 lärare
450 1139 51 20 eller
516 1139 107 21 lärarinna
637 1141 50 19 utan
702 1139 149 27 undervisning
861 1140 6 20 i
876 1140 139 21 seminarium.

209 1165 34 22 Då
260 1172 48 15 man
327 1166 38 21 har
384 1167 52 26 dyra
455 1167 139 27 inrättningar
609 1168 51 20 sade
673 1167 43 27 jag,
732 1167 39 21 och
785 1167 41 22 kan
841 1169 47 20 med
905 1168 45 21 skäl
965 1170 52 25 säga

210 1194 41 26 det,
268 1195 26 20 då
308 1195 114 26 Jyväskylä
436 1196 228 27 seminariibyggnader
679 1198 82 19 ensamt
775 1196 61 21 kosta
850 1197 92 25 900,000
949 1197 66 21 mark.

210 1222 40 27 Jag
271 1223 68 21 skulle
357 1223 51 26 vilja
422 1223 100 22 förändra
536 1225 69 20 denna
619 1225 55 20 kläm
690 1225 23 20 så
727 1226 32 19 att
773 1225 40 20 den
828 1225 68 21 skulle
911 1225 57 26 lyda:
985 1227 33 19 att

210 1253 42 19 rätt
270 1251 33 21 till
320 1251 87 27 pension
427 1252 69 21 blefve
511 1253 118 26 medgifven
645 1253 61 20 äfven
721 1253 26 20 de
761 1253 69 21 lärare
845 1253 39 21 och
899 1253 118 21 lärarinnor

209 1279 7 21 i.
232 1280 46 21 stad
294 1280 38 21 och
346 1280 27 27 pä
384 1281 78 25 landet,
477 1281 76 26 hvilka,
570 1281 66 21 ehuru
651 1281 25 20 de
691 1281 46 20 icke
752 1281 91 21 utbildat
857 1281 33 27 sig
904 1281 35 21 vid
954 1281 61 21 semi-

210 1309 87 25 narium,
313 1308 135 21 härförinnan
463 1309 69 20 blifvit
547 1309 126 21 ordinariter
687 1309 102 21 anstälda.

276 1337 56 21 Herr
350 1337 129 26 Ignatius:
500 1337 34 21 Då
549 1337 104 21 utskottet
666 1337 110 27 föreslagit
791 1344 25 15 en
831 1337 124 27 förändring
967 1338 23 21 af
1003 1338 12 27 &

211 1366 63 21 135.i
288 1365 98 27 gällande
401 1365 228 28 folkskoleförordning
644 1366 23 21 af
680 1366 39 21 den
736 1366 77 26 11:maj
830 1366 55 21 1866
891 1366 65 21 sådan
965 1367 56 20 den--

210 1399 80 16 samma
311 1394 60 27 lyder
393 1394 69 27 enligt
480 1394 148 27 förordningen
648 1394 28 21 af.
687 1395 40 20 den
745 1394 86 27 28-juni
847 1395 59 26 1883,
921 1395 26 20 så
960 1395 56 21 hade

210 1423 37 21 det
266 1422 54 21 varit
342 1422 97 27 önskligt,
459 1424 31 20 att:
508 1423 104 21 utskottet
626 1423 31 27 pä
674 1429 79 15 samma.
768 1423 55 26 gång
837 1423 64 21 fästat
913 1423 103 22 afseende

209 1450 41 22 vid;
262 1457 25 15 en
307 1457 67 15 annan
393 1451 106 21 dermed:i
515 1452 156 26 sammanhang:
685 1452 86 20 stående.
785 1451 66 27 fråga,
870 1458 45 16 som
929 1452 87 21 icke:än

209 1479 148 27 betydelselös.
386 1479 40 26 Jag:
448 1479 36 21 vill
496 1475 10 35 :
506 1479 87 27 påpeka.
609 1479 227 21 etti-missförhällande
851 1480 7 20 i
872 1480 143 26 pensionsrät-

209 1509 42 24 ten,
266 1513 45 15 som.
326 1508 31 20 uti
372 1507 46 21 vårt:
432 1507 135 21 land:'sedan.
575 1508 71 26 längre
663 1508 30 20 tid
708 1508 89 20 tillbaka
810 1508 39 20 har
858 1503 59 35 gjort
928 1508 87 26 sig-gäl-

209 1536 69 24 lande,
297 1536 103 26 nemligen
420 1536 35 20 det
470 1537 32 19 att
516 1536 128 27 fullkomligt
657 1536 67 20 friska
739 1536 38 20 och
791 1536 63 20 raska
869 1542 100 21 personer
984 1536 31 25 ef-
