1100 1773
470 105 6 18 1

353 127 90 28 Borgarest.
463 123 9 36 —
478 127 38 22 885.
538 126 23 19 30
572 126 48 23 April.
828 127 33 20 861

77 196 46 22 icke
139 196 68 26 säsom
223 196 67 27 öfriga
305 196 124 27 tjenstemän
446 196 38 21 och
500 195 131 24 sekreterare
646 196 34 21 vid
691 195 84 27 verken,
787 197 97 20 senatens

78 225 118 27 kanslister,
219 224 249 29 protokollssekreterare
491 224 38 22 och
548 225 65 22 andra
630 224 7 21 i
656 224 84 23 tillfälle
759 226 31 19 att
805 224 25 21 dä
845 224 39 21 och

78 254 26 21 dä
122 253 93 28 aflägsna
234 254 32 26 sig
283 253 47 22 frän
349 253 160 26 embetsverken
526 253 34 20 för
578 254 31 19 att
626 252 69 22 utföra
710 253 66 20 andra
790 253 94 26 uppdrag

78 282 38 26 och
130 282 89 22 sålunda
232 281 63 24 hafva
309 281 105 24 särskilda
428 281 150 27 biförtjenster,
593 282 51 23 utan
658 283 24 18 är
696 281 41 21 han
749 281 22 25 af
779 281 32 21 sin
821 281 65 26 tjenst

77 311 83 20 bunden
179 310 46 21 från
240 310 73 26 början
329 309 32 21 till
377 310 48 20 slut.
454 310 64 20 Detta
532 311 24 19 är
571 314 31 16 en
612 309 160 27 omständighet,
788 309 44 21 som
847 311 39 25 gör

77 339 76 21 honom
169 339 57 27 olika
240 339 56 26 stäld
310 339 7 20 i
332 337 132 23 förhällande
479 338 32 21 till
522 337 66 22 andra
598 337 104 22 likartade
712 338 124 27 tjenstemän
847 338 39 21 och

77 373 45 15 som
138 366 71 26 derför
224 366 59 24 äfven
295 366 59 24 talar
368 365 34 22 för
416 368 32 20 att
462 366 40 21 han
517 366 39 21 bör
566 365 80 22 erhålla
656 365 65 27 högre
729 365 97 27 aflöning.
849 366 37 21 Ett

77 397 64 19 annat
156 395 52 26 skäl,
227 401 44 15 som
290 393 113 22 motiverar
421 394 68 21 denna
510 393 173 27 löneförhöjning,
700 395 23 20 är
739 394 40 21 den
795 396 91 19 omstän-

80 423 78 26 dighet,
174 425 32 19 att
221 423 35 22 det
270 423 34 25 väl
319 422 67 25 mäste
401 428 62 16 anses
478 423 57 26 ligga
550 422 7 21 i
572 422 94 25 bankens
681 428 65 16 sanna
756 422 89 22 intresse
856 424 31 19 att

77 429 38 49 viä
131 450 215 30 sekreterareplatsen
365 451 67 21 fästas
450 457 101 21 personer
569 451 47 21 med
636 450 141 22 framstående
793 450 93 27 förmåga

78 481 39 23 och
132 480 79 26 sådana
226 486 44 16 som
285 480 38 26 der
332 479 72 25 kunna
413 480 63 27 vinna
486 480 63 26 nödig
559 479 117 27 utbildning
687 479 33 21 för
730 481 31 19 att
771 479 48 22 med
829 479 57 22 tiden

76 509 51 27 ingä
144 509 7 26 i
170 509 93 24 bankens
285 508 111 21 direktion.
426 508 74 21 Häller
522 514 48 21 man
589 507 223 27 sekreteraretjensten
831 507 56 21 snäft

78 537 88 26 aflönad,
186 536 66 22 finnes
270 537 45 21 icke
334 536 66 27 utsigt
414 536 78 21 härför.
521 536 30 21 Är
566 536 40 21 den
621 536 34 21 väl
670 535 89 28 aflönad,
775 536 24 21 sä
813 538 23 19 är
852 536 36 21 det

78 567 95 23 deremot
190 566 29 22 all
237 565 113 27 anledning
368 567 77 24 antaga
463 566 31 19 att
512 564 82 22 banken
612 564 46 21 frän
674 565 68 20 denna
756 565 55 26 plats
826 564 60 21 alltid

78 595 54 21 skall
154 595 70 20 kunna
245 594 95 27 päräkna
357 600 26 16 en
401 593 42 27 god
462 593 130 27 rekrytering
610 593 34 21 för
662 593 225 21 direktörsembetenas

79 623 130 21 besättande.
237 622 113 21 Dessutom
374 621 163 27 ifrägakommer
562 622 36 21 det
617 621 53 27 jemt
688 621 38 21 och
746 621 92 27 ständigt
857 623 31 19 att

78 651 146 22 sekreteraren
240 651 66 20 måste
321 649 144 22 tillförordnas
480 652 32 19 att
527 650 94 21 bestrida
636 649 170 26 direktörstjenst
821 650 6 20 i
838 650 49 21 ban-

78 680 48 26 ken,
147 679 38 22 och
201 679 61 22 äfven
277 679 58 21 detta
349 679 55 21 talar
419 678 33 21 för
467 680 31 19 att
513 679 147 21 sekreteraren
675 678 38 20 bör
728 677 62 22 hafva
805 684 25 15 en
846 678 40 26 lön,

80 708 82 22 utöfver
184 708 36 21 det
238 708 33 20 för
289 708 65 21 andra
373 707 131 21 sekreterare
524 707 84 25 vanliga
626 706 104 26 beloppet.
759 706 41 26 Jag
819 706 68 21 skulle

80 736 70 22 derför
167 736 26 21 be
208 738 32 18 att
254 736 21 20 fä
290 734 129 22 understöda
433 735 50 21 herr
497 735 109 26 Enebergs
621 734 87 26 förslag,
724 734 69 21 säsom
806 734 36 27 jag
857 734 30 21 äf-

78 771 38 16 ven
135 764 91 28 tidigare
240 764 7 21 i
263 764 166 26 bankutskottet,
450 763 66 22 ehuru
531 762 113 28 förgäfves,
660 762 86 27 kämpat
760 762 33 22 för
808 768 80 16 samma

78 790 61 36 äsigt.
440 816 9 4 N

145 822 56 22 Herr
224 821 189 28 Schybergson:
435 820 67 22 Äfven
523 821 37 27 jag
577 826 63 16 anser
655 820 137 27 jemförelsen
811 820 75 21 mellan

78 850 224 27 sekreteraretjensten
317 850 7 21 i
338 850 101 21 Finlands
454 849 56 21 bank
524 849 39 21 och
578 849 109 21 enahanda
701 848 142 27 befattningar
852 848 35 22 vid

80 886 26 15 en
121 880 35 21 del
170 879 23 22 af
206 879 50 21 våra
268 878 136 22 embetsverk
419 878 46 21 icke
480 877 88 24 hållbar.
597 878 73 21 Redan
686 878 40 21 den
741 877 89 22 anförda
844 883 43 16 om-

79 908 147 27 ständigheten
246 909 31 20 att
296 907 67 23 denna
378 913 75 20 person
469 907 39 21 alls
524 907 45 21 icke
584 907 40 20 kan
640 905 93 27 aflägsna
748 906 32 27 sig
794 905 46 22 frän
856 906 31 21 sin

79 937 55 28 plats
153 936 47 21 frän
214 936 28 21 kl.
261 936 25 21 10
300 936 33 21 till
348 937 97 21 närmare
460 935 28 21 kl.
504 935 13 22 3
532 937 38 24 gör
585 936 31 19 att
631 935 68 26 nägon
714 936 68 19 större
797 934 91 21 konkur-

79 971 49 15 rens
143 965 46 21 icke
204 966 24 19 är
242 966 31 19 att
288 965 62 20 vänta
365 964 7 21 i
387 963 99 22 afseende
502 963 12 21 &
529 969 25 15 en
570 963 123 26 befattning,
712 969 45 14 som
772 963 19 26 ej
807 962 81 22 medför

79 993 66 26 högre
164 993 34 21 lön
218 995 27 19 än
263 993 63 25 6,000
340 992 66 21 mark.
436 992 42 21 Det
492 993 24 19 är
531 992 113 25 dessutom,
660 991 70 21 säsom
745 991 64 21 redan
825 991 62 21 fram-

80 1021 78 26 hällits,
174 1021 147 26 förhällandet,
337 1022 32 20 att
384 1020 146 21 sekreteraren
545 1020 44 21 ofta
604 1025 40 21 nog
660 1019 125 27 adjungeras
801 1020 7 20 i
819 1019 69 21 direk-

80 1051 70 20 tionen
167 1049 38 22 och
220 1049 39 23 bör
272 1049 37 27 det
323 1049 35 21 vid
374 1049 75 20 sädant
463 1049 38 20 fall
517 1049 72 26 läggas
604 1048 44 27 vigt
662 1048 28 27 pä
704 1049 32 20 att
751 1054 24 15 en
791 1047 97 22 framstä-

79 1079 55 25 ende
155 1084 77 21 person
250 1078 33 21 för
301 1078 68 22 denna
388 1077 117 27 befattning
523 1077 40 21 kan
582 1077 110 27 päräknas.
722 1076 30 21 Af
765 1077 62 20 dessa
842 1076 45 21 skäl

80 1106 85 25 förenar
180 1107 37 26 jag
236 1107 43 26 mig
298 1106 47 21 med
365 1106 46 22 dem
431 1112 45 15 som
490 1106 52 27 yrka
557 1105 27 27 pä
599 1104 167 28 löneförhöjning
781 1105 22 21 ät
819 1105 69 22 sekre-

80 1137 83 20 teraren
182 1134 38 22 och
239 1135 55 21 helst
309 1135 46 20 med
371 1134 49 21 herr
436 1133 126 28 Serlachius,
578 1134 24 21 sä
616 1133 82 28 mycket
712 1140 65 20 mera,
793 1140 44 15 som
853 1134 35 21 det

80 1163 23 22 af
119 1164 49 21 herr
186 1163 98 27 Eneberg
302 1163 122 26 föreslagna
441 1161 97 28 tillägget
556 1162 103 22 måhända
674 1163 46 20 icke
735 1163 68 21 skulle
819 1163 69 20 kunna

80 1198 62 19 anses
156 1192 84 21 komma
255 1192 40 21 den
309 1191 121 22 nuvarande
445 1191 149 24 innehafvaren
610 1191 27 27 pä
651 1191 64 27 något
730 1193 41 20 sätt
786 1191 33 22 till
826 1191 71 28 godo,,

80 1227 33 20 om
133 1221 104 26 nemligen
256 1221 58 20 detta
328 1220 75 27 tillägg
418 1227 33 14 om
466 1220 168 27 löneförhöjning
649 1220 54 21 efter
717 1220 57 24 vissa
789 1220 24 21 är
827 1226 61 16 anses

80 1249 52 22 böra
153 1249 106 29 tillämpas
280 1247 55 23 först
355 1248 47 22 frän
422 1249 39 21 den
480 1249 41 26 dag
539 1248 150 27 författningen
707 1249 118 22 utkommer
842 1249 46 25 icke

80 1277 48 25 från
138 1278 45 22 den
198 1277 27 22 dä
240 1277 158 22 vederbörande
413 1277 125 27 tjensteman
553 1277 70 21 blifvit
637 1277 93 21 utnämd.

148 1306 56 22 Herr
218 1306 138 22 Rosenius:
372 1306 61 22 Hvad
449 1306 36 21 det
499 1306 100 21 beträffar
608 1308 32 18 att
650 1312 46 14 man
708 1305 84 21 befarar
802 1307 31 19 att
843 1306 45 21 icke

80 1334 124 27 tillräckligt
222 1334 93 24 sökande
334 1334 68 21 skulle
420 1334 79 22 infinna
517 1334 32 26 sig
568 1334 33 21 för
620 1340 24 15 en
660 1334 36 20 lön
710 1334 23 21 af
746 1334 63 26 6,000
823 1334 65 26 mark,

82 1363 23 21 sä
123 1365 45 19 tror
184 1362 37 27 jag
236 1363 36 21 det
286 1364 25 19 är
326 1368 26 15 en
367 1362 78 26 onödig
460 1362 91 23 fruktan.
580 1362 42 21 Det
637 1364 24 18 är
676 1361 45 21 icke
737 1362 24 21 sä
775 1362 75 26 mänga
865 1362 24 29 är

80 1391 65 24 sedan
167 1390 48 22 man
234 1390 65 27 ansäg
318 1390 63 27 6,000
399 1390 61 21 mark
478 1396 44 17 som
542 1396 25 16 en
586 1390 80 26 ganska
681 1392 44 19 stor
740 1390 41 21 lön.
811 1390 37 22 Att
862 1391 27 26 pä

78 1421 86 27 senaste
186 1419 56 21 tider
264 1419 35 21 det
319 1418 72 22 oskick
409 1419 79 25 inrotat
505 1418 32 26 sig
556 1419 38 21 här
612 1418 7 21 i
637 1418 140 26 Helsingfors,
796 1420 31 21 att
841 1424 47 16 man

78 1447 66 27 jemte
159 1448 32 20 sin
210 1447 105 21 ordinarie
334 1447 66 26 tjenst
414 1446 73 22 sköter
500 1447 42 31 tvä,
557 1448 32 20 tre
605 1446 52 22 eller
671 1446 47 27 fyra
732 1446 67 22 andra
813 1446 75 22 befatt-

76 1476 79 28 ningar
168 1476 42 27 kan
223 1476 37 30 jag
274 1475 46 22 icke
335 1475 57 27 gilla,
408 1475 38 23 och
460 1481 64 20 anser
538 1475 71 24 derför
623 1475 46 27 icke
684 1474 68 27 heller
766 1476 31 20 att
812 1477 30 19 ett
856 1475 32 21 sä-

80 1503 52 32 dant
144 1504 66 31 motiv
224 1504 40 27 här
277 1504 28 27 pä
319 1504 67 26 allvar
399 1504 43 23 kan
456 1502 60 29 tagas
532 1504 8 21 i
553 1504 144 27 betraktande.
