1111 1725
243 127 34 34 764
501 131 92 22 Bergarest.
605 130 45 19 1885.
673 130 19 19 18
702 130 50 23 April.

221 206 81 16 samma
322 200 42 27 dag
379 200 86 26 bifallit,
485 200 32 21 till
536 200 118 21 ledamöter
672 200 7 20 :i
698 200 91 20 närinda
804 199 89 27 utskott,
909 199 84 21 utöfver
1009 199 32 21 :de

221 229 58 21 förut
298 229 63 21 valde
379 229 172 25 medlemmarne,
569 229 68 20 utsett:
655 228 51 21 herr
724 228 114 21 Neovius
852 228 54 21 med
926 228 22 21 12
963 228 79 20 röster

222 259 61 24 samt,
299 257 55 22 efter
369 256 62 22 skedt
449 257 70 22 omval
538 257 78 21 mellan
634 257 75 21 herrar
727 256 55 22 Lille
801 257 39 21 och
859 256 142 27 Söderström,
1021 256 23 22 af

221 286 73 21 hvilka
308 286 36 20 vid
358 286 68 21 första
441 286 58 22 valet
517 286 116 26 ingendera
648 285 86 22 erhällit
748 285 37 21 det
803 285 34 21 för
855 286 68 20 valets
941 285 101 27 giltighet

222 313 177 22 öfverenskomna
413 314 161 26 röstminimum,
590 309 56 36 herr
656 314 68 20 Lille
740 314 48 20 med
804 314 13 20 8
833 314 75 20 röster.

290 401 41 21 Till
347 401 85 24 ständet
447 401 54 21 hade
516 400 110 21 inkommit
642 400 38 21 och
690 400 117 21 bordlades
819 399 32 21 till
864 401 61 19 nästa
937 405 105 15 samman-

221 430 61 20 träde
307 429 214 22 ekonomiutskottets
544 429 66 20 andra
632 428 81 26 förslag
735 427 34 21 till
795 427 204 26 sammanjemkning
1020 427 24 21 af

221 457 101 22 ständens
338 457 123 27 skiljaktiga
480 457 70 21 beslut
568 457 7 21 i
594 457 115 25 anledning
728 456 22 21 af
764 456 59 21 Hans
838 455 121 27 Kejserliga
974 455 67 27 Maje-

221 487 54 19 stäts
296 486 77 26 nådiga
391 485 132 26 proposition
541 485 109 26 angående
672 484 78 21 förbud
768 486 44 18 mot
829 484 114 26 hingstföls
961 484 81 26 utsläp-

220 514 70 26 pande
306 513 12 20 å
332 519 122 20 gemensam
470 512 127 22 betesmark.

290 597 121 26 Föredrogs
427 598 40 21 den
483 597 34 21 vid
533 599 84 20 senaste
636 597 84 28 plenum
740 597 118 26 bordlagda
873 597 77 26 nådiga
965 602 77 21 propo-

221 626 90 21 sitionen
328 632 33 15 n:o
380 626 34 25 38,
429 626 115 26 angående:
562 626 75 25 anslag
657 625 34 21 till
709 624 167 22 underhållande
896 625 22 21 af
936 625 40 20 den
996 625 48 21 utaf

221 653 113 22 framlidne
354 654 121 21 Statsrådet
493 654 90 21 Fredrik
602 653 111 27 Cygnaeus
736 653 32 21 till
791 653 101 21 Finlands
912 653 45 21 folk
976 655 66 20 testa-

221 682 123 21 menterade
360 682 65 21 villan
440 687 35 16 n:o
492 683 25 20 17
533 682 31 20 uti
579 681 165 27 Brunnsparken
763 681 57 21 invid
835 681 135 26 Helsingfors
986 681 55 26 stad,

220 710 66 27 jemte
301 710 39 21 der
354 710 113 27 förvarade
482 709 141 26 konstalster;
639 709 39 22 och
693 708 47 22 blef
754 709 122 21 densamma
892 712 51 18 utan
958 709 84 22 diskus-

222 738 46 20 sion
284 737 23 22 af
321 738 85 21 ståndet
420 738 124 21 remitterad
559 738 33 21 till
608 738 166 21 statsutskottet.

292 821 40 22 Till
348 821 131 26 granskning
493 823 91 25 upptogs.
604 822 151 25 lagutskottets
774 821 118 26 bordlagda
907 821 136 22 betänkande

221 855 34 14 n:o
272 850 18 25 7,
306 850 49 20 med
374 850 115 25 anledning
508 850 23 20 af
549 849 111 26 särskilda,
678 850 57 20 inom
754 849 149 27 ridderskapet
922 849 39 21 och
980 849 63 21 adeln

222 879 56 19 samt
292 878 177 26 borgareståndet
487 878 77 20 väckta
582 876 182 28 petitionsförslag
783 877 109 27 angående
911 877 133 27 borgmästa-

222 911 41 21 re-,
283 905 109 22 rådmans-
411 906 38 21 och
469 906 302 26 magistrats-sekreterareval
790 906 6 20 i
816 906 110 26 städerna;
947 906 39 21 och
1001 908 43 24 ytt-

222 934 51 20 rade
289 934 33 26 sig
337 934 74 21 härvid
427 934 94 26 följande
536 934 78 22 talare:

290 962 57 21 Herr
362 962 146 22 Molander:
524 962 74 22 Ehuru
611 962 37 27 jag
667 964 7 20 i
692 962 120 22 hufvudsak
831 964 24 20 är
874 969 50 15 ense
943 963 48 21 med
1011 965 32 19 ut-

222 990 86 26 skottet,
332 990 69 21 skulle
421 990 38 27 jag
477 991 54 21 dock
550 991 25 21 be
598 992 32 20 att
648 991 21 21 få
688 990 80 22 föreslå
787 996 26 16 en
832 991 52 21 liten
903 991 140 27 anmärkning

221 1021 57 18 emot
300 1018 144 26 stiliseringen
467 1019 23 20 af
511 1019 112 25 klämmen,
646 1019 86 21 hvilken
749 1020 36 26 jag
804 1019 33 21 för
856 1020 44 20 min
918 1019 35 21 del
972 1019 71 21 skulle

220 1045 52 27 vilja
287 1046 64 21 "hafva
369 1047 132 21 annorlunda
520 1047 130 21 formulerad
669 1046 27 28 pä
714 1047 68 26 grund
801 1047 23 21 af
842 1047 26 21 de
883 1047 57 21 olika
956 1047 86 26 äsigter,

221 1080 46 15 som
284 1074 56 26 gjort
356 1075 32 25 sig
403 1075 100 25 gällande
518 1076 48 19 med
581 1075 101 21 afseende
698 1075 13 20 &
723 1076 106 20 läkareval
842 1076 6 19 i
860 1076 107 20 städerna.
987 1075 56 21 Före

220 1102 288 26 kommunalförfattningens
529 1102 117 27 införande,
666 1103 94 21 besattes
779 1104 192 26 läkaretjensterna
990 1103 7 20 i
1017 1109 26 15 en

221 1130 34 22 del
272 1130 72 21 städer
359 1130 22 21 af
395 1131 138 26 magistraten
550 1131 38 21 och
604 1132 86 20 stadens
706 1132 75 25 äldste,
801 1132 5 20 i
826 1132 67 21 andra
908 1132 97 21 deremot
1019 1131 24 22 af

220 1159 161 26 borgerskapet.
412 1159 61 21 Efter
495 1159 121 21 införandet
638 1160 24 21 af
678 1159 283 26 kommunalförfattningen,
980 1160 62 21 verk-

221 1187 81 22 stäldes
316 1187 133 21 läkarevalet
467 1187 62 22 äfven
549 1188 63 25 olika,
631 1188 8 20 i
658 1189 36 20 det
713 1190 31 19 att
763 1188 6 20 i
789 1194 26 15 en
834 1188 34 21 del
888 1188 79 26 städer,
982 1188 7 21 i
1006 1193 37 16 en-

221 1215 67 26 lighet
304 1216 48 21 med
367 1216 288 26 kommunalförfattningens
667 1215 140 26 föreskrifter,
821 1216 28 21 25
861 1218 69 19 röster
941 1216 100 27 utgjorde

219 1244 78 26 högsta
312 1244 119 26 röstetalet,
446 1245 6 20 i
469 1244 66 21 andra
551 1244 96 21 deremot
661 1244 68 21 tilläts
745 1246 30 19 ett
785 1244 144 27 obegränsadt
943 1244 97 21 röstetal.

220 1272 34 21 Då
276 1271 123 27 tolkningen
419 1272 23 21 af
459 1272 277 26 kommunalförfattningen
755 1272 89 21 sålunda
866 1273 55 20 visat
939 1272 32 26 sig
991 1278 51 15 våra

221 1300 57 21 olika
297 1300 7 21 i
328 1297 57 24 olika
407 1301 79 26 -städer,
506 1300 68 21 skulle
592 1301 37 26 jag
648 1300 33 21 för
699 1301 42 20 min
760 1301 34 20 del
814 1301 34 20 för
866 1300 134 21 undvikande
1020 1300 24 21 af

220 1328 151 21 missförstånd
386 1329 51 26 vilja
451 1328 80 21 föreslå
545 1329 32 20 till
594 1329 120 26 antagande
728 1329 50 20 herr
793 1328 110 27 Enebergs
918 1328 7 20 i
939 1328 54 21 hans
1005 1334 37 21 pe-

221 1357 61 21 tition
302 1357 104 26 ingående
429 1357 66 21 kläm:
519 1359 43 24 ,att
583 1357 84 21 landets
690 1356 115 27 höglofliga
827 1357 86 20 ständer
935 1357 50 20 ville
1008 1356 33 21 till

221 1385 59 20 Hans
303 1385 122 26 Kejserliga
443 1385 102 26 Majestät
563 1385 49 26 ingå
634 1386 47 20 med
700 1385 132 26 underdånig
851 1385 89 26 petition
959 1385 82 26 derom,

221 1415 33 19 att
271 1413 59 20 Hans
349 1413 122 26 Kejserliga
489 1413 101 26 Majestät
608 1413 49 21 med
676 1414 36 20 det
729 1413 78 21 honom
825 1413 7 20 i
851 1413 191 26 grundlagsfrågor

220 1441 164 21 tillkommande
400 1441 55 26 höga
470 1441 97 26 initiativ,
584 1441 49 21 ville
648 1441 33 21 till
694 1440 247 22 nästsammanträdande
954 1441 88 20 ständer

220 1468 64 22 afläta
299 1469 65 26 nådig
379 1469 130 26 proposition
525 1469 109 26 angående
653 1469 65 21 sådan
734 1469 118 26 förklaring
868 1469 23 20 af
904 1469 77 26 nådiga
997 1468 44 21 för

221 1497 118 26 ordningen
355 1497 40 21 den
411 1497 12 21 8
439 1497 118 21 December
576 1497 55 22 1873
650 1497 109 26 angående
779 1498 90 25 ändring
888 1497 23 20 af
929 1497 56 26 3:dje
1001 1497 40 20 och

220 1525 43 20 6:te
282 1525 25 27 88
326 1525 7 20 i
352 1525 76 26 Kongl.
451 1525 120 21 Försäkran
595 1525 34 21 för
648 1525 154 26 borgerskapet
821 1525 39 20 och
880 1525 100 21 städerna
999 1525 41 20 den
