1098 1734
367 130 97 22 Borgarest.-
470 129 43 19 1885.
537 130 18 18 16
566 130 48 22 April.
828 130 32 18 701

74 199 12 27 8
101 198 130 22 förekomma
246 198 108 27 språkliga
372 198 29 22 fel
419 199 39 21 och
477 199 167 27 oegentligheter
661 199 107 22 äfvensom
787 199 95 27 tryckfel,

77 227 71 21 hvilka
162 227 104 21 utskottet
281 227 127 21 anmodades
423 229 32 19 att
469 227 7 21 i
491 227 119 27 möjligaste
626 228 65 21 måtto
706 226 102 28 aflägsna;

142 258 32 18 att
188 255 84 21 ståndet
286 256 35 20 vid
336 255 97 26 pröfning
445 256 22 20 af
475 255 187 26 borgareståndets
672 262 74 20 genom
756 256 127 26 protokolls-

76 284 76 25 utdrag
167 282 23 22 af
208 284 48 28 den
267 283 13 21 8
298 283 141 21 innevarande
457 283 76 21 månad
552 283 32 21 till
604 284 137 23 medstånden
760 284 124 21 framstälda

74 311 124 27 inbjudning
213 312 31 19 att
258 311 74 21 förena
350 311 32 26 sig
401 317 33 15 om
449 311 98 21 bemälda
565 311 73 21 stånds
657 312 75 25 beslut,
748 313 32 19 att
796 312 34 20 till
848 312 35 20 be-

74 339 100 26 handling
194 339 23 21 af
238 341 30 19 ett
290 338 102 22 särskildt
410 340 81 20 utskott
509 339 113 26 hänskjuta
640 340 40 20 den
699 340 121 24 berättelse,
838 345 44 15 som

76 367 146 27 delegationen
237 366 32 22 för
284 366 155 22 förberedande
453 367 23 21 af
489 374 26 14 en
530 368 85 20 ärestod
630 367 33 21 till
678 367 114 21 åminnelse
802 366 23 22 af
834 367 50 26 Kej-

74 395 204 22 saren-Storfursten
302 396 121 21 Alexander
444 396 22 21 II
487 396 32 20 till
539 396 113 21 ständerna
670 395 82 27 afgifvit
770 396 59 21 öfver
851 396 31 20 sin

74 424 140 26 verksamhet,
234 424 107 21 äfvensom
364 424 36 21 det
421 424 128 22 berättelsen
571 424 86 27 bilagda
678 424 148 22 meddelandet
848 430 35 16 an-

73 453 82 26 gäende
170 453 40 21 den
226 453 77 22 mellan
318 453 83 21 landets
416 453 125 21 konstnärer
559 452 33 22 för
611 453 121 22 erhällande
751 453 23 21 af
791 453 92 21 eskisser

73 481 33 21 till
122 482 111 21 ärestoden
249 481 122 21 anordnade
389 481 114 27 pristäflan,
524 481 86 21 beslutit
628 483 31 19 att
677 481 33 21 för
728 482 31 21 sin
779 481 41 26 del,
836 482 47 21 med

74 509 112 28 afböjande
201 509 23 22 af
237 509 162 26 ifrägavarande
417 510 129 26 inbjudning,
565 509 101 22 vidblifva
684 510 37 20 sitt
739 510 91 26 tidigare
848 510 35 21 be-

74 538 50 26 slut,
139 539 66 25 enligt
220 538 79 21 hvilket
314 538 91 21 berörda
419 538 78 21 ärende
511 538 69 21 blifvit
592 538 133 21 remitteradt
734 538 32 21 till
777 538 105 21 allmänna

75 566 202 22 besvärsutskottets
292 566 153 21 förberedande
460 567 166 26 handläggning;

142 597 31 18 att
191 595 84 21 ståndet
292 594 94 27 godkänt
403 595 106 20 allmänna
526 595 202 21 besvärsutskottets
750 595 132 21 betänkande

74 629 33 15 n:o
123 623 19 26 8,
158 623 6 21 i
183 623 113 26 anledning
314 623 23 20 af
354 629 24 15 en
398 623 55 21 inom
472 623 175 26 borgareståndet
664 623 62 21 väckt
742 623 88 26 petition
849 629 32 15 om

74 651 99 27 åtgärder
188 651 33 21 för
236 651 135 21 anskaffande
386 651 23 22 af
422 651 170 27 arbetsförtjenst
607 651 21 20 åt
643 651 83 26 frigifne
742 651 84 27 fångar;

142 682 32 19 att
188 680 85 21 ståndet
287 680 35 20 vid
338 679 126 27 behandling
482 680 23 21 af
522 680 25 21 de
566 680 8 20 i
592 680 44 25 lag-
651 680 38 20 och
704 679 178 22 ekonomiutskot-

61 734 3 2 —
74 709 42 27 tets
130 708 133 22 betänkande
278 708 6 20 i
300 708 113 27 anledning
427 708 23 21 af
466 708 59 21 Hans
543 707 120 27 Kejserliga
681 707 111 27 Majestäts
807 708 76 26 nådiga

74 737 131 28 proposition
220 743 34 15 n:o
272 737 32 26 17,
320 737 48 21 med
379 736 80 27 förslag
470 737 33 20 till
513 737 35 26 lag
560 743 33 14 om
604 737 97 26 länsting,
712 736 171 22 förekommande

75 769 76 18 tvenne
166 765 217 27 författningsförslag
397 765 154 22 innefattande:
567 765 36 22 det
618 772 39 15 ena
668 765 124 27 ,förändrad
804 765 79 27 lydelse

75 794 60 27 för
126 790 15 35 &
153 795 29 21 40
199 795 7 20 i
224 794 150 27 förordningen
393 795 40 20 den
453 795 25 20 17
497 800 57 15 mars
574 794 60 26 1879,
652 794 108 27 angående
779 794 105 21 allmänna

75 822 142 27 fattigvården
239 823 7 20 i
264 823 199 21 storfurstendömet
481 822 107 27 Finland",
610 823 36 20 det
664 823 65 20 andra
747 822 85 27 ,tillägg
851 823 31 20 till

75 851 13 28 $
103 852 27 22 20
145 851 8 22 i
167 851 148 27 förordningen
330 851 40 22 den
385 852 12 21 6
412 851 93 21 februari
524 851 60 27 1865,
600 851 108 27 angående
722 851 162 21 kommunalför-

75 880 121 27 valtningen
210 880 27 27 på
251 880 89 26 landet",
355 879 132 22 beträffande
503 880 34 22 det
552 880 56 21 förra
623 880 23 21 af
658 880 60 22 dessa
728 880 78 26 förslag
816 882 68 19 ansett

74 910 33 20 att
122 908 116 22 detsamma
252 908 47 22 icke
313 908 71 21 kunde
398 908 31 21 till
448 908 68 26 någon
531 908 74 26 åtgärd
619 908 114 26 föranleda,
749 908 64 21 sedan
828 908 56 21 stån-

74 936 38 21 det
126 937 66 21 redan
206 936 89 27 tidigare
310 936 86 22 beslutit
411 938 31 19 att
456 936 33 21 för
503 936 32 22 sin
550 936 34 21 del
594 936 43 21 låta
647 936 73 26 frågan
730 942 34 15 om
774 936 110 26 länstings-

74 965 146 21 institutionen
235 964 33 22 för
285 964 132 22 närvarande
433 964 89 26 förfalla,
541 965 109 21 hvaremot
666 964 85 22 ståndet
764 964 8 21 i
786 964 98 22 afseende

76 993 14 21 å
104 993 36 21 det
154 999 73 15 senare
241 993 100 27 förslaget
356 993 87 21 beslutit
461 994 32 20 att
507 994 59 21 detta
583 993 67 21 skulle
665 993 32 21 till
712 993 104 21 utskottet
830 993 54 21 åter-

75 1022 120 21 remitteras
210 1022 32 21 för
257 1023 31 20 att
303 1022 121 20 alternativt
438 1021 94 27 undergå
542 1022 170 26 omformulering
723 1022 99 26 antingen
832 1021 7 21 i
849 1022 35 21 det

75 1050 61 26 syfte,
152 1051 44 25 ,att
210 1050 62 21 derur
287 1050 93 26 tydligen
394 1050 120 26 framginge,
530 1050 60 21 hvem
606 1056 45 15 som
665 1050 111 26 rätteligen
790 1056 49 20 eger
854 1051 31 20 att

74 1077 37 21 vid
125 1084 118 20 gemensam
261 1078 210 20 kommunalstämma
490 1078 108 21 diskutera
616 1078 39 21 och
673 1078 88 26 besluta,
779 1078 55 21 huru
851 1080 33 19 rö-

75 1107 73 20 sterna
162 1106 72 21 dervid
249 1106 59 21 skola
323 1105 105 22 beräknas
443 1108 54 19 samt
511 1106 85 21 hvilken
612 1108 43 20 rätt
665 1105 127 23 tillkommer
801 1112 83 20 gemen-

74 1140 47 16 sam
136 1134 227 25 kommunalstämma”*,
383 1134 50 22 eller
447 1134 7 21 i
470 1134 35 22 det
523 1134 60 28 syfte,
602 1137 42 25 ,att
659 1135 133 21 kommuners
807 1134 77 27 förslag

75 1163 8 21 i
96 1163 132 21 förenämndt
242 1163 120 21 hänseende
380 1163 68 21 skulle
465 1169 75 20 genom
558 1163 157 21 vederbörande
733 1164 103 26 guvernör
854 1163 30 21 öf-

76 1192 116 20 verlemnas
207 1192 32 20 till
253 1192 112 26 kejserliga
379 1193 98 19 senatens
491 1192 133 26 afgörande*;

143 1222 32 19 att
192 1220 85 21 ständet
294 1220 95 27 godkänt
411 1220 105 21 allmänna
533 1220 201 22 besvärsutskottets
751 1220 133 22 betänkande

75 1255 35 15 n:o
126 1248 19 27 9,
165 1249 47 21 med
230 1248 113 27 anledning
361 1248 23 22 af
400 1250 31 20 ett
448 1249 57 21 inom
523 1249 145 27 ridderskapet
686 1248 38 22 och
743 1249 61 21 adeln
823 1248 62 24 väckt

76 1277 176 28 petitionsförslag
271 1284 34 14 om
320 1277 120 22 inrättande
458 1277 22 21 af
497 1283 25 15 en
540 1277 87 22 lärostol
641 1278 7 20 i
663 1277 76 28 hygien
752 1278 36 20 vid
802 1277 83 28 Kejser-

76 1307 42 26 liga
133 1306 294 25 Alexanders-universitetet,;

144 1336 32 20 att
190 1335 84 21 ständet
288 1335 35 21 vid
338 1334 127 26 behandling
480 1334 22 21 af
515 1334 105 21 allmänna
635 1334 199 21 besvärsutskottets
850 1333 35 22 be-

74 1363 109 22 tänkande
203 1369 34 15 n:o
261 1363 32 26 10,
316 1363 48 21 med
386 1363 113 26 anledning
520 1362 23 22 af
560 1363 31 20 ett
608 1362 57 21 inom
683 1362 145 27 ridderskapet
846 1362 40 22 och

75 1391 63 22 adeln
160 1391 62 22 väckt
239 1391 179 27 petitionsförslag
436 1397 34 16 om
488 1391 131 23 anställande
637 1390 23 24 af
679 1397 26 18 en
724 1390 71 22 läkare
816 1391 69 24 såsom

75 1419 108 22 medlem
170 1415 15 35 i
197 1419 212 27 skolöfverstyrelsen,
425 1419 100 26 enhälligt
540 1419 86 22 beslutit
640 1420 38 25 att,
693 1419 48 22 med
750 1419 136 24 förkastande

74 1447 25 23 af
112 1448 114 22 utskottets
241 1448 13 21 å
272 1454 47 20 pag.
339 1449 12 20 6
369 1447 8 21 i
395 1447 142 23 betänkandet
555 1447 79 27 afgifna
650 1447 121 26 resolution,
790 1447 7 21 i
814 1447 72 24 stället

76 1475 90 23 omfatta
180 1475 36 22 det
231 1475 210 27 resolutionsförslag,
460 1481 45 17 som
519 1475 115 26 framstälts
648 1475 8 22 i
670 1476 40 21 den
724 1475 33 25 till
771 1475 65 26 sagda
850 1475 36 25 he-

77 1505 106 23 tänkande
197 1504 110 27 vidfngade
321 1504 139 27 reservation;

144 1536 32 19 att
191 1533 94 23 ståndets
300 1533 111 26 elektorer,
431 1533 34 21 vid
483 1533 92 25 anstäldt
590 1533 33 21 val
637 1532 23 23 af
672 1532 46 27 fyra
733 1538 41 21 nya
787 1533 99 25 medlam-
