1109 1773
240 119 37 40 696
498 126 92 27 Börjarést.
602 123 44 26 1885.
669 130 17 18 14
698 130 48 23 April.

217 196 221 33 Hölsövärdsnämden.
468 195 48 31 Men
534 200 40 28 här
590 199 42 22 Han
648 205 26 16 en
688 199 54 27 gång
756 198 90 22 särskild
861 197 91 28 aflöning
966 198 7 21 i
990 197 40 22 och

217 225 35 25 för
260 225 124 32 Uppdråget
396 224 33 27 att
442 227 180 30 omhkanderhafva
640 227 186 22 skolhelsovärden
844 227 39 22 och
900 226 33 22 får
947 227 41 21 han
1004 233 26 15 en

218 230 130 60 Hatruktion
362 255 32 24 för
406 255 62 24 dettå
482 255 102 31 uppdrag,
598 257 117 22 mästehan
729 257 132 26 naturligtvis
871 256 159 27 fullständigare

220 284 54 31 eglia
284 284 35 31 Sig
333 284 65 31 derät.
424 287 14 27 I
444 285 54 28 vårt
512 285 49 28 länd
574 285 68 24 finnes
656 287 47 20 icke
718 286 68 27 någon
800 285 90 22 särskild
900 285 128 22 instruktion

216 315 36 21 för
267 313 96 24 läkarens
377 314 131 23 förhällähde
522 314 32 23 till
569 315 80 28 skofan.
679 315 42 21 Det
735 317 23 18 är
774 315 58 20 detta
846 315 20 20 vi
882 314 63 21 afsett
958 316 31 19 att
999 313 30 22 af-

217 342 73 29 hjelpa
304 341 26 24 ää
343 344 23 28 vi
380 344 7 28 i
401 341 156 24 reservationen
566 343 123 28 främhällit
706 342 100 23 behofvet
823 343 23 21 af
862 344 32 20 att
908 342 71 22 läkare
993 342 36 21 vid

221 370 98 29 skolorna
332 371 69 22 blefve
418 371 101 29 ånstälda,
534 370 82 23 hvilkas
634 372 133 21 verksamhet
784 377 76 20 genom
878 371 153 21 instruktioner

219 400 69 21 Blefve
303 398 96 23 närttäre
413 399 102 22 bestämd.

287 426 55 22 Herr
357 424 146 31 Målmgren:
526 429 40 25 Jag
584 427 23 22 är
625 429 7 20 i
649 427 118 21 hufvudsak
785 427 142 21 förekommen
946 427 22 20 af
980 427 51 20 herr

221 455 100 28 Sundvall
336 456 40 21 och
390 456 36 20 vill
440 457 45 20 mot
499 457 48 20 herr
565 456 110 21 Molander
692 455 110 22 framhålla
821 457 31 19 att
866 455 35 21 vid
916 455 50 21 våra
980 455 48 21 sko-

218 484 33 21 lör
266 479 138 32 öfverhufvud
422 484 21 26 ej
458 483 68 22 finnas
547 484 104 21 särskilda
671 483 72 22 läkare
761 483 103 21 anstälda.
892 483 40 26 Jag
948 483 81 22 känner

217 508 76 25 "endast
308 511 31 28 ett
354 512 74 21 sådant
442 512 43 26 fall,
500 511 103 29 memligen
619 512 34 22 vid
664 512 36 21 det
710 512 42 21 rikt
763 512 105 21 donerade
879 512 67 27 lyceet
956 512 8 20 i
974 506 55 31 Åbo,

216 534 41 27 br
268 542 30 19 'en
311 538 72 23 täkåre
401 542 27 26 är
446 541 82 20 anstäld
546 539 36 23 för
604 543 31 19 att
656 542 49 25 taga
724 540 51 21 vård
794 546 33 15 om
842 541 106 20 elevernas
963 540 66 26 helsa,

217 567 40 28 när
271 568 65 21 behof
348 566 60 24 deräf
420 572 66 23 yppar
496 569 42 26 sig.
561 569 43 26 Mig
618 569 113 26 veterligen
745 568 61 22 torde
820 569 54 20 dock
889 568 59 21 detta
961 568 66 27 knap-

218 597 48 27 past
280 600 50 17 vara
344 597 60 21 fallet
418 597 36 21 vid
468 597 64 28 hågot
548 599 66 20 annat
631 597 97 22 läroverk
742 597 8 22 i
764 597 77 22 landet.
871 597 10 21 I
895 597 133 26 Helsingfors

219 627 23 20 är
257 625 139 28 förhållandet
414 626 81 25 sådant,
518 627 31 20 att
570 626 46 21 från
638 626 124 21 skolkassan
780 626 98 21 bekostas
893 626 90 26 tillfällig
997 626 31 21 lä-

218 653 108 27 karevård,
346 660 47 15 men
412 654 68 21 denna
501 655 74 21 kässäs
596 655 95 21 tillstånd
709 656 23 19 är
747 655 7 21 i
769 654 25 21 de
808 654 61 21 flesta
882 655 97 20 läroverk
994 655 33 20 sä-

217 683 58 27 dant,
294 684 32 19 att
344 681 48 23 man
410 681 18 28 &j
451 683 91 21 derifrän
564 682 42 22 kan
628 683 92 21 bestrida
742 683 96 26 ständiga
856 683 172 21 läkarearvoden.

217 711 41 21 Det
276 706 111 38 förefinnes
403 711 83 28 således
508 710 30 22 ett
559 712 90 26 verkligt
670 711 65 21 behof
752 711 34 21 för
803 711 50 21 våra
871 711 71 21 skolor
960 713 32 18 att
1006 710 22 21 få

217 739 104 29 särskilda
335 739 71 27 anslag
423 738 33 23 för
475 740 119 21 ändamålet
612 752 26 3 —
657 739 39 22 och
714 740 61 21 dessa
790 740 72 26 anslag
876 739 90 22 behöfva
980 739 48 21 icke

214 766 68 23 blifva
296 769 74 26 stora.

284 796 56 21 Herr
355 796 143 29 Wasenius:
513 797 40 21 Vid
570 798 162 26 genomläsande
751 797 23 21 af
787 798 58 20 detta
860 798 167 20 utskottsbetän-

216 825 70 21 kände
299 825 39 21 har
351 825 37 28 jag
400 825 71 21 funnit
486 827 30 20 att
530 824 49 22 hela
594 826 142 21 betänkandet
750 826 82 26 igenom
847 826 122 21 framhälles
980 828 47 24 nyt-

216 855 36 26 tän
268 852 38 33 och
320 854 180 28 nödvändigheten
512 854 26 20 af
549 859 28 16 en
592 854 69 21 bättre
676 854 125 21 läkarevärd
816 854 7 21 i
841 854 105 22 skolorna.
976 854 48 21 Men

217 877 103 26 utskottet
334 884 62 28 säger
411 884 31 20 att
456 882 75 28 frågan
546 885 50 19 utan
614 883 64 27 något
698 883 123 21 ständernas
840 883 115 28 ätgörande
970 883 6 21 i
993 889 33 15 sa-

212 910 45 29 ken
277 909 67 23 borde
366 911 62 21 häfva
450 912 28 21 all
492 909 70 31 titsigt
580 912 33 21 för
634 918 25 15 en
677 912 77 27 lycklig
773 912 89 27 lösning,
882 912 26 21 dä
927 912 98 27 samtliga

216 938 108 30 fäckmäns
335 938 108 23 utlätande
458 936 46 33 gätt
519 940 22 21 åt
556 938 57 24 detta
624 941 42 20 håll
677 941 38 21 och
727 941 71 20 stöder
812 941 68 21 denna
890 941 31 20 sin
932 941 92 26 uppfatt-

213 966 53 27 Ting
281 968 27 27 pä
322 969 36 20 det
372 968 132 22 förhållande
520 971 31 19 att
566 969 179 26 framställningar
759 969 7 21 i
782 969 58 22 detta
856 970 53 26 syfte
924 969 68 26 gjorts
1002 969 25 21 af

216 996 214 29 mödicinälstyrelsen
440 997 38 21 och
486 997 34 21 vid
530 998 35 21 det
573 998 105 21 allmänna
686 998 182 21 skolläraremötet
876 998 7 21 i
891 997 133 27 Helsingfors

215 1025 24 21 år
248 1023 60 28 1867,
317 1025 83 22 således
407 1025 33 21 för
450 1025 25 22 18
484 1024 102 28 äv'sedan,
597 1026 107 21 äfvensom
714 1028 30 19 att
753 1027 67 20 denna
828 1026 156 27 framställning
992 1032 32 15 se-

215 1054 95 21 dermera
326 1054 152 28 återupptagits
497 1054 22 21 af
538 1054 53 22 1879
610 1055 34 20 års
663 1054 133 26 skolkomit6,
815 1055 83 21 således
917 1054 33 21 för
968 1055 13 21 6
1000 1055 24 20 är

212 1080 74 30 sEdän,
300 1083 57 20 samt
372 1081 74 22 Senare
461 1081 61 23 äfven
538 1080 22 23 af
567 1081 164 28 Skolstyrelsen.
753 1082 31 21 På
798 1083 68 26 grund
877 1082 23 22 af
909 1083 35 21 det
954 1083 68 20 ofant-

215 1107 26 24 ligt
268 1110 74 28 stärka
356 1111 96 25 intresse,
472 1113 44 19 som
534 1109 125 28 regeringen
678 1111 66 21 under
759 1111 63 21 dessa
838 1111 25 21 18
879 1111 24 21 är
921 1111 55 21 visat
990 1111 34 21 för

210 1138 63 29 Hetta
288 1138 70 29 behof,
372 1138 36 21 vill
427 1137 103 23 utskottet
547 1138 52 28 göra
614 1139 72 27 troligt
705 1141 32 19 att
754 1139 28 21 all
801 1140 66 26 utsigt
885 1139 69 22 skulle
969 1139 56 22 före-

214 1164 67 31 finnas
296 1165 33 22 för
344 1160 37 40 att
390 1167 67 27 denna
473 1167 60 26 fråga
547 1167 54 28 skall
616 1168 22 21 få
654 1174 24 15 en
694 1167 77 28 lycklig
786 1168 88 27 lösning.
904 1167 44 27 Mig
960 1174 63 21 synes

214 1190 31 32 ätt
260 1195 26 20 dä
301 1191 68 32 denna
383 1193 33 23 fråga
458 1196 26 21 18
500 1194 24 23 är
542 1195 52 22 stått
609 1196 29 27 på
653 1196 164 27 dagordningen,
833 1198 50 19 utan
898 1197 32 20 att
944 1196 78 27 nägon-

213 1221 71 30 ting
273 1215 15 41 i
304 1222 63 30 saken
384 1219 71 33 blifvit
472 1224 112 28 tillejordt,
602 1224 118 27 utsigterna
738 1224 33 21 för
789 1231 25 14 en
832 1225 82 26 lösning
932 1224 23 21 af
972 1225 51 20 den-

210 1249 84 31 Sänimä
312 1251 50 27 utan
379 1250 127 26 Ständerkas
523 1251 138 30 päiryckning
680 1254 36 19 äro
735 1253 80 26 ganska
833 1253 67 26 ringa.
928 1253 41 26 Jag
984 1253 39 20 ber

210 1278 75 23 derför
300 1281 31 20 att
343 1280 24 27 få
379 1278 88 23 förorda
481 1281 163 21 reservationen.

214 1334 2 2 |
280 1307 56 30 Hefr
351 1307 110 30 Öhberg:
480 1306 56 24 Herr
553 1309 112 24 Wasenius
685 1315 61 21 synes
764 1310 43 25 mig
825 1309 45 21 icke
887 1309 61 21 hafva
962 1309 62 21 tänkt

218 1336 22 24 på
254 1334 153 32 itittekället
381 1330 28 41 af
420 1336 40 29 den
475 1335 95 29 petition,
589 1338 59 21 öfver
666 1337 85 22 hvilken
767 1337 104 22 utskottet
886 1337 44 21 haft
945 1339 32 19 att
991 1337 31 22 af-

209 1337 60 81 bliva
286 1337 38 81 ltt
333 1363 149 31 Pätänkände,
492 1363 106 31 nemligen
612 1367 35 20 att
662 1372 25 15 en
702 1366 73 21 läkare
790 1366 64 21 måtte
870 1367 100 21 anställas
986 1366 35 21 vid

224 1387 204 35 kölöfverstyrelsen.
458 1393 110 22 Utsköttet
582 1395 38 20 har
634 1395 46 21 icke
694 1397 54 19 trott
762 1397 31 19 att
808 1395 141 22 anställandet
963 1395 23 21 af
994 1401 27 16 en

211 1420 67 30 sådan
293 1422 75 29 läkare
382 1420 72 32 skulle
474 1422 47 22 teda
537 1421 35 23 till
594 1423 65 27 något
677 1424 125 22 nämnvärdt
820 1424 88 22 resultat
926 1424 38 22 och
983 1424 54 21 har.

206 1445 78 35 derför
297 1449 75 27 ätisétt
381 1449 31 22 ätt
424 1450 117 29 petitionen
553 1450 41 23 bör
610 1452 79 21 lemnas
704 1455 50 18 utan
768 1452 106 22 afseende.
904 1452 117 22 Reservan-

208 1478 61 30 terne
285 1478 45 22 åter
345 1477 63 31 Häfva
422 1480 62 21 väckt
498 1481 24 20 en
537 1481 29 26 ny
577 1480 97 27 petition,
690 1482 44 20 mot
748 1480 84 22 hvilken
841 1481 37 27 jag
888 1480 33 22 för
931 1480 42 22 min
984 1481 35 21 del

208 1506 106 29 förklarat
330 1509 34 27 att
369 1508 40 28 jag
421 1508 41 20 har
476 1508 110 29 ingeriting
600 1510 32 20 att
646 1509 106 26 anmärka,
769 1509 66 21 ehuru
848 1508 172 28 jag;vissetligen

208 1533 65 23 redan
289 1535 6 20 i
307 1533 108 23 'utskottet
425 1536 69 26 ansåg
509 1538 31 19 att
555 1535 36 23 det
605 1537 45 21 icke
666 1538 118 26 egentligen
800 1544 37 14 var
852 1537 114 22 utskottets
981 1538 39 21 såk
