1109 1773
369 132 146 26 Borgarest.:1885.
538 134 11 19 9
561 134 40 24 Maj.
826 134 45 19 1037

80 204 124 22 detsamma:
213 204 105 26 enhälligt
332 203 84 22 förenat
431 202 32 28 sig
478 208 33 16 om
527 205 32 20 att
573 204 75 21 remiss
663 203 33 22 till
710 203 81 22 utskott
802 204 92 22 omedel-

80 232 51 22 bart
146 232 70 22 skulle
230 232 45 27 ske,
291 233 33 21 att
336 232 111 22 remittera
461 231 161 28 ifrägavarande
632 232 78 28 nädiga
718 232 132 27 proposition
859 238 34 16 n:o

79 261 27 22 41
123 260 33 22 till
170 261 147 27 lagutskottet.

147 329 121 27 Föredrogs
288 328 38 24 och
345 328 113 32 bordlädes
478 328 33 22 till
526 328 174 23 nästkommande
718 328 101 28 måndags
838 335 55 15 sam-

78 355 121 25 manträde:

119 387 2 3 *
148 387 40 21 1:0.
217 386 161 26 Lagutskottets
397 385 133 22 betänkande
549 391 35 16 n:o
604 386 32 25 10,
655 386 7 20 i
680 385 114 27 anledning
812 375 24 32 af
849 388 44 19 sär-

78 414 72 22 skilda
165 415 57 21 inom
238 412 150 29 ridderskapet
400 414 40 22 och
455 414 63 21 adeln
533 415 55 21 samt
603 414 99 26 borgare-
718 414 39 22 och
767 414 137 22 bondestån-.

82 443 41 22 den
138 443 76 22 väckta
232 438 182 42 petitionsförslag
432 442 109 27 angäende
560 443 90 26 ändring
667 443 23 21 af
706 442 73 29 lagens
794 443 99 27 stadgan-

80 472 41 31 den
136 472 91 22 rörande
242 471 40 28 gift
296 471 88 28 gvinnas
399 471 315 27 förmögenhetsförhällanden;

149 501 41 21 2:0.
220 500 161 27 Lagutskottets
396 499 134 22 betänkande
544 505 35 16 n:o
595 500 25 21 11
636 500 49 21 med
700 500 112 27 anledning
827 499 23 22 af
863 501 31 20 ett

81 529 57 22 inom
160 529 177 26 borgareständet
357 528 63 21 väckt
441 528 182 27 petitionsförslag
640 529 109 26 angäende
770 528 40 27 gift
834 528 59 27 gvin-

79 564 39 15 nas
141 558 139 26 näringsrätt;

147 587 41 20 3:0.
210 585 160 28 Lagutskottets
388 585 134 22 betänkande
540 591 34 16 n:o
598 585 26 22 13
645 585 8 21 i
674 585 114 27 anledning
810 585 23 22 af
848 587 44 20 sär-

80 614 70 22 skilda
171 615 8 28 i
200 616 82 26 preste-
301 613 39 34 och
357 613 159 23 bondeständen
534 613 76 22 väckta
628 613 80 27 förslag
726 614 34 21 till
780 613 113 28 petitioner

80 641 99 30 rörande
187 643 115 26 ändringar
316 642 7 21 i
338 642 192 27 värnepligtslagen
546 642 33 22 för
593 642 99 27 Finland;
708 644 55 20 samt

147 670 35 23 4:0
198 671 214 22 ekonomiutskottets
430 671 133 26 betänkande
581 677 33 15 n:o
634 671 19 26 7,
672 671 7 21 i
691 670 119 28 -anledning
826 670 22 22 af
862 666 32 27 ett

79 696 57 26 inom
152 700 154 21 bondeståndet
321 699 62 22 väckt
397 695 183 31 petitionsförslag
595 705 33 16 om
643 687 132 39 anläggande
785 699 23 22 af
821 705 25 16 en
856 699 37 22 ka-

79 728 36 22 nal
130 729 78 21 mellan
218 725 107 30 Päijänne
340 728 40 21 och
394 727 90 33 Keitele.

148 825 68 23 Nästa
230 826 85 34 plenum
331 825 68 22 skulle
414 825 70 22 hällas
497 825 103 28 lördagen
614 819 39 28 den
667 825 16 32 9
698 825 7 21 i
723 825 69 22 denna
810 825 82 23 mänad.

124 959 2 2 =
148 929 90 32 Plenum
252 929 75 22 afslöts
342 928 29 22 kl.
387 926 25 27 '/2
420 930 25 21 11
461 935 19 15 e.
495 935 27 15 m.

660 968 22 17 In
694 967 64 18 fidem:

592 1007 96 22 Maurite
702 1007 117 28 Hornborg.

292 1152 104 29 Lördagen
412 1152 38 23 den
465 1152 13 23 9
494 1152 40 28 Maj
550 1152 26 23 kl.
592 1151 12 24 6
620 1157 18 18 e.
653 1156 24 19 m.

146 1203 41 22 Vid
209 1204 119 21 verkstälät
348 1209 82 22 upprop
448 1203 104 22 befunnos
570 1203 94 27 följande
682 1203 211 22 ständsmedlemmar

78 1231 147 28 fränvarande,
236 1232 106 28 nemligen
352 1232 74 22 herrar
436 1232 128 22 Rosenius
575 1232 39 21 och
628 1231 114 22 Kivekäs
753 1231 23 22 af
789 1231 58 22 förut
856 1238 37 15 an-

78 1261 103 22 tecknade
196 1261 88 22 orsaker
298 1263 56 20 samt
367 1261 50 21 herr
431 1260 153 30 Hammarén
599 1261 28 28 pä
637 1261 68 26 grund
720 1260 24 22 af
756 1266 29 16 nu
799 1261 95 21 anmäldt

78 1289 39 22 och
132 1289 23 22 af
168 1289 84 33 ståndet
264 1289 79 28 jemväl
358 1289 108 28 godkändt
481 1289 78 22 förfall.

144 1369 116 27 Upplästes
274 1369 34 26 till
321 1369 105 28 justering
440 1370 40 21 och
494 1369 124 28 godkändes
632 1369 68 28 nägra
713 1369 77 28 utdrag
800 1376 26 15 ur
836 1369 56 22 stän-

78 1397 46 22 dets
138 1397 108 28 protokoll
260 1397 34 22 för
308 1400 84 20 senaste
408 1399 161 21 sammanträde.

144 1483 57 22 Från
220 1483 139 23 medständen
377 1483 55 23 hade
450 1483 123 27 ankommit,
592 1465 108 50 upplästes
718 1483 40 22 och
779 1483 59 23 lades
859 1484 33 21 till

77 1511 155 29 handlingarna
246 1512 106 22 särskilda
366 1512 202 28 protokollsutdrag,
584 1512 106 27 nemligen
732 1528 2 2 —-

123 1559 1 3 «
147 1542 33 22 1:0
195 1541 47 23 från
257 1541 148 28 ridderskapet
420 1541 39 22 och
473 1541 62 23 adeln
551 1541 49 22 med
614 1541 148 33 meddelande:
