1111 1773
228 130 34 18 712
494 129 92 23 Borgarest.
599 128 44 19 1885.
666 128 18 19 18
696 128 47 23 April

206 200 61 20 stade
282 205 27 15 m.
325 205 28 14 m.
375 199 33 20 En
424 204 82 15 summa
521 198 23 21 af
557 198 65 20 minst
638 198 112 25 1,200,000
766 196 61 21 mark
843 203 62 14 anser
917 196 37 27 jag
970 196 54 20 såle-

206 228 38 20 des
263 227 81 27 ganska
363 227 108 27 probabel,
490 226 70 21 såsom
580 226 47 26 den,
650 226 32 20 till
705 225 84 21 hvilken
808 225 117 21 kostnaden
947 224 77 21 verkli-

206 262 40 20 gen
262 256 69 20 skulle
351 256 76 26 belöpa
446 256 32 25 sig
498 255 33 21 för
550 256 31 20 ett
597 254 47 27 hus,
663 254 101 27 uppfördt
783 254 54 21 efter
853 254 36 21 det
904 252 58 22 förra
976 258 48 22 pro-

203 284 70 26 jektet
287 284 28 26 på
330 286 108 24 qvarteret
454 284 107 20 Servalen.

273 312 41 26 Jag
330 312 94 20 kommer
439 312 32 20 till
488 312 146 26 ungefärligen
650 317 81 14 samma
746 311 96 23 resultat,
859 316 32 14 om
900 310 37 26 jag
946 309 79 26 jemför

206 341 36 20 det
257 341 48 20 med
320 340 142 25 riddarhuset,
479 346 45 14 som
540 342 24 18 är
579 341 31 19 ett
624 339 40 20 hus
679 338 33 21 för
728 339 75 20 endast
819 340 30 18 ett
860 338 68 20 stånd.
949 337 75 21 Såsom

205 369 69 21 denna
289 368 91 21 kostnad
395 370 24 18 är
434 368 114 26 uppgifven
563 368 7 20 i
586 367 114 21 utskottets
717 366 132 21 betänkande
865 366 23 20 af
903 366 73 20 herrar
992 371 32 15 re-

205 398 116 24 servanter,
344 396 154 26 uppskattades
520 396 136 20 riddarhuset
677 395 35 20 vid
736 395 55 20 1872
814 394 35 20 års
871 394 101 26 landtdag
991 393 32 21 till

204 425 93 25 233,000
313 425 66 24 mark,
395 424 86 20 hvartill
497 424 95 20 kommer
607 424 31 20 ett
653 423 89 20 statslän
758 422 12 21 å
786 422 92 26 152,000
893 422 66 25 mark,
971 422 53 20 hvil-

204 452 36 21 ket
255 452 140 21 tillsammans
411 454 63 24 utgör
491 452 93 25 385,000
601 451 68 22 mark.
702 451 41 21 Tre
762 450 80 27 gånger
858 450 68 21 denna
942 456 82 15 summa

204 483 63 24 utgör
281 481 7 20 i
304 481 36 20 det
355 482 106 19 närmaste
479 481 112 24 1,200,000
607 480 66 20 mark.
692 479 78 20 Härtill
785 479 96 20 kommer
897 481 31 18 att
943 479 34 20 vid
992 478 32 21 fö-

206 509 106 25 regående
332 509 101 24 landtdag
452 510 56 18 emot
527 507 171 21 treståndshuset
716 507 27 26 på
762 507 101 20 Servalen
883 513 24 14 en
924 506 48 20 svår
988 512 36 14 an-

204 536 111 26 märkning
334 536 92 26 gjordes,
446 536 103 25 nemligen
569 537 32 19 att
619 535 114 26 förstugor,
756 535 123 25 vestibuler,
902 534 122 20 korridorer

204 565 39 20 och
261 564 188 27 trappuppgångar
467 570 51 15 voro
537 563 32 21 för
589 563 51 26 små,
664 563 68 20 likaså
750 569 24 14 en
795 563 33 20 del
846 562 128 26 pleniisalar,
991 564 32 18 ut-

204 593 79 20 skotts-
298 593 39 20 och
352 593 67 20 andra
434 599 52 14 rum.

272 620 39 21 Om
325 621 37 26 jag
377 627 28 14 nu
420 621 39 25 går
474 622 23 19 ut
512 620 45 20 från
576 620 36 21 det
626 620 136 26 antagandet,
782 621 31 19 att
828 619 75 26 sjelfva
919 619 62 20 huset
996 619 27 26 på

203 649 101 20 Servalen
321 649 69 20 skulle
406 649 62 20 kosta
484 649 112 25 1,200,000
611 648 66 25 mark,
694 648 85 20 hvarom
794 647 37 26 jag
847 647 33 20 för
896 647 40 20 min
954 647 33 20 del
998 649 24 18 är

202 677 50 20 fullt
271 677 131 26 öfvertygad,
426 676 39 21 och
488 677 73 25 lägger
581 677 69 20 dertill
674 676 33 20 för
726 677 81 19 tomten
826 681 25 14 en
871 675 13 21 5
903 675 12 20 å
930 675 92 25 600,000

203 705 66 25 mark,
286 707 21 24 ty
320 705 37 26 jag
372 706 45 19 tror
437 705 39 19 den
496 705 46 20 icke
560 710 86 15 numera
662 704 41 20 kan
719 704 32 19 fås
766 703 33 20 för
815 703 105 26 billigare,
936 703 38 20 och
990 705 32 24 yt-

202 733 101 25 terligare
322 733 91 20 adderar
433 732 70 20 dertill
523 732 116 20 kostnaden
660 731 33 21 för
713 731 134 20 riddarhuset
867 731 48 20 med
930 731 92 24 385,000

203 761 60 20 mark
283 763 54 17 samt
355 763 61 21 tager
434 760 111 25 planering
565 760 38 20 och
622 760 144 25 planteringar
785 759 48 20 med
851 759 6 20 i
874 759 146 24 betraktande,

202 788 141 26 uppskattade
367 788 31 20 till
422 788 58 20 cirka
498 788 79 25 30,000
595 787 65 23 mark,
681 787 24 20 så
725 787 94 20 kommer
837 787 37 26 jag
889 793 42 20 upp
946 787 33 20 till
995 793 26 14 en

202 816 186 21 kostnadssumma
404 816 23 20 af
440 816 114 25 2,215,000
569 815 66 20 mark.
658 815 75 20 Denna
749 821 82 14 summa
847 815 73 25 skiljer
931 815 32 26 sig
974 815 46 20 icke

202 844 24 20 så
241 844 84 26 mycket
339 844 47 20 från
402 844 40 20 den
459 850 88 19 summa,
562 843 34 21 för
611 843 84 21 hvilken
712 843 62 20 huset
788 843 27 26 på
826 843 194 21 Observatoriiber-

201 874 36 24 get
252 872 71 21 blifvit
338 872 147 26 projekteradt
500 871 32 21 till
549 871 119 21 utförande.

269 901 43 20 För
327 901 42 20 min
386 900 33 21 del
436 900 68 21 skulle
518 900 37 26 jag
571 900 53 21 dock
640 900 18 26 ej
675 900 64 20 hafva
753 900 66 26 något
829 901 63 24 emot,
904 899 70 21 såsom
982 900 38 26 jag

202 930 64 20 redan
282 929 90 26 tidigare
388 929 78 21 uttalat
482 929 49 25 mig,
550 931 32 18 att
601 929 37 21 det
656 935 40 20 nya
715 928 150 21 ständerhuset
884 928 68 20 skulle
968 934 52 21 upp-

200 958 58 20 föras
273 958 28 26 på
317 958 107 26 Servalen,
440 958 99 25 antingen
559 957 93 21 enskildt
672 957 34 20 för
724 958 38 24 sig,
779 957 53 20 eller
850 957 3 20 i
869 956 151 26 sammanhang

202 986 47 20 med
265 986 136 20 riddarhuset
420 986 24 20 så
463 987 32 19 att
513 985 135 21 riddarhuset
667 985 67 20 skulle
751 985 104 25 utvidgas.
885 985 41 25 Jag
940 984 80 21 förstår

201 1014 54 20 blott
274 1014 46 20 icke
339 1014 55 20 huru
413 1014 59 20 detta
490 1013 55 21 skall
564 1013 27 26 gå
609 1013 33 21 för
661 1013 39 26 sig.
730 1013 50 20 Man
799 1013 38 20 har
856 1013 6 20 i
882 1013 27 21 23
924 1012 24 21 år
963 1012 57 26 gjort

199 1042 74 20 försök
289 1042 47 20 med
353 1042 59 20 detta
427 1041 89 27 projekt,
533 1048 47 14 men
591 1042 36 20 det
643 1041 38 20 har
696 1041 46 20 icke
757 1041 74 20 vunnit
841 1041 115 26 pluralitet,
968 1043 52 18 utan

199 1070 98 20 strandat
313 1072 56 18 emot
384 1070 39 20 den
441 1070 62 20 svåra
518 1070 85 25 klippan
621 1081 24 3 —
662 1069 36 20 två
714 1069 61 20 stånd
791 1071 44 18 mot
849 1069 42 25 två,
908 1069 38 20 och
960 1069 59 20 kom-

200 1104 45 14 mer
263 1098 34 20 väl
316 1097 62 21 äfven
396 1097 106 26 framgent
521 1099 31 19 att
566 1099 53 24 göra
637 1098 41 20 det.
712 1097 155 26 Delegationen
885 1096 33 21 för
937 1097 31 20 sin
985 1097 34 20 del

199 1132 38 14 var
256 1126 127 20 åtminstone
402 1125 24 21 så
445 1125 130 26 fullkomligt
595 1125 123 26 öfvertygad
738 1131 40 19 om,
798 1127 31 18 att
847 1125 24 20 så
889 1125 69 20 skulle
974 1125 45 25 ske,

199 1156 32 18 att
246 1153 56 21 inom
319 1154 123 20 densamma
457 1154 46 20 icke
519 1153 61 21 fanns
596 1160 25 14 en
638 1154 54 20 enda
706 1159 84 20 person,
807 1159 45 14 som
871 1153 69 20 skulle
956 1152 63 21 hafva

198 1182 116 26 uppkastat
329 1182 58 20 detta
403 1182 86 26 förslag.
512 1181 50 21 Men
579 1181 68 21 skulle
663 1182 6 20 i
685 1182 43 20 alla
742 1181 38 21 fall
796 1182 58 20 detta
865 1181 80 26 förslag
956 1181 63 21 vinna

198 1210 165 25 ständerbeslut,
384 1210 23 20 så
426 1211 24 19 är
470 1210 39 20 den
530 1210 175 26 anslagssumma,
725 1216 44 14 som
789 1210 22 20 åt
830 1210 147 25 delegationen
997 1209 23 21 af

200 1240 160 19 reservanterne
379 1238 97 25 föreslås,
496 1238 88 20 alldeles
603 1238 139 26 otillräcklig;
767 1238 40 20 den
826 1238 68 20 måste
909 1237 61 27 höjas
986 1237 32 21 till

197 1266 128 21 åtminstone
343 1266 111 26 1,800,000
470 1266 66 20 mark.
569 1266 49 20 Man
638 1266 41 20 kan
695 1266 24 26 ju
738 1266 46 20 icke
805 1266 72 26 tvinga
893 1272 26 14 en
934 1266 85 26 delega-

198 1295 45 20 tion
258 1295 33 20 till
307 1295 37 20 det
359 1294 105 27 omöjliga.
494 1294 42 26 Jag
555 1294 67 21 måste
642 1294 82 20 således
743 1294 65 20 redan
825 1294 27 26 på
867 1294 69 20 denna
950 1294 68 26 grund

198 1322 95 21 förkasta
313 1325 175 18 reservanternes
506 1322 87 26 förslag,
613 1322 80 20 hvilket
712 1322 115 26 dessutom,
843 1322 70 20 såsom
930 1322 37 26 jag
982 1328 36 20 ge-

198 1357 49 15 nom
263 1351 70 21 siffror
348 1350 82 21 försökt
445 1351 51 25 visa,
513 1351 69 20 skulle
597 1352 53 24 göra
665 1351 75 19 endast
755 1356 26 14 en
797 1350 108 26 obetydlig
920 1350 99 26 inbespa-

198 1379 47 26 ring
265 1380 6 19 i
293 1379 179 25 totalkostnaden,
492 1378 26 21 då
537 1378 116 21 kostnaden
676 1378 34 21 för
728 1378 137 21 riddarhuset
884 1378 134 21 medräknas.

197 1407 42 21 Det
254 1409 24 19 är
294 1408 108 20 dessutom
418 1407 62 23 klart,
497 1408 31 19 att
543 1406 36 21 två
593 1406 39 20 hus
648 1406 70 26 aldrig
732 1408 37 19 äro
785 1406 119 21 detsamma
919 1412 45 15 som
980 1408 36 19 ett.

196 1435 45 21 Och
257 1441 34 15 om
307 1441 49 15 man
371 1434 63 21 äfven
449 1440 75 20 genom
541 1441 25 14 en
582 1434 132 26 tillbyggnad
730 1434 101 21 förenade
847 1434 36 20 det
893 1434 124 22 tillämnade

196 1463 172 21 treständshuset
382 1463 28 26 pä
424 1464 109 25 qvarteret
548 1462 100 21 Servalen
668 1462 47 21 med
735 1462 142 26 riddarhuset,
896 1462 70 21 blefve
982 1463 36 20 det

196 1491 55 21 dock
266 1491 27 26 på
309 1491 58 21 detta
383 1492 43 20 sätt
441 1491 49 20 vida
505 1490 183 26 ofullständigare,
704 1492 26 18 än
746 1496 34 15 om
796 1496 49 15 man
864 1490 68 21 skulle
948 1490 70 27 bygga

195 1521 32 18 ett
242 1519 45 21 helt
302 1519 38 21 och
355 1519 67 20 hållet
437 1520 46 25 nytt
493 1518 45 21 hus.
554 1518 38 21 Att
601 1518 142 25 riddarhuset,
764 1518 1 20 i
781 1518 38 21 och
835 1518 47 20 med
899 1519 119 21 detsamma
