1109 1764
375 132 93 22 Borgarest.
479 131 44 20 1885.
546 131 11 18 2
569 131 38 23 Maj.
831 131 33 18 901

144 200 57 21 Herr
215 201 198 26 Neppenström:
429 200 40 27 Jag
484 200 38 21 ber
537 202 32 19 att
583 200 21 21 få
618 200 88 27 upplysa
721 200 49 21 herr
785 199 103 22 Sanmark

78 229 78 25 derom,
172 230 31 19 att
225 229 36 21 det
278 229 115 26 ingalunda
410 235 37 15 var
464 229 43 20 min
528 229 85 26 mening
630 231 32 18 att
675 228 80 21 föreslå
769 228 120 27 byggandet

51 263 5 3 >
77 256 23 22 af
114 263 24 15 en
159 257 54 22 bana
227 257 46 21 från
288 257 80 27 Viborg
383 257 32 22 till
430 257 131 27 Trångsund.
590 257 41 26 Jag
645 257 98 21 framhöll
759 257 75 21 endast
849 258 38 25 att,

78 291 33 16 om
126 291 48 15 man
194 285 37 21 vill
250 285 63 21 hafva
331 292 26 15 en
375 286 63 20 hamn
453 285 46 21 med
516 285 60 26 djupt
590 287 78 24 vatten,
684 285 24 21 så
723 285 34 20 må
771 291 49 14 man
835 285 53 20 söka

76 313 33 27 sig
130 313 33 21 till
182 313 132 28 Trångsund,
333 314 38 21 der
389 313 90 28 Viborgs
504 313 105 27 egentliga
630 313 95 26 sjöhamn
747 315 24 18 är
792 313 96 26 belägen.

76 342 48 21 Med
140 342 99 21 afseende
255 342 12 21 å
281 342 157 21 vattenståndet
453 342 90 21 emellan
561 341 77 26 Viborg
653 341 38 21 och
707 341 131 26 Trångsund,
850 341 38 21 ber

74 370 36 27 jag
132 372 32 19 att
181 370 22 21 få
221 371 88 26 upplysa
327 370 49 21 herr
395 370 103 21 Rosenius
517 370 80 25 derom,
613 371 31 20 att
660 369 37 27 jag
716 369 78 21 mellan
809 369 79 26 Trång-

76 398 53 21 sund
149 398 38 21 och
202 398 80 27 Viborg
296 399 33 20 för
344 400 32 20 tre
391 398 53 21 eller
457 398 47 28 fyra
520 398 23 21 år
558 398 65 21 sedan
638 397 32 22 till
685 397 53 27 följd
753 397 23 21 af
789 397 36 21 det
841 396 48 27 låga

76 427 156 21 vattenståndet
254 427 105 21 förlorade
382 429 31 19 ett
434 427 79 21 lastadt
530 426 77 27 fartyg,
630 432 44 15 som
690 426 35 26 låg
739 425 45 22 åtta
805 425 39 22 och
863 431 26 15 en

75 455 47 21 half
135 455 31 22 fot
181 455 66 28 djupt.
276 456 65 21 Detta
355 456 66 21 borde
435 455 34 22 väl
484 461 52 16 vara
550 457 31 20 ett
595 455 72 21 säkert
681 454 58 22 bevis
755 454 27 27 på
802 456 31 19 att
854 453 35 22 Vi-

76 484 64 27 borgs
158 484 62 21 hamn
239 484 46 21 icke
308 486 24 19 är
353 484 86 27 lämplig
461 484 33 21 för
516 485 68 20 större
606 483 75 27 fartyg.
710 483 41 26 Jag
773 488 62 15 anser
858 484 32 19 att

76 512 73 27 frågan
168 512 69 21 kunde
255 512 22 21 få
295 513 32 20 sin
341 513 84 26 lösning
442 518 75 21 genom
532 512 124 26 utvidgning
674 511 23 22 af
711 511 40 21 den
767 511 23 21 så
804 510 85 22 kallade

76 535 109 26 Åbo-bron
201 540 85 26 derhän,
297 543 32 19 att
344 541 25 21 de
385 541 76 26 fartyg,
471 547 45 15 som
532 540 84 21 komma
631 545 42 22 upp
687 539 32 22 till
730 539 87 26 Viborg,
825 539 65 21 också

76 569 70 21 kunde
160 569 27 26 gå
202 569 53 21 fram
271 569 32 22 till
317 569 202 27 jernvägsbryggan.
544 569 112 26 Förslaget
671 574 33 15 om
720 574 25 15 en
755 567 77 21 bibana
842 567 47 21 från

74 597 206 27 jernvägsstationen
295 598 33 21 till
343 598 91 26 Viborgs
449 598 63 20 hamn
530 597 58 21 afser
607 597 75 21 endast
697 602 26 15 en
741 596 113 26 besparing
868 595 24 21 af

76 626 181 26 hästtransporter
271 626 34 20 för
318 626 91 26 Viborgs
424 626 131 25 trafikanter,
571 625 108 27 ingenting
694 626 71 20 annat.

143 654 56 21 Herr
214 654 103 27 Elving:
337 655 43 21 Det
394 654 110 22 förefaller
518 660 45 15 som
579 660 25 15 en
620 654 23 20 så
657 652 71 28 gifven
743 652 39 22 och
797 652 93 26 naturlig

54 682 61 28 sak
137 685 37 23 att,
191 683 26 21 dä
235 689 26 14 en
280 685 44 19 stor
342 683 98 21 handels-
455 683 38 21 och
514 682 80 27 sjöstad
613 688 76 20 genom
705 682 88 26 jernväg
809 682 24 20 är
847 680 43 22 för-

76 711 84 21 bunden
177 712 46 20 med
240 712 37 20 sitt
291 711 156 25 trafikomräde,
459 711 67 21 denna
539 711 90 26 jernväg
643 710 39 21 bör
697 710 38 21 och
751 709 66 21 mäste
830 709 59 21 ledas

76 739 33 21 till
128 739 85 21 stadens
232 740 69 20 hamn.
331 740 45 20 Har
395 746 25 14 en
439 739 147 21 försummelse
606 738 124 22 derutinnan
749 738 63 25 skett,
828 737 24 21 sä
866 738 24 20 är

76 768 37 21 det
128 768 45 21 skäl
189 770 32 19 att
236 768 39 22 den
291 768 24 22 sä
329 768 43 21 fort
386 774 45 15 som
446 768 84 27 möjligt
544 767 119 27 godtgöres.
686 766 75 22 Denna
775 766 114 27 grundsats

76 796 38 22 har
130 796 34 22 väl
180 797 39 21 den
235 797 106 25 allmänna
356 797 104 27 giltighet,
476 798 32 20 att
522 796 40 22 den
579 796 64 22 också
650 796 39 22 bör
702 795 71 21 kunna
783 794 107 27 tillämpas

74 825 28 27 pä
120 825 85 27 Viborg.
236 826 38 21 Att
293 826 68 21 denna
379 826 59 20 stads
457 824 125 22 trafikanter
597 825 66 21 önska
677 824 113 26 inbespara
805 824 85 20 kostna-

76 854 39 22 den
134 854 33 21 för
186 856 193 26 varutransporten,
399 860 44 15 som
462 854 121 21 föranledes
603 853 22 21 af
642 854 40 20 den
701 852 126 22 omnämnda
846 852 44 20 olä-

74 882 111 27 genheten,
201 885 24 19 är
244 890 24 14 en
287 883 45 21 helt
351 883 91 26 naturlig
461 882 38 22 sak
518 882 39 21 och
576 882 68 28 denna
663 881 112 27 besparing
795 880 95 21 kommer

74 911 47 21 icke
137 912 47 20 dem
200 912 70 21 allena
284 912 32 21 till
332 912 61 26 godo,
409 913 22 25 ty
447 912 25 20 de
487 910 63 22 hafva
566 910 75 22 endast
655 910 7 21 i
677 910 67 20 första
758 909 55 21 hand
829 910 60 26 nytta

75 939 69 26 deraf;
164 940 6 20 i
187 940 66 21 andra
267 940 56 21 hand
337 940 70 26 njutes
422 940 69 20 denna
506 939 68 21 fördel
589 938 136 26 naturligtvis
740 938 23 20 af
775 938 114 26 köparene.

76 967 93 21 Sälunda
184 968 125 26 tillgodoser
323 968 62 21 äfven
401 969 58 20 detta
473 967 51 27 spär
538 969 31 19 ett
584 967 89 21 allmänt
682 966 69 21 behof.
774 965 40 21 Om
825 965 65 21 ocksä

74 996 47 21 icke
139 996 26 22 de
185 998 78 20 största
281 996 69 27 fartyg
369 996 70 21 kunna
453 996 50 26 löpa
518 1002 41 20 upp
574 996 33 20 till
621 995 92 27 Viborgs
725 994 163 27 jernvägsbryg-

75 1030 33 21 ga,
124 1024 71 22 kunna
215 1025 80 21 mindre
313 1025 70 27 fartyg
400 1026 52 26 göra
471 1025 42 25 det,
528 1024 39 21 och
582 1024 7 20 i
603 1024 73 26 hvarje
691 1023 100 21 händelse
806 1022 82 21 medför

76 1053 46 21 den:
132 1053 120 27 föreslagna
267 1054 68 21 banan
351 1060 24 14 en
391 1053 112 27 besparing
518 1052 22 22 af
554 1052 66 27 dryga
635 1052 149 21 omkostnader
799 1050 32 22 för
846 1056 44 16 om-

76 1081 93 27 lastning
185 1082 38 21 och
239 1082 94 26 forsling.

144 1110 58 21 Herr
221 1110 111 26 Hoving:
351 1110 42 21 Det
407 1110 24 21 af
444 1110 49 20 herr
507 1109 155 27 Neppenström
677 1108 124 22 framstälda
815 1108 75 21 försla-

75 1140 37 24 get
129 1138 57 21 visar
207 1141 31 19 att
257 1139 47 26 han,
319 1141 54 19 trots
389 1139 46 21 sina
449 1138 151 26 försäkringar,
616 1138 54 21 dock
684 1137 47 21 icke
745 1137 39 21 har
798 1137 52 21 reda
863 1136 28 28 pä

76 1166 160 22 förhällandena
255 1168 6 20 i
281 1167 86 27 Viborg.
396 1167 33 21 De
447 1166 122 27 kostnader,
585 1172 45 16 som
649 1166 68 22 skulle
736 1166 106 21 erfordras
858 1165 33 21 för

76 1196 31 20 att
127 1195 129 27 förverkliga
278 1196 53 21 hans
349 1196 56 26 plan,
421 1195 70 21 blefve
510 1195 67 26 enligt
594 1195 42 21 min
655 1194 64 22 tanke
737 1196 68 20 större
820 1196 28 19 än
864 1194 26 21 de

75 1224 122 26 kostnader,
212 1230 45 16 som
273 1224 68 22 skulle
357 1224 108 22 ähvälfvas
481 1223 134 27 statsverket,
630 1229 75 21 genom
720 1225 31 19 att
766 1223 69 27 bygga
850 1222 40 22 den

76 1252 161 27 ifrägavarande
252 1253 68 21 banan
335 1259 38 15 ner
388 1252 32 22 till
431 1252 90 26 Viborgs
536 1252 69 21 hamn.
631 1252 156 26 Omändringen
802 1251 23 21 af
843 1245 47 27 Åbo

76 1281 38 21 bro
134 1281 70 21 allena
219 1281 68 21 skulle
303 1284 50 24 taga
367 1282 7 20 i
389 1280 92 28 anspråk
495 1287 27 15 en
537 1280 81 27 ganska
632 1282 45 19 stor
692 1286 87 19 summa,
795 1280 38 21 och
849 1280 40 21 den

48 1309 167 27 "erforderliga
230 1310 162 27 fördjupningen
407 1309 23 22 af
444 1308 197 26 Salakkalahti-vik,
652 1308 33 22 för
699 1310 32 20 att
745 1308 70 27 fartyg
829 1308 61 21 skola

76 1338 70 21 kunna
164 1338 85 21 komma
267 1345 42 21 upp
324 1339 33 21 till
377 1338 200 27 jernvägsbryggan,
593 1337 68 21 skulle
679 1337 74 21 kräfva
771 1336 118 28 betydande

76 1366 122 21 kostnader.
228 1367 56 26 Men,
300 1373 33 14 om
349 1366 64 21 också
427 1366 104 21 hvardera
546 1366 63 21 dessa
623 1366 100 25 åtgärder
738 1365 69 21 skulle
821 1365 69 20 vidta-

76 1400 44 21 gas,
136 1394 23 21 så
174 1396 24 19 är
213 1395 107 21 dessutom
336 1395 74 20 härvid
428 1396 32 19 att
478 1394 74 21 märka
571 1394 36 21 det
622 1393 191 22 Salakkalahti-vik
827 1395 25 19 är
866 1393 24 20 så

76 1422 68 27 trång,
160 1424 32 19 att
210 1423 40 21 den
269 1423 54 21 blott
341 1423 113 26 inrymmer
473 1422 23 21 så
511 1422 76 27 många
601 1421 76 28 fartyg,
693 1427 44 16 som
752 1422 27 26 på
795 1427 25 16 en
835 1421 55 27 gång

76 1450 70 21 kunna
156 1451 64 26 lägga
229 1451 33 20 till
277 1451 35 21 vid
327 1451 40 21 den
381 1451 86 26 brygga,
481 1450 86 21 hvilken
581 1450 34 21 för
619 1450 127 27 jernvägens
753 1449 91 27 räkning
852 1449 36 22 der

77 1479 70 22 blifvit
165 1479 71 22 utförd
251 1479 39 22 och
312 1479 85 21 hvilken
420 1479 81 27 brygga
519 1480 25 19 är
559 1478 22 21 af
599 1478 23 21 så
637 1478 46 21 små
697 1478 147 25 dimensioner,
860 1479 31 20 att

78 1508 75 22 endast
168 1510 31 19 ett
213 1515 38 20 par
261 1508 69 27 fartyg
341 1507 108 27 samtidigt
459 1507 22 21 få
491 1513 45 15 rum
547 1507 35 21 vid
593 1507 127 21 densamma.
743 1506 98 27 Bryggan
851 1506 39 27 lig-

78 1543 38 21 ger
134 1537 107 21 dessutom
260 1536 51 22 flere
329 1537 31 20 fot
379 1537 58 26 lägre
455 1538 27 19 än
496 1535 123 27 jernbanan,
635 1535 85 21 hvilken
735 1534 155 27 omständighet
