1114 1764
231 128 34 19 576
502 127 93 23 Borgarest.
607 127 44 19 1885.
674 127 6 18 1
692 127 50 22 April.

276 197 58 21 Herr
349 197 124 20 talmannen
488 196 125 21 meddelade
629 197 32 19 att
676 195 48 21 herr
740 195 103 26 Hoving
858 195 92 21 anhällit
964 196 32 21 att
1003 195 34 21 för

209 225 98 22 enskilda
325 224 182 27 angelägenheter
522 224 22 21 få
560 223 100 21 frånvara
674 223 47 21 från
737 223 178 22 nästkommande
930 229 107 16 samman-

208 254 68 25 träde,
292 253 87 21 hvilken
395 252 100 21 anhållan
510 252 24 21 af
547 251 85 21 ståndet
646 251 79 21 bifölls.

277 348 91 21 Plenum
384 347 74 22 afslöts
472 347 54 21 härå
540 348 28 21 kl.
586 349 11 20 7
614 348 38 21 och
667 348 28 21 45
711 348 92 21 minuter
818 353 18 14 e.
853 353 27 15 m.

799 387 22 16 In
834 385 64 19 fidem:

730 419 97 22 Mauritz
842 419 119 28 Hornborg.

425 562 106 27 Onsdagen
548 561 38 22 den
601 561 7 23 1
625 561 53 28 April
694 562 26 22 kl.
733 561 16 23 11
766 561 14 23 f.
797 566 24 17 m.

279 619 42 22 Vid
335 619 119 21 verkstäldt
469 625 83 20 upprop
567 619 104 20 befunnos
685 619 95 26 följande
794 619 24 20 af
829 618 97 21 ständets
936 618 102 22 medlem-

211 654 46 15 mar
271 647 148 26 fränvarande,
435 647 117 26 nemligen:
567 647 75 20 herrar
656 647 136 26 Tallgvist,
808 647 107 26 Hoving,
932 646 106 22 Roseni-

210 682 35 20 us,
262 676 137 25 Stenbäck,
415 660 145 45 Junnelius,
577 675 153 26 Söderlund,
746 675 78 26 Lund,
840 675 121 24 Neovius,
972 675 66 21 Hed-

211 701 62 35 man,
289 691 156 34 Hammarén
460 704 40 21 och
516 703 134 26 Alopaeus
660 704 48 20 med
723 691 58 33 förut
786 687 71 47 gifvet
867 703 103 26 tillstånd,
982 705 57 19 samt

210 733 50 20 herr
282 732 136 21 Molander
440 732 26 27 på
489 731 69 27 grund
577 731 23 21 af
616 738 28 14 nu
659 731 95 21 anmäldt
770 731 39 21 och
825 731 23 21 af
861 731 85 21 ståndet
958 731 80 27 jemväl

210 761 111 26 godkändt
335 760 77 21 förfall.

280 845 114 26 Upplästes
410 845 32 20 till
454 845 107 26 justering
576 845 38 20 och
630 844 122 27 godkändes
768 846 31 19 ett
815 844 77 26 utdrag
903 850 26 15 ur
940 844 97 21 ståndets

211 873 108 27 protokoll
333 873 35 20 för
382 874 84 19 senaste
482 873 162 21 sammanträde.

280 957 114 28 Upplästes
416 957 40 21 och
477 957 59 21 lades
558 957 32 21 till
612 957 155 27 handlingarna
786 957 105 20 särskilda
908 957 129 26 protokolls-

210 986 88 26 utdrag:

281 1015 32 20 1:o
329 1013 47 22 från
392 1013 147 27 ridderskapet
554 1014 40 21 och
609 1014 63 21 adeln
687 1013 49 21 med
749 1013 166 21 underrättelse:

281 1044 31 19 att
327 1041 86 22 ståndet
427 1041 95 27 godkänt
537 1042 171 21 statsutskottets
722 1041 136 22 betänkande
873 1042 7 21 i
892 1041 113 26 anledning
1017 1041 23 22 af

210 1070 59 21 Hans
285 1070 118 27 Kejserliga
422 1070 110 27 Majestäts
554 1071 78 48 Tådiga
649 1070 133 27 proposition
800 1069 110 27 angående
928 1069 109 22 Sinrola—

210 1098 168 21 Villmanstrand
390 1098 171 27 jernvägsbyggn:

279 1128 33 19 att
327 1126 86 21 ståndet
430 1126 97 27 godkänt
545 1095 151 77 lagutskottets
714 1126 136 21 betänkande
864 1126 8 21 i
887 1126 114 26 anledning
1018 1126 22 21 af

210 1154 60 21 Hans
285 1154 119 27 Kojserliga
426 1154 113 27 Majestäts
560 1155 78 26 nådiga
660 1155 132 26 proposition
815 1160 34 15 om
869 1155 90 25 ändring
974 1153 23 22 af
1010 1154 27 21 51

211 1182 40 21 och
270 1183 27 21 52
316 1183 152 26 paragraferna
490 1183 7 20 i
519 1165 232 49 landtdagsordningen
770 1182 22 21 af
806 1183 41 20 den
864 1182 26 21 15
906 1166 54 48 april
975 1182 62 26 1869,

210 1210 152 22 innehållande
376 1211 74 26 tillägg
466 1217 35 15 om
516 1212 137 20 motionsrätt
667 1211 33 20 för
716 1211 124 25 ständerna;

280 1241 31 19 att
326 1239 86 21 ståndet
427 1239 83 26 antagit
529 1246 27 14 en
575 1245 75 20 genom
670 1239 124 26 deputation
813 1239 47 21 från
879 1239 160 26 presteståndet

210 1267 33 21 till
259 1267 151 27 ridderskapet
429 1267 39 20 och
488 1267 62 21 adeln
569 1267 104 22 framförd
691 1267 128 26 inbjudning
838 1269 32 19 att
889 1267 150 26 ridderskapet

210 1295 39 21 och
269 1295 64 21 adeln
351 1296 51 20 ville
420 1295 87 21 biträda
525 1294 169 28 presteståndets
712 1296 72 21 beslut
802 1297 32 19 att
853 1295 101 26 samtliga
976 1295 63 21 stånd

210 1323 69 22 skulle
299 1323 12 21 å
331 1325 31 20 ett
380 1329 46 15 rum
445 1325 159 20 sammanträda
622 1324 33 20 till
674 1329 123 21 gemensam
820 1323 162 26 öfverläggning
997 1322 50 22 rö--

209 1352 68 21 rande
292 1351 154 27 lagutskottets
465 1352 136 21 betänkande
620 1352 40 21 N:o
679 1352 20 25 5,
718 1352 7 20 i
744 1352 116 26 anledning
876 1351 22 22 af
912 1352 60 20 Hans
987 1351 52 26 Kej-

210 1380 81 26 serliga
309 1380 114 27 Majestäts
443 1380 79 27 nådiga
544 1381 131 26 proposition
695 1380 132 21 beträffande
846 1380 91 26 ändring
956 1379 23 21 af
998 1379 41 21 den

209 1414 77 21 genom
298 1409 79 25 nådiga
388 1407 126 22 Manifestet
525 1408 23 21 af
559 1409 40 20 den
608 1409 29 21 20
644 1408 34 27 (8)
692 1408 60 21 Mars
769 1409 55 21 1879
834 1408 113 21 bestämda
957 1407 82 27 lydelse

209 1435 24 22 af
248 1437 27 20 12
291 1436 11 27 8
317 1437 7 20 i
341 1437 232 26 landtdagsordningen
589 1437 23 20 af
626 1437 41 20 den
685 1437 25 20 15
726 1436 34 27 (3)
775 1436 62 27 April
855 1436 65 26 1869;

279 1465 35 20 2:0
331 1464 47 21 från
394 1465 158 26 presteständet
568 1465 48 21 med
632 1465 166 20 underrättelse:

279 1494 32 19 att
326 1492 86 21 ståndet
427 1493 96 26 godkänt
537 1493 153 26 lagutskottets
705 1493 136 21 betänkande
856 1493 40 21 N:o
912 1493 13 21 6
944 1492 7 21 i
967 1491 74 22 anled-

209 1521 52 25 ning
276 1520 23 21 af
313 1521 60 21 Hans
388 1520 122 27 Kejserliga
525 1521 113 26 Majestäts
654 1521 78 26 nådiga
747 1521 133 26 proposition
900 1527 34 15 om
950 1520 91 27 ändring
