1114 1731
219 123 45 34 682:
488 126 93 22 Borgarest.
593 126 44 19 1885.
660 126 82 22 14-Aprik

230 209 19 7 «.
263 196 64 20 'Herr
350 195 127 22 Grönvik:
500 195 98 26 Jag:för
620 195 52 21 min:
685 190 99 35 del:åter
799 195 40 21 kan
856 195 48 21 icke
919 194 69 22 förstå
1004 202 26 15 en

200 224 125 25 formalism,
342 223 132 21 som.:skulle
490 223 48 21 leda
553 223 24 21 sä
592 223 60 27 längt:
666 225 33 19 att
718 219 53 35 man,
786 223 67 21 ehuru
868 229 54 16 man:
932 223 98 27 godkän-

202 259 38 14 ner
262 252 154 26 lagförslagen.
428 251 38 21 till
488 252 63 20 deras
573 251 94 21 innehäll
684 251 43 21 och
743 251 105 21 erkänner
863 253 33 20 att
910 252 26 20 de
950 253 40 20 äro
1006 252 25 21 sä

201 280 102 22 affattade
325 281 33 19 att
381 280 39 20 vid
440 279 68 21 deras
526 279 135 27 tillämpning
682 280 50 26 inga
747 275 89 36 misstag
849 280 55 21 böra
920 286 40 20 ega
976 286 53 20 rum,

201 308 57 22 blott
275 308 37 21 för
335 310 33 18 att
388 307 24 21 få.
430 308 50 20 dem
496 308 82 20 skrifna
592 309 91 24 nättare,
698 314 33 14 om
743 308 39 26 jag
797 307 25 21 sä
835 307 34 21 får
882 309 61 25 säga,
959 308 72 21 skulle

201 336 92 22 besvära:
315 337 32 20 ett
370 336 83 21 utskott
476 336 49 21 med
541 342 26 15 en
582 335 124 22 äterremiss
721 336 41 21 och
777 336 71 26 nödga
863 336 119 22 detsamma
998 338 32 20 att

201 364 108 27 uppträda
323 364 73 21 säsom
412 364 142 21 skolmästare
569 364 7 21 i
592 364 89 21 formen.
705 364 42 26 Jag
762 363 71 22 skulle
845 363 76 22 derför
937 364 34 22 för
986 365 45 21 min

202 393 36 21 del
253 394 103 20 motsätta
371 392 43 26 mig
429 392 125 22 äterremiss
569 392 6 21 i
592 392 36 20 det
642 392 62 26 syfte,
721 398 46 15 som
783 392 50 21 herr
843 392 55 21 Lille
909 392 120 27 föreslagit.

270 420 57 21 Herr
349 420 127 22 Neovius:
498 420 42 21 Det
556 420 61 21 torde
632 426 52 15 vara
700 420 84 27 mycket
798 420 78 21 lättare
892 422 32 19 att
938 420 92 22 besvära

201 449 107 21 utskottet
330 449 49 20 med
402 450 35 19 att
454 450 54 24 göra
526 448 69 22 denna
610 448 131 26 förändring,
757 450 26 19 än
800 450 32 19 att
847 448 34 21 för
896 448 29 21 all
941 448 88 23 framtid

201 477 92 21 besvära
315 476 49 22 hela
386 476 144 22 ailmänheten
553 476 49 21 med
624 479 32 18 att
674 476 64 22 hafva
752 476 53 21 reda
819 476 28 27 pä
862 479 33 19 tre
910 477 59 21 olika
984 476 44 22 för-

201 504 125 27 fattningar.
356 504 42 27 Jag
412 504 39 22 ber
466 506 32 20 att
513 504 22 21 få
549 504 131 22 understöda
695 505 54 20 berr
760 504 61 22 Lille.

271 533 56 21 Herr
349 533 108 27 Nybom:
480 533 42 26 Jag
542 539 64 15 anser
629 534 32 20 att
682 533 64 26 lagen
760 534 25 20 är
800 532 94 22 skrifven
911 532 47 22 icke
974 533 55 21 blott

201 561 35 21 för
258 561 109 27 lagkarlar
390 567 26 15 ex
430 560 105 27 professo,
550 563 52 19 utan
617 561 62 21 äfven
695 561 33 21 för
743 561 116 22 den:stora
878 560 151 27 allmänheten,

202 589 86 21 hvilken
301 589 79 21 främst
396 589 38 21 har
449 591 33 19 att
496 591 58 19 rätta
568 589 32 26 sig
616 590 55 20 efter
686 590 130 21 densamma:
846 589 43 22 För
904 589 70 22 denna
988 590 41 21 all-

203 618 86 20 mänhet
303 619 24 19 är
336 618 44 20 det
395 618 7 20 i
417 617 91 27 sanning
523 617 47 22 icke
585 617 24 21 sä
624 618 41 20 lätt
679 619 32 19 att
725 617 65 22 hafva
804 617 52 21 reda
866 618 34 26 pä
914 617 57 22 hvad
982 623 47 17 som

203 647 24 19 är
243 646 41 26 lag,
300 651 34 15 om
351 651 81 16 samma
448 645 39 21 sak
502 645 68 22 finnes
585 645 27 27 pä
627 647 31 20 ett
672 646 83 20 mindre
771 646 70 26 redigt
856 647 44 20 sätt
915 645 114 23 framstäld

202 674 29 26 pä
252 673 51 21 flere
325 674 85 25 ställen;
434 674 27 21 dä
484 680 48 14 man
545 674 25 26 ju
584 674 82 26 ganska
682 674 44 20 ofta
742 680 34 15 ser
792 670 96 41 exempel
904 674 28 26 pä
947 676 33 19 att
993 674 35 21 till

203 702 39 20 och
266 702 47 20 med
337 702 109 26 lagkarlar
469 708 26 15 ex
517 702 98 27 professo
636 702 79 21 trassla
730 702 21 20 in
767 702 39 26 sig,
822 703 39 20 när
876 702 90 32 lagarne
982 702 46 21 icke

203 732 37 19 äro
263 730 57 21 klart
335 730 39 21 och
390 730 78 27 tydligt
483 730 88 21 skrifna.
600 730 69 21 Afven
685 730 33 21 för
734 730 48 21 dem
796 736 64 15 anser
873 730 39 26 jag
928 730 37 22 det
977 736 52 15 vara

202 758 41 21 allt
257 758 47 20 skäl
316 760 33 19 att
363 758 88 26 lagarne
466 758 86 21 affattas
568 758 76 21 enkelt
655 758 39 21 och
706 758 80 26 redigt.

271 786 56 21 Herr
350 786 104 22 Heikel:
480 786 71 22 Jemte
566 787 36 20 det
615 787 38 26 jag
668 787 38 20 ber
720 788 32 19 att
768 786 22 22 fä
804 786 132 21 understöda
951 786 77 23 försla-

202 817 38 24 get
261 820 34 15 om
318 814 124 22 -äterremiss
457 815 6 20 i
480 815 37 21 det
538 814 56 27 syfte
608 814 40 21 här
662 814 127 26 framstälts,
804 814 38 22 ber
855 814 38 27 jag
908 814 22 21 få
945 814 85 28 påpeka

203 849 33 18 en,
258 848 46 16 som
327 843 43 26 mig
392 848 68 22 synes,
477 842 145 28 oegentlighet
637 843 31 21 uti
682 843 104 27 förslaget
800 843 34 21 till
850 842 126 27 förordning
991 849 38 16 an-

202 871 83 26 gående
302 870 71 22 frihet
396 873 32 19 att
450 872 92 26 anlägga
563 876 99 22 gvarnar,
680 870 83 22 hvilket
777 871 81 26 förslag
873 871 107 21 utskottet
994 871 34 21 för

205 899 33 21 sin
261 899 34 21 del
319 898 140 22 oförändradt
474 899 100 27 godkänt.
604 899 43 21 Det
661 899 62 21 heter
738 899 106 27 nemligen
860 899 46 21 deri
922 901 33 20 att
970 900 58 20 stad-

203 928 98 25 gandena
322 928 32 21 uti
377 928 151 26 näringslagen
552 927 61 21 skola
633 933 41 20 ega
688 927 39 21 full
743 927 135 27 tillämpning
893 927 7 21 i
915 927 62 27 fråga
992 934 34 14 om

202 955 128 27 anläggning
346 956 40 20 och
401 956 111 21 drifvande
528 955 23 21 af
564 955 144 27 mjölgvarnar
723 956 39 21 och
778 956 129 26 stampverk,
923 961 46 16 som
980 955 47 21 icke

201 984 136 21 uteslutande
360 984 46 20 afse
425 984 113 21 husbehof.
567 984 43 26 Jag
624 984 80 21 förstär
719 984 53 23 icke,
788 984 68 20 under
872 984 82 21 hvilket
968 984 59 20 stad-

201 1012 70 26 gande
294 1012 26 21 de
335 1018 99 20 gvarnar,
451 1018 46 15 som
513 1012 135 22 uteslutande
663 1012 46 21 afse
724 1012 112 26 husbehof,
852 1012 29 21 dä
895 1012 86 21 komma
996 1014 33 19 att

202 1040 128 27 inbegripas,
354 1045 35 16 om
412 1041 26 21 de
460 1040 46 22 icke
526 1040 62 22 skola
603 1040 67 22 blifva
684 1040 109 27 delaktiga
808 1040 23 21 af
845 1040 41 21 den
899 1040 129 26 näringsfri-

201 1068 44 26 het,
261 1074 45 15 som
321 1068 34 21 för
370 1068 114 22 enahanda
498 1069 81 21 rörelse
594 1068 118 26 medgifves
728 1068 23 22 af
765 1068 41 22 den
814 1068 109 22 allmänna
931 1068 97 26 närings-

201 1096 70 26 lagen.
301 1096 61 21 Skall
384 1096 134 22 fortfarande
540 1097 34 21 för
596 1097 64 21 dessa
674 1102 92 21 gvarnar
780 1098 15 19 t.
812 1102 32 16 ex.
860 1096 42 22 den
917 1096 112 22 föreskrift

201 1124 65 22 bestå.
279 1126 35 20 att
325 1124 70 22 deras.
405 1131 65 21 egare
485 1125 47 22 icke
547 1124 23 23 få
583 1126 57 26 taga,
650 1127 57 21 emot
722 1124 63 24 mäld
793 1124 28 33 af.
832 1125 74 23 andra.
935 1125 44 23 Det
993 1131 34 20 sy-

201 1158 39 16 nes
263 1152 42 26 mig
322 1154 34 20 att
372 1153 26 21 de
413 1153 52 21 böra
482 1153 106 21 likställas
604 1153 48 21 med
668 1158 69 17 annan
752 1152 76 27 näring
843 1152 34 22 för
892 1153 135 26 sjelfförsörj-

201 1181 56 26 ning,
280 1180 39 21 och
340 1181 38 26 jag
402 1181 70 22 skulle
495 1182 84 21 säledes
598 1187 52 16 anse
664 1181 60 22 detta
739 1181 109 26 undantag
863 1181 164 26 nödvändigtvis

201 1208 52 22 böra
267 1208 109 23 bortfalla.
418 1219 4 1 -

269 1236 57 22 Herr
348 1217 196 52 Schybergson:
569 1237 57 22 Herr
641 1237 96 23 Grönvik
752 1237 74 28 tyckes
841 1237 62 21 älska
914 1236 115 28 uttrycket

200 1265 155 27 nSkolmästare
377 1266 7 21 i
407 1265 101 22 formen".
538 1266 42 22 Det
601 1268 25 19 är
640 1272 29 16 nu
684 1266 68 21 andra
766 1266 83 26 gången
864 1266 57 21 inom
937 1272 26 15 en
978 1265 51 21 kort

200 1294 31 20 tid
247 1294 40 20 han
303 1294 109 22 använder
427 1294 43 21 det.
500 1294 48 26 Jag
560 1294 38 21 vill
614 1300 72 20 gerna,
702 1294 25 21 sä
741 1294 45 21 vidt
802 1294 36 21 det
852 1294 70 26 gäller
937 1295 33 19 att
984 1293 44 24 till-

199 1322 72 26 lämpa
292 1321 55 22 hans
369 1322 57 26 äsigt
448 1322 28 27 pä
497 1322 151 21 diskussionen
668 1322 8 21 i
698 1322 97 26 stånden,
811 1322 59 26 gifva
884 1322 78 21 honom
977 1323 51 19 rätt.

200 1350 50 21 Men
273 1351 31 19 att
327 1350 70 22 denna
412 1352 46 20 sats
474 1350 70 22 skulle
559 1350 72 22 kunna
646 1350 121 22 utsträckas
783 1350 63 22 äfven
862 1350 33 21 till
911 1350 118 24 utskottets

199 1378 143 26 verksamhet,
366 1379 71 21 såsom
460 1380 73 25 tyvärr
555 1379 59 21 skett
632 1378 60 22 såväl
707 1378 6 21 i
730 1378 59 22 detta
804 1378 39 21 fall
858 1384 47 15 som
921 1378 7 21 i
944 1379 31 20 ett
989 1382 40 22 par

199 1402 78 35 andra,
286 1407 84 21 -derom
387 1407 51 21 kan
456 1406 44 27 jag:
516 1406 47 22 ieke
582 1413 53 17 vara
649 1413 51 15 ense
716 1407 50 21 med
780 1406 84 22 honom.
893 1406 43 26 Jag
950 1406 80 22 under-

199 1435 73 21 stöder
286 1434 106 27 förslaget
407 1441 35 16 om
457 1433 131 27 äterremiss,
605 1435 27 21 dä
644 1435 38 27 jag
696 1441 64 15 anser
776 1435 36 21 det
828 1435 64 21 bland
904 1436 66 20 annat
977 1440 52 15 vara

199 1468 26 16 en
249 1463 147 27 oegentlighet
415 1465 32 19 att
469 1463 32 21 uti
525 1463 63 21 dessa
603 1465 34 19 tre
652 1463 118 27 lagförslag
786 1463 68 21 delvis
870 1468 82 18 samma
967 1462 62 21 orda-

199 1491 42 27 lag,
265 1496 81 17 samma
369 1492 87 26 mening
476 1490 149 23 återkommer.
654 1492 44 20 Det
712 1491 56 21 hade
784 1491 34 22 väl
833 1491 48 22 icke
896 1490 34 22 för
946 1490 84 24 utskot-
