1114 1723
205 108 41 38 632
483 112 92 23 Borgarest.
588 112 43 20 1885.
649 112 11 19 9
672 112 51 22 April.

256 182 58 21 Herr
331 181 107 21 Heikel:
461 180 43 27 Jag
522 180 39 22 ber
575 180 57 22 blott
646 182 32 19 att
692 180 49 21 med
756 180 68 27 några
840 181 39 21 ord
894 180 22 22 få
931 180 88 22 bemöta

188 210 27 22 de
236 210 78 26 inkast,
337 216 47 15 som
406 209 52 21 herr
479 208 95 22 Neovius
596 208 58 28 gjort
671 210 58 20 emot
744 208 49 22 mitt
808 210 86 20 senaste
908 209 112 26 yttrande.

187 239 49 21 Han
251 238 40 22 har
305 237 79 27 anfört,
400 238 32 20 att
447 237 37 21 det
498 236 117 27 ingalunda
629 238 25 19 är
668 236 70 27 sagdt,
754 238 32 19 att
795 236 49 22 icke
855 236 163 28 rusthållsskyl-

189 266 100 28 digheten
301 268 58 19 ännu
372 266 44 20 kan
431 265 87 21 komma
532 267 32 19 att
578 266 89 25 utgöras
682 265 21 21 in
719 266 83 20 natura.
825 264 35 22 Då
874 265 51 21 herr
939 265 79 21 Neovi-

188 301 26 16 us
233 294 78 22 uttalat
326 300 26 15 en
368 294 67 21 sådan
450 293 64 27 åsigt,
531 293 67 21 måste
612 293 37 26 jag
665 293 137 26 naturligtvis
818 293 96 21 erkänna
929 295 32 19 att
976 294 45 21 den:

189 325 57 20 ännu
264 323 41 21 kan
324 322 73 27 hysas,
416 322 69 20 ehuru
499 321 42 21 han
560 323 25 19 är
604 322 40 20 den
659 320 67 22 förste
742 321 39 21 och
798 321 55 21 ende
866 321 39 27 jag
920 321 49 21 hört
984 323 35 20 ut-

189 352 45 22 tala
252 351 47 21 den.
332 350 51 21 Men
402 350 36 21 det
457 350 95 26 exempel
572 350 42 20 han
629 349 88 21 anförde
732 349 47 21 från
796 348 89 28 Sverige
904 356 38 15 var
963 350 57 21 dock

189 380 102 26 temligen
309 379 39 21 illa
366 378 66 26 valdt,
452 379 22 25 ty
493 377 71 22 såsom
583 378 39 20 här
636 378 66 20 redan
718 378 24 20 af
756 384 24 14 en
797 377 69 21 talare
881 378 137 27 framhållits,

189 408 56 22 lider
260 414 49 14 man
323 407 7 21 i
347 406 89 26 Sverige
450 406 34 21 för
499 406 133 20 närvarande
647 405 84 27 mycket
744 405 46 27 just
797 411 77 21 genom
884 406 69 21 denna
961 408 57 19 rust-

189 435 185 25 hällsinstitution,
390 434 40 21 och
445 434 37 21 det
498 434 38 21 har
551 434 63 26 länge
630 434 54 21 varit
699 439 25 16 en
740 433 62 27 fräga
812 434 28 26 pä
856 434 163 27 dagordningen

190 466 33 21 att
236 464 22 21 få
273 463 123 22 densamma
412 462 94 27 upphäfd
522 463 54 20 eller
591 462 182 26 rusthällstungan
790 462 93 21 lindrad.
905 462 64 21 Flere
984 469 35 15 re-

190 493 112 26 gementen
318 492 6 20 i
342 491 88 26 Sverige
445 490 65 21 hafva
524 491 66 20 redan
606 490 70 21 blifvit
690 490 102 25 afsuttna,
808 490 78 21 liksom
892 486 13 37 i
902 491 82 21 slutet
990 491 30 26 pä

193 521 55 21 1700
265 520 53 21 talet
340 525 26 16 en
386 519 34 21 del
440 519 24 21 af
477 519 37 21 det
528 518 69 21 finska
612 519 126 20 kavalleriet
754 519 45 20 blef
812 518 96 22 afsuttet.
938 519 82 22 Vidare

191 549 51 22 sade
260 548 50 21 herr
327 547 103 26 Neovius,
446 548 32 20 att
492 547 77 26 frägan
585 553 34 14 om
635 547 241 26 augmentshemmanen
891 547 41 21 lätt
946 547 71 22 kunde

191 577 58 22 lösas
264 576 97 25 sälunda,
377 577 32 19 att
422 575 95 21 kronans
532 575 158 27 uppbördsmän
706 575 62 21 äfven
784 575 71 22 skulle
863 575 97 27 uppbära
969 577 50 19 rän-

190 607 63 20 torna
267 604 47 21 från
329 603 241 27 augmentshemmanen
586 603 39 22 och
640 603 131 22 öfverlemna
786 603 49 21 dem
846 603 23 22 åt
879 603 141 22 rusthällare-.

190 639 35 16 ne.
253 632 70 26 Javäl,
339 632 39 26 jag
396 631 107 22 erkänner
518 634 32 18 att
563 631 25 27 ju
602 631 60 22 detta
676 632 24 20 är
715 637 26 15 en
756 633 73 25 utväg,
845 637 46 16 som
907 631 42 22 kan
964 631 59 22 anli--

190 664 41 23 tas,
251 661 39 21 och
305 662 45 19 tror
365 660 47 21 icke
428 659 68 22 heller
512 661 32 20 att
559 659 143 22 rusthällarne
716 659 70 22 skulle
802 659 64 22 hafva
882 660 64 26 nägot
963 655 57 36 emot

191 691 33 20 att
238 689 23 21 af
274 689 92 21 kronans
386 688 159 27 uppbördsmän
563 688 23 21 få
600 687 96 28 uppbära
709 688 51 21 hela
774 688 93 25 skatten,
884 687 89 22 kontant
988 688 31 21 el-

191 719 33 20 ler
241 717 22 21 in
281 718 84 24 natura,
384 716 40 21 och
443 716 72 21 lemna
533 716 23 21 ät
573 716 83 21 kronan
670 715 119 22 kostnaden
804 716 34 21 för
854 716 100 21 besväret
969 717 52 20 med

191 745 126 28 uppbörden
337 744 111 22 äfvensom
476 744 44 21 alla
544 746 70 19 rester
632 744 39 21 och
688 744 108 26 förluster,
812 750 46 15 som
875 744 75 21 dervid
964 751 56 20 upp-

192 774 59 22 stätt.
284 772 50 23 Men
351 773 37 26 jag
407 774 46 19 tror
472 773 61 25 dock,
554 775 32 18 att
600 773 38 20 det
651 778 51 17 yore
717 773 83 21 mindre
817 773 104 26 lämpligt,
938 775 31 19 att
984 773 36 21 sä-

192 802 66 22 lunda
272 803 53 25 göra
339 800 82 22 kronan
436 801 34 21 till
486 801 156 21 rusthällarnes
656 801 84 26 privata
754 800 160 27 uppbördsmän
923 801 38 20 och
970 801 50 21 kas-

191 832 67 20 sörer.
287 829 57 22 Herr
354 829 94 21 Neovius
464 829 111 21 anmärkte
590 828 68 27 äfven,
674 831 32 19 att
721 829 145 21 rusthällarne
882 829 46 21 icke
943 829 7 20 i
965 829 55 27 peti-

191 859 98 26 tionsväg
307 857 51 22 sökt
372 857 76 27 bringa
464 858 70 20 denna
548 857 62 27 fräga
625 857 32 21 till
674 863 24 15 en
715 863 50 15 snar
780 857 92 27 lösning.
902 857 34 21 En
952 857 67 22 sädan

192 887 75 27 åtgärd
283 886 69 21 skulle
369 885 168 27 uppenbarligen
551 886 57 21 varit
622 885 80 21 aldeles
718 886 88 26 onödigt
821 886 85 25 besvär,
922 885 27 21 dä
958 886 26 21 de
992 886 28 26 pä

191 915 91 21 förhand
296 914 83 21 kunnat
392 920 53 15 vara
459 914 120 21 förvissade
595 920 34 15 om
644 915 32 19 att
691 913 57 22 sävä]
765 914 117 21 ständerna
897 920 45 15 som
959 920 61 20 rege-

192 943 75 27 ringen
287 942 70 21 skulle
372 942 64 21 hafva
451 942 48 21 dem
515 942 7 20 i
537 942 53 26 godt
605 942 77 21 minne.
711 942 39 21 Att
765 942 54 21 dock
835 942 77 26 många
927 942 94 22 rusthäl-

191 972 54 25 lare,
259 970 33 22 för
307 972 32 20 att
354 970 47 22 icke
416 972 53 25 säga
483 970 100 26 flertalet,
599 970 69 21 skulle
687 970 71 23 önska.
766 970 66 21 denna
846 970 74 27 frågas
927 970 98 27 lösning,

193 1001 25 19 är
233 998 159 27 ovedersägligt
407 998 39 21 och
462 998 96 27 framgär
573 998 64 21 bland
653 1000 65 19 annat
732 998 68 26 deraf,
816 1000 32 19 att
864 998 65 22 redan
940 998 36 22 vid
987 1004 33 16 se-

192 1029 62 20 naste
275 1027 104 26 landtdag
401 1026 37 22 det
457 1026 69 26 stånd,
550 1026 38 22 der
608 1026 26 22 de
652 1026 60 21 fleste
727 1026 131 22 rusthällare
874 1026 74 26 finnas,
964 1027 58 21 varit

191 1056 94 26 benäget
303 1057 31 19 att
352 1055 47 21 lösa
418 1054 76 27 frågan
513 1054 111 26 definitivt,
644 1054 67 22 ehuru
729 1055 37 21 det
783 1054 46 22 icke
845 1055 51 21 ville
913 1055 113 26 medgifva.

192 1084 70 26 nägon
282 1083 73 21 vidare
373 1083 128 27 indragning
520 1082 24 22 af
560 1085 74 19 räntor
652 1084 26 20 än
696 1082 56 28 hvad
767 1088 45 16 som
829 1085 120 19 motsvarar
964 1085 57 19 rust-

191 1111 173 21 hällsvakansen.
392 1110 70 22 Afven
478 1111 35 21 vid
528 1111 72 21 denna
613 1110 103 28 landtdag
731 1110 40 22 har
785 1111 5 21 i
803 1111 163 21 statsutskottet
976 1112 46 20 sut-

192 1140 27 22 tit
234 1141 77 20 tvänne
325 1139 137 26 rusthällare,
477 1139 73 21 hvilka
565 1139 105 21 hvardera
686 1141 68 19 röstat
767 1140 34 21 för
812 1140 116 20 utskottets
938 1139 83 27 förslag

193 1168 40 24 och
247 1169 72 23 ansett
333 1168 37 20 det
384 1174 53 14 vara
452 1168 49 22 med
517 1168 91 20 rättvisa
622 1167 39 27 och
676 1167 99 27 billighet
785 1167 236 27 öfverensstämmande

193 1202 35 15 om
249 1196 76 26 frågan
344 1195 95 22 sålunda
456 1195 74 21 kunde
548 1196 102 26 regleras.
682 1195 105 27 Slutligen
806 1195 40 22 har
861 1196 50 21 herr
925 1195 100 22 Neovius

193 1226 45 20 mot
260 1223 116 22 utskottets
398 1223 120 27 beräkning
540 1224 77 26 anfört,
637 1225 33 20 att
688 1224 41 21 den
748 1226 24 19 är
788 1224 70 27 byggd
873 1224 28 27 på
916 1224 105 21 teoretisk

192 1253 69 26 grund
274 1252 38 21 och
325 1252 75 27 obillig
406 1252 67 22 redan
482 1252 124 26 derigenom
614 1254 31 19 att
653 1252 40 21 den
700 1252 75 21 träffar
785 1252 43 21 alla
839 1252 129 22 rusthållare
976 1252 50 21 lika.

193 1282 50 20 utan
259 1282 32 20 att
305 1282 51 25 taga
370 1280 8 21 i
394 1280 142 22 betraktande.
552 1281 62 21 deras
630 1280 58 22 olika
702 1280 115 22 förmåner.
837 1280 43 27 Jag
896 1280 129 27 medgifver,

192 1310 33 20 att
240 1308 59 22 detta
313 1314 51 15 vore
380 1314 26 16 en
421 1308 119 27 obillighet,
556 1308 45 22 ifall
618 1309 41 21 den
674 1308 118 28 beräkning
803 1309 105 21 utskottet
920 1308 101 28 uppgjort

193 1342 51 16 vore
258 1336 49 27 hög,
322 1342 48 16 men
386 1342 29 16 nu
430 1338 26 20 är
471 1337 41 21 den
527 1336 90 22 faktikst
633 1336 24 22 så
672 1336 42 27 låg,
729 1339 32 19 att
776 1337 110 21 sannolikt
893 1337 63 26 ingen
964 1338 60 20 rust-

192 1364 83 29 hållare
292 1364 72 28 skulle
384 1364 70 29 kunna
468 1365 114 28 uppställa
601 1365 49 27 häst
668 1365 38 21 och
722 1365 48 27 karl
784 1365 34 21 för
833 1366 42 20 den
890 1371 83 15 summa
987 1366 34 20 ut-

192 1393 81 21 skottet
280 1391 113 29 föreslagit
401 1393 7 21 i
416 1391 73 29 ligvid.
503 1371 85 44 Bertil
595 1392 97 23 kommer
700 1395 32 20 att
739 1392 157 28 indragningen
904 1392 70 22 skulle
982 1393 42 22 ske

193 1421 67 21 under
278 1427 27 15 en
319 1420 75 28 längre
410 1421 54 27 följd
480 1421 24 21 af
516 1422 32 25 är,
564 1421 139 27 hvarigenom
718 1422 126 21 densamma
859 1422 71 21 blefve
945 1427 76 15 ansen-

190 1449 41 27 ligt
250 1450 143 28 underlättad.
427 1448 55 22 Utaf
495 1449 51 21 herr
561 1450 77 27 Elving
654 1450 124 27 anmärktes
792 1450 68 22 redan
875 1450 93 26 tidigare
982 1456 42 14 un-

190 1477 39 21 der
244 1476 150 23 diskussionen
410 1479 58 20 emot
483 1477 117 23 utskottets
615 1477 81 28 förslag
711 1478 8 21 i.
734 1478 12 28 $
762 1478 12 21 7
791 1480 32 20 att
833 1478 120 22 detsamma
963 1478 60 21 skul-

188 1506 22 22 le
233 1505 102 22 innebära
359 1512 26 16 en
408 1506 120 27 obillighet,
546 1506 8 21 i
574 1506 37 21 det
629 1508 32 20 att
679 1506 259 28 roteringsskyldigheten
954 1506 69 26 enligt
