1103 1745
350 122 91 24 Borgarest.
453 123 43 19 1885.
520 123 22 19 30
554 123 48 23 April.
823 124 33 19 859

141 187 39 42 De,
195 187 68 35 hvilka
276 187 111 42 godkänna
401 193 16 27 8
432 193 27 20 60
473 193 9 20 i
491 188 114 48 utskottets
608 192 126 22 betänkande
742 192 136 27 oförändrad,

73 222 56 20 rösta
141 221 35 32 ja;
192 221 31 26 de,
238 221 34 20 det
285 219 44 22 icke
341 221 58 26 göra,
413 223 56 19 rösta
483 221 43 26 nej;

139 249 73 22 vinmer
229 249 40 28 nej,
289 249 38 21 har
345 249 167 27 borgareståndet
521 233 89 47 ”beslutit
627 251 29 20 att
670 249 128 26 beträffande
812 249 68 21 denna

73 277 101 28 paragraf
189 279 75 26 antaga
279 277 48 21 herr
347 277 114 22 Wasenius'
476 277 84 27 förslag.

139 306 34 21 Då
187 307 69 20 denna
270 306 130 27 proposition
415 307 126 20 besvarades
553 307 47 21 med
610 306 154 27 öfvervägande
774 306 41 27 nej,
825 306 55 21 hade

73 334 84 21 ståndet
175 334 82 22 således
274 334 88 21 beslutit
379 335 111 26 godkänna
505 334 11 27 $
532 335 27 21 60
573 335 7 20 i
596 334 64 27 öfrigt
681 334 126 21 oförändrad
822 336 58 19 utom

73 364 32 19 att
118 363 7 20 i
141 362 93 27 enlighet
247 363 48 20 med
310 362 50 21 herr
374 362 118 21 Wasenius'
507 363 79 26 förslag
602 363 74 21 orden:
688 369 35 20 ,ur
735 363 93 21 bankens
838 369 43 14 me-

73 391 45 21 del”
133 390 68 22 skulle
216 397 25 14 ur
251 390 126 27 paragrafen
391 391 57 26 utgå.

139 419 56 21 Herr
209 419 120 21 talmannen
344 419 70 21 afbröt
428 419 92 21 härefter
538 419 164 21 sammanträdet
717 419 33 32 på
760 417 23 25 1/4
798 419 81 26 timme;

71 447 72 27 hvarä,
165 447 40 22 och
226 448 65 21 sedan
309 447 95 22 ständets
423 448 135 29 medlemmar
576 448 46 21 äter
641 447 75 27 intagit
734 447 46 22 sina
794 448 86 27 platser,

69 472 51 37 kap.
139 465 20 38 LA
178 476 24 28 88
221 477 84 21 61—63
320 476 69 22 blefvo
405 474 116 29 godkända
531 476 139 22 oförändrade
686 476 66 27 enligt
767 476 114 21 utskottets

71 493 88 38 förslag.

431 532 56 27 Kap.
503 533 19 20 8.

139 567 24 28 88
179 568 84 22 64—69
277 568 122 27 godkändes
414 569 50 20 utan
479 567 125 22 diskussion.

432 612 53 27 Kap.
503 614 18 19 9.

139 647 114 27 Angående
269 647 12 28 $
297 648 27 21 70
338 648 103 26 begärdes
456 647 60 21 ordet
532 647 22 21 af

140 681 49 22 herr
204 681 125 27 Grönvik,
345 687 44 16 som
403 681 92 28 yttrade:
518 681 11 21 I
544 681 64 22 slutet
622 682 28 26 på
665 682 54 21 1:sta
733 683 114 20 momentet
862 681 21 21 af

73 711 69 20 denna.
161 710 100 27 paragraf
281 709 67 22 finnes
367 716 25 15 en
411 709 123 26 hänvisning
552 709 33 22 till
601 710 26 21 18
645 709 47 27 kap.
710 709 171 22 handelsbalken.

73 739 100 23 Kommer
188 738 117 22 emellertid
321 738 40 21 den
375 744 41 21 nya
431 737 120 27 strafflagen
566 739 32 20 att
608 738 64 21 blifva
682 737 98 28 gällande
790 743 50 16 vare
850 737 32 27 sig

74 767 40 22 den
129 766 76 23 blifver
220 769 89 25 antagen
325 767 35 21 vid
376 767 68 22 denna
458 767 53 21 eller
526 772 26 16 en
561 766 121 28 påföljande
693 766 107 28 landtdag,
811 766 23 22 så
844 766 39 21 bör

72 796 46 22 icke
133 796 36 21 det
184 796 65 27 straff,
265 802 44 15 som
324 796 7 21 i
343 796 25 21 18
379 795 47 28 kap.
439 795 23 22 af
472 795 166 22 handelsbalken
653 797 23 20 är
686 797 72 24 utsatt,
768 795 113 27 tillämpas,

72 827 51 20 utan
139 825 26 21 de
179 825 227 26 straffbestämmelser,
421 831 45 15 som
481 825 7 20 i
502 824 41 21 den
554 830 40 21 nya
604 825 61 26 lagen
675 824 33 21 för
718 825 30 20 ett
758 825 75 20 sådant
840 824 41 21 för-

73 853 147 24 troendebrott
239 853 68 21 finnas
327 855 85 19 utsatta.
441 853 41 26 Jag
503 853 68 20 skulle
594 853 71 21 derför
683 852 79 22 föreslä
782 854 32 20 att
830 853 52 21 1:sta

75 883 114 20 momentet
207 881 23 22 af
247 882 27 22 70
288 881 12 27 &
315 881 69 21 skulle
403 881 165 21 äterremitteras
583 881 32 21 till
631 881 103 21 utskottet
748 880 32 22 för
795 882 31 20 att
840 880 43 21 for-

75 910 90 21 muleras
181 910 94 26 sålunda,
291 911 32 19 att
337 909 182 27 bankfullmägtig,
534 909 6 20 i
556 908 36 22 fall
607 910 113 20 ständerna
734 909 33 21 till
782 909 42 21 åtal
840 910 43 19 mot

74 938 76 22 honom
173 938 106 27 förordna,
301 938 55 20 skall
375 938 79 25 dömas,
473 937 65 27 enligt
556 937 26 22 de
597 937 226 26 straffbestämmelser,
838 943 45 15 som

73 967 57 27 gälla
145 973 34 15 om
193 967 110 23 enahanda
321 966 169 26 öfverträdelser,
506 965 109 28 begängna
629 966 24 21 af
666 966 142 21 ombudsman.
832 965 51 22 For-

74 995 92 22 muleras
181 995 40 22 den
241 995 30 26 sä,
291 995 24 21 sä
333 995 32 20 fär
383 1001 48 15 man
445 994 93 27 uttryckt
552 994 55 22 hvad
622 1001 44 15 som
682 994 69 21 afsedt
765 995 55 20 varit
835 994 48 21 med

75 1024 40 21 den
137 1023 144 27 formulering,
305 1029 44 15 som
372 1023 126 27 paragrafen
520 1029 28 14 nu
566 1023 44 26 har,
630 1023 39 21 och
686 1023 28 20 dä
731 1023 86 20 hindrar
831 1023 52 20 intet

75 1054 38 25 att,
128 1052 64 21 sedan
212 1059 27 20 ny
257 1051 96 28 strafflag
371 1051 69 22 blifvit
456 1053 98 25 antagen,
572 1051 96 27 tillämpa
686 1051 25 21 de
732 1051 151 21 strafibestäm-

75 1081 84 26 melser,
177 1086 46 16 som
242 1081 7 20 i
268 1081 40 21 den
323 1080 67 22 finnas
405 1082 113 25 upptagna.
548 1079 38 22 Om
602 1080 48 21 mitt
664 1079 80 27 förslag
758 1079 123 22 härutinnan

75 1109 128 27 godkännes,
227 1109 23 23 sä
272 1109 67 20 mäste
361 1108 52 21 sista
435 1109 64 20 orden
517 1108 7 21 i
543 1108 60 21 2:dra
621 1110 115 20 momentet
753 1108 63 21 ocksä
831 1109 7 20 i
853 1108 30 21 öf-

74 1137 197 22 verensstämmelse
286 1137 85 21 dermed
387 1137 166 22 omformuleras.

141 1171 33 21 Då
189 1171 63 27 ingen
267 1177 68 15 annan
350 1171 67 22 talare
433 1171 93 21 önskade
540 1172 56 26 yttra
612 1171 32 27 sig
658 1171 108 27 angående
775 1171 11 28 $
795 1172 27 21 70
829 1173 54 20 samt

75 1200 148 22 diskussionen
240 1200 7 21 i
262 1200 114 27 anledning
391 1200 61 22 deraf
464 1199 114 22 förklarats
593 1200 97 26 afslutad,
708 1200 112 27 uppstälde
834 1200 49 22 herr

75 1229 121 22 talmannen
211 1229 93 26 följande
319 1229 281 26 omröstningsproposition
592 1225 12 34 :

142 1262 39 27 De,
197 1263 68 21 hvilka
278 1262 111 28 godkänna
403 1263 16 28 $
435 1264 29 19 70
478 1262 136 27 oförändrad,
629 1265 57 19 rösta
698 1263 36 28 ja;
749 1263 30 26 de,
795 1264 33 20 det
842 1263 41 21 icke

73 1293 58 26 göra,
146 1293 57 19 rösta
217 1292 45 28 nej;

142 1326 74 20 vinner
229 1326 42 27 nej,
285 1325 40 21 har
339 1324 169 33 borgareständet
522 1324 81 22 beslutit
617 1327 30 19 att
660 1325 149 21 återremittera
820 1325 64 27 sagda

73 1354 105 27 paragraf
197 1354 36 26 för
253 1352 171 28 omformulering
441 1353 9 21 i
464 1353 34 21 det
510 1354 54 26 syfte
578 1354 49 20 herr
643 1353 93 22 Grönvik
750 1353 111 28 föreslagit.

143 1388 34 21 Då
191 1389 68 21 denna
274 1388 131 27 proposition
420 1388 126 21 besvarades
557 1388 47 21 med
615 1387 153 27 öfvervägande
778 1388 41 26 nej,
830 1388 53 21 hade

77 1416 84 22 ståndet
183 1416 82 22 således
288 1416 87 20 beslutit
396 1416 155 21 återremittera
570 1416 11 27 $
600 1416 28 21 70
641 1416 33 21 till
689 1416 103 21 utskottet
806 1416 33 21 för
853 1418 31 19 att

77 1444 81 22 erhålla
172 1444 93 28 följande
279 1444 127 21 förändrade
422 1444 89 27 lydelse:
530 1444 88 26 ,Finnes
633 1444 175 27 bankfullmägtig
823 1444 61 22 hafva

76 1473 103 22 åsidosatt
199 1473 27 22 de
247 1472 139 27 föreskrifter,
405 1478 44 15 som
468 1474 37 19 äro
524 1478 74 21 genom
617 1472 58 22 detta
688 1472 129 27 reglemente
832 1473 52 21 eller

79 1502 124 22 ständernas
223 1501 128 22 instruktion
373 1501 188 26 bankfullmägtige
583 1501 32 22 till
638 1501 140 22 efterrättelse
800 1501 83 22 medde-

77 1531 54 26 lade,
154 1530 54 22 skall
231 1530 48 26 han,
300 1529 45 22 ifall
368 1530 113 21 ständerna
502 1529 32 21 till
559 1529 43 22 åtal
624 1531 43 20 mot
684 1529 76 22 honom
778 1529 105 27 förordna,
