1114 1767
234 148 41 31 600
509 152 91 22 Borgarest.
612 151 43 19 1885.
673 151 11 19 8
695 151 51 23 April.

219 222 130 27 brådmogen
364 220 85 25 reform,
467 220 60 21 äfven
547 226 32 15 om
600 219 40 21 den
659 220 56 21 afser
734 226 25 15 en
774 219 161 22 konstitutionel
951 222 90 21 utveck-

219 250 50 27 ling,
285 252 25 19 är
322 249 122 26 skadligare
459 248 33 22 för
503 248 74 28 landet
592 250 25 18 än
633 248 39 21 allt
686 251 71 19 annat.
786 248 41 27 Jag
839 250 44 19 tror
892 250 34 20 att
935 249 106 23 historien

220 281 24 19 är
258 278 33 22 rik
305 278 28 27 pä
349 277 120 23 erfarenhet
484 277 7 21 i
506 278 58 20 detta
585 276 105 22 afseende.
719 277 43 21 Det
784 278 24 19 är
826 276 88 22 sålunda
932 278 18 26 ej
968 278 72 22 derför

220 309 32 19 att
264 307 36 27 jag
315 312 52 16 vore
387 311 25 15 en
431 305 67 21 fiende
520 306 31 20 till
574 305 242 27 länerepresentationen
834 305 7 21 i
860 305 38 21 och
916 306 34 21 för
965 306 38 28 sig,
1020 308 18 26 ej

220 336 65 20 heller
300 335 73 21 derför
388 336 32 18 att
432 334 37 26 jag
485 333 91 21 önskade
594 335 32 19 att
643 333 69 21 denna
726 334 60 26 fråga
800 333 64 21 måtte
878 333 113 27 begrafvas
1006 336 34 20 till

221 370 25 14 en
262 363 113 22 obestämd
388 362 86 21 framtid
492 368 45 15 som
553 362 36 27 jag
606 368 29 14 nu
652 362 103 27 uppträdt
770 364 44 18 mot
828 362 213 27 länerepresentatio-

221 398 47 15 nen.
298 392 49 21 Men
364 392 38 26 jag
423 390 68 22 skulle
513 390 62 22 hafva
597 390 75 21 önskat
694 392 32 19 att
744 390 68 22 denna
829 390 59 26 fräga
906 390 70 22 blifvit
994 398 46 16 mer

221 420 123 21 diskuterad
364 419 38 21 och
421 419 48 20 med
487 420 67 19 större
572 419 89 20 intresse
679 418 110 26 omfättad,
808 418 99 21 särskildt
924 420 59 21 inom
998 421 43 20 den

220 448 156 27 finskspråkiga
390 453 92 21 pressen,
505 447 37 21 der
560 447 40 21 den
619 448 58 19 stora
691 447 142 21 allmänheten
847 447 73 21 lättast
935 449 25 20 är
975 448 7 21 i
997 449 44 20 till-

221 477 49 21 fälle
285 478 32 20 att
332 478 49 25 taga
397 476 56 21 notis
469 481 33 15 om
517 475 55 21 hvad
586 475 73 26 frägan
674 475 72 26 gäller.
770 475 33 21 Dä
817 475 52 21 först
883 475 43 22 kan
938 476 39 27 jag
989 483 53 16 anse

220 505 74 27 frägan
309 511 53 15 vara
380 504 123 26 tillräckligt
523 503 118 22 förberedd.
672 503 51 22 Tills
744 504 72 23 vidare
833 503 42 22 kan
887 504 37 27 jag
939 505 48 21 icke
1002 512 38 15 an-

221 536 37 19 nat
272 535 27 19 än
314 533 94 21 vidbålla
426 533 46 20 mitt
496 532 77 27 förslag
595 538 33 15 om
648 531 57 22 såväl
720 532 168 27 propositionens
903 538 46 16 som
965 533 76 22 betän-

221 562 89 21 kandets
325 561 145 22 föikastande.
967 569 2 2 :

289 591 56 20 Herr
360 589 149 22 Rönnbäck:
532 589 54 21 Herr
601 589 94 26 Ignatius
710 589 39 21 har
763 589 84 27 upplyst
862 589 42 27 mig
915 595 35 16 om
962 592 32 19 att
1002 591 38 27 jag

221 619 138 20 missförstätt
373 618 53 21 hans
445 618 85 26 mening
551 617 130 22 beträffande
703 617 40 21 den
762 618 85 27 opinion
861 617 32 21 till
908 618 84 22 förmän
1006 619 33 22 för

222 653 26 14 en
262 647 44 25 sak,
322 653 47 15 som
384 646 41 21 han
441 646 65 27 ansåg
521 646 51 21 böra
586 645 119 27 förefinnas,
720 647 64 20 innan
799 652 26 15 en
839 646 121 22 institution
974 647 65 22 inför-

222 675 42 21 des.
294 675 48 21 Han
358 674 54 22 hade
427 674 46 21 icke
489 675 62 20 afsett
570 680 24 15 en
609 675 108 26 majoritet
731 675 23 20 af
767 674 147 27 befolkningen
928 675 8 21 i
950 676 90 21 allmän-

220 703 36 22 het
271 706 51 19 utan
342 704 76 21 endast
437 709 25 15 en
485 703 106 27 majoritet
611 703 65 20 bland
696 703 144 26 lagstiftarene
862 703 38 21 och
919 706 71 19 ansett
1007 707 34 19 att

221 739 25 14 en
262 732 65 21 sädan
343 733 32 20 uti
390 731 143 27 föreliggande
547 731 59 26 fräga
621 731 155 28 otvifvelaktigt
790 731 111 22 förefinnes
916 732 6 21 i
934 733 42 21 den
986 733 54 21 rikt-

222 761 56 26 ning,
292 761 43 21 han
354 760 80 27 antydt,
455 760 38 21 och
516 761 32 20 att
569 759 74 27 frägan
658 765 33 16 om
706 760 262 26 länstingsinstitutionens
986 761 54 22 infö-

221 789 65 21 rande
302 789 72 21 derför
388 795 50 14 vore
456 788 33 21 för
507 788 62 27 tidigt
586 788 69 21 väckt.
684 788 41 27 Jag
742 788 78 22 tilläter
834 789 43 26 mig
892 791 32 19 att
938 790 50 21 med
1002 796 38 15 an-

220 818 86 26 ledning
321 817 62 22 deraf
395 817 65 26 fråga,
475 817 104 21 huruvida
597 817 18 26 ej
634 818 31 21 ett
683 817 107 22 bestämdt
804 817 109 22 uttalande
927 818 53 21 från.
990 818 52 21 herr

221 847 101 26 Ignatius”
338 846 52 25 sida,
406 847 32 19 att
452 845 37 22 det
503 845 66 22 finnes
579 851 26 15 en
616 845 106 27 majoritet
732 845 34 22 för
780 845 52 21 hans
846 845 55 27 äsigt
914 846 66 21 bland
994 847 48 27 lag-

222 875 115 26 stiftarene,
354 876 23 19 är
392 873 32 22 för
439 874 60 27 tidig,
514 874 64 21 innan
594 873 25 22 de
634 874 77 21 uttalat
726 875 31 26 sig
772 874 6 20 i
794 873 72 27 saken;
876 874 53 21 först
940 875 65 21 sedan
1016 875 24 22 sä

221 903 61 26 skett,
299 903 33 21 fär
346 909 49 14 man
410 908 22 15 se
452 908 33 15 om
500 903 144 26 lagstiftarene
665 902 107 27 verkligen
795 903 63 26 ogilla
875 903 107 27 förslaget,
998 904 41 21 och

221 931 27 21 då
262 933 24 19 är
301 932 36 21 det
352 931 134 26 naturligtvis
501 931 127 26 fullkomligt
644 930 74 27 riktigt
733 933 32 19 att
779 931 65 21 saken
858 931 101 22 förfaller.
989 932 50 21 Men

222 960 144 21 dessförinnan
382 959 38 21 bör
435 965 48 15 man
499 959 18 27 ej
533 959 92 27 äberopa
639 959 70 27 nägot,
725 965 45 16 som
786 959 54 21 blott
855 961 56 20 ären
921 960 119 27 möjlighet,

222 988 39 21 och
277 990 59 25 säga:
353 988 46 27 "jag
414 987 104 28 afstyrker
532 988 106 26 förslaget,
655 987 69 22 derför
739 990 32 19 att
786 988 36 21 det
836 988 18 27 ej
869 987 113 23 förefinnes
994 995 44 15 ma-

219 1017 73 27 joritet
307 1017 33 21 för
356 1016 47 21 dess
422 1017 136 26 antagande”,
581 1018 51 19 utan
650 1022 49 15 man
717 1016 40 21 bör
776 1017 74 20 endast
865 1018 59 25 säga:
947 1017 46 27 "jag
1008 1017 33 22 af-

221 1045 89 27 styrker,
326 1045 88 21 emedan
427 1045 43 26 jag
489 1051 60 15 anser
571 1044 100 27 förslaget
692 1045 46 21 icke
756 1051 52 15 vara
822 1045 94 27 lämpligt
932 1045 39 22 och
986 1046 55 21 tids-

221 1074 93 26 enligt.*,
326 1074 49 21 Kan
390 1073 59 21 detta
464 1073 88 26 bevisas,
569 1073 26 21 dä
610 1073 104 27 afstyrker
729 1074 61 21 äfven
802 1073 36 27 jag
853 1073 107 28 förslaget.
983 1075 55 20 Herr

220 1102 95 27 Ignatius
330 1102 40 21 har
384 1101 103 28 åberopat
502 1104 31 19 att
549 1103 11 20 7
575 1101 23 21 af
610 1101 116 22 utskottets
740 1101 117 22 ledamöter
871 1103 55 20 varit
940 1105 45 19 mot
994 1103 44 21 för-

221 1131 67 26 slaget
302 1131 40 24 och
357 1130 49 22 drar
422 1130 61 21 deraf
497 1130 40 26 den
552 1130 93 26 slutsats,
661 1132 32 19 att
709 1131 34 21 det
757 1126 67 36 finnes
839 1136 26 15 en
879 1130 104 28 kompakt
993 1137 45 16 ma-

218 1158 74 27 joritet
306 1159 65 21 bland
386 1158 119 27 ständerna,
521 1165 45 15 som
580 1159 50 20 vore
645 1160 56 19 emot
715 1159 110 26 förslagets
840 1159 125 26 antagande.
987 1159 51 22 Men

220 1187 7 21 1
242 1187 105 22 utskottet
362 1186 34 22 stä
417 1187 7 21 9
439 1189 57 19 emot
511 1187 26 21 de
551 1187 92 21 nämnda
661 1187 18 26 7,
696 1187 81 22 således
791 1187 58 21 bilda
864 1187 61 21 dessa
939 1187 47 22 icke
1000 1188 38 21 nä-.

220 1222 41 20 gon
271 1216 119 27 'majoritet.
419 1215 56 22 Herr
489 1215 95 27 Ignatius
602 1215 39 22 har
655 1216 122 27 ytterligare.
792 1215 48 22 sökt
855 1221 75 21 genom
944 1223 27 15 en
983 1217 55 27 jem-

220 1244 75 21 förelse
317 1244 49 21 med
388 1243 133 28 landstingen
543 1245 8 20 i
573 1243 84 27 Sverige
677 1244 45 21 visa
743 1245 32 21 att
794 1244 243 28 länsrepresentationen

220 1273 38 20 här
272 1272 47 22 icke
334 1272 68 21 skulle
416 1272 85 21 komma
516 1275 32 18 att
562 1272 72 21 utöfva
651 1278 79 16 samma
744 1271 115 29 inflytande
873 1273 27 26 pä
914 1273 123 28 sjelfstyrel-

220 1307 36 15 sen
271 1307 44 15 som
331 1301 133 26 landstingen
479 1301 7 21 i
506 1301 91 27 Sverige.
627 1301 42 21 Det
690 1301 67 21 finnes
775 1301 54 21 dock
848 1301 74 21 endast
940 1308 26 15 en
982 1303 55 20 enda

220 1329 159 27 angelägenhet,
396 1329 20 21 d.
431 1335 19 15 v.
466 1335 16 15 s.
497 1329 34 21 val
546 1329 22 22 af
580 1329 117 21 ledamöter
711 1330 31 21 till
757 1329 67 21 första
837 1329 129 27 kammaren,
975 1330 62 21 hvari

220 1358 128 26 länstingens
362 1357 95 27 göromål
472 1358 6 20 i
494 1358 26 21 de
534 1358 67 26 bägge
615 1357 101 22 länderna
730 1358 84 21 komme
829 1360 32 19 att
872 1358 62 27 skilja
943 1359 37 26 sig.
1002 1358 35 22 Då

219 1386 49 21 herr
282 1386 95 27 Ignatius
392 1386 72 26 pästör
479 1388 31 19 att
524 1385 139 22 helsovärden
678 1386 39 22 och
732 1385 114 29 sjukhusen
858 1386 17 27 ej
886 1386 68 22 skulle
964 1387 74 21 kunna

219 1414 99 22 hänföras
332 1415 33 21 till
381 1410 40 36 den
439 1414 121 27 föreslagna
577 1414 260 27 länstingsinstitutionens
854 1415 141 27 verksamhet,
1013 1416 23 22 sä

218 1443 37 21 vill
267 1443 37 27 jag
318 1443 89 27 päpeka,
423 1444 32 20 att
470 1443 78 27 precist
562 1449 80 15 samma
660 1443 92 27 ordalag,
768 1449 45 15 som
828 1443 130 23 förekomma
972 1444 8 21 i
995 1444 41 21 den

218 1471 90 21 svenska
329 1471 158 27 författningen,
510 1474 37 18 äro
569 1472 122 26 begagnade
709 1472 7 20 i
734 1472 41 21 den
789 1478 29 14 nu
832 1472 120 27 föreslagna
966 1472 69 28 lagen,

218 1500 104 26 nemligen
344 1502 32 19 att
397 1500 33 21 till
452 1500 129 27 länstingens
602 1500 107 27 uppgifter
730 1500 53 22 höra
804 1500 66 21 bland
888 1503 64 19 annat
974 1501 61 22 äfven

218 1528 172 22 handhafvandet
408 1528 23 21 af
450 1528 138 22 helsovärden
611 1528 39 22 och
672 1529 41 21 den
730 1530 106 20 allmänna
854 1529 181 28 undervisningen.

218 1557 56 21 Herr
288 1556 95 28 Ignatius
398 1556 33 22 far
444 1557 52 21 vilse
511 1557 26 21 dä
557 1558 41 20 han
616 1559 61 25 säger
696 1560 31 19 att
745 1558 48 21 hela
807 1557 207 23 folkskoleväsendet
1028 1559 7 21 i
