1039 1773
348 136 90 22 Borgärost.
450 134 43 20 1886.
507 136 87 22 -I8-Aprik
815 137 33 17 787

68 204 67 22 skulle
150 204 62 21 kosta
225 204 127 27 tte.gänger
362 204 29 21 sä.
400 204 84 28 mycket
497 204 53 22 eller
565 205 190 26 1,200,000-mark;
772 207 58 19 samt
839 206 36 20 vis

67 234 50 20 dare
131 234 32 20 att
177 233 196 27 multiplikationen
380 236 55 18 vore
447 232 53 22 fullt
509 233 69 27 rigtig,
593 233 54 21 ifell:
655 233 67 28 icke:
712 228 13 37 i
737 233 134 21 riddarkuset

67 262 74 20 funnes
155 257 109 36 åtskilligt:
279 263 63 19 annat.
352 263 29 19 än
393 262 39 20 den
447 261 95 28 plenisal,
554 262 37 20 der
603 262 147 26 ridderskapet
759 262 38 20 och
809 262 61 22 adeln

67 289 33 22 för
106 290 325 22 -:närvarande:sammanträder.
460 290 43 20 Det
517 291 25 19 är
556 290 52 20 visst
620 292 55 23 sant,
686 292 34 19 att
732 290 11 20 i
754 290 67 21 nedra
835 290 39 20 vå-

67 318 76 26 ningen
158 317 190 27 'finnas:-ätskilliga
358 318 80 25 ganska
446 319 66 24 stora;
523 324 47 14 men:
586 318 82 26 mycket
681 318 50 26 låga
746 318 39 20 och
801 318 70 26 dåliga

68 352 51 19 rum,
137 352 52 14 men:
197 346 167 20 de::motsvara:i
383 346 43 20 alla
443 346 37 20 fall:
499 346 46 20 icke
560 345 130 26 fjerdedelen
705 346 22 20 af
741 346 25 20 de
782 346 88 25 lokaler;

67 379 50 15 som:
126 379 26 15 en
161 374 262 25 .ständerrepresentation
438 373 74 21 skulle:
524 373 95 21 behöfva.
648 374 41 20 För
705 374 63 26 öfrigt
782 375 27 19 är
818 374 53 25 jem-

66 402 92 21 förelsen
167 402 52 21 lika:
230 401 105 27 haltande;
353 407 45 15 som:
418 401 26 21 dä
463 401 106 27 åtskilliga
587 402 68 21 talare:
672 402 87 26 jemfört
773 402 36 21 det:
823 408 49 20 pro-

64 426 118 35 jekterade:
191 426 149 35 ständerhuset:
351 430 47 21 med
413 430 169 27 skolbyggnader
597 431 7 20 i
619 431 56 20 olika
687 431 71 20 städer
769 431 37 20 och
816 431 55 20 visat

66 459 41 21 för:
116 454 54 36 huru:
170 459 142 26 billigt'
266 454 51 36 pris:
322 459 84 21 sådana.
415 458 71 21 kunna
500 458 101 27 uppföras
616 461 55 19 samt
681 459 60 21 deraf
751 459 69 26 dragit
830 459 40 21 den

67 487 217 26 slutsats;
172 483 47 35 att:
222 487 62 26 också
299 487 148 21 ständerhuset
465 487 37 20 bör
520 487 71 20 kunna
609 487 100 26 uppföras
727 487 33 21 för
779 489 34 19 ett:
823 493 48 20 pro-

66 515 131 27 portionsvis:
211 515 46 22 lika.
268 515 72 26 billigt
358 515 49 26 pris.
436 515 74 21 Ehuru
525 515 37 26 jag
579 517 24 18 är
618 521 26 15 en
658 516 95 25 praktisk
771 515 99 26 byggmä-

67 546 62 24 stare,
144 543 92 27 djerfves
248 543 36 27 jag
300 543 53 22 dock
368 545 52 25 göra
435 543 39 21 den
489 543 160 27 invändningen,
669 545 31 20 att
715 544 40 21 det:
765 544 46 20 icke
826 542 44 22 Kål:

66 573 34 20 ler;
115 572 70 21 streck
203 574 33 19 att
248 574 53 24 göra
315 571 135 27 jemförelser
468 572 89 21 emellan
576 572 243 26 kostnadsberäkningar
837 571 33 22 för

65 601 39 20 hus
119 601 48 20 med
181 602 58 19 stora
254 600 63 25 salar;
331 600 77 26 hvilka,
423 599 35 22 för
472 601 31 20 att
517 600 107 21 innehålla
638 600 124 26 tillräckligt
777 600 41 21 luft
832 600 39 21 och

66 628 306 27 kunna-:erhällarerforderlig
386 628 116 27 belysning,
521 628 68 21 måste
603 628 27 27 gå
644 635 74 20 genom
733 628 50 21 flere
799 628 71 21 vånin-

66 664 44 20 gar,
129 657 51 25 med:
188 657 39 21 hus
241 657 147 21 innehäliande
402 657 130 26 lägre:salar
547 656 22 21 af
583 663 80 14 samma
678 657 63 20 areal.
763 657 38 20 Ett
815 658 56 19 stän-

67 686 83 25 derhus,
159 681 35 36 -om
204 685 130 21 det:iocksä
351 685 81 20 utföres
450 685 75 22 endast
539 685 33 20 för
591 687 32 18 tre
641 685 68 26 stånd;
728 685 66 20 måste
813 685 58 20 inne

61 709 70 35 hålla;
139 709 111 35 tre'salani
259 713 40 21 för.
309 713 227 26 plenisammanträden
553 713 23 20 af:
593 713 64 20 sådan
673 713 90 26 storlek,
777 715 31 18 att
823 713 25 21 de
863 713 7 20 i

67 742 38 21 och
121 742 36 21 för:
168 743 33 26 sig
213 744 42 19 äro
270 741 78 28 ganska
367 741 65 22 svåra
446 743 31 19 att
494 741 77 21 utföra.
601 741 112 22 Dessutom:
723 737 66 36 skall
798 741 71 27 hvarje

67 771 23 21 af
101 771 27 22 de
143 771 83 22 mindre
238 777 95 15 rummen
347 773 13 18 t.
378 777 30 14 ex.
424 771 72 26 hvarje
511 770 137 21 utskottsrum
661 770 105 21 innehålla
777 777 26 14 en
813 770 57 21 areal

67 800 22 21 af
105 800 64 21 minst
185 795 88 35 sämmä:
281 799 88 27 storlek,
389 806 50 14 som:
453 800 26 20 de
497 799 62 26 salar,
579 799 71 21 hvilka
668 800 96 25 vanligen
782 799 88 20 finnas
859 795 15 35 i

66 829 197 26 privata:-bostäder
269 828 17 21 i
291 828 143 27 Helsingfors.
456 827 68 22 Hvad:
532 828 246 21 restaurationsrummen
794 827 77 21 beträf-

66 857 39 26 far,
121 857 154 21 dér::ståndens:
293 857 137 20 medlemmar
448 857 68 20 skulle
536 856 72 27 intaga
626 857 32 20 sin
676 857 91 25 middag,
786 856 84 21 hvilken

67 885 154 27 omständighet
232 885 74 27 tyckes
320 885 95 21 särdeles
430 885 63 20 hafva
507 886 47 19 roat:
568 885 49 20 herr.
632 884 151 27 Schybergson,
799 883 24 22 sä
834 886 36 19 äro

67 914 25 20 de
107 913 154 26 icke;:afsedda,
276 913 36 21 för
323 915 32 19 att
370 914 84 25 middag
474 913 109 21 derstädes
599 913 67 21 skulle
681 919 96 14 serveras
792 912 22 21 ät
829 913 43 20 alla

66 942 31 27 på
109 937 122 36 en::gång.s'!
248 937 70 36 Dertill
337 947 50 15 vore
405 943 113 25 utrymmet:
536 941 88 21 alldeles
637 941 40 21 .för
694 941 56 25 litet;
769 947 47 14 men
835 941 36 20 det

66 972 24 19 är
104 970 213 26 naturligt,
221 965 43 35 satt
276 965 47 35 "när
335 970 108 20 utskotten
462 970 73 20 arbeta
553 970 27 25 pä
595 969 144 26 förmiddagen
755 969 38 20 och
808 969 63 26 plena

66 998 312 27 inträffa.
165 993 35 36 på:
208 998 170 27 eftermiddagen,
393 997 181 27 begvämligheten
590 1000 50 18 utan
654 997 73 21 tvifvel
742 997 83 21 fordrar
840 999 31 18 att

67 1021 102 36 enskilde:
180 1021 201 36 ståndsmedlemmar
398 1028 68 19 sättas
484 1026 7 21 i
506 1025 83 22 tillfälle
607 1027 32 20 att:
652 1026 72 26 intaga
739 1025 31 21 sin
786 1025 85 26 middag

66 1056 31 26 pä:
108 1055 164 27 ställetyi:s&iätt
284 1055 26 21 de
325 1055 149 21 icke:behöfva
489 1055 33 20 för
537 1055 26 21 de
577 1054 22 21 få
613 1055 90 26 timmar,
721 1055 26 20 de:
763 1054 64 21 hafva
841 1053 30 22 le-

67 1084 52 25 digt;
131 1083 142 27 »aflägsas.sig:
288 1083 46 21 från
349 1083 90 21 lokalen.
469 1083 61 21 Hvad
548 1083 107 21 storleken
673 1083 23 20 af
708 1083 163 21 restaurations-

67 1107 92 35 lokalen:
170 1107 103 35 beträffar;
288 1117 45 15 som
347 1111 38 27 jag
399 1111 80 27 uppgaf
491 1117 51 15 vara
573 1111 104 27 betydligt
699 1113 68 19 större
788 1113 26 18 än
837 1117 36 15 re-.

66 1140 211 21 staurationslokalön
293 1140 6 19 i
316 1140 35 20 det
365 1140 91 25 tidigare
471 1139 118 26 uppgjorda
605 1139 112 26 projektet,
736 1139 23 20 så
773 1141 25 18 är
813 1139 59 21 dette.

66 1168 123 26 visserligen
200 1167 72 26 fallet,
292 1173 55 16 men.
359 1168 39 20 den
417 1169 27 19 är:
459 1167 53 21 dock
527 1167 27 27 på
572 1168 32 20 sin
623 1167 50 26 höjd
692 1168 79 20 endast:
785 1167 90 21 dubbelt:

67 1198 74 19 större:
149 1196 281 22 änirestaurationslokalen
442 1196 93 25 derinne,
551 1201 44 16 som
607 1195 53 22 dock
669 1196 107 26 begagnas
787 1195 84 22 af'blott

67 1226 30 19 ett:
113 1225 53 21 enda
179 1224 116 22 :ständ'.ocli:
310 1225 38 21 der:
362 1225 20 20 vi
398 1224 43 21 ofta
456 1224 88 21 alldeles
558 1224 47 21 icke
620 1223 45 22 haft
679 1224 33 21 för
727 1226 54 19 stort
793 1225 77 26 utrym-

67 1259 40 21 me,
121 1255 46 19 vär:
176 1249 38 35 det:
225 1253 67 27 någon
303 1253 56 26 gång
373 1253 151 21 midtinatten
540 1253 65 20 händt
615 1255 31 18 att
656 1253 64 26 supen
731 1253 38 20 der
778 1253 93 26 intagits.

133 1281 213 22 Herr''Smeflman:
364 1281 43 21 Det
424 1281 86 26 förslag,
524 1281 36 26 jag
574 1281 76 20 varit:i
665 1281 130 20 tillfälle
764 1277 33 35 att
808 1281 65 20 fram-

67 1311 62 20 ställa
144 1310 131 27 till:frägans
286 1310 87 26 lösning
391 1309 7 21 :i
412 1310 49 20 den:
471 1309 114 21 utskottets
603 1309 133 21 betänkande
755 1309 115 26 åtföljande

66 1339 216 25 reservatiomenw;-hår
296 1339 61 20 redan
374 1333 70 35 biifvit
459 1337 24 21 sä.
497 1339 68 19 varmt
579 1337 120 21 försvaradt
708 1337 23 20 af
739 1337 50 21 flere
804 1337 67 20 talare

66 1367 7 20 i
89 1367 46 26 dag,
150 1361 39 36 att:
195 1361 36 36 jag
237 1367 123 26 ingalunda
378 1366 68 20 skulle:
464 1365 90 21 behöfva
572 1367 56 24 yttra
643 1365 65 26 några
723 1365 37 20 ord
775 1365 33 20 till
823 1365 48 20 dess

67 1395 72 20 vidare
148 1389 93 35 försvar:
260 1401 3 10 i
267 1394 93 22 Men.
336 1389 25 35 då
378 1394 104 20 särskilda
496 1399 107 21 personer,
622 1399 44 14 som
684 1393 65 20 ställt:
758 1393 32 26 sig
802 1393 29 26 pä
846 1399 29 14 en

67 1422 282 27 motsatt.ståndpunkt
305 1416 43 37 och
366 1422 7 21 i:
392 1421 43 21 alla
452 1420 60 22 delar
530 1421 93 26 godkänt
641 1421 157 26 :delegationens
812 1420 65 26 åtgö-

67 1451 92 27 randen,:
168 1451 149 26 förklarat
280 1445 47 37 "att:
332 1451 25 22 de
372 1450 63 27 gjort:
441 1451 61 20 detta:
515 1449 27 28 pä
552 1450 45 21 den
612 1449 73 27 grund,
701 1451 35 19 att
747 1449 36 21 det
797 1449 75 21 endast

67 1478 302 28 härigonomsblefve:
297 1473 75 37 möjligt
383 1480 37 19 att:
429 1479 22 20 f&
460 1478 72 27 något
546 1478 127 21 ständerhus
687 1478 33 20 till
735 1477 61 21 stånd
811 1477 39 20 och
864 1477 8 20 i

68 1509 61 21 detta:
145 1501 118 36 uttalande.
283 1501 82 36 säledes:
376 1506 64 21 också
461 1506 65 27 ingår.
539 1512 27 15 en
582 1505 92 21 indirekt
695 1505 115 27 -angifvelse
828 1506 47 19 met:

64 1530 55 36 alla;
129 1536 111 21 dem;:som
252 1535 52 27 hysa
318 1541 26 15 en
363 1536 87 20 motsatt
464 1534 60 27 äsigt,
543 1536 32 19 att
593 1534 29 21 de
634 1534 33 21 för
681 1536 32 18 att:
727 1534 147 20 hindra:stäm-.
