1098 1764
349 130 89 24 Rargarast.
450 130 43 24 1886.
514 130 84 24 20;April:
818 129 33 19 199

72 201 32 25 ter
117 201 32 26 ett
164 199 52 26 visst
230 200 64 26 antal.
299 200 114 32 tjensteär.
418 200 99 25 komma
505 195 14 41 i
528 199 122 27 åtnjutande
661 199 23 26 af
693 199 93 27 pension.
808 199 64 32 Detta

72 219 181 45 missförhällande
276 228 43 22 stär
336 228 45 22 icke
396 229 7 20 i
419 228 149 26 sammanhang
588 228 47 20 med
647 222 181 32 pensionsrättens
842 227 31 21 in-

71 256 86 27 förande
175 256 9 21 i
200 257 49 23 vårt
265 257 48 25 land.
333 256 46 26 och
389 256 92 27 Sverige.
508 256 205 27 Pensionssystemet
730 256 90 26 uppstod
839 262 34 14 ur-

71 284 140 26 sprungligen.
224 280 78 40 derför.
307 286 36 24 att.
353 284 106 26 orkeslöse
471 284 95 26 embets-
580 284 38 24 och.
632 284 132 27 tjenstemän,
775 290 44 15 som
826 284 47 27 icke

71 318 58 21 mera
143 312 69 32 kunde
226 318 72 20 gagna:
305 313 40 23 det
359 312 110 26 allmänna,
485 312 93 26 sålunda.
587 312 67 26 skulle
665 312 70 25 kunna
742 312 76 22 lättare
825 311 49 27 afgå

70 339 46 27 från
139 340 33 25 sin
190 340 70 26 tjenst-
275 340 39 26 och
329 342 34 23 att
373 340 119 26 samhället
509 340 45 25 icke
574 340 68 25 skulle
656 339 64 27 blifva
735 341 87 25 tvunget
836 342 36 24 att,

71 364 36 36 tan
125 364 61 29 deras
204 367 59 27 eget
271 363 136 31 förvållande,
426 368 88 24 afskeda
533 368 53 20 dem.
612 384 1 3 .
628 368 45 25 Här
695 368 38 24 har
755 368 118 26 emellertid

71 392 36 31 vid:
120 396 195 27 militärväsendet,
322 396 39 27 vid
369 396 155 34 skolväsendet
539 396 38 20 och
592 402 27 19 nu
633 391 61 30 äfven
710 395 34 21 vid
759 389 114 33 folkskole-

70 424 112 28 väsendet
187 424 79 27 .införts.
285 426 42 25 ett...
334 420 86 32 system,
439 431 56 20 som
500 426 25 20 är
545 424 88 27 alldeles
655 424 92 28 origtigt,
769 416 104 44 nemligen

70 453 37 26 det
127 455 31 21 att
172 454 68 26 ingen.
249 453 135 27 åldersgräns
399 449 68 25 blifvit
483 454 65 25 utsatt
563 453 69 32 såsom
647 450 67 27 vilkor
728 452 33 22 för
775 453 98 27 pensions

70 481 128 27 erhållande.
223 482 41 26 Jag
282 482 53 26 hade
352 482 75 26 derför.
445 482 75 24 önskat
538 483 32 20 att
587 482 6 21 i
614 482 60 26 detta
692 481 98 24 afseende
808 481 22 21 få
847 487 25 18 en

70 510 135 27 åldersgräns
222 512 67 23 utsatt
304 510 34 26 för
356 510 176 26 folkskolelärare
549 510 38 22 och
607 506 123 29 lärarinnor,
750 510 23 21 så
792 510 81 31 mycket

70 545 58 20 mera
142 545 56 26 som.
202 538 145 28 erfarenheten
357 539 84 26 ganska
455 539 76 26 tydligt
545 538 117 33 ådagalagt
674 540 32 21 att
720 523 108 47 krafterna,
842 538 30 21 in-

69 567 91 27 galunda
182 567 56 28 inom
256 568 57 23 detta
334 567 54 27 yrke
406 567 92 26 tidigare
517 567 71 26 aftaga
609 569 26 18 än
658 567 55 20 inom
731 562 72 28 andra.
832 565 40 27 Jag

69 596 54 26 hade
142 592 75 29 önskat
234 598 32 19 att
280 595 71 27 också,
358 595 41 24 här
413 596 39 23 den
467 595 33 25 för.
521 595 126 26 tjenstemän
665 595 7 20 i
686 595 114 21 allmänhet
822 594 50 22 fast-

70 624 68 25 stälda
160 623 160 26 åldersgränsen
341 624 27 21 63
382 623 25 26 är
421 618 68 31 blifvit
504 625 72 21 utsatt.

136 651 55 25 Herr
206 651 121 27 Högman:
346 646 77 31 Ehuru
433 657 53 16 .ense
505 651 47 24 med
567 651 49 20 herr
631 651 100 26 Sundvall
748 651 78 25 derom,
842 652 30 19 att

69 681 36 26 det
119 682 24 19 är
158 680 45 26 skäl
218 681 32 24 att
264 680 32 22 för
311 680 111 26 framtiden
437 680 65 26 draga
516 679 83 26 försorg
613 685 33 20 om
657 674 31 26 att
697 679 119 25 folkskolan
826 679 46 22 icke

70 708 54 27 står
128 710 68 25 öppen
210 708 33 27 för
257 714 109 21 personer,
380 714 45 19 som
439 707 46 22 icke
501 707 69 21 blifvit
583 703 109 25 utbildade
707 707 7 20 i
729 708 26 20 de
770 701 46 27 utaf
830 709 42 19 sta-

69 739 45 25 ten
119 733 138 30 underhållna
275 737 129 25 anstalterna.
422 736 32 21 för
472 736 123 23 utbildande
609 735 23 22 af
645 735 173 22 folkskolelärare
833 735 39 22 och

69 765 123 27 lärarinnor,
207 765 41 27 kan
261 765 36 27 jag
312 765 53 23 dock
383 765 50 23 icke
447 764 74 27 förena
539 765 43 26 mig
597 764 47 22 med
660 764 48 21 herr
723 764 99 22 Sundvall
838 770 34 15 om

69 795 51 20 hans
135 794 79 27 förslag
228 790 33 25 till
276 794 80 27 lydelse
371 792 23 23 af.
407 789 110 30 klämmen.
545 793 41 27 Jag
602 799 61 16 anser
673 793 104 26 nemligen
792 795 30 19 att
838 793 35 21 det

69 823 74 27 medel,
154 822 87 26 hvilket
257 823 61 26 'herr.
330 822 100 24 Sundvall
448 822 109 27 föreslagit
572 821 32 22 för
625 821 123 28 uppnäende
771 821 23 21 af
815 821 58 21 detta

69 846 61 33 mål;
136 853 24 24 är
177 851 89 23 alldeles.
285 846 114 31 olämpligt.
413 842 8 41 :
421 851 62 26 Vill
489 857 47 15 .man.
554 850 27 24 nä
600 851 57 20 detta
676 849 102 28 syftemäl,
798 850 22 21 sä
839 850 33 21 mä

69 886 47 21 man
132 880 66 26 draga
212 879 83 27 försorg
308 879 73 26 derom
392 875 78 30 genom
485 880 32 23 att
526 879 27 26 pä
563 879 142 26 vederbörligt
715 880 42 19 sätt
767 878 105 21 fastställa

69 907 268 28 kompetensfordringarne.
359 907 32 25 för
408 907 93 26 tillträde:
523 907 33 20 till
574 907 194 26 folkskoletjenster
786 906 60 23 äfven
865 906 7 21 i

70 936 104 28 städerna.
187 932 10 36 :
203 936 42 26 Det
259 932 68 40 måste
340 936 67 26 under
422 929 42 32 alla
478 935 144 26 förhållanden
638 941 61 15 anses
714 934 82 27 obilligt
806 936 31 19 att
847 940 25 15 en

69 971 82 21 person,
167 971 46 20 som
226 966 24 19 är
265 965 7 20 i
286 964 66 26 laglig
367 964 114 26 besittning
495 963 67 27 af.en
571 963 70 28 tjenst,
656 963 46 26 icke
712 963 54 22 skall
776 969 50 14 vara
836 962 36 25 be-

69 993 91 27 rättigad
175 988 32 31 till
223 993 42 21 alla
274 993 32 23 de
320 992 112 26 förmåner,
444 998 47 15 som:
499 986 75 32 åtfölja
588 992 127 22 densamma.
736 991 35 21 Må
782 997 46 17 man
839 990 33 22 så-

69 1021 64 21 lunda
148 1021 27 27 på
189 1017 69 25 direkt
276 1023 40 31 väg
335 1020 78 22 sträfva
428 1008 35 33 till
482 1020 57 21 detta
557 1019 48 27 mål,
624 1026 46 15 men
689 1020 45 21 icke
750 1020 26 26 på
794 1019 78 21 sådana

68 1049 124 28 krokvägar,
208 1050 24 21 så
246 1051 31 21 att
290 1051 58 26 säga,
364 1055 43 20 som
423 1055 75 21 genom
512 1050 31 25 att
557 1044 113 32 inskränka
684 1048 173 27 pensionsrätten.

137 1078 55 21 Herr
206 1078 122 21 Neovius:
342 1073 50 25 Med
407 1072 113 32 anledning
533 1077 23 21 af
569 1077 49 27 herr
627 1073 100 31 Ignatius'
738 1076 135 27 andragande

69 1106 37 28 ber
119 1107 37 26 jag
170 1106 22 23 få
206 1106 56 24 fästa
275 1106 211 32 uppmärksamheten
501 1106 34 20 vid
551 1106 39 24 den
596 1105 236 28 omständigheten,.att
842 1105 30 21 lä-

68 1140 61 15 rarne
145 1135 34 20 vid
195 1134 25 21 de
236 1134 68 26 öfriga
318 1134 110 27 skolorna,
431 1134 6 21 i
452 1134 71 25 landet
536 1134 34 25 för
584 1131 121 29 åtnjutande
721 1134 22 25 af
750 1134 86 27 pension
852 1133 18 27 ej

68 1162 70 28 beller,
149 1162 89 27 behöfva
251 1162 63 27 hafva
329 1162 92 30 uppnått
431 1162 41 26 den
485 1162 23 23 af
520 1156 76 31 honom.
607 1162 119 26 föreslagna
740 1162 132 26 äldersgrän-

68 1196 43 20 sen,
127 1184 49 27 utan
192 1193 24 18 är
230 1187 167 39 pensionsrätten
413 1185 32 26 för
461 1190 46 21 dem
522 1190 104 25 beroende
641 1190 28 32 af
672 1190 36 21 det
717 1190 58 21 antal
786 1190 28 26 år,
826 1196 45 22 som

68 1219 25 21 de
108 1219 54 21 varit
177 1219 99 24 anstälda
287 1219 7 21 i
309 1218 86 24 skolans
410 1218 69 27 tjenst.
507 1218 65 23 Detta
586 1224 62 17 anser
661 1218 36 27 jag
712 1218 63 22 också
789 1215 82 31 mycket

68 1253 59 15 mera
141 1247 63 27 rigtig
219 1253 43 15 som
278 1247 160 33 verksamheten
452 1247 28 27 pä
495 1247 35 25 det
544 1247 142 33 pedagogiska
696 1247 77 21 fältet
767 1243 12 41 i
784 1248 86 23 allmän-

67 1276 36 26 het
117 1276 38 24 och.
170 1276 94 25 särdeles
278 1276 7 20 i
303 1276 78 25 skolor,
397 1276 36 21 der
451 1276 120 26 klasserna
576 1277 38 25 äro
633 1275 125 27 öfverfyllda
776 1277 38 20 och
834 1276 36 20 der

68 1310 25 15 en
104 1304 37 21 och
152 1310 80 15 samma
246 1304 67 21 lärare
328 1303 39 21 har
381 1306 32 18 att
427 1304 73 24 arbeta
514 1305 68 31 större
594 1304 64 26 delen
673 1304 23 26 af
709 1304 73 26 dagen,
793 1305 23 21 är
826 1306 45 20 sär-

68 1332 58 28 deles
142 1332 168 28 ansträngande...
330 1332 35 26 Jin
381 1332 140 33 verksamhet.
538 1331 7 26 i
566 1332 65 28 sådan
650 1327 68 33 tjenst
740 1332 38 22 bör
800 1330 70 34 derför

66 1361 108 21 betraktas
193 1367 25 14 ur
236 1360 192 27 annan:synpuukt
445 1362 26 25 än
489 1355 63 32 öfrig.
564 1360 118 27 statstjenst
700 1360 38 28 och
756 1366 64 21 anser
833 1360 37 28 jag

68 1389 79 32 decför.
147 1389 45 27 ock
206 1389 70 27 billigt
285 1394 62 22 vara,
361 1390 32 25 att
407 1394 41 22 om
456 1394 32 23 ep.
491 1385 164 35 folkskollärare
670 1388 76 28 önskar.
760 1388 48 28 afgå
823 1388 46 21 från

67 1413 98 54 Hjensten,
178 1417 58 27 efter.
248 1418 44 27 det
298 1417 41 32 han
353 1417 66 27 under
434 1417 45 32 det
481 1414 142 35 utigällande
628 1417 124 33 förordning
762 1417 108 32 bestämda

67 1445 59 27 antal
139 1445 29 27 år,
184 1451 58 20 som,
254 1452 34 19 om
304 1445 37 27 jag
358 1445 57 26 igke,
423 1445 131 32 missminner
572 1445 49 27 mig,
641 1447 27 22 är
680 1445 28 22 30
717 1445 34 26 år,
774 1445 46 25 med
839 1445 31 21 nit

68 1474 38 21 och
120 1474 110 27 framgång
244 1474 74 21 verkat
331 1474 32 28 uti
373 1473 84 28 skolans
471 1473 70 30 tjenst,
552 1473 120 28 berättigas,
683 1473 32 22 till
726 1461 40 38 full
771 1474 97 26 pension,

68 1503 117 25 oberoende
200 1503 22 21 af
236 1503 40 23 den
291 1503 63 25 ålder,
365 1502 40 25 han
420 1502 95 26 uppnätt..
543 1501 41 27 Jag
602 1498 68 56 skulle
688 1497 82 30 således
785 1502 85 23 anhålla
