<?xml version="1.0" encoding="UTF-8"?>
<alto xmlns="http://www.loc.gov/standards/alto/ns-v3#" xmlns:xlink="http://www.w3.org/1999/xlink" xmlns:xsi="http://www.w3.org/2001/XMLSchema-instance" xsi:schemaLocation="http://www.loc.gov/standards/alto/ns-v3# http://www.loc.gov/alto/v3/alto-3-0.xsd">
	<Description>
		<MeasurementUnit>pixel</MeasurementUnit>
		<sourceImageInformation>
			<fileName>/tmp/tess_e0xxs1e6_input.PNG</fileName>
		</sourceImageInformation>
		<OCRProcessing ID="OCR_0">
			<ocrProcessingStep>
				<processingSoftware>
					<softwareName>tesseract 5.3.4</softwareName>
				</processingSoftware>
			</ocrProcessingStep>
		</OCRProcessing>
	</Description>
	<Layout>
		<Page WIDTH="1111" HEIGHT="1695" PHYSICAL_IMG_NR="0" ID="page_0">
			<PrintSpace HPOS="0" VPOS="0" WIDTH="1111" HEIGHT="1695">
				<ComposedBlock ID="cblock_0" HPOS="225" VPOS="135" WIDTH="514" HEIGHT="32">
					<TextBlock ID="block_0" HPOS="225" VPOS="135" WIDTH="514" HEIGHT="32">
						<TextLine ID="line_0" HPOS="225" VPOS="135" WIDTH="514" HEIGHT="32">
							<String ID="string_0" HPOS="225" VPOS="135" WIDTH="34" HEIGHT="32" WC="0.95" CONTENT="648"/><SP WIDTH="226" VPOS="135" HPOS="259"/>
							<String ID="string_1" HPOS="485" VPOS="138" WIDTH="92" HEIGHT="23" WC="0.91" CONTENT="Borgarest."/><SP WIDTH="12" VPOS="138" HPOS="577"/>
							<String ID="string_2" HPOS="589" VPOS="138" WIDTH="45" HEIGHT="19" WC="0.94" CONTENT="1885."/><SP WIDTH="23" VPOS="138" HPOS="634"/>
							<String ID="string_3" HPOS="657" VPOS="139" WIDTH="19" HEIGHT="18" WC="0.94" CONTENT="10"/><SP WIDTH="12" VPOS="139" HPOS="676"/>
							<String ID="string_4" HPOS="688" VPOS="138" WIDTH="51" HEIGHT="23" WC="0.93" CONTENT="April."/>
						</TextLine>
					</TextBlock>
				</ComposedBlock>
				<ComposedBlock ID="cblock_1" HPOS="196" VPOS="207" WIDTH="836" HEIGHT="1353">
					<TextBlock ID="block_1" HPOS="198" VPOS="207" WIDTH="834" HEIGHT="1100">
						<TextLine ID="line_1" HPOS="199" VPOS="207" WIDTH="833" HEIGHT="28">
							<String ID="string_5" HPOS="199" VPOS="208" WIDTH="148" HEIGHT="22" WC="0.93" CONTENT="förhållanden"/><SP WIDTH="14" VPOS="208" HPOS="347"/>
							<String ID="string_6" HPOS="361" VPOS="207" WIDTH="140" HEIGHT="27" WC="0.92" CONTENT="ovilkorligen"/><SP WIDTH="14" VPOS="207" HPOS="501"/>
							<String ID="string_7" HPOS="515" VPOS="207" WIDTH="73" HEIGHT="22" WC="0.96" CONTENT="fordra"/><SP WIDTH="14" VPOS="207" HPOS="588"/>
							<String ID="string_8" HPOS="602" VPOS="209" WIDTH="33" HEIGHT="20" WC="0.96" CONTENT="att"/><SP WIDTH="15" VPOS="209" HPOS="635"/>
							<String ID="string_9" HPOS="650" VPOS="207" WIDTH="40" HEIGHT="21" WC="0.93" CONTENT="den"/><SP WIDTH="16" VPOS="207" HPOS="690"/>
							<String ID="string_10" HPOS="706" VPOS="207" WIDTH="107" HEIGHT="27" WC="0.91" CONTENT="evalering"/><SP WIDTH="14" VPOS="207" HPOS="813"/>
							<String ID="string_11" HPOS="827" VPOS="207" WIDTH="24" HEIGHT="22" WC="0.93" CONTENT="af"/><SP WIDTH="12" VPOS="207" HPOS="851"/>
							<String ID="string_12" HPOS="863" VPOS="207" WIDTH="169" HEIGHT="28" WC="0.88" CONTENT="rustningsskyl-"/>
						</TextLine>
						<TextLine ID="line_2" HPOS="200" VPOS="235" WIDTH="830" HEIGHT="29">
							<String ID="string_13" HPOS="200" VPOS="237" WIDTH="107" HEIGHT="27" WC="0.91" CONTENT="digheten,"/><SP WIDTH="16" VPOS="237" HPOS="307"/>
							<String ID="string_14" HPOS="323" VPOS="242" WIDTH="46" HEIGHT="15" WC="0.96" CONTENT="som"/><SP WIDTH="15" VPOS="242" HPOS="369"/>
							<String ID="string_15" HPOS="384" VPOS="237" WIDTH="25" HEIGHT="20" WC="0.96" CONTENT="är"/><SP WIDTH="14" VPOS="237" HPOS="409"/>
							<String ID="string_16" HPOS="423" VPOS="235" WIDTH="97" HEIGHT="28" WC="0.95" CONTENT="påtänkt,"/><SP WIDTH="15" VPOS="235" HPOS="520"/>
							<String ID="string_17" HPOS="535" VPOS="235" WIDTH="40" HEIGHT="22" WC="0.96" CONTENT="bör"/><SP WIDTH="14" VPOS="235" HPOS="575"/>
							<String ID="string_18" HPOS="589" VPOS="241" WIDTH="53" HEIGHT="16" WC="0.96" CONTENT="vara"/><SP WIDTH="14" VPOS="241" HPOS="642"/>
							<String ID="string_19" HPOS="656" VPOS="235" WIDTH="23" HEIGHT="22" WC="0.96" CONTENT="så"/><SP WIDTH="14" VPOS="235" HPOS="679"/>
							<String ID="string_20" HPOS="693" VPOS="235" WIDTH="60" HEIGHT="27" WC="0.96" CONTENT="billig"/><SP WIDTH="18" VPOS="235" HPOS="753"/>
							<String ID="string_21" HPOS="771" VPOS="241" WIDTH="46" HEIGHT="16" WC="0.96" CONTENT="som"/><SP WIDTH="19" VPOS="241" HPOS="817"/>
							<String ID="string_22" HPOS="836" VPOS="235" WIDTH="84" HEIGHT="27" WC="0.96" CONTENT="möjligt"/><SP WIDTH="19" VPOS="235" HPOS="920"/>
							<String ID="string_23" HPOS="939" VPOS="236" WIDTH="40" HEIGHT="21" WC="0.96" CONTENT="och"/><SP WIDTH="22" VPOS="236" HPOS="979"/>
							<String ID="string_24" HPOS="1001" VPOS="235" WIDTH="29" HEIGHT="22" WC="0.96" CONTENT="då"/>
						</TextLine>
						<TextLine ID="line_3" HPOS="200" VPOS="263" WIDTH="830" HEIGHT="30">
							<String ID="string_25" HPOS="200" VPOS="265" WIDTH="39" HEIGHT="22" WC="0.96" CONTENT="har"/><SP WIDTH="10" VPOS="265" HPOS="239"/>
							<String ID="string_26" HPOS="249" VPOS="271" WIDTH="50" HEIGHT="15" WC="0.96" CONTENT="man"/><SP WIDTH="11" VPOS="271" HPOS="299"/>
							<String ID="string_27" HPOS="310" VPOS="265" WIDTH="64" HEIGHT="26" WC="0.96" CONTENT="ingen"/><SP WIDTH="11" VPOS="265" HPOS="374"/>
							<String ID="string_28" HPOS="385" VPOS="264" WIDTH="93" HEIGHT="29" WC="0.96" CONTENT="säkrare"/><SP WIDTH="8" VPOS="264" HPOS="478"/>
							<String ID="string_29" HPOS="486" VPOS="264" WIDTH="68" HEIGHT="26" WC="0.96" CONTENT="grund"/><SP WIDTH="12" VPOS="264" HPOS="554"/>
							<String ID="string_30" HPOS="566" VPOS="265" WIDTH="33" HEIGHT="20" WC="0.96" CONTENT="att"/><SP WIDTH="10" VPOS="265" HPOS="599"/>
							<String ID="string_31" HPOS="609" VPOS="263" WIDTH="57" HEIGHT="22" WC="0.96" CONTENT="hålla"/><SP WIDTH="10" VPOS="263" HPOS="666"/>
							<String ID="string_32" HPOS="676" VPOS="264" WIDTH="32" HEIGHT="26" WC="0.96" CONTENT="sig"/><SP WIDTH="9" VPOS="264" HPOS="708"/>
							<String ID="string_33" HPOS="717" VPOS="264" WIDTH="34" HEIGHT="21" WC="0.95" CONTENT="till"/><SP WIDTH="9" VPOS="264" HPOS="751"/>
							<String ID="string_34" HPOS="760" VPOS="265" WIDTH="28" HEIGHT="20" WC="0.96" CONTENT="än"/><SP WIDTH="11" VPOS="265" HPOS="788"/>
							<String ID="string_35" HPOS="799" VPOS="265" WIDTH="26" HEIGHT="20" WC="0.91" CONTENT="de"/><SP WIDTH="11" VPOS="265" HPOS="825"/>
							<String ID="string_36" HPOS="836" VPOS="263" WIDTH="86" HEIGHT="27" WC="0.91" CONTENT="afgifter"/><SP WIDTH="13" VPOS="263" HPOS="922"/>
							<String ID="string_37" HPOS="935" VPOS="263" WIDTH="95" HEIGHT="22" WC="0.90" CONTENT="rusthål-"/>
						</TextLine>
						<TextLine ID="line_4" HPOS="200" VPOS="292" WIDTH="831" HEIGHT="27">
							<String ID="string_38" HPOS="200" VPOS="293" WIDTH="60" HEIGHT="21" WC="0.92" CONTENT="larne"/><SP WIDTH="14" VPOS="293" HPOS="260"/>
							<String ID="string_39" HPOS="274" VPOS="293" WIDTH="68" HEIGHT="21" WC="0.96" CONTENT="under"/><SP WIDTH="15" VPOS="293" HPOS="342"/>
							<String ID="string_40" HPOS="357" VPOS="292" WIDTH="66" HEIGHT="26" WC="0.96" CONTENT="några"/><SP WIDTH="15" VPOS="292" HPOS="423"/>
							<String ID="string_41" HPOS="438" VPOS="293" WIDTH="40" HEIGHT="20" WC="0.96" CONTENT="och"/><SP WIDTH="17" VPOS="293" HPOS="478"/>
							<String ID="string_42" HPOS="495" VPOS="293" WIDTH="27" HEIGHT="20" WC="0.96" CONTENT="70"/><SP WIDTH="15" VPOS="293" HPOS="522"/>
							<String ID="string_43" HPOS="537" VPOS="292" WIDTH="23" HEIGHT="21" WC="0.96" CONTENT="år"/><SP WIDTH="15" VPOS="292" HPOS="560"/>
							<String ID="string_44" HPOS="575" VPOS="292" WIDTH="88" HEIGHT="27" WC="0.93" CONTENT="utgjort."/><SP WIDTH="29" VPOS="292" HPOS="663"/>
							<String ID="string_45" HPOS="692" VPOS="292" WIDTH="103" HEIGHT="27" WC="0.91" CONTENT="Indragas"/><SP WIDTH="16" VPOS="292" HPOS="795"/>
							<String ID="string_46" HPOS="811" VPOS="292" WIDTH="63" HEIGHT="21" WC="0.93" CONTENT="dessa"/><SP WIDTH="14" VPOS="292" HPOS="874"/>
							<String ID="string_47" HPOS="888" VPOS="292" WIDTH="85" HEIGHT="26" WC="0.92" CONTENT="afgifter"/><SP WIDTH="15" VPOS="292" HPOS="973"/>
							<String ID="string_48" HPOS="988" VPOS="292" WIDTH="43" HEIGHT="21" WC="0.96" CONTENT="och"/>
						</TextLine>
						<TextLine ID="line_5" HPOS="200" VPOS="320" WIDTH="830" HEIGHT="27">
							<String ID="string_49" HPOS="200" VPOS="320" WIDTH="257" HEIGHT="27" WC="0.91" CONTENT="rustningsskyldigheten"/><SP WIDTH="15" VPOS="320" HPOS="457"/>
							<String ID="string_50" HPOS="472" VPOS="320" WIDTH="110" HEIGHT="26" WC="0.96" CONTENT="samtidigt"/><SP WIDTH="10" VPOS="320" HPOS="582"/>
							<String ID="string_51" HPOS="592" VPOS="320" WIDTH="86" HEIGHT="21" WC="0.93" CONTENT="dermed"/><SP WIDTH="9" VPOS="320" HPOS="678"/>
							<String ID="string_52" HPOS="687" VPOS="320" WIDTH="124" HEIGHT="27" WC="0.92" CONTENT="upphäfves,"/><SP WIDTH="8" VPOS="320" HPOS="811"/>
							<String ID="string_53" HPOS="819" VPOS="320" WIDTH="25" HEIGHT="21" WC="0.94" CONTENT="så"/><SP WIDTH="9" VPOS="320" HPOS="844"/>
							<String ID="string_54" HPOS="853" VPOS="321" WIDTH="97" HEIGHT="21" WC="0.91" CONTENT="kommer"/><SP WIDTH="15" VPOS="321" HPOS="950"/>
							<String ID="string_55" HPOS="965" VPOS="322" WIDTH="65" HEIGHT="19" WC="0.91" CONTENT="stats-"/>
						</TextLine>
						<TextLine ID="line_6" HPOS="200" VPOS="348" WIDTH="829" HEIGHT="27">
							<String ID="string_56" HPOS="200" VPOS="349" WIDTH="75" HEIGHT="22" WC="0.93" CONTENT="verket"/><SP WIDTH="14" VPOS="349" HPOS="275"/>
							<String ID="string_57" HPOS="289" VPOS="349" WIDTH="104" HEIGHT="26" WC="0.92" CONTENT="klarligen"/><SP WIDTH="15" VPOS="349" HPOS="393"/>
							<String ID="string_58" HPOS="408" VPOS="348" WIDTH="48" HEIGHT="21" WC="0.96" CONTENT="icke"/><SP WIDTH="15" VPOS="348" HPOS="456"/>
							<String ID="string_59" HPOS="471" VPOS="350" WIDTH="33" HEIGHT="19" WC="0.96" CONTENT="att"/><SP WIDTH="14" VPOS="350" HPOS="504"/>
							<String ID="string_60" HPOS="518" VPOS="348" WIDTH="44" HEIGHT="21" WC="0.96" CONTENT="lida"/><SP WIDTH="14" VPOS="348" HPOS="562"/>
							<String ID="string_61" HPOS="576" VPOS="348" WIDTH="70" HEIGHT="27" WC="0.96" CONTENT="någon"/><SP WIDTH="15" VPOS="348" HPOS="646"/>
							<String ID="string_62" HPOS="661" VPOS="349" WIDTH="82" HEIGHT="24" WC="0.96" CONTENT="förlust,"/><SP WIDTH="10" VPOS="349" HPOS="743"/>
							<String ID="string_63" HPOS="753" VPOS="351" WIDTH="24" HEIGHT="24" WC="0.96" CONTENT="ty"/><SP WIDTH="15" VPOS="351" HPOS="777"/>
							<String ID="string_64" HPOS="792" VPOS="349" WIDTH="36" HEIGHT="20" WC="0.96" CONTENT="det"/><SP WIDTH="14" VPOS="349" HPOS="828"/>
							<String ID="string_65" HPOS="842" VPOS="349" WIDTH="97" HEIGHT="20" WC="0.95" CONTENT="kommer"/><SP WIDTH="14" VPOS="349" HPOS="939"/>
							<String ID="string_66" HPOS="953" VPOS="350" WIDTH="33" HEIGHT="20" WC="0.93" CONTENT="att"/><SP WIDTH="10" VPOS="350" HPOS="986"/>
							<String ID="string_67" HPOS="996" VPOS="355" WIDTH="33" HEIGHT="15" WC="0.90" CONTENT="er-"/>
						</TextLine>
						<TextLine ID="line_7" HPOS="200" VPOS="376" WIDTH="829" HEIGHT="27">
							<String ID="string_68" HPOS="200" VPOS="378" WIDTH="58" HEIGHT="21" WC="0.93" CONTENT="hålla"/><SP WIDTH="14" VPOS="378" HPOS="258"/>
							<String ID="string_69" HPOS="272" VPOS="377" WIDTH="237" HEIGHT="26" WC="0.91" CONTENT="rotevakansbeloppet."/><SP WIDTH="30" VPOS="377" HPOS="509"/>
							<String ID="string_70" HPOS="539" VPOS="377" WIDTH="49" HEIGHT="20" WC="0.96" CONTENT="Men"/><SP WIDTH="19" VPOS="377" HPOS="588"/>
							<String ID="string_71" HPOS="607" VPOS="377" WIDTH="48" HEIGHT="21" WC="0.96" CONTENT="med"/><SP WIDTH="14" VPOS="377" HPOS="655"/>
							<String ID="string_72" HPOS="669" VPOS="377" WIDTH="99" HEIGHT="20" WC="0.93" CONTENT="afseende"/><SP WIDTH="15" VPOS="377" HPOS="768"/>
							<String ID="string_73" HPOS="783" VPOS="376" WIDTH="12" HEIGHT="21" WC="0.92" CONTENT="å"/><SP WIDTH="16" VPOS="376" HPOS="795"/>
							<String ID="string_74" HPOS="811" VPOS="377" WIDTH="25" HEIGHT="20" WC="0.96" CONTENT="de"/><SP WIDTH="15" VPOS="377" HPOS="836"/>
							<String ID="string_75" HPOS="851" VPOS="376" WIDTH="114" HEIGHT="27" WC="0.96" CONTENT="förmåner,"/><SP WIDTH="17" VPOS="376" HPOS="965"/>
							<String ID="string_76" HPOS="982" VPOS="383" WIDTH="47" HEIGHT="15" WC="0.96" CONTENT="som"/>
						</TextLine>
						<TextLine ID="line_8" HPOS="200" VPOS="405" WIDTH="828" HEIGHT="27">
							<String ID="string_77" HPOS="200" VPOS="405" WIDTH="156" HEIGHT="21" WC="0.92" CONTENT="rusthållarene"/><SP WIDTH="22" VPOS="405" HPOS="356"/>
							<String ID="string_78" HPOS="378" VPOS="405" WIDTH="93" HEIGHT="26" WC="0.91" CONTENT="åtnjutit,"/><SP WIDTH="17" VPOS="405" HPOS="471"/>
							<String ID="string_79" HPOS="488" VPOS="405" WIDTH="39" HEIGHT="20" WC="0.96" CONTENT="har"/><SP WIDTH="16" VPOS="405" HPOS="527"/>
							<String ID="string_80" HPOS="543" VPOS="405" WIDTH="37" HEIGHT="26" WC="0.96" CONTENT="jag"/><SP WIDTH="19" VPOS="405" HPOS="580"/>
							<String ID="string_81" HPOS="599" VPOS="406" WIDTH="69" HEIGHT="20" WC="0.95" CONTENT="ansett"/><SP WIDTH="15" VPOS="406" HPOS="668"/>
							<String ID="string_82" HPOS="683" VPOS="405" WIDTH="70" HEIGHT="25" WC="0.95" CONTENT="billigt"/><SP WIDTH="14" VPOS="405" HPOS="753"/>
							<String ID="string_83" HPOS="767" VPOS="406" WIDTH="32" HEIGHT="19" WC="0.96" CONTENT="att"/><SP WIDTH="16" VPOS="406" HPOS="799"/>
							<String ID="string_84" HPOS="815" VPOS="405" WIDTH="26" HEIGHT="21" WC="0.96" CONTENT="de"/><SP WIDTH="15" VPOS="405" HPOS="841"/>
							<String ID="string_85" HPOS="856" VPOS="407" WIDTH="75" HEIGHT="24" WC="0.93" CONTENT="genast"/><SP WIDTH="14" VPOS="407" HPOS="931"/>
							<String ID="string_86" HPOS="945" VPOS="405" WIDTH="83" HEIGHT="27" WC="0.92" CONTENT="ytterli-"/>
						</TextLine>
						<TextLine ID="line_9" HPOS="201" VPOS="432" WIDTH="829" HEIGHT="28">
							<String ID="string_87" HPOS="201" VPOS="439" WIDTH="50" HEIGHT="21" WC="0.96" CONTENT="gare"/><SP WIDTH="15" VPOS="439" HPOS="251"/>
							<String ID="string_88" HPOS="266" VPOS="433" WIDTH="71" HEIGHT="21" WC="0.96" CONTENT="betala"/><SP WIDTH="15" VPOS="433" HPOS="337"/>
							<String ID="string_89" HPOS="352" VPOS="439" WIDTH="26" HEIGHT="15" WC="0.96" CONTENT="en"/><SP WIDTH="15" VPOS="439" HPOS="378"/>
							<String ID="string_90" HPOS="393" VPOS="432" WIDTH="86" HEIGHT="28" WC="0.93" CONTENT="förhöjd"/><SP WIDTH="14" VPOS="432" HPOS="479"/>
							<String ID="string_91" HPOS="493" VPOS="432" WIDTH="62" HEIGHT="27" WC="0.92" CONTENT="afgift"/><SP WIDTH="14" VPOS="432" HPOS="555"/>
							<String ID="string_92" HPOS="569" VPOS="432" WIDTH="23" HEIGHT="21" WC="0.96" CONTENT="af"/><SP WIDTH="10" VPOS="432" HPOS="592"/>
							<String ID="string_93" HPOS="602" VPOS="434" WIDTH="27" HEIGHT="20" WC="0.93" CONTENT="10"/><SP WIDTH="15" VPOS="434" HPOS="629"/>
							<String ID="string_94" HPOS="644" VPOS="432" WIDTH="137" HEIGHT="25" WC="0.91" CONTENT="skatterubel,"/><SP WIDTH="11" VPOS="432" HPOS="781"/>
							<String ID="string_95" HPOS="792" VPOS="432" WIDTH="149" HEIGHT="22" WC="0.92" CONTENT="motsvarande"/><SP WIDTH="14" VPOS="432" HPOS="941"/>
							<String ID="string_96" HPOS="955" VPOS="433" WIDTH="75" HEIGHT="21" WC="0.91" CONTENT="halfva"/>
						</TextLine>
						<TextLine ID="line_10" HPOS="201" VPOS="460" WIDTH="828" HEIGHT="27">
							<String ID="string_97" HPOS="201" VPOS="462" WIDTH="163" HEIGHT="20" WC="0.90" CONTENT="rotevakansen."/><SP WIDTH="29" VPOS="462" HPOS="364"/>
							<String ID="string_98" HPOS="393" VPOS="461" WIDTH="130" HEIGHT="26" WC="0.95" CONTENT="Härigenom"/><SP WIDTH="15" VPOS="461" HPOS="523"/>
							<String ID="string_99" HPOS="538" VPOS="460" WIDTH="95" HEIGHT="22" WC="0.92" CONTENT="kommer"/><SP WIDTH="10" VPOS="460" HPOS="633"/>
							<String ID="string_100" HPOS="643" VPOS="460" WIDTH="134" HEIGHT="26" WC="0.92" CONTENT="statsverket,"/><SP WIDTH="8" VPOS="460" HPOS="777"/>
							<String ID="string_101" HPOS="785" VPOS="467" WIDTH="47" HEIGHT="15" WC="0.93" CONTENT="som"/><SP WIDTH="14" VPOS="467" HPOS="832"/>
							<String ID="string_102" HPOS="846" VPOS="461" WIDTH="71" HEIGHT="26" WC="0.91" CONTENT="sagdt,"/><SP WIDTH="9" VPOS="461" HPOS="917"/>
							<String ID="string_103" HPOS="926" VPOS="461" WIDTH="55" HEIGHT="26" WC="0.93" CONTENT="icke,"/><SP WIDTH="14" VPOS="461" HPOS="981"/>
							<String ID="string_104" HPOS="995" VPOS="460" WIDTH="34" HEIGHT="22" WC="0.92" CONTENT="så-"/>
						</TextLine>
						<TextLine ID="line_11" HPOS="201" VPOS="488" WIDTH="830" HEIGHT="27">
							<String ID="string_105" HPOS="201" VPOS="496" WIDTH="46" HEIGHT="14" WC="0.96" CONTENT="som"/><SP WIDTH="15" VPOS="496" HPOS="247"/>
							<String ID="string_106" HPOS="262" VPOS="490" WIDTH="49" HEIGHT="20" WC="0.93" CONTENT="herr"/><SP WIDTH="14" VPOS="490" HPOS="311"/>
							<String ID="string_107" HPOS="325" VPOS="489" WIDTH="76" HEIGHT="21" WC="0.91" CONTENT="Heikel"/><SP WIDTH="14" VPOS="489" HPOS="401"/>
							<String ID="string_108" HPOS="415" VPOS="488" WIDTH="123" HEIGHT="26" WC="0.91" CONTENT="frambållit,"/><SP WIDTH="11" VPOS="488" HPOS="538"/>
							<String ID="string_109" HPOS="549" VPOS="491" WIDTH="32" HEIGHT="19" WC="0.90" CONTENT="att"/><SP WIDTH="15" VPOS="491" HPOS="581"/>
							<String ID="string_110" HPOS="596" VPOS="489" WIDTH="43" HEIGHT="21" WC="0.90" CONTENT="lida"/><SP WIDTH="14" VPOS="489" HPOS="639"/>
							<String ID="string_111" HPOS="653" VPOS="489" WIDTH="83" HEIGHT="26" WC="0.96" CONTENT="förlust,"/><SP WIDTH="10" VPOS="489" HPOS="736"/>
							<String ID="string_112" HPOS="746" VPOS="491" WIDTH="52" HEIGHT="19" WC="0.96" CONTENT="utan"/><SP WIDTH="15" VPOS="491" HPOS="798"/>
							<String ID="string_113" HPOS="813" VPOS="491" WIDTH="93" HEIGHT="19" WC="0.96" CONTENT="tvärtom"/><SP WIDTH="15" VPOS="491" HPOS="906"/>
							<String ID="string_114" HPOS="921" VPOS="491" WIDTH="32" HEIGHT="19" WC="0.96" CONTENT="att"/><SP WIDTH="10" VPOS="491" HPOS="953"/>
							<String ID="string_115" HPOS="963" VPOS="489" WIDTH="68" HEIGHT="21" WC="0.95" CONTENT="vinna"/>
						</TextLine>
						<TextLine ID="line_12" HPOS="203" VPOS="516" WIDTH="828" HEIGHT="28">
							<String ID="string_116" HPOS="203" VPOS="518" WIDTH="41" HEIGHT="21" WC="0.93" CONTENT="118"/><SP WIDTH="16" VPOS="518" HPOS="244"/>
							<String ID="string_117" HPOS="260" VPOS="517" WIDTH="12" HEIGHT="21" WC="0.88" CONTENT="å"/><SP WIDTH="16" VPOS="517" HPOS="272"/>
							<String ID="string_118" HPOS="288" VPOS="518" WIDTH="91" HEIGHT="26" WC="0.92" CONTENT="120,000"/><SP WIDTH="14" VPOS="518" HPOS="379"/>
							<String ID="string_119" HPOS="393" VPOS="517" WIDTH="69" HEIGHT="21" WC="0.96" CONTENT="mark."/><SP WIDTH="25" VPOS="517" HPOS="462"/>
							<String ID="string_120" HPOS="487" VPOS="517" WIDTH="51" HEIGHT="21" WC="0.96" CONTENT="Mitt"/><SP WIDTH="14" VPOS="517" HPOS="538"/>
							<String ID="string_121" HPOS="552" VPOS="517" WIDTH="79" HEIGHT="27" WC="0.95" CONTENT="förslag"/><SP WIDTH="15" VPOS="517" HPOS="631"/>
							<String ID="string_122" HPOS="646" VPOS="516" WIDTH="48" HEIGHT="28" WC="0.96" CONTENT="gick"/><SP WIDTH="14" VPOS="516" HPOS="694"/>
							<String ID="string_123" HPOS="708" VPOS="517" WIDTH="135" HEIGHT="27" WC="0.96" CONTENT="naturligtvis"/><SP WIDTH="14" VPOS="517" HPOS="843"/>
							<String ID="string_124" HPOS="857" VPOS="517" WIDTH="48" HEIGHT="21" WC="0.96" CONTENT="icke"/><SP WIDTH="14" VPOS="517" HPOS="905"/>
							<String ID="string_125" HPOS="919" VPOS="520" WIDTH="24" HEIGHT="18" WC="0.96" CONTENT="ut"/><SP WIDTH="15" VPOS="520" HPOS="943"/>
							<String ID="string_126" HPOS="958" VPOS="518" WIDTH="28" HEIGHT="26" WC="0.96" CONTENT="på"/><SP WIDTH="10" VPOS="518" HPOS="986"/>
							<String ID="string_127" HPOS="996" VPOS="519" WIDTH="35" HEIGHT="19" WC="0.96" CONTENT="att"/>
						</TextLine>
						<TextLine ID="line_13" HPOS="201" VPOS="545" WIDTH="830" HEIGHT="27">
							<String ID="string_128" HPOS="201" VPOS="546" WIDTH="210" HEIGHT="26" WC="0.92" CONTENT="rustningsräntorna"/><SP WIDTH="22" VPOS="546" HPOS="411"/>
							<String ID="string_129" HPOS="433" VPOS="545" WIDTH="70" HEIGHT="22" WC="0.92" CONTENT="skulle"/><SP WIDTH="21" VPOS="545" HPOS="503"/>
							<String ID="string_130" HPOS="524" VPOS="546" WIDTH="99" HEIGHT="25" WC="0.91" CONTENT="indragas"/><SP WIDTH="19" VPOS="546" HPOS="623"/>
							<String ID="string_131" HPOS="642" VPOS="546" WIDTH="32" HEIGHT="20" WC="0.96" CONTENT="till"/><SP WIDTH="18" VPOS="546" HPOS="674"/>
							<String ID="string_132" HPOS="692" VPOS="547" WIDTH="69" HEIGHT="20" WC="0.96" CONTENT="större"/><SP WIDTH="14" VPOS="547" HPOS="761"/>
							<String ID="string_133" HPOS="775" VPOS="546" WIDTH="78" HEIGHT="26" WC="0.96" CONTENT="belopp"/><SP WIDTH="16" VPOS="546" HPOS="853"/>
							<String ID="string_134" HPOS="869" VPOS="547" WIDTH="27" HEIGHT="19" WC="0.96" CONTENT="än"/><SP WIDTH="16" VPOS="547" HPOS="896"/>
							<String ID="string_135" HPOS="912" VPOS="551" WIDTH="46" HEIGHT="16" WC="0.93" CONTENT="som"/><SP WIDTH="14" VPOS="551" HPOS="958"/>
							<String ID="string_136" HPOS="972" VPOS="546" WIDTH="59" HEIGHT="21" WC="0.91" CONTENT="före-"/>
						</TextLine>
						<TextLine ID="line_14" HPOS="202" VPOS="574" WIDTH="828" HEIGHT="26">
							<String ID="string_137" HPOS="202" VPOS="574" WIDTH="74" HEIGHT="21" WC="0.91" CONTENT="finnas."/><SP WIDTH="30" VPOS="574" HPOS="276"/>
							<String ID="string_138" HPOS="306" VPOS="574" WIDTH="79" HEIGHT="21" WC="0.89" CONTENT="Finnas"/><SP WIDTH="19" VPOS="574" HPOS="385"/>
							<String ID="string_139" HPOS="404" VPOS="574" WIDTH="18" HEIGHT="26" WC="0.96" CONTENT="ej"/><SP WIDTH="21" VPOS="574" HPOS="422"/>
							<String ID="string_140" HPOS="443" VPOS="580" WIDTH="54" HEIGHT="20" WC="0.96" CONTENT="egna"/><SP WIDTH="15" VPOS="580" HPOS="497"/>
							<String ID="string_141" HPOS="512" VPOS="574" WIDTH="51" HEIGHT="20" WC="0.93" CONTENT="eller"/><SP WIDTH="15" VPOS="574" HPOS="563"/>
							<String ID="string_142" HPOS="578" VPOS="575" WIDTH="183" HEIGHT="25" WC="0.91" CONTENT="augmentsräntor"/><SP WIDTH="15" VPOS="575" HPOS="761"/>
							<String ID="string_143" HPOS="776" VPOS="574" WIDTH="32" HEIGHT="21" WC="0.96" CONTENT="till"/><SP WIDTH="15" VPOS="574" HPOS="808"/>
							<String ID="string_144" HPOS="823" VPOS="576" WIDTH="69" HEIGHT="19" WC="0.96" CONTENT="större"/><SP WIDTH="15" VPOS="576" HPOS="892"/>
							<String ID="string_145" HPOS="907" VPOS="574" WIDTH="78" HEIGHT="26" WC="0.96" CONTENT="belopp"/><SP WIDTH="16" VPOS="574" HPOS="985"/>
							<String ID="string_146" HPOS="1001" VPOS="575" WIDTH="29" HEIGHT="20" WC="0.87" CONTENT="än:"/>
						</TextLine>
						<TextLine ID="line_15" HPOS="201" VPOS="602" WIDTH="828" HEIGHT="27">
							<String ID="string_147" HPOS="201" VPOS="603" WIDTH="29" HEIGHT="21" WC="0.93" CONTENT="50"/><SP WIDTH="18" VPOS="603" HPOS="230"/>
							<String ID="string_148" HPOS="248" VPOS="602" WIDTH="138" HEIGHT="26" WC="0.92" CONTENT="skatterubel,"/><SP WIDTH="16" VPOS="602" HPOS="386"/>
							<String ID="string_149" HPOS="402" VPOS="602" WIDTH="24" HEIGHT="21" WC="0.96" CONTENT="så"/><SP WIDTH="18" VPOS="602" HPOS="426"/>
							<String ID="string_150" HPOS="444" VPOS="602" WIDTH="85" HEIGHT="27" WC="0.96" CONTENT="upphör"/><SP WIDTH="15" VPOS="602" HPOS="529"/>
							<String ID="string_151" HPOS="544" VPOS="602" WIDTH="146" HEIGHT="21" WC="0.96" CONTENT="reduktionen."/><SP WIDTH="31" VPOS="602" HPOS="690"/>
							<String ID="string_152" HPOS="721" VPOS="602" WIDTH="62" HEIGHT="21" WC="0.96" CONTENT="Hvad"/><SP WIDTH="14" VPOS="602" HPOS="783"/>
							<String ID="string_153" HPOS="797" VPOS="602" WIDTH="101" HEIGHT="21" WC="0.96" CONTENT="beträffar"/><SP WIDTH="14" VPOS="602" HPOS="898"/>
							<String ID="string_154" HPOS="912" VPOS="602" WIDTH="50" HEIGHT="21" WC="0.92" CONTENT="herr"/><SP WIDTH="15" VPOS="602" HPOS="962"/>
							<String ID="string_155" HPOS="977" VPOS="602" WIDTH="52" HEIGHT="21" WC="0.91" CONTENT="Hei-"/>
						</TextLine>
						<TextLine ID="line_16" HPOS="202" VPOS="630" WIDTH="828" HEIGHT="27">
							<String ID="string_156" HPOS="202" VPOS="630" WIDTH="46" HEIGHT="22" WC="0.92" CONTENT="kels"/><SP WIDTH="22" VPOS="630" HPOS="248"/>
							<String ID="string_157" HPOS="270" VPOS="630" WIDTH="115" HEIGHT="27" WC="0.95" CONTENT="påstående"/><SP WIDTH="23" VPOS="630" HPOS="385"/>
							<String ID="string_158" HPOS="408" VPOS="636" WIDTH="35" HEIGHT="16" WC="0.96" CONTENT="om"/><SP WIDTH="23" VPOS="636" HPOS="443"/>
							<String ID="string_159" HPOS="466" VPOS="630" WIDTH="37" HEIGHT="21" WC="0.96" CONTENT="det"/><SP WIDTH="18" VPOS="630" HPOS="503"/>
							<String ID="string_160" HPOS="521" VPOS="630" WIDTH="113" HEIGHT="26" WC="0.95" CONTENT="olämpliga"/><SP WIDTH="18" VPOS="630" HPOS="634"/>
							<String ID="string_161" HPOS="652" VPOS="630" WIDTH="31" HEIGHT="21" WC="0.96" CONTENT="uti"/><SP WIDTH="15" VPOS="630" HPOS="683"/>
							<String ID="string_162" HPOS="698" VPOS="632" WIDTH="32" HEIGHT="19" WC="0.96" CONTENT="att"/><SP WIDTH="15" VPOS="632" HPOS="730"/>
							<String ID="string_163" HPOS="745" VPOS="630" WIDTH="26" HEIGHT="22" WC="0.92" CONTENT="de"/><SP WIDTH="16" VPOS="630" HPOS="771"/>
							<String ID="string_164" HPOS="787" VPOS="630" WIDTH="174" HEIGHT="27" WC="0.90" CONTENT="öfverskjutande"/><SP WIDTH="15" VPOS="630" HPOS="961"/>
							<String ID="string_165" HPOS="976" VPOS="636" WIDTH="54" HEIGHT="21" WC="0.92" CONTENT="aug-"/>
						</TextLine>
						<TextLine ID="line_17" HPOS="201" VPOS="658" WIDTH="829" HEIGHT="27">
							<String ID="string_166" HPOS="201" VPOS="660" WIDTH="172" HEIGHT="20" WC="0.91" CONTENT="mentsräntorna"/><SP WIDTH="23" VPOS="660" HPOS="373"/>
							<String ID="string_167" HPOS="396" VPOS="658" WIDTH="69" HEIGHT="22" WC="0.95" CONTENT="skulle"/><SP WIDTH="18" VPOS="658" HPOS="465"/>
							<String ID="string_168" HPOS="483" VPOS="658" WIDTH="85" HEIGHT="21" WC="0.92" CONTENT="tillfalla"/><SP WIDTH="17" VPOS="658" HPOS="568"/>
							<String ID="string_169" HPOS="585" VPOS="658" WIDTH="160" HEIGHT="26" WC="0.92" CONTENT="rusthållarene,"/><SP WIDTH="17" VPOS="658" HPOS="745"/>
							<String ID="string_170" HPOS="762" VPOS="658" WIDTH="23" HEIGHT="22" WC="0.96" CONTENT="så"/><SP WIDTH="14" VPOS="658" HPOS="785"/>
							<String ID="string_171" HPOS="799" VPOS="659" WIDTH="43" HEIGHT="21" WC="0.96" CONTENT="kan"/><SP WIDTH="16" VPOS="659" HPOS="842"/>
							<String ID="string_172" HPOS="858" VPOS="659" WIDTH="36" HEIGHT="26" WC="0.96" CONTENT="jag"/><SP WIDTH="14" VPOS="659" HPOS="894"/>
							<String ID="string_173" HPOS="908" VPOS="658" WIDTH="47" HEIGHT="22" WC="0.96" CONTENT="icke"/><SP WIDTH="15" VPOS="658" HPOS="955"/>
							<String ID="string_174" HPOS="970" VPOS="658" WIDTH="60" HEIGHT="22" WC="0.95" CONTENT="finna"/>
						</TextLine>
						<TextLine ID="line_18" HPOS="202" VPOS="686" WIDTH="827" HEIGHT="28">
							<String ID="string_175" HPOS="202" VPOS="688" WIDTH="33" HEIGHT="20" WC="0.96" CONTENT="att"/><SP WIDTH="23" VPOS="688" HPOS="235"/>
							<String ID="string_176" HPOS="258" VPOS="687" WIDTH="36" HEIGHT="21" WC="0.96" CONTENT="det"/><SP WIDTH="22" VPOS="687" HPOS="294"/>
							<String ID="string_177" HPOS="316" VPOS="687" WIDTH="69" HEIGHT="21" WC="0.93" CONTENT="skulle"/><SP WIDTH="18" VPOS="687" HPOS="385"/>
							<String ID="string_178" HPOS="403" VPOS="686" WIDTH="66" HEIGHT="22" WC="0.78" CONTENT="blifva"/><SP WIDTH="19" VPOS="686" HPOS="469"/>
							<String ID="string_179" HPOS="488" VPOS="686" WIDTH="110" HEIGHT="27" WC="0.96" CONTENT="olämpligt"/><SP WIDTH="18" VPOS="686" HPOS="598"/>
							<String ID="string_180" HPOS="616" VPOS="688" WIDTH="32" HEIGHT="19" WC="0.96" CONTENT="att"/><SP WIDTH="19" VPOS="688" HPOS="648"/>
							<String ID="string_181" HPOS="667" VPOS="686" WIDTH="53" HEIGHT="22" WC="0.96" CONTENT="efter"/><SP WIDTH="18" VPOS="686" HPOS="720"/>
							<String ID="string_182" HPOS="738" VPOS="687" WIDTH="37" HEIGHT="21" WC="0.93" CONTENT="det"/><SP WIDTH="13" VPOS="687" HPOS="775"/>
							<String ID="string_183" HPOS="788" VPOS="687" WIDTH="119" HEIGHT="21" WC="0.93" CONTENT="rusthällen"/><SP WIDTH="15" VPOS="687" HPOS="907"/>
							<String ID="string_184" HPOS="922" VPOS="687" WIDTH="107" HEIGHT="27" WC="0.92" CONTENT="öfvergått"/>
						</TextLine>
						<TextLine ID="line_19" HPOS="202" VPOS="715" WIDTH="826" HEIGHT="27">
							<String ID="string_185" HPOS="202" VPOS="715" WIDTH="33" HEIGHT="21" WC="0.93" CONTENT="till"/><SP WIDTH="14" VPOS="715" HPOS="235"/>
							<String ID="string_186" HPOS="249" VPOS="716" WIDTH="99" HEIGHT="20" WC="0.92" CONTENT="roterade"/><SP WIDTH="15" VPOS="716" HPOS="348"/>
							<String ID="string_187" HPOS="363" VPOS="715" WIDTH="105" HEIGHT="26" WC="0.92" CONTENT="hemman,"/><SP WIDTH="12" VPOS="715" HPOS="468"/>
							<String ID="string_188" HPOS="480" VPOS="715" WIDTH="62" HEIGHT="21" WC="0.93" CONTENT="deras"/><SP WIDTH="14" VPOS="715" HPOS="542"/>
							<String ID="string_189" HPOS="556" VPOS="720" WIDTH="63" HEIGHT="22" WC="0.92" CONTENT="egare"/><SP WIDTH="16" VPOS="720" HPOS="619"/>
							<String ID="string_190" HPOS="635" VPOS="715" WIDTH="67" HEIGHT="21" WC="0.93" CONTENT="skulle"/><SP WIDTH="14" VPOS="715" HPOS="702"/>
							<String ID="string_191" HPOS="716" VPOS="716" WIDTH="97" HEIGHT="26" WC="0.92" CONTENT="uppbära"/><SP WIDTH="12" VPOS="716" HPOS="813"/>
							<String ID="string_192" HPOS="825" VPOS="721" WIDTH="26" HEIGHT="15" WC="0.93" CONTENT="en"/><SP WIDTH="11" VPOS="721" HPOS="851"/>
							<String ID="string_193" HPOS="862" VPOS="716" WIDTH="68" HEIGHT="25" WC="0.93" CONTENT="ränta,"/><SP WIDTH="11" VPOS="716" HPOS="930"/>
							<String ID="string_194" HPOS="941" VPOS="715" WIDTH="87" HEIGHT="21" WC="0.92" CONTENT="hvilken"/>
						</TextLine>
						<TextLine ID="line_20" HPOS="202" VPOS="743" WIDTH="826" HEIGHT="27">
							<String ID="string_195" HPOS="202" VPOS="743" WIDTH="26" HEIGHT="21" WC="0.93" CONTENT="de"/><SP WIDTH="18" VPOS="743" HPOS="228"/>
							<String ID="string_196" HPOS="246" VPOS="743" WIDTH="102" HEIGHT="27" WC="0.92" CONTENT="uppburit"/><SP WIDTH="18" VPOS="743" HPOS="348"/>
							<String ID="string_197" HPOS="366" VPOS="743" WIDTH="67" HEIGHT="21" WC="0.96" CONTENT="redan"/><SP WIDTH="18" VPOS="743" HPOS="433"/>
							<String ID="string_198" HPOS="451" VPOS="743" WIDTH="68" HEIGHT="21" WC="0.93" CONTENT="under"/><SP WIDTH="18" VPOS="743" HPOS="519"/>
							<String ID="string_199" HPOS="537" VPOS="745" WIDTH="97" HEIGHT="19" WC="0.91" CONTENT="närmare"/><SP WIDTH="15" VPOS="745" HPOS="634"/>
							<String ID="string_200" HPOS="649" VPOS="743" WIDTH="117" HEIGHT="21" WC="0.92" CONTENT="trehundra"/><SP WIDTH="14" VPOS="743" HPOS="766"/>
							<String ID="string_201" HPOS="780" VPOS="743" WIDTH="31" HEIGHT="21" WC="0.96" CONTENT="är."/><SP WIDTH="29" VPOS="743" HPOS="811"/>
							<String ID="string_202" HPOS="840" VPOS="744" WIDTH="41" HEIGHT="26" WC="0.96" CONTENT="Jag"/><SP WIDTH="15" VPOS="744" HPOS="881"/>
							<String ID="string_203" HPOS="896" VPOS="744" WIDTH="43" HEIGHT="20" WC="0.93" CONTENT="kan"/><SP WIDTH="14" VPOS="744" HPOS="939"/>
							<String ID="string_204" HPOS="953" VPOS="744" WIDTH="75" HEIGHT="20" WC="0.89" CONTENT="nemli-"/>
						</TextLine>
						<TextLine ID="line_21" HPOS="202" VPOS="771" WIDTH="828" HEIGHT="27">
							<String ID="string_205" HPOS="202" VPOS="777" WIDTH="40" HEIGHT="21" WC="0.93" CONTENT="gen"/><SP WIDTH="14" VPOS="777" HPOS="242"/>
							<String ID="string_206" HPOS="256" VPOS="772" WIDTH="47" HEIGHT="20" WC="0.92" CONTENT="icke"/><SP WIDTH="15" VPOS="772" HPOS="303"/>
							<String ID="string_207" HPOS="318" VPOS="772" WIDTH="86" HEIGHT="20" WC="0.92" CONTENT="förorda"/><SP WIDTH="15" VPOS="772" HPOS="404"/>
							<String ID="string_208" HPOS="419" VPOS="778" WIDTH="27" HEIGHT="14" WC="0.93" CONTENT="en"/><SP WIDTH="15" VPOS="778" HPOS="446"/>
							<String ID="string_209" HPOS="461" VPOS="771" WIDTH="81" HEIGHT="21" WC="0.93" CONTENT="inlösen"/><SP WIDTH="13" VPOS="771" HPOS="542"/>
							<String ID="string_210" HPOS="555" VPOS="771" WIDTH="48" HEIGHT="21" WC="0.92" CONTENT="frän"/><SP WIDTH="15" VPOS="771" HPOS="603"/>
							<String ID="string_211" HPOS="618" VPOS="772" WIDTH="139" HEIGHT="20" WC="0.93" CONTENT="statsverkets"/><SP WIDTH="14" VPOS="772" HPOS="757"/>
							<String ID="string_212" HPOS="771" VPOS="772" WIDTH="47" HEIGHT="20" WC="0.96" CONTENT="sida"/><SP WIDTH="15" VPOS="772" HPOS="818"/>
							<String ID="string_213" HPOS="833" VPOS="772" WIDTH="24" HEIGHT="20" WC="0.96" CONTENT="af"/><SP WIDTH="13" VPOS="772" HPOS="857"/>
							<String ID="string_214" HPOS="870" VPOS="772" WIDTH="62" HEIGHT="21" WC="0.93" CONTENT="dessa"/><SP WIDTH="14" VPOS="772" HPOS="932"/>
							<String ID="string_215" HPOS="946" VPOS="773" WIDTH="84" HEIGHT="20" WC="0.92" CONTENT="räntor."/>
						</TextLine>
						<TextLine ID="line_22" HPOS="201" VPOS="800" WIDTH="830" HEIGHT="26">
							<String ID="string_216" HPOS="201" VPOS="800" WIDTH="32" HEIGHT="26" WC="0.95" CONTENT="Ty"/><SP WIDTH="22" VPOS="800" HPOS="233"/>
							<String ID="string_217" HPOS="255" VPOS="800" WIDTH="36" HEIGHT="20" WC="0.93" CONTENT="det"/><SP WIDTH="21" VPOS="800" HPOS="291"/>
							<String ID="string_218" HPOS="312" VPOS="800" WIDTH="107" HEIGHT="20" WC="0.92" CONTENT="förefaller"/><SP WIDTH="18" VPOS="800" HPOS="419"/>
							<String ID="string_219" HPOS="437" VPOS="800" WIDTH="44" HEIGHT="26" WC="0.93" CONTENT="mig"/><SP WIDTH="18" VPOS="800" HPOS="481"/>
							<String ID="string_220" HPOS="499" VPOS="800" WIDTH="69" HEIGHT="21" WC="0.91" CONTENT="säsom"/><SP WIDTH="19" VPOS="800" HPOS="568"/>
							<String ID="string_221" HPOS="587" VPOS="806" WIDTH="51" HEIGHT="14" WC="0.91" CONTENT="vore"/><SP WIDTH="16" VPOS="806" HPOS="638"/>
							<String ID="string_222" HPOS="654" VPOS="800" WIDTH="36" HEIGHT="20" WC="0.93" CONTENT="det"/><SP WIDTH="14" VPOS="800" HPOS="690"/>
							<String ID="string_223" HPOS="704" VPOS="800" WIDTH="164" HEIGHT="26" WC="0.91" CONTENT="fördelaktigast"/><SP WIDTH="14" VPOS="800" HPOS="868"/>
							<String ID="string_224" HPOS="882" VPOS="800" WIDTH="34" HEIGHT="21" WC="0.93" CONTENT="för"/><SP WIDTH="11" VPOS="800" HPOS="916"/>
							<String ID="string_225" HPOS="927" VPOS="800" WIDTH="104" HEIGHT="26" WC="0.89" CONTENT="jordbru-"/>
						</TextLine>
						<TextLine ID="line_23" HPOS="201" VPOS="828" WIDTH="829" HEIGHT="27">
							<String ID="string_226" HPOS="201" VPOS="828" WIDTH="48" HEIGHT="21" WC="0.92" CONTENT="kets"/><SP WIDTH="21" VPOS="828" HPOS="249"/>
							<String ID="string_227" HPOS="270" VPOS="828" WIDTH="97" HEIGHT="25" WC="0.96" CONTENT="intresse,"/><SP WIDTH="15" VPOS="828" HPOS="367"/>
							<String ID="string_228" HPOS="382" VPOS="830" WIDTH="33" HEIGHT="19" WC="0.93" CONTENT="att"/><SP WIDTH="21" VPOS="830" HPOS="415"/>
							<String ID="string_229" HPOS="436" VPOS="828" WIDTH="156" HEIGHT="21" WC="0.92" CONTENT="rusthällarene"/><SP WIDTH="17" VPOS="828" HPOS="592"/>
							<String ID="string_230" HPOS="609" VPOS="828" WIDTH="47" HEIGHT="21" WC="0.92" CONTENT="icke"/><SP WIDTH="18" VPOS="828" HPOS="656"/>
							<String ID="string_231" HPOS="674" VPOS="828" WIDTH="80" HEIGHT="21" WC="0.91" CONTENT="erhälla"/><SP WIDTH="19" VPOS="828" HPOS="754"/>
							<String ID="string_232" HPOS="773" VPOS="830" WIDTH="31" HEIGHT="19" WC="0.93" CONTENT="ett"/><SP WIDTH="18" VPOS="830" HPOS="804"/>
							<String ID="string_233" HPOS="822" VPOS="828" WIDTH="88" HEIGHT="27" WC="0.89" CONTENT="kapital,"/><SP WIDTH="15" VPOS="828" HPOS="910"/>
							<String ID="string_234" HPOS="925" VPOS="834" WIDTH="46" HEIGHT="15" WC="0.93" CONTENT="som"/><SP WIDTH="15" VPOS="834" HPOS="971"/>
							<String ID="string_235" HPOS="986" VPOS="829" WIDTH="44" HEIGHT="20" WC="0.93" CONTENT="vis-"/>
						</TextLine>
						<TextLine ID="line_24" HPOS="202" VPOS="855" WIDTH="829" HEIGHT="27">
							<String ID="string_236" HPOS="202" VPOS="855" WIDTH="89" HEIGHT="27" WC="0.92" CONTENT="serligen"/><SP WIDTH="22" VPOS="855" HPOS="291"/>
							<String ID="string_237" HPOS="313" VPOS="855" WIDTH="33" HEIGHT="22" WC="0.93" CONTENT="för"/><SP WIDTH="21" VPOS="855" HPOS="346"/>
							<String ID="string_238" HPOS="367" VPOS="855" WIDTH="51" HEIGHT="22" WC="0.96" CONTENT="flere"/><SP WIDTH="21" VPOS="855" HPOS="418"/>
							<String ID="string_239" HPOS="439" VPOS="855" WIDTH="72" HEIGHT="22" WC="0.96" CONTENT="kunde"/><SP WIDTH="18" VPOS="855" HPOS="511"/>
							<String ID="string_240" HPOS="529" VPOS="861" WIDTH="52" HEIGHT="16" WC="0.96" CONTENT="vara"/><SP WIDTH="18" VPOS="861" HPOS="581"/>
							<String ID="string_241" HPOS="599" VPOS="856" WIDTH="23" HEIGHT="21" WC="0.96" CONTENT="af"/><SP WIDTH="16" VPOS="856" HPOS="622"/>
							<String ID="string_242" HPOS="638" VPOS="856" WIDTH="114" HEIGHT="26" WC="0.95" CONTENT="betydelse,"/><SP WIDTH="16" VPOS="856" HPOS="752"/>
							<String ID="string_243" HPOS="768" VPOS="862" WIDTH="48" HEIGHT="15" WC="0.96" CONTENT="men"/><SP WIDTH="19" VPOS="862" HPOS="816"/>
							<String ID="string_244" HPOS="835" VPOS="862" WIDTH="46" HEIGHT="15" WC="0.93" CONTENT="som"/><SP WIDTH="19" VPOS="862" HPOS="881"/>
							<String ID="string_245" HPOS="900" VPOS="856" WIDTH="65" HEIGHT="21" WC="0.96" CONTENT="också"/><SP WIDTH="18" VPOS="856" HPOS="965"/>
							<String ID="string_246" HPOS="983" VPOS="857" WIDTH="48" HEIGHT="20" WC="0.95" CONTENT="lika"/>
						</TextLine>
						<TextLine ID="line_25" HPOS="201" VPOS="884" WIDTH="828" HEIGHT="27">
							<String ID="string_247" HPOS="201" VPOS="885" WIDTH="41" HEIGHT="20" WC="0.96" CONTENT="lätt"/><SP WIDTH="22" VPOS="885" HPOS="242"/>
							<String ID="string_248" HPOS="264" VPOS="884" WIDTH="71" HEIGHT="21" WC="0.93" CONTENT="kunde"/><SP WIDTH="22" VPOS="884" HPOS="335"/>
							<String ID="string_249" HPOS="357" VPOS="884" WIDTH="108" HEIGHT="21" WC="0.90" CONTENT="förslösas."/><SP WIDTH="30" VPOS="884" HPOS="465"/>
							<String ID="string_250" HPOS="495" VPOS="884" WIDTH="42" HEIGHT="21" WC="0.96" CONTENT="Det"/><SP WIDTH="15" VPOS="884" HPOS="537"/>
							<String ID="string_251" HPOS="552" VPOS="886" WIDTH="24" HEIGHT="19" WC="0.96" CONTENT="är"/><SP WIDTH="15" VPOS="886" HPOS="576"/>
							<String ID="string_252" HPOS="591" VPOS="886" WIDTH="51" HEIGHT="19" WC="0.93" CONTENT="utan"/><SP WIDTH="15" VPOS="886" HPOS="642"/>
							<String ID="string_253" HPOS="657" VPOS="884" WIDTH="73" HEIGHT="21" WC="0.93" CONTENT="tvifvel"/><SP WIDTH="14" VPOS="884" HPOS="730"/>
							<String ID="string_254" HPOS="744" VPOS="884" WIDTH="116" HEIGHT="27" WC="0.92" CONTENT="lyckligare"/><SP WIDTH="16" VPOS="884" HPOS="860"/>
							<String ID="string_255" HPOS="876" VPOS="886" WIDTH="32" HEIGHT="19" WC="0.96" CONTENT="att"/><SP WIDTH="14" VPOS="886" HPOS="908"/>
							<String ID="string_256" HPOS="922" VPOS="885" WIDTH="21" HEIGHT="20" WC="0.93" CONTENT="vi"/><SP WIDTH="14" VPOS="885" HPOS="943"/>
							<String ID="string_257" HPOS="957" VPOS="885" WIDTH="8" HEIGHT="20" WC="0.93" CONTENT="i"/><SP WIDTH="14" VPOS="885" HPOS="965"/>
							<String ID="string_258" HPOS="979" VPOS="885" WIDTH="50" HEIGHT="20" WC="0.91" CONTENT="värt"/>
						</TextLine>
						<TextLine ID="line_26" HPOS="201" VPOS="912" WIDTH="828" HEIGHT="27">
							<String ID="string_259" HPOS="201" VPOS="912" WIDTH="50" HEIGHT="21" WC="0.93" CONTENT="land"/><SP WIDTH="15" VPOS="912" HPOS="251"/>
							<String ID="string_260" HPOS="266" VPOS="918" WIDTH="39" HEIGHT="21" WC="0.92" CONTENT="ega"/><SP WIDTH="11" VPOS="918" HPOS="305"/>
							<String ID="string_261" HPOS="316" VPOS="912" WIDTH="175" HEIGHT="27" WC="0.92" CONTENT="jordlägenheter"/><SP WIDTH="15" VPOS="912" HPOS="491"/>
							<String ID="string_262" HPOS="506" VPOS="912" WIDTH="49" HEIGHT="21" WC="0.93" CONTENT="med"/><SP WIDTH="15" VPOS="912" HPOS="555"/>
							<String ID="string_263" HPOS="570" VPOS="912" WIDTH="66" HEIGHT="27" WC="0.92" CONTENT="nägot"/><SP WIDTH="14" VPOS="912" HPOS="636"/>
							<String ID="string_264" HPOS="650" VPOS="914" WIDTH="67" HEIGHT="19" WC="0.93" CONTENT="större"/><SP WIDTH="15" VPOS="914" HPOS="717"/>
							<String ID="string_265" HPOS="732" VPOS="913" WIDTH="120" HEIGHT="26" WC="0.91" CONTENT="tillgängar,"/><SP WIDTH="16" VPOS="913" HPOS="852"/>
							<String ID="string_266" HPOS="868" VPOS="912" WIDTH="72" HEIGHT="22" WC="0.92" CONTENT="hvilka"/><SP WIDTH="13" VPOS="912" HPOS="940"/>
							<String ID="string_267" HPOS="953" VPOS="913" WIDTH="76" HEIGHT="21" WC="0.96" CONTENT="kunna"/>
						</TextLine>
						<TextLine ID="line_27" HPOS="201" VPOS="940" WIDTH="830" HEIGHT="27">
							<String ID="string_268" HPOS="201" VPOS="941" WIDTH="59" HEIGHT="26" WC="0.91" CONTENT="tjena"/><SP WIDTH="18" VPOS="941" HPOS="260"/>
							<String ID="string_269" HPOS="278" VPOS="940" WIDTH="70" HEIGHT="21" WC="0.92" CONTENT="säsom"/><SP WIDTH="15" VPOS="940" HPOS="348"/>
							<String ID="string_270" HPOS="363" VPOS="941" WIDTH="92" HEIGHT="20" WC="0.92" CONTENT="förebild"/><SP WIDTH="14" VPOS="941" HPOS="455"/>
							<String ID="string_271" HPOS="469" VPOS="941" WIDTH="34" HEIGHT="20" WC="0.93" CONTENT="för"/><SP WIDTH="15" VPOS="941" HPOS="503"/>
							<String ID="string_272" HPOS="518" VPOS="940" WIDTH="67" HEIGHT="27" WC="0.92" CONTENT="öfriga"/><SP WIDTH="12" VPOS="940" HPOS="585"/>
							<String ID="string_273" HPOS="597" VPOS="941" WIDTH="149" HEIGHT="26" WC="0.91" CONTENT="jordbrukare."/><SP WIDTH="29" VPOS="941" HPOS="746"/>
							<String ID="string_274" HPOS="775" VPOS="941" WIDTH="41" HEIGHT="26" WC="0.96" CONTENT="Jag"/><SP WIDTH="15" VPOS="941" HPOS="816"/>
							<String ID="string_275" HPOS="831" VPOS="941" WIDTH="40" HEIGHT="21" WC="0.91" CONTENT="har"/><SP WIDTH="15" VPOS="941" HPOS="871"/>
							<String ID="string_276" HPOS="886" VPOS="941" WIDTH="71" HEIGHT="21" WC="0.89" CONTENT="derför"/><SP WIDTH="14" VPOS="941" HPOS="957"/>
							<String ID="string_277" HPOS="971" VPOS="941" WIDTH="60" HEIGHT="21" WC="0.92" CONTENT="före-"/>
						</TextLine>
						<TextLine ID="line_28" HPOS="201" VPOS="968" WIDTH="828" HEIGHT="28">
							<String ID="string_278" HPOS="201" VPOS="969" WIDTH="63" HEIGHT="26" WC="0.93" CONTENT="slagit"/><SP WIDTH="19" VPOS="969" HPOS="264"/>
							<String ID="string_279" HPOS="283" VPOS="971" WIDTH="31" HEIGHT="19" WC="0.96" CONTENT="att"/><SP WIDTH="19" VPOS="971" HPOS="314"/>
							<String ID="string_280" HPOS="333" VPOS="968" WIDTH="27" HEIGHT="21" WC="0.93" CONTENT="de"/><SP WIDTH="15" VPOS="968" HPOS="360"/>
							<String ID="string_281" HPOS="375" VPOS="969" WIDTH="173" HEIGHT="26" WC="0.89" CONTENT="öfverskjutande"/><SP WIDTH="15" VPOS="969" HPOS="548"/>
							<String ID="string_282" HPOS="563" VPOS="971" WIDTH="213" HEIGHT="24" WC="0.91" CONTENT="augmensträntorna"/><SP WIDTH="14" VPOS="971" HPOS="776"/>
							<String ID="string_283" HPOS="790" VPOS="969" WIDTH="108" HEIGHT="27" WC="0.92" CONTENT="uppbäras"/><SP WIDTH="15" VPOS="969" HPOS="898"/>
							<String ID="string_284" HPOS="913" VPOS="969" WIDTH="23" HEIGHT="21" WC="0.93" CONTENT="af"/><SP WIDTH="13" VPOS="969" HPOS="936"/>
							<String ID="string_285" HPOS="949" VPOS="969" WIDTH="80" HEIGHT="21" WC="0.91" CONTENT="krono-"/>
						</TextLine>
						<TextLine ID="line_29" HPOS="200" VPOS="997" WIDTH="828" HEIGHT="28">
							<String ID="string_286" HPOS="200" VPOS="997" WIDTH="110" HEIGHT="26" WC="0.92" CONTENT="fogdarne,"/><SP WIDTH="15" VPOS="997" HPOS="310"/>
							<String ID="string_287" HPOS="325" VPOS="997" WIDTH="72" HEIGHT="20" WC="0.92" CONTENT="hvilka"/><SP WIDTH="19" VPOS="997" HPOS="397"/>
							<String ID="string_288" HPOS="416" VPOS="997" WIDTH="66" HEIGHT="22" WC="0.96" CONTENT="sedan"/><SP WIDTH="19" VPOS="997" HPOS="482"/>
							<String ID="string_289" HPOS="501" VPOS="997" WIDTH="48" HEIGHT="21" WC="0.93" CONTENT="med"/><SP WIDTH="17" VPOS="997" HPOS="549"/>
							<String ID="string_290" HPOS="566" VPOS="997" WIDTH="155" HEIGHT="21" WC="0.92" CONTENT="rusthällarene"/><SP WIDTH="15" VPOS="997" HPOS="721"/>
							<String ID="string_291" HPOS="736" VPOS="999" WIDTH="95" HEIGHT="26" WC="0.92" CONTENT="uppgöra"/><SP WIDTH="15" VPOS="999" HPOS="831"/>
							<String ID="string_292" HPOS="846" VPOS="998" WIDTH="100" HEIGHT="26" WC="0.89" CONTENT="ligviden."/><SP WIDTH="29" VPOS="998" HPOS="946"/>
							<String ID="string_293" HPOS="975" VPOS="997" WIDTH="53" HEIGHT="21" WC="0.96" CONTENT="Man"/>
						</TextLine>
						<TextLine ID="line_30" HPOS="200" VPOS="1025" WIDTH="828" HEIGHT="28">
							<String ID="string_294" HPOS="200" VPOS="1025" WIDTH="44" HEIGHT="21" WC="0.91" CONTENT="kan"/><SP WIDTH="21" VPOS="1025" HPOS="244"/>
							<String ID="string_295" HPOS="265" VPOS="1025" WIDTH="123" HEIGHT="26" WC="0.91" CONTENT="visserligen"/><SP WIDTH="23" VPOS="1025" HPOS="388"/>
							<String ID="string_296" HPOS="411" VPOS="1027" WIDTH="51" HEIGHT="24" WC="0.91" CONTENT="säga"/><SP WIDTH="22" VPOS="1027" HPOS="462"/>
							<String ID="string_297" HPOS="484" VPOS="1028" WIDTH="33" HEIGHT="18" WC="0.96" CONTENT="att"/><SP WIDTH="22" VPOS="1028" HPOS="517"/>
							<String ID="string_298" HPOS="539" VPOS="1025" WIDTH="59" HEIGHT="22" WC="0.96" CONTENT="detta"/><SP WIDTH="22" VPOS="1025" HPOS="598"/>
							<String ID="string_299" HPOS="620" VPOS="1027" WIDTH="24" HEIGHT="19" WC="0.92" CONTENT="är"/><SP WIDTH="22" VPOS="1027" HPOS="644"/>
							<String ID="string_300" HPOS="666" VPOS="1025" WIDTH="115" HEIGHT="27" WC="0.92" CONTENT="olämpligt,"/><SP WIDTH="16" VPOS="1025" HPOS="781"/>
							<String ID="string_301" HPOS="797" VPOS="1032" WIDTH="48" HEIGHT="15" WC="0.96" CONTENT="men"/><SP WIDTH="17" VPOS="1032" HPOS="845"/>
							<String ID="string_302" HPOS="862" VPOS="1026" WIDTH="37" HEIGHT="27" WC="0.96" CONTENT="jag"/><SP WIDTH="19" VPOS="1026" HPOS="899"/>
							<String ID="string_303" HPOS="918" VPOS="1026" WIDTH="44" HEIGHT="21" WC="0.93" CONTENT="kan"/><SP WIDTH="17" VPOS="1026" HPOS="962"/>
							<String ID="string_304" HPOS="979" VPOS="1026" WIDTH="49" HEIGHT="21" WC="0.92" CONTENT="icke"/>
						</TextLine>
						<TextLine ID="line_31" HPOS="200" VPOS="1053" WIDTH="829" HEIGHT="28">
							<String ID="string_305" HPOS="200" VPOS="1053" WIDTH="58" HEIGHT="21" WC="0.96" CONTENT="finna"/><SP WIDTH="15" VPOS="1053" HPOS="258"/>
							<String ID="string_306" HPOS="273" VPOS="1054" WIDTH="37" HEIGHT="21" WC="0.93" CONTENT="det"/><SP WIDTH="14" VPOS="1054" HPOS="310"/>
							<String ID="string_307" HPOS="324" VPOS="1053" WIDTH="113" HEIGHT="28" WC="0.90" CONTENT="olämpliga"/><SP WIDTH="14" VPOS="1053" HPOS="437"/>
							<String ID="string_308" HPOS="451" VPOS="1054" WIDTH="8" HEIGHT="20" WC="0.96" CONTENT="i"/><SP WIDTH="15" VPOS="1054" HPOS="459"/>
							<String ID="string_309" HPOS="474" VPOS="1055" WIDTH="33" HEIGHT="20" WC="0.97" CONTENT="att"/><SP WIDTH="14" VPOS="1055" HPOS="507"/>
							<String ID="string_310" HPOS="521" VPOS="1056" WIDTH="81" HEIGHT="19" WC="0.93" CONTENT="statens"/><SP WIDTH="16" VPOS="1056" HPOS="602"/>
							<String ID="string_311" HPOS="618" VPOS="1053" WIDTH="133" HEIGHT="28" WC="0.92" CONTENT="tjenstemän,"/><SP WIDTH="15" VPOS="1053" HPOS="751"/>
							<String ID="string_312" HPOS="766" VPOS="1054" WIDTH="73" HEIGHT="22" WC="0.91" CONTENT="hvilka"/><SP WIDTH="14" VPOS="1054" HPOS="839"/>
							<String ID="string_313" HPOS="853" VPOS="1054" WIDTH="48" HEIGHT="22" WC="0.91" CONTENT="icke"/><SP WIDTH="14" VPOS="1054" HPOS="901"/>
							<String ID="string_314" HPOS="915" VPOS="1054" WIDTH="64" HEIGHT="21" WC="0.92" CONTENT="hafva"/><SP WIDTH="10" VPOS="1054" HPOS="979"/>
							<String ID="string_315" HPOS="989" VPOS="1053" WIDTH="40" HEIGHT="22" WC="0.91" CONTENT="nä-"/>
						</TextLine>
						<TextLine ID="line_32" HPOS="200" VPOS="1082" WIDTH="832" HEIGHT="27">
							<String ID="string_316" HPOS="200" VPOS="1088" WIDTH="43" HEIGHT="20" WC="0.96" CONTENT="gon"/><SP WIDTH="21" VPOS="1088" HPOS="243"/>
							<String ID="string_317" HPOS="264" VPOS="1088" WIDTH="71" HEIGHT="14" WC="0.93" CONTENT="annan"/><SP WIDTH="18" VPOS="1088" HPOS="335"/>
							<String ID="string_318" HPOS="353" VPOS="1082" WIDTH="84" HEIGHT="27" WC="0.95" CONTENT="uppgift"/><SP WIDTH="18" VPOS="1082" HPOS="437"/>
							<String ID="string_319" HPOS="455" VPOS="1084" WIDTH="28" HEIGHT="19" WC="0.96" CONTENT="än"/><SP WIDTH="15" VPOS="1084" HPOS="483"/>
							<String ID="string_320" HPOS="498" VPOS="1084" WIDTH="33" HEIGHT="19" WC="0.93" CONTENT="att"/><SP WIDTH="14" VPOS="1084" HPOS="531"/>
							<String ID="string_321" HPOS="545" VPOS="1082" WIDTH="86" HEIGHT="26" WC="0.91" CONTENT="betjena"/><SP WIDTH="14" VPOS="1082" HPOS="631"/>
							<String ID="string_322" HPOS="645" VPOS="1082" WIDTH="116" HEIGHT="26" WC="0.96" CONTENT="samhället,"/><SP WIDTH="17" VPOS="1082" HPOS="761"/>
							<String ID="string_323" HPOS="778" VPOS="1082" WIDTH="64" HEIGHT="22" WC="0.96" CONTENT="också"/><SP WIDTH="14" VPOS="1082" HPOS="842"/>
							<String ID="string_324" HPOS="856" VPOS="1082" WIDTH="70" HEIGHT="22" WC="0.93" CONTENT="skulle"/><SP WIDTH="14" VPOS="1082" HPOS="926"/>
							<String ID="string_325" HPOS="940" VPOS="1082" WIDTH="92" HEIGHT="27" WC="0.68" CONTENT="betjena"/>
						</TextLine>
						<TextLine ID="line_33" HPOS="200" VPOS="1110" WIDTH="830" HEIGHT="29">
							<String ID="string_326" HPOS="200" VPOS="1116" WIDTH="27" HEIGHT="15" WC="0.96" CONTENT="en"/><SP WIDTH="19" VPOS="1116" HPOS="227"/>
							<String ID="string_327" HPOS="246" VPOS="1110" WIDTH="33" HEIGHT="21" WC="0.95" CONTENT="del"/><SP WIDTH="19" VPOS="1110" HPOS="279"/>
							<String ID="string_328" HPOS="298" VPOS="1110" WIDTH="22" HEIGHT="21" WC="0.96" CONTENT="af"/><SP WIDTH="18" VPOS="1110" HPOS="320"/>
							<String ID="string_329" HPOS="338" VPOS="1110" WIDTH="26" HEIGHT="21" WC="0.93" CONTENT="de"/><SP WIDTH="14" VPOS="1110" HPOS="364"/>
							<String ID="string_330" HPOS="378" VPOS="1110" WIDTH="168" HEIGHT="27" WC="0.92" CONTENT="skattdragande"/><SP WIDTH="15" VPOS="1110" HPOS="546"/>
							<String ID="string_331" HPOS="561" VPOS="1110" WIDTH="37" HEIGHT="29" WC="0.93" CONTENT="uti"/><SP WIDTH="10" VPOS="1110" HPOS="598"/>
							<String ID="string_332" HPOS="608" VPOS="1106" WIDTH="29" HEIGHT="37" WC="0.93" CONTENT="att"/><SP WIDTH="8" VPOS="1106" HPOS="637"/>
							<String ID="string_333" HPOS="645" VPOS="1110" WIDTH="112" HEIGHT="27" WC="0.91" CONTENT="ligvidera"/><SP WIDTH="14" VPOS="1110" HPOS="757"/>
							<String ID="string_334" HPOS="771" VPOS="1111" WIDTH="63" HEIGHT="21" WC="0.97" CONTENT="deras"/><SP WIDTH="15" VPOS="1111" HPOS="834"/>
							<String ID="string_335" HPOS="849" VPOS="1111" WIDTH="34" HEIGHT="21" WC="0.93" CONTENT="till"/><SP WIDTH="14" VPOS="1111" HPOS="883"/>
							<String ID="string_336" HPOS="897" VPOS="1111" WIDTH="83" HEIGHT="21" WC="0.92" CONTENT="kronan"/><SP WIDTH="15" VPOS="1111" HPOS="980"/>
							<String ID="string_337" HPOS="995" VPOS="1112" WIDTH="35" HEIGHT="20" WC="0.88" CONTENT="in-"/>
						</TextLine>
						<TextLine ID="line_34" HPOS="199" VPOS="1137" WIDTH="829" HEIGHT="29">
							<String ID="string_338" HPOS="199" VPOS="1137" WIDTH="93" HEIGHT="28" WC="0.74" CONTENT="flytande"/><SP WIDTH="18" VPOS="1137" HPOS="292"/>
							<String ID="string_339" HPOS="310" VPOS="1137" WIDTH="91" HEIGHT="28" WC="0.89" CONTENT="afgifter."/><SP WIDTH="30" VPOS="1137" HPOS="401"/>
							<String ID="string_340" HPOS="431" VPOS="1139" WIDTH="42" HEIGHT="26" WC="0.96" CONTENT="Jag"/><SP WIDTH="18" VPOS="1139" HPOS="473"/>
							<String ID="string_341" HPOS="491" VPOS="1139" WIDTH="49" HEIGHT="21" WC="0.72" CONTENT="ville"/><SP WIDTH="14" VPOS="1139" HPOS="540"/>
							<String ID="string_342" HPOS="554" VPOS="1139" WIDTH="24" HEIGHT="21" WC="0.96" CONTENT="sä"/><SP WIDTH="15" VPOS="1139" HPOS="578"/>
							<String ID="string_343" HPOS="593" VPOS="1138" WIDTH="84" HEIGHT="28" WC="0.93" CONTENT="mycket"/><SP WIDTH="14" VPOS="1138" HPOS="677"/>
							<String ID="string_344" HPOS="691" VPOS="1138" WIDTH="66" HEIGHT="25" WC="0.90" CONTENT="hellre"/><SP WIDTH="15" VPOS="1138" HPOS="757"/>
							<String ID="string_345" HPOS="772" VPOS="1139" WIDTH="44" HEIGHT="21" WC="0.94" CONTENT="låta"/><SP WIDTH="14" VPOS="1139" HPOS="816"/>
							<String ID="string_346" HPOS="830" VPOS="1139" WIDTH="112" HEIGHT="21" WC="0.96" CONTENT="skatterna"/><SP WIDTH="14" VPOS="1139" HPOS="942"/>
							<String ID="string_347" HPOS="956" VPOS="1139" WIDTH="72" HEIGHT="21" WC="0.90" CONTENT="direkt"/>
						</TextLine>
						<TextLine ID="line_35" HPOS="199" VPOS="1166" WIDTH="830" HEIGHT="28">
							<String ID="string_348" HPOS="199" VPOS="1166" WIDTH="107" HEIGHT="27" WC="0.91" CONTENT="uppbäras"/><SP WIDTH="15" VPOS="1166" HPOS="306"/>
							<String ID="string_349" HPOS="321" VPOS="1167" WIDTH="23" HEIGHT="21" WC="0.93" CONTENT="af"/><SP WIDTH="16" VPOS="1167" HPOS="344"/>
							<String ID="string_350" HPOS="360" VPOS="1166" WIDTH="93" HEIGHT="22" WC="0.92" CONTENT="kronans"/><SP WIDTH="15" VPOS="1166" HPOS="453"/>
							<String ID="string_351" HPOS="468" VPOS="1167" WIDTH="134" HEIGHT="27" WC="0.91" CONTENT="tjenstemän,"/><SP WIDTH="16" VPOS="1167" HPOS="602"/>
							<String ID="string_352" HPOS="618" VPOS="1173" WIDTH="46" HEIGHT="15" WC="0.96" CONTENT="som"/><SP WIDTH="14" VPOS="1173" HPOS="664"/>
							<String ID="string_353" HPOS="678" VPOS="1167" WIDTH="36" HEIGHT="21" WC="0.96" CONTENT="det"/><SP WIDTH="15" VPOS="1167" HPOS="714"/>
							<String ID="string_354" HPOS="729" VPOS="1169" WIDTH="24" HEIGHT="19" WC="0.93" CONTENT="är"/><SP WIDTH="14" VPOS="1169" HPOS="753"/>
							<String ID="string_355" HPOS="767" VPOS="1168" WIDTH="70" HEIGHT="20" WC="0.93" CONTENT="odiöst"/><SP WIDTH="15" VPOS="1168" HPOS="837"/>
							<String ID="string_356" HPOS="852" VPOS="1169" WIDTH="33" HEIGHT="20" WC="0.96" CONTENT="att"/><SP WIDTH="14" VPOS="1169" HPOS="885"/>
							<String ID="string_357" HPOS="899" VPOS="1168" WIDTH="56" HEIGHT="20" WC="0.93" CONTENT="vissa"/><SP WIDTH="12" VPOS="1168" HPOS="955"/>
							<String ID="string_358" HPOS="967" VPOS="1167" WIDTH="62" HEIGHT="27" WC="0.92" CONTENT="jord-"/>
						</TextLine>
						<TextLine ID="line_36" HPOS="200" VPOS="1194" WIDTH="827" HEIGHT="28">
							<String ID="string_359" HPOS="200" VPOS="1200" WIDTH="63" HEIGHT="20" WC="0.91" CONTENT="egare"/><SP WIDTH="11" VPOS="1200" HPOS="263"/>
							<String ID="string_360" HPOS="274" VPOS="1194" WIDTH="73" HEIGHT="22" WC="0.92" CONTENT="betala"/><SP WIDTH="18" VPOS="1194" HPOS="347"/>
							<String ID="string_361" HPOS="365" VPOS="1195" WIDTH="58" HEIGHT="21" WC="0.93" CONTENT="skatt"/><SP WIDTH="15" VPOS="1195" HPOS="423"/>
							<String ID="string_362" HPOS="438" VPOS="1195" WIDTH="35" HEIGHT="25" WC="0.96" CONTENT="till"/><SP WIDTH="14" VPOS="1195" HPOS="473"/>
							<String ID="string_363" HPOS="487" VPOS="1196" WIDTH="73" HEIGHT="21" WC="0.93" CONTENT="andra."/><SP WIDTH="31" VPOS="1196" HPOS="560"/>
							<String ID="string_364" HPOS="591" VPOS="1195" WIDTH="71" HEIGHT="21" WC="0.90" CONTENT="Ocksä"/><SP WIDTH="13" VPOS="1195" HPOS="662"/>
							<String ID="string_365" HPOS="675" VPOS="1197" WIDTH="46" HEIGHT="19" WC="0.93" CONTENT="tror"/><SP WIDTH="13" VPOS="1197" HPOS="721"/>
							<String ID="string_366" HPOS="734" VPOS="1196" WIDTH="37" HEIGHT="26" WC="0.96" CONTENT="jag"/><SP WIDTH="15" VPOS="1196" HPOS="771"/>
							<String ID="string_367" HPOS="786" VPOS="1198" WIDTH="31" HEIGHT="19" WC="0.96" CONTENT="att"/><SP WIDTH="15" VPOS="1198" HPOS="817"/>
							<String ID="string_368" HPOS="832" VPOS="1202" WIDTH="50" HEIGHT="15" WC="0.96" CONTENT="man"/><SP WIDTH="16" VPOS="1202" HPOS="882"/>
							<String ID="string_369" HPOS="898" VPOS="1202" WIDTH="77" HEIGHT="20" WC="0.96" CONTENT="genom"/><SP WIDTH="15" VPOS="1202" HPOS="975"/>
							<String ID="string_370" HPOS="990" VPOS="1196" WIDTH="37" HEIGHT="20" WC="0.96" CONTENT="det"/>
						</TextLine>
						<TextLine ID="line_37" HPOS="199" VPOS="1222" WIDTH="831" HEIGHT="29">
							<String ID="string_371" HPOS="199" VPOS="1222" WIDTH="78" HEIGHT="27" WC="0.96" CONTENT="förslag"/><SP WIDTH="20" VPOS="1222" HPOS="277"/>
							<String ID="string_372" HPOS="297" VPOS="1223" WIDTH="36" HEIGHT="26" WC="0.93" CONTENT="jag"/><SP WIDTH="18" VPOS="1223" HPOS="333"/>
							<String ID="string_373" HPOS="351" VPOS="1223" WIDTH="115" HEIGHT="21" WC="0.92" CONTENT="framställt"/><SP WIDTH="18" VPOS="1223" HPOS="466"/>
							<String ID="string_374" HPOS="484" VPOS="1223" WIDTH="69" HEIGHT="21" WC="0.96" CONTENT="skulle"/><SP WIDTH="19" VPOS="1223" HPOS="553"/>
							<String ID="string_375" HPOS="572" VPOS="1224" WIDTH="73" HEIGHT="21" WC="0.93" CONTENT="kunna"/><SP WIDTH="13" VPOS="1224" HPOS="645"/>
							<String ID="string_376" HPOS="658" VPOS="1224" WIDTH="64" HEIGHT="21" WC="0.92" CONTENT="vinna"/><SP WIDTH="14" VPOS="1224" HPOS="722"/>
							<String ID="string_377" HPOS="736" VPOS="1224" WIDTH="41" HEIGHT="21" WC="0.92" CONTENT="den"/><SP WIDTH="14" VPOS="1224" HPOS="777"/>
							<String ID="string_378" HPOS="791" VPOS="1224" WIDTH="108" HEIGHT="27" WC="0.92" CONTENT="billigaste"/><SP WIDTH="15" VPOS="1224" HPOS="899"/>
							<String ID="string_379" HPOS="914" VPOS="1224" WIDTH="40" HEIGHT="21" WC="0.93" CONTENT="och"/><SP WIDTH="14" VPOS="1224" HPOS="954"/>
							<String ID="string_380" HPOS="968" VPOS="1224" WIDTH="62" HEIGHT="26" WC="0.92" CONTENT="lyck-"/>
						</TextLine>
						<TextLine ID="line_38" HPOS="200" VPOS="1251" WIDTH="829" HEIGHT="28">
							<String ID="string_381" HPOS="200" VPOS="1251" WIDTH="81" HEIGHT="26" WC="0.93" CONTENT="ligaste,"/><SP WIDTH="16" VPOS="1251" HPOS="281"/>
							<String ID="string_382" HPOS="297" VPOS="1257" WIDTH="47" HEIGHT="15" WC="0.96" CONTENT="men"/><SP WIDTH="23" VPOS="1257" HPOS="344"/>
							<String ID="string_383" HPOS="367" VPOS="1252" WIDTH="7" HEIGHT="20" WC="0.95" CONTENT="i"/><SP WIDTH="23" VPOS="1252" HPOS="374"/>
							<String ID="string_384" HPOS="397" VPOS="1252" WIDTH="42" HEIGHT="21" WC="0.93" CONTENT="alla"/><SP WIDTH="22" VPOS="1252" HPOS="439"/>
							<String ID="string_385" HPOS="461" VPOS="1252" WIDTH="113" HEIGHT="21" WC="0.96" CONTENT="händelser"/><SP WIDTH="18" VPOS="1252" HPOS="574"/>
							<String ID="string_386" HPOS="592" VPOS="1252" WIDTH="42" HEIGHT="21" WC="0.93" CONTENT="den"/><SP WIDTH="18" VPOS="1252" HPOS="634"/>
							<String ID="string_387" HPOS="652" VPOS="1252" WIDTH="114" HEIGHT="21" WC="0.96" CONTENT="snabbaste"/><SP WIDTH="15" VPOS="1252" HPOS="766"/>
							<String ID="string_388" HPOS="781" VPOS="1252" WIDTH="90" HEIGHT="27" WC="0.96" CONTENT="lösning,"/><SP WIDTH="16" VPOS="1252" HPOS="871"/>
							<String ID="string_389" HPOS="887" VPOS="1255" WIDTH="23" HEIGHT="24" WC="0.93" CONTENT="ty"/><SP WIDTH="14" VPOS="1255" HPOS="910"/>
							<String ID="string_390" HPOS="924" VPOS="1252" WIDTH="105" HEIGHT="26" WC="0.95" CONTENT="förslaget"/>
						</TextLine>
						<TextLine ID="line_39" HPOS="198" VPOS="1279" WIDTH="834" HEIGHT="28">
							<String ID="string_391" HPOS="198" VPOS="1279" WIDTH="39" HEIGHT="26" WC="0.92" CONTENT="gär"/><SP WIDTH="14" VPOS="1279" HPOS="237"/>
							<String ID="string_392" HPOS="251" VPOS="1281" WIDTH="24" HEIGHT="19" WC="0.96" CONTENT="ut"/><SP WIDTH="14" VPOS="1281" HPOS="275"/>
							<String ID="string_393" HPOS="289" VPOS="1279" WIDTH="29" HEIGHT="27" WC="0.96" CONTENT="pä"/><SP WIDTH="14" VPOS="1279" HPOS="318"/>
							<String ID="string_394" HPOS="332" VPOS="1281" WIDTH="32" HEIGHT="19" WC="0.93" CONTENT="att"/><SP WIDTH="13" VPOS="1281" HPOS="364"/>
							<String ID="string_395" HPOS="377" VPOS="1279" WIDTH="76" HEIGHT="26" WC="0.92" CONTENT="frägan"/><SP WIDTH="16" VPOS="1279" HPOS="453"/>
							<String ID="string_396" HPOS="469" VPOS="1279" WIDTH="69" HEIGHT="22" WC="0.93" CONTENT="skulle"/><SP WIDTH="14" VPOS="1279" HPOS="538"/>
							<String ID="string_397" HPOS="552" VPOS="1280" WIDTH="56" HEIGHT="21" WC="0.90" CONTENT="lösas"/><SP WIDTH="16" VPOS="1280" HPOS="608"/>
							<String ID="string_398" HPOS="624" VPOS="1280" WIDTH="65" HEIGHT="23" WC="0.96" CONTENT="redan"/><SP WIDTH="14" VPOS="1280" HPOS="689"/>
							<String ID="string_399" HPOS="703" VPOS="1281" WIDTH="49" HEIGHT="20" WC="0.93" CONTENT="med"/><SP WIDTH="14" VPOS="1281" HPOS="752"/>
							<String ID="string_400" HPOS="766" VPOS="1281" WIDTH="107" HEIGHT="26" WC="0.90" CONTENT="ingängen"/><SP WIDTH="15" VPOS="1281" HPOS="873"/>
							<String ID="string_401" HPOS="888" VPOS="1281" WIDTH="22" HEIGHT="20" WC="0.96" CONTENT="af"/><SP WIDTH="13" VPOS="1281" HPOS="910"/>
							<String ID="string_402" HPOS="923" VPOS="1282" WIDTH="63" HEIGHT="22" WC="0.93" CONTENT="nästa"/><SP WIDTH="9" VPOS="1282" HPOS="986"/>
							<String ID="string_403" HPOS="995" VPOS="1279" WIDTH="37" HEIGHT="25" WC="0.93" CONTENT="är."/>
						</TextLine>
					</TextBlock>
					<TextBlock ID="block_2" HPOS="196" VPOS="1307" WIDTH="833" HEIGHT="253">
						<TextLine ID="line_40" HPOS="267" VPOS="1307" WIDTH="761" HEIGHT="28">
							<String ID="string_404" HPOS="267" VPOS="1307" WIDTH="57" HEIGHT="21" WC="0.95" CONTENT="Herr"/><SP WIDTH="15" VPOS="1307" HPOS="324"/>
							<String ID="string_405" HPOS="339" VPOS="1307" WIDTH="193" HEIGHT="27" WC="0.96" CONTENT="Schybergson:"/><SP WIDTH="15" VPOS="1307" HPOS="532"/>
							<String ID="string_406" HPOS="547" VPOS="1307" WIDTH="11" HEIGHT="22" WC="0.93" CONTENT="I"/><SP WIDTH="16" VPOS="1307" HPOS="558"/>
							<String ID="string_407" HPOS="574" VPOS="1308" WIDTH="120" HEIGHT="21" WC="0.92" CONTENT="hufvudsak"/><SP WIDTH="14" VPOS="1308" HPOS="694"/>
							<String ID="string_408" HPOS="708" VPOS="1309" WIDTH="38" HEIGHT="20" WC="0.96" CONTENT="ber"/><SP WIDTH="12" VPOS="1309" HPOS="746"/>
							<String ID="string_409" HPOS="758" VPOS="1309" WIDTH="37" HEIGHT="26" WC="0.96" CONTENT="jag"/><SP WIDTH="15" VPOS="1309" HPOS="795"/>
							<String ID="string_410" HPOS="810" VPOS="1310" WIDTH="32" HEIGHT="20" WC="0.93" CONTENT="att"/><SP WIDTH="15" VPOS="1310" HPOS="842"/>
							<String ID="string_411" HPOS="857" VPOS="1308" WIDTH="22" HEIGHT="21" WC="0.96" CONTENT="få"/><SP WIDTH="14" VPOS="1308" HPOS="879"/>
							<String ID="string_412" HPOS="893" VPOS="1308" WIDTH="75" HEIGHT="22" WC="0.96" CONTENT="förena"/><SP WIDTH="14" VPOS="1308" HPOS="968"/>
							<String ID="string_413" HPOS="982" VPOS="1308" WIDTH="46" HEIGHT="26" WC="0.96" CONTENT="mig"/>
						</TextLine>
						<TextLine ID="line_41" HPOS="198" VPOS="1335" WIDTH="829" HEIGHT="28">
							<String ID="string_414" HPOS="198" VPOS="1335" WIDTH="49" HEIGHT="21" WC="0.93" CONTENT="med"/><SP WIDTH="14" VPOS="1335" HPOS="247"/>
							<String ID="string_415" HPOS="261" VPOS="1335" WIDTH="49" HEIGHT="22" WC="0.91" CONTENT="herr"/><SP WIDTH="14" VPOS="1335" HPOS="310"/>
							<String ID="string_416" HPOS="324" VPOS="1335" WIDTH="54" HEIGHT="22" WC="0.95" CONTENT="Lille"/><SP WIDTH="19" VPOS="1335" HPOS="378"/>
							<String ID="string_417" HPOS="397" VPOS="1342" WIDTH="34" HEIGHT="15" WC="0.96" CONTENT="om"/><SP WIDTH="16" VPOS="1342" HPOS="431"/>
							<String ID="string_418" HPOS="447" VPOS="1336" WIDTH="37" HEIGHT="21" WC="0.96" CONTENT="det"/><SP WIDTH="15" VPOS="1336" HPOS="484"/>
							<String ID="string_419" HPOS="499" VPOS="1337" WIDTH="24" HEIGHT="20" WC="0.96" CONTENT="af"/><SP WIDTH="12" VPOS="1337" HPOS="523"/>
							<String ID="string_420" HPOS="535" VPOS="1336" WIDTH="78" HEIGHT="21" WC="0.96" CONTENT="honom"/><SP WIDTH="15" VPOS="1336" HPOS="613"/>
							<String ID="string_421" HPOS="628" VPOS="1337" WIDTH="7" HEIGHT="21" WC="0.96" CONTENT="i"/><SP WIDTH="15" VPOS="1337" HPOS="635"/>
							<String ID="string_422" HPOS="650" VPOS="1337" WIDTH="53" HEIGHT="20" WC="0.93" CONTENT="hans"/><SP WIDTH="16" VPOS="1337" HPOS="703"/>
							<String ID="string_423" HPOS="719" VPOS="1339" WIDTH="83" HEIGHT="19" WC="0.92" CONTENT="senaste"/><SP WIDTH="15" VPOS="1339" HPOS="802"/>
							<String ID="string_424" HPOS="817" VPOS="1337" WIDTH="137" HEIGHT="26" WC="0.92" CONTENT="andragande"/><SP WIDTH="15" VPOS="1337" HPOS="954"/>
							<String ID="string_425" HPOS="969" VPOS="1337" WIDTH="58" HEIGHT="26" WC="0.90" CONTENT="gjor-"/>
						</TextLine>
						<TextLine ID="line_42" HPOS="199" VPOS="1363" WIDTH="829" HEIGHT="29">
							<String ID="string_426" HPOS="199" VPOS="1363" WIDTH="28" HEIGHT="21" WC="0.90" CONTENT="da"/><SP WIDTH="14" VPOS="1363" HPOS="227"/>
							<String ID="string_427" HPOS="241" VPOS="1363" WIDTH="195" HEIGHT="28" WC="0.66" CONTENT="tillägesförslaget,"/><SP WIDTH="12" VPOS="1363" HPOS="436"/>
							<String ID="string_428" HPOS="448" VPOS="1366" WIDTH="33" HEIGHT="19" WC="0.93" CONTENT="att"/><SP WIDTH="15" VPOS="1366" HPOS="481"/>
							<String ID="string_429" HPOS="496" VPOS="1365" WIDTH="105" HEIGHT="26" WC="0.92" CONTENT="nemligen"/><SP WIDTH="15" VPOS="1365" HPOS="601"/>
							<String ID="string_430" HPOS="616" VPOS="1365" WIDTH="257" HEIGHT="27" WC="0.91" CONTENT="rustningsskyldigheten"/><SP WIDTH="15" VPOS="1365" HPOS="873"/>
							<String ID="string_431" HPOS="888" VPOS="1365" WIDTH="8" HEIGHT="21" WC="0.96" CONTENT="i"/><SP WIDTH="14" VPOS="1365" HPOS="896"/>
							<String ID="string_432" HPOS="910" VPOS="1366" WIDTH="49" HEIGHT="25" WC="0.93" CONTENT="inga"/><SP WIDTH="14" VPOS="1366" HPOS="959"/>
							<String ID="string_433" HPOS="973" VPOS="1365" WIDTH="55" HEIGHT="20" WC="0.89" CONTENT="hän-"/>
						</TextLine>
						<TextLine ID="line_43" HPOS="199" VPOS="1391" WIDTH="829" HEIGHT="30">
							<String ID="string_434" HPOS="199" VPOS="1391" WIDTH="69" HEIGHT="22" WC="0.92" CONTENT="delser"/><SP WIDTH="21" VPOS="1391" HPOS="268"/>
							<String ID="string_435" HPOS="289" VPOS="1392" WIDTH="69" HEIGHT="21" WC="0.80" CONTENT="skulle"/><SP WIDTH="21" VPOS="1392" HPOS="358"/>
							<String ID="string_436" HPOS="379" VPOS="1392" WIDTH="48" HEIGHT="21" WC="0.80" CONTENT="frän"/><SP WIDTH="18" VPOS="1392" HPOS="427"/>
							<String ID="string_437" HPOS="445" VPOS="1393" WIDTH="119" HEIGHT="21" WC="0.92" CONTENT="rusthällen"/><SP WIDTH="18" VPOS="1393" HPOS="564"/>
							<String ID="string_438" HPOS="582" VPOS="1393" WIDTH="99" HEIGHT="26" WC="0.93" CONTENT="indragas"/><SP WIDTH="18" VPOS="1393" HPOS="681"/>
							<String ID="string_439" HPOS="699" VPOS="1393" WIDTH="34" HEIGHT="21" WC="0.96" CONTENT="till"/><SP WIDTH="18" VPOS="1393" HPOS="733"/>
							<String ID="string_440" HPOS="751" VPOS="1395" WIDTH="68" HEIGHT="20" WC="0.93" CONTENT="större"/><SP WIDTH="15" VPOS="1395" HPOS="819"/>
							<String ID="string_441" HPOS="834" VPOS="1393" WIDTH="78" HEIGHT="28" WC="0.95" CONTENT="belopp"/><SP WIDTH="15" VPOS="1393" HPOS="912"/>
							<String ID="string_442" HPOS="927" VPOS="1395" WIDTH="28" HEIGHT="19" WC="0.93" CONTENT="än"/><SP WIDTH="15" VPOS="1395" HPOS="955"/>
							<String ID="string_443" HPOS="970" VPOS="1395" WIDTH="58" HEIGHT="19" WC="0.91" CONTENT="rust-"/>
						</TextLine>
						<TextLine ID="line_44" HPOS="198" VPOS="1419" WIDTH="829" HEIGHT="29">
							<String ID="string_444" HPOS="198" VPOS="1419" WIDTH="82" HEIGHT="22" WC="0.91" CONTENT="hällens"/><SP WIDTH="18" VPOS="1419" HPOS="280"/>
							<String ID="string_445" HPOS="298" VPOS="1427" WIDTH="54" HEIGHT="20" WC="0.96" CONTENT="egna"/><SP WIDTH="17" VPOS="1427" HPOS="352"/>
							<String ID="string_446" HPOS="369" VPOS="1421" WIDTH="41" HEIGHT="21" WC="0.93" CONTENT="och"/><SP WIDTH="18" VPOS="1421" HPOS="410"/>
							<String ID="string_447" HPOS="428" VPOS="1423" WIDTH="215" HEIGHT="24" WC="0.91" CONTENT="augmentsräntorna"/><SP WIDTH="14" VPOS="1423" HPOS="643"/>
							<String ID="string_448" HPOS="657" VPOS="1421" WIDTH="195" HEIGHT="27" WC="0.91" CONTENT="tillsammantagna"/><SP WIDTH="15" VPOS="1421" HPOS="852"/>
							<String ID="string_449" HPOS="867" VPOS="1424" WIDTH="86" HEIGHT="24" WC="0.95" CONTENT="utgöra;"/><SP WIDTH="24" VPOS="1424" HPOS="953"/>
							<String ID="string_450" HPOS="977" VPOS="1427" WIDTH="50" HEIGHT="15" WC="0.96" CONTENT="man"/>
						</TextLine>
						<TextLine ID="line_45" HPOS="198" VPOS="1448" WIDTH="829" HEIGHT="27">
							<String ID="string_451" HPOS="198" VPOS="1448" WIDTH="42" HEIGHT="21" WC="0.96" CONTENT="kan"/><SP WIDTH="19" VPOS="1448" HPOS="240"/>
							<String ID="string_452" HPOS="259" VPOS="1448" WIDTH="25" HEIGHT="27" WC="0.96" CONTENT="ju"/><SP WIDTH="21" VPOS="1448" HPOS="284"/>
							<String ID="string_453" HPOS="305" VPOS="1449" WIDTH="7" HEIGHT="20" WC="0.93" CONTENT="i"/><SP WIDTH="22" VPOS="1449" HPOS="312"/>
							<String ID="string_454" HPOS="334" VPOS="1455" WIDTH="27" HEIGHT="15" WC="0.93" CONTENT="en"/><SP WIDTH="18" VPOS="1455" HPOS="361"/>
							<String ID="string_455" HPOS="379" VPOS="1449" WIDTH="67" HEIGHT="26" WC="0.92" CONTENT="fräga,"/><SP WIDTH="17" VPOS="1449" HPOS="446"/>
							<String ID="string_456" HPOS="463" VPOS="1449" WIDTH="66" HEIGHT="22" WC="0.92" CONTENT="sädan"/><SP WIDTH="19" VPOS="1449" HPOS="529"/>
							<String ID="string_457" HPOS="548" VPOS="1455" WIDTH="46" HEIGHT="16" WC="0.96" CONTENT="som"/><SP WIDTH="18" VPOS="1455" HPOS="594"/>
							<String ID="string_458" HPOS="612" VPOS="1450" WIDTH="75" HEIGHT="25" WC="0.93" CONTENT="denna,"/><SP WIDTH="15" VPOS="1450" HPOS="687"/>
							<String ID="string_459" HPOS="702" VPOS="1449" WIDTH="113" HEIGHT="22" WC="0.92" CONTENT="framhälla"/><SP WIDTH="14" VPOS="1449" HPOS="815"/>
							<String ID="string_460" HPOS="829" VPOS="1450" WIDTH="87" HEIGHT="21" WC="0.93" CONTENT="talande"/><SP WIDTH="15" VPOS="1450" HPOS="916"/>
							<String ID="string_461" HPOS="931" VPOS="1449" WIDTH="47" HEIGHT="22" WC="0.95" CONTENT="skäl"/><SP WIDTH="15" VPOS="1449" HPOS="978"/>
							<String ID="string_462" HPOS="993" VPOS="1449" WIDTH="34" HEIGHT="22" WC="0.96" CONTENT="för"/>
						</TextLine>
						<TextLine ID="line_46" HPOS="198" VPOS="1477" WIDTH="829" HEIGHT="28">
							<String ID="string_463" HPOS="198" VPOS="1477" WIDTH="41" HEIGHT="20" WC="0.95" CONTENT="den"/><SP WIDTH="15" VPOS="1477" HPOS="239"/>
							<String ID="string_464" HPOS="254" VPOS="1482" WIDTH="41" HEIGHT="16" WC="0.95" CONTENT="ena"/><SP WIDTH="14" VPOS="1482" HPOS="295"/>
							<String ID="string_465" HPOS="309" VPOS="1477" WIDTH="40" HEIGHT="21" WC="0.96" CONTENT="och"/><SP WIDTH="15" VPOS="1477" HPOS="349"/>
							<String ID="string_466" HPOS="364" VPOS="1477" WIDTH="67" HEIGHT="21" WC="0.93" CONTENT="andra"/><SP WIDTH="12" VPOS="1477" HPOS="431"/>
							<String ID="string_467" HPOS="443" VPOS="1477" WIDTH="90" HEIGHT="27" WC="0.92" CONTENT="äsigten."/><SP WIDTH="27" VPOS="1477" HPOS="533"/>
							<String ID="string_468" HPOS="560" VPOS="1478" WIDTH="43" HEIGHT="21" WC="0.96" CONTENT="För"/><SP WIDTH="15" VPOS="1478" HPOS="603"/>
							<String ID="string_469" HPOS="618" VPOS="1478" WIDTH="44" HEIGHT="21" WC="0.96" CONTENT="min"/><SP WIDTH="15" VPOS="1478" HPOS="662"/>
							<String ID="string_470" HPOS="677" VPOS="1478" WIDTH="35" HEIGHT="21" WC="0.96" CONTENT="del"/><SP WIDTH="14" VPOS="1478" HPOS="712"/>
							<String ID="string_471" HPOS="726" VPOS="1478" WIDTH="39" HEIGHT="21" WC="0.95" CONTENT="har"/><SP WIDTH="12" VPOS="1478" HPOS="765"/>
							<String ID="string_472" HPOS="777" VPOS="1478" WIDTH="38" HEIGHT="27" WC="0.93" CONTENT="jag"/><SP WIDTH="14" VPOS="1478" HPOS="815"/>
							<String ID="string_473" HPOS="829" VPOS="1478" WIDTH="71" HEIGHT="21" WC="0.92" CONTENT="funnit"/><SP WIDTH="14" VPOS="1478" HPOS="900"/>
							<String ID="string_474" HPOS="914" VPOS="1478" WIDTH="43" HEIGHT="27" WC="0.96" CONTENT="mig"/><SP WIDTH="14" VPOS="1478" HPOS="957"/>
							<String ID="string_475" HPOS="971" VPOS="1479" WIDTH="56" HEIGHT="20" WC="0.96" CONTENT="mest"/>
						</TextLine>
						<TextLine ID="line_47" HPOS="197" VPOS="1505" WIDTH="830" HEIGHT="28">
							<String ID="string_476" HPOS="197" VPOS="1505" WIDTH="93" HEIGHT="21" WC="0.96" CONTENT="tilltalad"/><SP WIDTH="14" VPOS="1505" HPOS="290"/>
							<String ID="string_477" HPOS="304" VPOS="1505" WIDTH="24" HEIGHT="21" WC="0.96" CONTENT="af"/><SP WIDTH="12" VPOS="1505" HPOS="328"/>
							<String ID="string_478" HPOS="340" VPOS="1505" WIDTH="28" HEIGHT="22" WC="0.96" CONTENT="de"/><SP WIDTH="14" VPOS="1505" HPOS="368"/>
							<String ID="string_479" HPOS="382" VPOS="1506" WIDTH="140" HEIGHT="27" WC="0.96" CONTENT="synpunkter,"/><SP WIDTH="15" VPOS="1506" HPOS="522"/>
							<String ID="string_480" HPOS="537" VPOS="1511" WIDTH="45" HEIGHT="16" WC="0.96" CONTENT="som"/><SP WIDTH="15" VPOS="1511" HPOS="582"/>
							<String ID="string_481" HPOS="597" VPOS="1506" WIDTH="24" HEIGHT="21" WC="0.93" CONTENT="af"/><SP WIDTH="13" VPOS="1506" HPOS="621"/>
							<String ID="string_482" HPOS="634" VPOS="1506" WIDTH="49" HEIGHT="21" WC="0.92" CONTENT="herr"/><SP WIDTH="15" VPOS="1506" HPOS="683"/>
							<String ID="string_483" HPOS="698" VPOS="1506" WIDTH="104" HEIGHT="21" WC="0.93" CONTENT="Mechelin"/><SP WIDTH="16" VPOS="1506" HPOS="802"/>
							<String ID="string_484" HPOS="818" VPOS="1506" WIDTH="133" HEIGHT="27" WC="0.94" CONTENT="framhållits,"/><SP WIDTH="16" VPOS="1506" HPOS="951"/>
							<String ID="string_485" HPOS="967" VPOS="1506" WIDTH="60" HEIGHT="27" WC="0.96" CONTENT="såväl"/>
						</TextLine>
						<TextLine ID="line_48" HPOS="196" VPOS="1533" WIDTH="833" HEIGHT="27">
							<String ID="string_486" HPOS="196" VPOS="1534" WIDTH="9" HEIGHT="20" WC="0.95" CONTENT="i"/><SP WIDTH="14" VPOS="1534" HPOS="205"/>
							<String ID="string_487" HPOS="219" VPOS="1533" WIDTH="54" HEIGHT="21" WC="0.96" CONTENT="hans"/><SP WIDTH="18" VPOS="1533" HPOS="273"/>
							<String ID="string_488" HPOS="291" VPOS="1534" WIDTH="132" HEIGHT="21" WC="0.96" CONTENT="reservation"/><SP WIDTH="20" VPOS="1534" HPOS="423"/>
							<String ID="string_489" HPOS="443" VPOS="1534" WIDTH="32" HEIGHT="21" WC="0.93" CONTENT="till"/><SP WIDTH="19" VPOS="1534" HPOS="475"/>
							<String ID="string_490" HPOS="494" VPOS="1534" WIDTH="184" HEIGHT="26" WC="0.77" CONTENT="skattekomitens,"/><SP WIDTH="16" VPOS="1534" HPOS="678"/>
							<String ID="string_491" HPOS="694" VPOS="1541" WIDTH="46" HEIGHT="15" WC="0.96" CONTENT="som"/><SP WIDTH="15" VPOS="1541" HPOS="740"/>
							<String ID="string_492" HPOS="755" VPOS="1535" WIDTH="33" HEIGHT="21" WC="0.92" CONTENT="till"/><SP WIDTH="14" VPOS="1535" HPOS="788"/>
							<String ID="string_493" HPOS="802" VPOS="1535" WIDTH="172" HEIGHT="21" WC="0.93" CONTENT="statsutskottets"/><SP WIDTH="15" VPOS="1535" HPOS="974"/>
							<String ID="string_494" HPOS="989" VPOS="1535" WIDTH="40" HEIGHT="21" WC="0.91" CONTENT="be-"/>
						</TextLine>
					</TextBlock>
				</ComposedBlock>
			</PrintSpace>
		</Page>
	</Layout>
</alto>
