1095 1731
86 6 37 20 N

111 29 12 22 /

59 136 8 13 j
350 128 90 24 Borgarest.
453 129 42 19 1885.
519 130 18 18 16
548 129 50 23 April.
819 130 34 19 703

23 203 8 14 /
65 198 96 26 förfallit;
175 198 110 22 hvaremot
299 198 99 27 förslaget
412 199 33 21 till
459 199 123 26 förordning
594 198 145 22 innefattande
755 199 73 27 tillägg
841 200 33 21 till

92 226 27 22 20
134 227 7 21 i
155 226 151 28 förordningen
321 227 40 21 den
376 227 13 21 6
404 227 92 21 februari
511 227 23 21 år
550 227 60 26 1865,
626 228 107 26 angående
743 227 130 22 kommunal-

73 254 144 27 örvaltningen
232 255 27 26 på
274 255 77 26 landet,
372 255 126 21 remitterats
517 255 88 21 tillbaka
623 256 32 20 till
673 256 103 21 utskottet
794 256 33 21 för
841 258 32 19 att

64 282 93 26 undergå
174 282 65 20 sådan
254 282 177 26 omformulering,
451 284 31 19 att
496 283 60 21 deraf
569 284 92 25 tydligen
675 284 121 26 framginge,
811 284 62 20 hvem

65 316 44 15 som
127 315 49 22 eger
194 312 32 19 att
243 310 35 21 vid
298 316 120 20 gemensam
440 310 211 22 kommunalstämma
672 311 85 26 deltaga
777 311 7 20 i
805 311 68 21 öfver-

64 338 97 27 läggning
179 338 39 21 och
236 338 78 26 beslut;
336 339 55 20 huru
408 340 96 19 rösterna
517 338 43 21 .vid
578 339 65 21 sådan
661 339 211 21 kommunalstämma

64 366 60 22 skola
144 366 111 24 beräknas,
277 368 55 20 samt
352 366 85 22 hvilken
459 366 125 27 befogenhet
606 366 127 23 tillkommer
754 373 119 21 gemensam

63 394 218 22 kommunalstämma.

131 480 58 21 Härå
209 480 97 22 inträdde
328 482 84 20 senator
434 480 174 28 Yrjö-Koskinen,
627 480 74 27 åtföljd
719 481 22 21 af
758 480 114 27 protokoll-

63 508 144 22 sekreteraren
221 508 110 28 Waselius,
347 508 38 22 och
401 508 155 22 öfverlemnade
571 509 32 21 till
617 508 84 22 ståndet
715 510 59 20 Hans
787 509 84 27 Kejser-

62 537 43 27 liga
118 537 110 27 Majestäts
242 537 77 27 nådiga
333 537 132 27 proposition
479 543 34 15 n:o
529 537 33 26 38,
578 537 107 27 angående
699 538 73 26 anslag
786 538 32 20 till
833 544 38 14 un-

63 565 134 22 derhållande
211 566 23 20 af
247 565 41 21 den
302 565 46 21 utaf
361 565 110 22 framlidne
486 565 112 22 statsrådet
613 566 88 21 Fredrik
717 566 107 27 Cygnaeus
839 566 32 21 till

61 594 102 21 Finlands
176 594 45 20 folk
235 594 176 21 testamenterade
425 594 64 21 villan
504 600 34 15 n:o
554 594 25 21 17
595 594 31 21 uti
640 594 163 27 Brunnsparken
813 594 58 21 invid

62 622 131 27 Helsingfors
207 622 54 26 stad,
274 622 64 27 jemte
353 622 37 21 der
404 622 110 21 förvarade
528 622 135 21 konstalster.

130 650 69 22 Sedan
214 651 49 20 herr
276 651 120 21 talmannen
410 650 110 21 framburit
535 650 94 21 ståndets
643 651 130 26 tacksägelse
787 651 32 21 för
830 651 40 21 den

62 679 153 21 öfverlemnade
229 679 77 26 nådiga
319 679 164 27 propositionen,
498 679 96 20 afträdde
609 679 48 21 herr
672 681 106 19 senatorn.

130 765 39 22 Vid
184 765 51 21 härå
249 765 67 22 skedd
329 765 148 27 föredragning
491 765 23 21 af
527 765 213 28 jernvägsutskottets
755 765 32 22 till
801 765 69 21 denna

61 794 41 27 dag
117 793 52 28 ånyo
184 793 118 28 bordlagda
316 793 133 22 betänkande
468 800 33 15 n:o
521 795 19 25 1,
555 794 106 27 angående
675 793 120 28 byggandet
809 793 22 22 af
844 800 26 15 en

59 823 89 26 jernväg
161 822 46 21 från
222 823 94 27 Kaipiais
330 823 78 21 station
422 823 13 20 å
444 823 174 21 Riihimäki—S:t
628 822 198 27 Petersburgbanan
835 829 35 20 ge-

61 857 50 16 nom
126 850 31 23 S:t
172 851 77 21 Michel
263 851 33 22 till
313 851 91 27 Kuopio,
422 851 153 21 öfverlemnade
593 851 48 21 herr
658 851 121 21 talmannen
796 850 74 22 främst

61 880 33 21 till
101 879 94 22 ständets
203 879 113 27 afgörande
329 881 53 20 1:sta
392 881 114 20 momentet
517 880 7 20 i
534 879 114 22 utskottets
658 879 211 26 resolutionsförslag,

61 908 23 21 af
97 907 92 26 innehåll
204 909 32 20 att
251 914 25 15 en
292 908 88 27 jernväg
398 907 66 22 måtte
482 908 78 27 byggas
578 907 46 22 från
641 907 174 21 Riihimäki—S:t
829 907 40 21 Pe-

61 936 167 26 tersburgbanan
245 936 33 21 till
295 936 94 27 Kuopio;
408 936 39 21 och
465 937 83 26 yttrade
566 937 32 25 sig
615 937 48 20 med
681 936 111 26 anledning
809 935 62 21 häraf

61 963 91 28 följande
166 964 77 21 talare:

129 993 56 21 Herr
199 993 112 26 Nyberg:
327 993 8 20 I
351 993 66 21 likhet
431 993 48 21 med
494 993 48 21 herr
557 993 108 21 Nordman
679 999 62 15 anser
750 993 36 26 jag
796 994 32 19 att
837 992 33 21 sä-

62 1021 34 21 väl
110 1021 122 26 regeringen
251 1027 44 15 som
311 1021 203 27 jernvägsutskottet
531 1021 35 21 vid
584 1021 60 21 deras
662 1021 7 20 i
684 1021 62 26 öfrigt
760 1021 110 26 grundliga

62 1049 127 26 behandling
204 1049 22 20 af
243 1049 59 21 detta
316 1049 77 22 ärende
408 1049 96 21 förbisett
516 1050 41 20 den
572 1049 22 22 af
610 1049 76 21 honom
705 1049 108 27 päpekade
827 1049 43 26 vig-

61 1077 44 26 tiga
120 1077 161 26 omständighet.
311 1077 108 22 Hvardera
436 1077 63 22 hafva
517 1077 70 27 utgätt
603 1077 46 21 frän
667 1077 40 21 den
725 1078 145 21 förutsättnin-

62 1111 47 22 gen,
124 1107 32 20 att
170 1105 105 22 mellersta
290 1105 39 21 och
344 1107 58 20 östra
416 1105 90 22 Finland
521 1106 32 21 för
568 1111 26 16 en
608 1105 49 27 läng
671 1106 31 21 tid
716 1105 77 22 framät
803 1105 67 22 skulle

62 1140 51 15 vara
127 1134 122 26 tillräckligt
266 1134 114 27 betjenade
395 1134 23 21 af
434 1135 74 20 endast
525 1134 36 21 tvä
576 1133 127 26 stambanor,
719 1141 25 14 en
760 1134 110 21 Savolaks-

61 1162 57 21 bana
131 1162 47 21 frän
193 1163 63 20 södra
270 1162 125 21 stambanan
409 1169 75 20 genom
504 1162 31 21 S:t
550 1162 76 22 Michel
645 1163 32 20 till
691 1163 83 26 Kuopio
791 1162 38 21 och
844 1168 26 15 en

61 1190 86 22 karelsk
161 1190 56 22 bana
231 1190 46 21 frän
292 1191 80 26 Viborg
386 1191 32 22 tili
432 1191 100 21 Joensuu.
561 1191 34 21 En
610 1191 261 26 sammanbindningsbana

61 1219 48 22 med
131 1219 165 22 österbottniska
318 1219 70 22 banan
406 1219 57 22 öfver
480 1219 114 28 Jyväskylä
610 1219 39 22 har
666 1219 120 27 visserligen
804 1219 66 22 förut-

62 1250 59 24 setts,
139 1254 48 15 men
205 1248 119 21 betraktats
342 1248 74 21 endast
434 1254 46 15 som
497 1254 26 15 en
541 1248 83 26 bibana,
643 1247 85 22 hvilken
745 1248 55 27 finge
815 1249 56 20 rätta

61 1278 33 21 sin
109 1277 122 26 sträckning
245 1277 54 21 efter
312 1277 42 21 den
372 1276 125 22 savolakska
512 1277 86 21 banans.
628 1277 36 21 Uti
679 1277 68 20 denna
762 1277 109 21 förutsätt-

62 1306 49 25 ning
133 1311 61 15 anser
209 1306 36 26 jag
264 1305 54 21 dock
336 1307 31 19 ett
384 1307 54 19 stort
457 1305 85 27 misstag
560 1305 62 27 ligga.
650 1305 43 21 Det
709 1305 92 27 framgär
819 1307 52 19 utan

62 1333 72 22 tvifvel
149 1333 22 22 af
184 1334 39 21 allt
241 1333 55 21 hvad
314 1333 6 20 i
340 1333 68 21 denna
426 1333 38 21 sak
482 1333 55 22 bäde
552 1334 63 21 talats
629 1334 39 21 och
683 1333 100 26 skrifvits,
799 1334 31 20 att
845 1339 26 15 en

62 1361 127 22 förbindelse
203 1361 76 21 mellan
293 1361 83 21 landets
390 1363 71 19 vestra
478 1361 38 21 och
532 1363 57 19 östra
604 1361 57 21 delar
681 1363 24 19 är
721 1361 68 21 likaså
803 1361 68 26 nyttig

63 1396 45 16 som
122 1390 41 21 den
178 1390 89 21 emellan
281 1390 47 20 dess
346 1395 64 16 norra
427 1390 40 21 och
484 1390 70 20 södra.
582 1390 75 21 Denna
670 1390 145 20 förstnämnda
829 1389 42 21 för-

62 1418 95 22 bindelse
169 1418 42 22 kan
221 1418 65 21 blifva
295 1418 193 27 tillfredsställande
502 1418 75 20 endast
590 1424 76 20 genom
681 1424 26 14 en
717 1417 154 22 sammanbind-

61 1446 124 26 ningsbana,
200 1446 85 21 hvilken
299 1446 84 20 förenar
401 1446 137 21 Österbotten
555 1446 47 21 icke
620 1446 88 21 allenast
725 1446 49 21 med
792 1445 79 26 Viborg

62 1474 40 22 och
117 1474 32 22 S:t
163 1474 128 26 Petersburg
305 1475 52 20 utan
371 1474 61 21 äfven
446 1474 24 21 sä
484 1475 52 20 nära
550 1480 45 15 som
610 1474 81 27 möjligt
703 1474 48 21 med
769 1473 102 22 Savolaks

64 1503 39 23 och
117 1503 101 22 Karelens
233 1503 143 26 centralorter,
395 1502 82 28 Kuopio
496 1502 39 22 och
553 1502 99 22 Joensuu.
681 1502 34 22 En
731 1502 140 22 tillfredsstäl-

63 1532 62 22 lande
143 1532 122 26 sträckning
282 1532 32 20 för
332 1532 68 21 denna
419 1531 262 27 sammanbindningsbana
699 1532 81 20 lemnar
797 1530 74 22 endast
