1109 1775
248 137 34 19 94
351 160 3 3 =
518 137 92 23 Borgarest.
622 136 44 20 1885.
682 137 18 19 5
710 137 40 23 Maj.

225 206 81 23 drifter.
334 208 42 26 Jag
390 207 117 27 medgifver
520 213 72 21 gerna,
608 208 32 20 att
650 207 11 21 i
676 206 48 22 dem
738 206 68 22 finnes
821 206 141 22 öfverdrifter.
988 206 50 21 Men

224 238 32 20 att
273 236 8 22 i
298 236 48 22 dem
368 236 63 22 äfven
449 236 67 22 finnes
537 232 82 43 mycket
641 236 95 27 sanning,
759 236 71 21 derom
849 237 24 19 är
889 235 38 27 jag
944 234 44 22 lika
1007 234 31 22 öf-

224 265 102 27 vertygad
344 272 46 15 som
408 266 50 20 herr
476 265 115 22 Rönnbäck
610 267 24 19 är
652 266 37 20 det
708 272 33 14 om
760 265 62 21 deras
840 264 118 22 öfverdrift.
987 264 51 22 Man

223 293 71 22 kunde
308 291 113 24 kanhända
435 294 97 25 invända,
551 295 31 20 att
597 294 67 21 folket
679 294 46 21 äter
740 299 72 20 ropar:
827 293 102 21 korsfäst!
951 292 50 22 Men
1016 293 22 21 vi

224 321 60 22 skola
301 322 85 22 komma
403 322 55 27 ihäg,
477 322 56 21 mina
551 322 80 26 herrar,
650 324 32 19 att
699 322 21 21 vi
738 324 37 19 äro
794 321 77 22 folkets
891 323 147 26 representam-

223 352 35 19 ter
275 351 39 21 och
332 353 32 19 att
378 352 20 20 vi
414 351 64 21 ocksä
492 351 52 21 böra
559 357 25 15 en
599 351 69 20 smula
683 353 85 18 sentera
782 351 49 20 dess
846 349 134 27 önskningar.
1010 349 29 22 Af

222 379 68 22 folket
308 379 63 22 hafva
389 380 21 21 vi
426 379 25 28 ju
468 379 42 22 fätt
527 379 51 22 vära
594 379 93 26 mandat,
707 379 38 21 och
764 385 33 15 om
816 378 21 21 vi
855 379 46 20 icke
920 377 52 27 följa
987 377 49 22 dess

222 408 136 32 önskningar,
381 408 24 21 sä
426 410 36 19 vet
481 408 37 26 jag
539 408 47 21 icke
607 407 55 22 hvad
684 407 21 21 vi
727 409 52 25 göra
800 407 45 21 här.
874 407 41 26 Jag
932 402 105 36 vidhäller

222 435 48 22 mitt
283 436 100 27 yrkande,
399 438 32 19 att
446 436 142 21 betänkandet
602 436 64 21 mätte
680 432 168 25 äterremitteras
862 435 34 22 till
906 435 131 22 ekonomiut-

222 463 80 22 skottet
317 464 33 21 för
364 467 32 19 att
411 464 160 22 omformuleras
586 465 7 20 i
608 465 36 20 det
663 464 61 27 syfte,
740 471 45 14 som
798 464 36 27 jag
850 464 46 21 haft
906 466 51 19 äran
973 464 64 21 fram-

221 491 64 22 hälla.
314 493 42 26 Jag
377 495 25 18 är
416 495 40 18 vän
474 493 33 20 till
524 493 173 26 utminuterings-
714 493 39 20 och
768 492 218 27 utskänkningsbolag
1001 498 36 15 en-

222 520 48 22 dast
290 520 47 23 ifall
355 521 26 22 de
399 521 74 22 arbeta
491 521 6 21 i
516 521 78 22 folkets
613 521 39 22 och
670 521 142 27 sedlighetens
831 521 97 26 intresse,
947 520 7 21 i
973 523 64 19 annat

218 549 39 21 fall
272 550 53 21 icke.

288 579 56 21 Herr
366 579 125 21 Kivekäs:
512 579 41 27 Jag
571 579 126 28 lyckönskar
711 579 101 21 Finlands
827 579 98 21 arbetare
940 580 32 20 att
987 579 26 21 de
1028 579 8 21 i

220 607 50 21 herr
290 607 117 22 Rönnbäck
422 608 69 21 funnit
505 614 26 15 en
546 608 24 21 sä
584 608 88 27 vältalig
686 608 46 21 tolk
746 608 33 20 för
795 608 45 21 sina
854 608 111 21 intressen.
994 608 42 27 Jag

220 636 69 22 skulle
308 636 54 22 blott
381 637 66 21 önska
466 638 31 20 att
512 636 49 22 herr
575 636 115 22 Rönnbäck
706 636 68 22 skulle
790 636 72 28 lyckas
876 636 7 21 i
899 636 58 22 detta
972 636 63 22 ständ

220 664 62 22 vinna
304 666 66 25 gehör
389 665 33 21 för
440 666 46 20 sina
505 665 79 27 äsigter
602 665 46 21 icke
664 665 80 26 endast,
761 665 27 21 dä
803 665 36 21 det
853 664 68 27 gäller
936 666 31 20 att
982 666 53 20 mot-

220 694 56 20 sätta
290 693 38 27 sig:
338 694 174 27 förmynderskap
527 694 6 21 i
549 694 100 21 afseende
664 694 12 20 &
690 694 125 20 arbetarens
831 693 101 26 rättighet
947 695 31 19 att
988 693 47 22 fritt

220 721 127 22 konsumera
368 722 96 26 bränvin,
478 724 52 19 utan
549 722 61 21 äfven
630 722 27 21 dä
672 722 60 27 fräga
746 724 25 18 är
786 728 34 15 om
835 722 103 21 reformer
953 722 81 26 egnade

218 751 32 19 att
266 750 77 21 bereda
358 750 33 21 för
406 756 84 15 massan
505 750 24 21 af
541 750 67 22 folket
624 752 40 25 väg
678 750 33 21 till
726 751 66 25 högre
807 750 101 26 bildning,
925 753 55 18 samt
996 756 37 20 po-

218 777 73 23 litiska
312 779 38 21 och
370 779 78 21 sociala
467 779 113 21 förmåner.
609 778 35 22 Då
660 778 83 22 landets
758 780 171 26 representanter
943 778 89 22 försam-

218 806 60 22 lades
302 807 32 22 till
353 808 68 21 denna
436 808 108 26 landtdag,
560 808 60 20 torde
635 808 66 26 knapt
716 808 68 26 någon
798 807 60 27 fråga
873 807 63 21 hafva
950 807 82 21 tilldra-

217 835 32 27 git
267 836 33 26 sig
318 842 25 16 en
362 836 24 21 sä
405 836 77 21 allmän
501 836 193 27 uppmärksamhet,
709 842 45 15 som
770 837 58 21 detta
842 842 29 15 nu
885 836 147 26 föreliggande

218 865 85 21 ärende.
332 865 47 21 Den
397 870 71 16 massa
486 864 22 22 af
526 865 97 21 adresser
642 865 38 21 och
695 865 130 25 uttalanden,
840 864 72 22 hvilka
926 864 48 21 frän
989 864 43 22 alla

217 891 59 22 delar
298 892 23 22 af
341 893 73 21 landet
437 893 69 21 blifvit
521 893 82 27 synliga
617 893 7 21 i
639 893 188 26 tidningspressen,
843 893 39 21 och
897 893 42 20 den
954 893 77 26 mängd

216 921 120 27 petitioner,
359 928 45 15 som
426 921 113 22 inlemnats
557 921 32 22 till
607 921 203 28 representationen,
829 923 76 25 utgöra
919 921 67 28 härpä
1000 923 32 21 ett

218 950 86 22 talande
325 951 66 26 bevis,
413 951 63 21 hvars
494 951 109 27 betydelse
622 951 46 21 icke
687 951 40 21 kan
740 951 76 26 jäfvas.
846 951 32 20 De
893 950 43 22 tala
951 949 33 22 för
998 952 33 20 att

218 978 52 22 vära
287 980 59 26 lägre
364 979 89 27 klasser,
472 985 84 16 massan
574 979 23 22 af
610 979 48 22 värt
672 979 44 22 folk
731 979 78 22 vaknat
823 979 32 22 till
871 978 62 28 lifligt
947 979 84 22 medve-

218 1008 64 21 tande
297 1014 34 15 om
346 1008 100 21 behofvet
460 1008 24 21 af
497 1007 68 28 skydd
580 1010 44 19 mot
639 1007 179 22 bränvinsflodens
834 1007 128 27 härjningar.
992 1007 38 22 Ut-

218 1035 213 23 skottsbetänkandet
445 1043 38 20 ger
497 1037 35 20 vid
547 1036 83 21 handen
645 1037 100 20 hurusom
760 1037 7 20 i
783 1037 26 20 de
824 1036 120 27 petitioner,
959 1035 72 23 hvilka

217 1064 70 22 blifvit
301 1065 7 21 i
324 1065 56 22 olika
395 1065 62 21 stånd
472 1065 127 26 inlemnade,
614 1065 64 26 yrkas
692 1065 49 21 med
753 1064 165 27 utomordentlig
928 1064 103 27 enhällig-

216 1093 37 20 het
267 1093 27 26 pä
309 1099 25 16 en
350 1094 24 21 sä
389 1096 44 19 stor
447 1093 143 28 begränsning
600 1093 46 21 utaf
653 1093 262 26 bränvinstillverkningen
925 1099 44 15 som
978 1093 52 26 möj-

215 1121 47 26 ligt.
290 1121 80 22 Bakom
394 1122 62 21 dessa
477 1122 114 27 petitioner
612 1121 33 22 stä
662 1121 168 22 undertecknare
848 1121 33 21 till
900 1121 129 26 tiotusental,

215 1149 73 22 hvilka
298 1150 90 27 päyrkat
398 1150 122 21 bränvinets
530 1149 133 28 fullkomliga
674 1149 136 22 afskaffande.
832 1150 73 21 Andra
913 1149 46 22 åter
965 1149 65 22 hafva

215 1177 75 28 begärt
304 1179 125 21 ständernas
447 1179 128 21 medverkan
590 1179 33 21 för
637 1178 153 28 inskränkning
803 1178 24 22 af
840 1177 138 29 rusdryckers
993 1184 36 16 an-

214 1208 106 26 vändning
339 1208 75 21 endast
428 1207 32 22 till
476 1208 98 21 tekniska
589 1207 38 22 och
643 1208 93 21 sanitära
750 1208 98 21 ändamål
863 1207 39 21 och
917 1208 41 20 den
973 1207 56 22 äter-

214 1235 88 23 stäende
318 1237 62 21 delen
395 1236 23 22 af
431 1236 164 27 petitionärerne
610 1236 39 22 har
664 1236 48 21 lätit
727 1236 47 21 sina
788 1236 108 27 yrkanden
911 1236 118 27 utmynnai

215 1264 86 22 fordran
315 1266 29 27 pä
358 1264 259 28 tillverkningsbeloppets
632 1265 141 21 nedsättande
788 1265 34 21 till
835 1265 65 21 minst
915 1264 81 22 häiften
1002 1264 29 22 af

213 1293 43 26 det,
280 1294 33 21 till
334 1294 81 22 hvilket
437 1294 36 21 det
491 1296 24 18 är
532 1293 91 22 fixeradt
636 1294 8 21 i
658 1294 99 27 gällande
771 1294 130 26 förordning.
929 1293 42 27 Jag
985 1293 43 21 kan

212 1321 47 23 icke
274 1322 118 27 underlåta,
408 1323 46 21 med
470 1322 40 22 allt
524 1322 135 22 erkännande
674 1322 24 21 af
708 1322 215 22 ekonomiutskottets
930 1322 50 21 ädla
988 1321 39 23 och

213 1350 134 28 synbarligen
367 1353 173 25 samvetsgranna
551 1351 101 21 omtanke
667 1353 32 19 att
713 1351 75 26 bringa
802 1352 110 20 nationens
928 1350 100 22 önsknin-

210 1384 40 22 gar
268 1380 32 21 till
319 1380 83 26 heders,
420 1380 59 26 gifva
497 1382 31 19 ett
542 1380 89 27 uttryck,
648 1386 32 15 om
697 1380 64 21 också
775 1381 67 25 svagt,
857 1380 23 21 ät
894 1380 40 21 den
948 1390 28 5 —
990 1379 38 27 jag

211 1409 25 19 är
251 1408 123 28 öfvertygad
390 1409 73 21 derom
477 1420 27 3 —
520 1408 106 21 allmänna
640 1408 66 27 harm,
722 1414 44 16 som
782 1409 7 21 i
804 1408 58 22 olika
877 1408 59 22 delar
945 1408 25 22 af
978 1408 48 22 vårt

211 1436 50 22 land
275 1436 105 28 försports
395 1437 104 25 deröfver,
515 1439 31 19 att
560 1437 104 21 utskottet
679 1436 133 27 fullständigt
827 1437 108 27 ignorerat
949 1437 77 27 yrkan-

210 1464 54 22 dena
280 1471 33 15 om
329 1465 141 27 begränsning
484 1464 22 21 af
520 1465 254 28 tiliverkningsbeloppet.
796 1466 86 26 Dagens
897 1460 69 38 lösen:
978 1460 46 38 bort

212 1493 48 22 med
283 1494 117 25 bränvinet,
420 1493 102 21 besvarar
537 1493 106 22 utskottet
657 1494 48 21 med
720 1496 32 19 att
765 1494 79 21 föreslå
858 1493 131 22 afskaffande
999 1493 27 22 af

208 1522 34 21 till
260 1523 38 21 och
318 1522 47 22 med
384 1523 40 20 den
443 1522 141 27 begränsning
602 1522 7 21 i
628 1521 268 28 bränvinstillverkningen,
915 1522 86 22 hvilken
1013 1521 11 22 i

208 1551 39 20 vär
260 1551 134 27 lagstiftning
409 1551 65 22 redan
488 1550 134 22 förefunnits.
643 1551 111 22 Utskottet
763 1550 39 22 har
810 1551 7 20 i
827 1557 20 16 en
858 1553 78 26 ytterst
941 1550 83 29 knapp-
