1111 1773
240 125 34 34 768
502 129 92 22 Bergarest.
606 128 44 19 1885.
674 127 17 20 18
702 126 49 23 April.

218 198 110 27 upphört.*
359 198 42 21 Det
416 200 24 18 är
455 197 7 21 i
479 197 114 27 synnerhet
608 196 63 21 dessa
685 195 53 21 sista
752 194 48 26 ord,
813 200 45 17 som
870 194 37 28 för
922 193 43 27 mig
979 194 58 20 inne-

217 227 53 22 hära
285 227 71 20 denna
370 226 107 21 frestelse.
506 226 50 21 Men
572 225 27 22 dä
611 225 37 27 jag
663 223 66 22 likväl
744 228 71 21 anser,
829 224 32 19 att
876 222 122 25 ständerna,
1011 221 33 23 då:

218 255 36 21 det
276 254 111 27 verkligen
407 254 117 27 föreligger
543 256 30 19 ett
591 253 66 22 behof
674 252 24 22 af
716 254 30 19 ett
764 251 132 26 ständerhus,
916 250 52 23 böra
986 252 53 25 göra

217 283 41 21 allt
272 283 34 22 för
322 285 32 19 att
369 283 148 21 åstadkomma
536 284 32 19 ett
585 282 77 21 sådant
676 281 41 21 hus
736 280 33 24 till
789 282 32 19 ett
838 280 84 26 möjligt:
939 280 45 26 pris
999 279 40 23 och

217 311 29 27 pä
261 318 25 14 en
302 310 104 27 förnuftig
424 312 63 25 plats,
508 311 24 21 sä
550 310 37 21 vill
604 310 37 26 jag
658 310 8 20 i
684 309 43 20 allo
745 308 85 21 ansluta
844 308 43 26 mig
902 308 33 20 till
950 308 41 20 den
1006 313 33 16 re-

218 340 113 24 servation,
354 345 45 15 som
418 339 67 21 finnes
504 338 87 26 bifogad
610 338 32 20 till
665 336 116 22 utskottets
800 335 134 22 betänkande
954 335 38 21 och
1015 336 24 19 är

217 367 160 21 undertecknad
394 366 23 22 af
431 367 74 21 herrar
521 366 116 25 Snellman,
651 365 112 22 Lindblom
779 364 39 21 och
833 363 164 27 Langenskiöld.

286 395 57 21 Herr
357 394 155 23 Nummelin:
535 394 31 21 På
581 395 26 20 de
622 394 54 25 skäl,
693 399 45 15 som
753 393 50 20 herr
817 392 154 26 Pippingsköld
987 392 5 19 i
1006 392 33 20 sin

217 423 132 23 reservation
368 423 33 21 till
419 422 291 26 ständerhusdelegationens
728 421 115 21 berättelse
863 420 124 26 framhållit,
1003 425 36 15 an-

217 458 35 17 ser.
269 452 38 27 jag
321 453 32 19 att
368 452 48 21 med
433 451 62 22 ordet
509 451 134 25 ständerhus,
658 449 59 22 såväl
730 449 7 21 i
752 449 126 21 ständernas
893 448 146 27 underdäniga

218 480 113 22 skrifvelse
346 481 73 20 derom
435 480 32 20 till
487 480 60 20 Hans
565 479 121 26 Kejserliga
705 478 108 25 Majestät,
827 483 46 14 som
888 477 7 20 i
911 477 36 20 det
961 477 79 25 nådiga

217 510 73 19 svaret
307 507 28 26 pä
353 508 69 20 denna
441 507 120 25 skrifvelse,
578 507 46 20 icke
644 506 32 22 får
691 504 78 22 förstås
785 507 65 18 annat
864 507 26 18 än
906 506 31 20 ett
952 505 39 19 hus
1006 503 34 21 för

218 535 28 22 de
263 537 33 19 tre
315 535 78 21 ofrälse
408 535 97 22 ständen.
535 535 41 26 Jag
595 535 42 20 kan
652 533 72 22 derför
739 533 20 26 ej
774 533 70 20 heller
858 532 74 22 förena
947 533 43 26 mig
1005 538 34 16 om

218 563 115 22 utskottets
352 563 135 26 -uppfattning
506 563 39 22 och
564 562 80 26 förslag
660 563 32 20 att
706 561 90 26 uppföra
811 562 31 20 ett
857 561 120 26 fyraständs
992 560 47 21 hus.

218 591 81 22 Sädant
320 597 51 15 vore
394 591 66 27 enligt
479 591 42 22 min
540 591 65 21 tanke
624 590 64 21 ocksä
706 590 45 21 helt
765 589 38 21 och
819 588 69 22 hället
903 589 93 26 onödigt,
1012 589 28 20 dä

218 619 150 27 ridderskapet
383 619 39 22 och
437 619 62 22 adeln
515 619 64 21 redan
594 619 40 20 har
649 619 37 20 sitt
701 620 48 24 eget
763 617 47 21 hus.
832 617 11 22 I
858 619 89 20 motsats
963 617 33 21 till
1007 618 33 20 ut-

218 648 81 21 skottet
317 649 46 20 tror
378 648 44 26 jag,
441 649 32 20 att
493 647 111 22 skilnaden
619 647 6 20 i
642 646 89 22 kostnad
747 652 76 20 genom
839 647 31 20 ett
885 645 73 27 dylikt:
969 651 71 17 arran-

217 678 86 24 gement
317 675 48 22 icke
381 676 41 20 blir
441 675 24 22 sä
480 675 114 26 obetydlig,
611 681 44 14 som
673 674 103 21 utskottet
790 673 113 22 förmenar.
934 673 107 22 Särskildt

217 704 62 21 torde
295 704 112 25 nemligen,
429 710 32 16 om
483 705 30 20 ett
528 703 39 22 hus
582 703 34 21 för
630 705 33 18 tre
678 702 62 21 ständ
756 701 106 27 uppföres,
879 708 26 15 en
921 701 120 26 minskning

217 737 52 16 vara
288 733 32 19 att
337 733 93 19 emotses
450 731 23 21 af
491 732 26 20 de
536 731 46 21 icke
602 730 130 26 oansenliga,
751 730 30 21 uti
803 729 238 22 utskottsbetänkandet

218 760 91 21 berörda
325 759 177 27 utgiftsposterna
520 759 34 21 för
573 759 64 20 blaud
656 759 71 24 annat,
745 757 133 27 mosaikgolf,
893 757 80 27 pelare,
989 757 52 26 pila-

218 789 63 24 strar,
297 789 49 25 puts
365 788 12 20 &
395 789 80 25 väggar
498 787 38 21 och
559 787 43 26 tak,
625 786 157 25 dekorationer,
800 786 88 25 fönster,
908 785 75 22 dörrar
1002 785 39 22 och

217 815 202 26 mälningsarbeten.
450 815 162 26 Otvifvelaktigt
631 814 69 21 skulle
719 814 69 21 tillika
806 814 34 21 vid
860 814 141 27 uppförandet
1019 813 24 23 af

218 845 32 20 ett
270 843 41 21 hus
332 843 34 21 för
389 844 26 20 de
437 843 80 21 ofrälse
539 843 90 21 ständen
652 848 108 15 rummens
779 843 57 20 antal
854 842 71 21 kunna
943 842 8 21 i
968 841 70 26 nägon

218 871 50 21 män
288 871 120 26 reduceras,
431 871 40 21 och
494 871 76 21 sådant
592 871 70 22 skulle
684 870 135 26 naturligtvis
841 870 65 22 också
927 870 66 24 verka
1015 875 26 18 en

217 899 229 27 kostnadsminskning.
476 900 10 20 I
508 899 74 27 hvarje
605 899 101 21 händelse
729 904 63 22 synas
813 898 44 27 mig
874 904 96 17 rummen
989 904 52 17 vara

218 928 33 21 för
267 928 82 26 många,
369 930 22 24 ty
409 928 151 21 ständerhuset
577 927 77 26 skulle,
674 927 66 27 enligt
756 934 29 14 nu
799 927 93 22 varande
907 926 87 28 förslag,
1010 927 31 22 in-

218 961 88 21 rymma,
323 956 135 21 oberäknadt
473 956 27 21 de
515 956 46 27 fyra
576 956 158 26 pleniisalarne,
748 955 48 21 icke
810 955 82 21 mindre
906 957 27 19 än
948 956 27 21 56
987 961 53 18 rum,

217 984 93 21 förutom
325 984 116 26 tamburer,
456 984 129 26 korridorer,
601 984 122 25 vestibuler,
734 984 72 26 kapp-,
821 984 92 22 maskin-
926 984 39 20 och
975 990 66 20 pann-

218 1017 47 15 rum
280 1018 27 14 m.
324 1018 27 15 m.
373 1012 11 21 I
399 1013 68 21 likhet
482 1013 47 20 med
545 1014 161 19 reservanterne
722 1012 73 21 herrar
810 1012 107 21 Snellman
928 1012 38 20 och
977 1012 64 21 Lind-

217 1040 58 21 blom
291 1043 55 18 samt
360 1040 91 22 friherre
467 1040 163 27 Langenskiöld,
646 1046 64 14 anser
715 1040 38 26 jag
764 1042 31 19 att
806 1040 114 21 ständerna
930 1040 45 23 icke
989 1040 52 21 böra

217 1069 53 25 göra
285 1068 32 26 sig
333 1068 98 26 skyldiga
445 1068 34 21 till
493 1069 83 25 slöseri,
591 1070 51 19 utau
658 1068 73 26 ätnöja
745 1068 32 26 sig
793 1068 48 21 med
856 1070 33 18 ett
902 1069 46 25 hus,
959 1069 82 21 mindre

218 1095 117 27 skrytsamt
354 1096 37 21 och
411 1097 118 20 storartadt
548 1098 25 18 än
593 1097 36 19 det
646 1096 128 26 föreslagna,
793 1098 55 18 samt
866 1098 32 18 att
913 1098 31 19 ett
959 1096 82 26 sädant,

218 1129 46 16 som
280 1124 7 20 i
302 1124 42 21 alla
360 1124 114 22 afseenden
489 1130 51 15 vore
555 1124 50 21 fullt
618 1124 149 22 motsvarande
783 1124 106 26 behofvet,
905 1124 68 21 skulle
989 1124 53 21 böra

218 1152 93 21 erhållas
326 1152 34 21 för
378 1152 51 21 vida
447 1152 83 21 mindre
549 1152 44 26 pris
608 1154 26 19 än
650 1149 41 27 2'/2
706 1152 97 26 miljoner
818 1152 66 21 mark.
914 1152 127 23 Emellertid

218 1179 69 21 skulle
303 1180 38 26 jag
359 1180 53 25 icke,
432 1180 6 21 i
458 1180 67 21 likhet
541 1180 47 21 med
604 1180 63 20 dessa
682 1182 141 24 reservanter,
838 1180 52 26 vilja
904 1181 63 21 binda
984 1180 57 21 dele-

217 1208 112 26 gationens
351 1208 82 22 händer
455 1208 163 22 vidkommande
642 1208 169 23 bestämmandet
833 1208 23 21 af
875 1209 90 25 platsen.
999 1208 42 24 Det

217 1236 72 21 kunde
303 1236 24 26 ju
342 1236 84 21 inträffa
441 1238 32 19 att
488 1238 108 25 gvarteret
612 1236 123 21 *Servalen*
751 1236 99 27 antingen
865 1236 48 22 icke
928 1236 70 22 skulle
1009 1236 34 22 stä

218 1266 32 19 att
264 1264 40 27 fås,
319 1264 53 22 eller
387 1266 76 20 endast
479 1264 33 22 för
528 1265 82 26 mycket
625 1264 53 26 högt
692 1264 50 26 pris.
772 1264 41 27 Jag
828 1264 42 23 kan
886 1264 72 22 derför
966 1265 19 26 ej
997 1264 45 22 hel-

217 1293 33 21 ler
264 1292 75 22 förena
358 1293 43 27 mig
419 1299 34 15 om
473 1295 175 20 reservanternes
661 1292 108 26 slutkläm,
784 1295 51 19 utan
850 1292 33 21 får
898 1294 7 20 i
918 1293 79 23 sådant
1011 1293 30 21 af-

218 1321 79 21 seende
312 1321 89 21 föreslä:
421 1323 32 19 att
468 1322 120 24 ständerna,
604 1321 49 21 med
668 1320 137 23 förkastande
821 1320 23 22 af
856 1321 117 21 utskottets
987 1321 55 21 före-

218 1350 94 20 varande
327 1349 140 25 betänkande,
483 1350 50 20 ville
548 1349 85 21 besluta
648 1351 32 19 att
694 1349 33 21 till
743 1349 41 21 den
799 1349 34 21 vid
844 1351 85 19 senaste
939 1349 103 27 landtdag

218 1377 100 22 nedsatta
336 1378 160 25 delegationens
515 1377 124 26 förfogande
658 1376 64 22 ställa
739 1379 32 19 ett
788 1377 125 27 ytterligare
931 1378 74 25 anslag
1021 1377 23 21 af

218 1406 94 25 300,000
326 1406 67 25 mark,
409 1405 34 22 för
457 1405 82 22 inlösen
555 1405 23 21 af
591 1405 65 26 nödig
671 1405 116 26 tomtplats,
806 1406 3 20 i
825 1405 38 21 och
879 1405 33 21 för
926 1406 116 26 uppföran-

218 1433 40 21 det
272 1433 23 21 af
308 1435 32 19 ett
354 1434 39 20 hus
406 1432 35 23 för
456 1434 26 20 de
497 1436 34 18 tre
546 1433 79 22 ofrälse
640 1433 96 22 ständen.

286 1461 58 22 Herr
362 1461 143 26 Tallgvist:
528 1461 76 21 Ehuru
620 1461 37 25 jag
676 1461 34 21 för
724 1462 43 20 min
783 1461 34 21 del
833 1463 94 25 antager,
942 1464 33 18 att
989 1462 53 20 hvar

219 1489 40 23 och
274 1496 26 15 en
315 1489 24 21 af
352 1489 65 21 ärade
432 1490 76 20 herrar
527 1489 139 20 medlemmar
684 1489 31 20 uti
734 1490 58 20 detta
811 1489 62 21 ständ
892 1489 66 23 redan
974 1489 69 23 bildat

218 1516 34 26 sig
272 1522 27 17 en
323 1516 43 22 fast
388 1516 143 27 öfvertygelse
553 1516 30 22 uti
605 1516 162 26 ifrågavarande
786 1517 79 22 ärende
888 1516 39 22 och
949 1517 92 21 sålunda
