1109 1775
235 126 41 34 806
494 130 92 22 Borgarest.
598 128 43 20 1885.
664 128 21 19 23
696 129 49 23 April.

412 227 116 29 Torsdagen
543 227 38 23 den
596 227 26 24 23
637 226 53 29 April
705 227 27 23 kl.
746 227 14 24 6
775 232 18 18 e.
808 232 25 18 m.

284 280 42 21 Vid
349 280 117 22 verkstäldt
487 286 81 21 upprop
590 280 103 21 befunnos
714 280 42 21 alla
775 279 95 22 ständets
890 279 138 22 medlemmar

216 309 138 27 närvarande,
366 310 58 20 utom
436 309 73 21 herrar
520 309 100 27 Hoving
631 308 37 22 och
681 308 123 27 Krogius,
816 308 72 21 hvilka
895 308 27 27 pä
930 308 69 27 grund
1006 307 24 23 af

215 338 57 20 förut
294 338 94 21 anmäldt
410 337 38 21 och
469 338 23 20 af
505 337 84 22 ståndet
603 337 108 27 godkändt
725 336 71 22 förfall
812 343 50 15 voro
878 337 102 21 hindrade
996 338 32 20 att

216 366 33 26 sig
262 365 84 22 infinna.

283 428 114 28 Upplästes
419 429 32 21 till
472 429 105 27 justering
596 429 38 21 och
654 429 122 25 godkändes
792 429 104 20 särskilda
911 428 76 26 utdrag
1002 434 26 15 ur

215 456 95 22 ständets
325 457 105 27 protokoll
446 457 34 21 för
494 459 84 19 senaste
594 457 162 21 sammanträde.

281 541 55 21 Frän
352 542 137 21 medständen
504 542 54 21 hade
573 542 111 21 inkommit
698 542 40 21 och
748 541 108 27 upplästes
866 541 106 21 särskilda
980 547 48 21 pro-

213 567 164 30 tokollsutdrag,
393 571 115 26 nemligen:

283 599 32 21 1:o
331 599 47 21 från
394 599 147 27 ridderskapet
556 599 38 22 och
609 599 61 22 adeln
686 599 48 22 med
749 599 165 22 underrättelse:

283 629 31 19 att
332 628 84 21 ståndet
434 628 35 21 vid
488 628 82 27 slutligt
588 628 114 27 afgörande
717 628 23 21 af
754 627 149 26 lagutskottets
919 627 35 21 vid
969 627 59 21 stån-

214 656 52 21 dens
287 661 157 21 gemensamma
466 657 154 20 sammanträde
643 656 41 21 den
703 657 24 20 11
747 656 141 21 innevarande
902 656 54 27 april
972 655 56 22 före-

213 684 81 21 vordna
312 684 133 21 betänkande
464 685 7 20 i
490 685 112 26 anledning
618 685 22 21 af
653 685 59 20 Hans
727 684 121 27 Kejserliga
862 684 111 27 Majestäts
988 685 40 20 nå-

214 713 49 26 diga
285 713 130 26 proposition
434 713 130 22 beträffande
582 713 89 26 ändring
686 713 23 21 af
722 713 40 22 den
778 719 74 20 genom
868 713 77 26 nådiga
960 713 68 21 mani-

213 741 65 21 festet
293 741 23 21 af
329 742 40 21 den
380 742 33 21 .20
427 742 33 27 (8)
475 747 57 16 mars
547 742 54 21 1879
616 742 110 21 bestämda
740 741 80 28 lydelse
829 741 23 21 af
859 741 169 28 12:te
923 737 10 37 $
942 737 11 37 i
961 741 67 28 landt-

214 770 169 26 dagsordningen
399 770 23 21 af
436 771 40 20 den
493 770 26 22 15
534 770 31 27 (3)
581 771 54 26 april
651 770 61 26 1869,
728 772 84 19 stannat
827 770 5 20 i
844 770 93 27 följande
948 770 76 21 beslut:

214 800 145 19 momenterna
374 799 14 21 2
403 799 38 20 och
457 799 13 21 5
482 800 88 25 antogos
581 799 79 21 sädana
671 799 25 20 de
705 801 36 19 äro
749 798 142 22 formulerade
899 799 30 20 uti
938 798 89 21 friherre

214 826 89 21 Wredes
318 826 143 22 betänkandet
477 827 112 26 vidfogade
599 827 140 26 reservation;
750 829 115 18 momentet
874 828 11 20 1
894 827 132 26 godkändes;

213 854 55 21 ifrän
284 857 114 19 momentet
412 855 14 21 3
441 855 69 21 skulle
525 855 64 21 orden
605 861 55 21 ,som
676 857 24 18 är
718 855 7 20 i
740 855 120 21 husbondes
874 855 59 20 kost*
947 855 80 21 uteslu-

214 885 43 24 tas;
273 885 115 20 momentet
402 883 14 22 4
430 883 133 28 godkändes;
579 884 114 21 utskottets
708 883 81 28 förslag
803 883 32 21 till
851 883 81 28 lydelse
947 883 23 22 af
983 890 44 15 mo-

214 914 80 20 mentet
318 913 12 22 6
353 912 140 28 förkastades,
516 913 110 22 hvaremot
648 913 147 28 ridderskapet
817 913 39 22 och
879 913 62 21 adein
962 915 64 25 antog

214 947 80 15 samma
316 944 92 20 moment
426 942 7 21 i
452 942 219 22 öfverensstämmelse
686 942 48 22 med
749 942 50 22 herr.
814 942 127 22 Serlachius?
958 948 67 16 reser-

213 970 77 26 vation,
314 970 54 22 dock
390 973 32 19 att
443 971 67 27 tredje
530 972 111 26 meningen
662 971 8 21 i
692 971 67 21 första
781 971 82 27 stycket
881 971 69 21 skulle
965 971 59 27 utgä;

213 998 69 22 likasä
296 999 134 22 förkastades
445 1000 50 21 herr
510 999 130 22 Schaumans
654 999 80 27 förslag
743 1006 33 15 om
785 1001 31 19 ett
822 1000 204 26 tilläggsstadgande

212 1027 34 21 till
264 1028 140 21 nästnämnda
421 1030 93 19 moment
532 1028 6 20 i
558 1028 54 27 syfte
631 1030 31 19 att
677 1029 81 20 valman
774 1028 19 26 ej
808 1028 56 26 finge
880 1030 58 19 rösta
952 1028 27 27 pä
993 1029 33 26 sig

213 1055 57 27 sjelf;
286 1056 162 22 vidkommande
463 1056 100 27 slutligen
574 1057 108 26 ingressen
691 1056 39 22 och
738 1056 106 26 rubriken,
854 1058 74 24 antogs
936 1056 90 22 friherre

213 1084 89 21 Wredes
318 1084 23 21 sä
356 1085 90 27 lydande
461 1085 81 26 förslag
556 1085 33 21 till
604 1085 92 27 ingress:
714 1085 50 27 ,Att
778 1085 114 21 ständerna
903 1085 31 20 uti
949 1085 76 21 under-

212 1112 64 26 dänig
299 1113 172 22 svarsskrifvelse
494 1114 68 20 skulle
584 1113 89 26 anmäla,
692 1115 32 19 att
738 1114 36 21 det
788 1114 114 20 ständerna
916 1113 109 27 förelagda

213 1140 103 27 förslaget
333 1142 32 20 till
384 1142 88 26 ändring
490 1141 23 22 af
530 1142 39 20 den
588 1148 75 20 genom
679 1142 76 26 nädiga
770 1142 122 20 manifestet
906 1141 23 21 af
942 1142 40 20 den
997 1142 29 21 20

213 1175 56 16 mars
286 1169 54 23 1879
355 1170 110 22 bestämda
483 1170 80 28 lydelse
578 1170 24 22 af
616 1171 54 22 12:te
686 1170 11 28 $
712 1171 7 21 i
734 1170 229 27 landtdagsordningen
978 1170 46 22 icke
1045 1182 2 3 -

212 1198 82 21 kunnat
315 1199 137 22 oförändradt
474 1199 122 28 godkännas
615 1199 23 22 af
655 1199 119 26 ständerna,
792 1199 72 21 hvilka
882 1199 96 22 deremot
991 1199 34 21 för

212 1227 32 21 sin
260 1227 40 26 del,
316 1228 6 20 i
340 1228 218 21 öfverensstämmelse
574 1229 47 20 med
637 1228 69 21 71:sta
721 1228 11 27 &
748 1229 6 20 i
765 1229 141 26 nyssnämnda
913 1228 111 27 grundlag,

211 1255 34 22 för
259 1255 161 28 ifrågavarande
436 1257 11 27 &
463 1257 26 21 12
505 1257 81 26 antagit
599 1256 94 27 följande
707 1256 98 27 lydelse”;

280 1287 31 19 att
332 1285 84 22 ständet
434 1285 32 22 till
486 1285 42 22 alla
544 1285 59 21 delar
616 1285 94 27 godkänt
722 1285 215 27 jernvägsutskottets
952 1285 73 20 betän-

211 1313 69 22 kande
296 1320 33 15 n:o
347 1315 18 26 1,
381 1314 6 21 i
403 1314 113 27 anledning
532 1313 22 22 af
566 1314 58 21 Hans
640 1313 119 28 Kejserliga
774 1313 110 27 Majestäts
892 1313 78 27 nädiga
976 1319 48 21 pro-

211 1342 91 27 position
321 1349 33 16 om
373 1343 120 27 byggandet
511 1342 23 21 af
548 1349 25 15 en
586 1343 89 27 jernväg
689 1342 47 22 från
751 1342 95 27 Kaipiais
861 1342 77 21 station
954 1342 12 21 &
980 1342 44 21 Rii-

211 1371 141 22 himäki—S:t
366 1372 140 26 Petersburgs
519 1371 117 27 jernbanan
652 1377 74 20 genom
744 1371 31 22 S:t
789 1371 78 22 Michel
882 1371 32 21 till
929 1371 94 26 Kuopio;

280 1401 31 20 att
332 1400 96 21 ständets
450 1400 83 21 valmän
551 1399 34 22 för
602 1399 147 22 förstärkande
768 1399 22 22 af
806 1399 106 22 allmänna
928 1399 96 22 besvärs-

211 1428 109 26 utskottet,
336 1429 33 20 till
384 1428 117 21 ledamöter
515 1428 7 21 i
538 1428 58 21 detta
611 1428 81 21 utskott
706 1428 67 21 invalt
787 1428 49 21 herr
846 1428 70 27 Lagus
927 1428 39 21 och
974 1427 50 22 herr

210 1463 40 14 von
265 1457 113 27 Knorring,
394 1457 80 26 Eugen,
494 1458 54 20 samt
563 1457 32 20 till
611 1456 135 27 suppleanter
761 1457 48 21 herr
824 1456 87 26 Schildt,
926 1456 97 27 Hjalmar

210 1485 38 21 och
264 1485 50 21 herr
328 1485 158 27 Björkenheim;

278 1515 32 19 att
325 1514 94 21 ständets
434 1513 84 21 valmän
532 1513 33 20 till
580 1513 94 21 ledamot
688 1513 6 20 i
709 1513 139 26 lagutskottet
864 1513 54 21 efter
925 1513 49 20 herr
982 1519 41 15 von

210 1541 94 27 Hellens,
328 1547 44 16 som
395 1541 126 22 äterlemnat
542 1541 73 27 polett,
635 1541 65 21 invalt
719 1541 139 27 suppleanten
873 1541 7 21 i
896 1547 80 15 samma
990 1543 32 19 ut-
