1114 1764
227 128 35 18 624
492 126 92 22 Borgarest.
596 126 44 19 1885.
664 126 11 18 9
687 126 50 23 April.

205 198 25 20 är
244 197 34 21 väl
294 202 26 16 en
336 196 67 21 sådan
418 194 138 28 uppfattning
570 194 82 26 ganska
667 194 81 26 möjlig.
778 194 51 21 Men
844 194 28 21 då
884 200 49 16 man
945 200 88 22 genom-

205 226 58 21 läser
285 225 26 21 de
329 224 135 26 handlingar,
484 228 46 16 som
548 222 126 22 tillkommit
691 222 35 21 vid
746 222 55 22 1878
820 222 36 21 års
873 222 111 27 landtdag,
1000 222 34 22 får

205 260 49 15 man
270 252 93 22 ofelbart
378 252 37 21 det
428 251 84 27 intryck
528 252 32 20 att
575 251 60 21 detta
650 250 52 22 löfte
713 250 47 22 icke
772 250 55 22 blott
838 256 40 16 var
889 252 31 20 ett
933 250 53 22 löfte
998 257 35 16 om

205 282 70 26 gåfva,
288 280 86 22 hvilket
389 280 68 26 enligt
471 279 39 21 vår
523 279 43 26 lag,
583 284 34 16 om
630 278 38 27 jag
683 278 33 22 får
730 280 52 25 taga
792 278 66 22 saken
869 279 110 27 juridiskt,
992 280 42 20 kan

205 309 117 22 återkallas
338 308 40 22 och
393 308 47 21 icke
456 310 24 18 är
495 307 113 26 bindande,
624 309 51 19 utan
687 307 37 21 det
734 312 38 16 var
784 312 27 16 en
821 308 147 26 godtgörelse,
979 308 56 21 hvil-

205 338 42 22 ken
260 344 48 15 man
319 336 81 22 utfäste
412 336 33 26 sig
457 336 33 21 att
500 335 80 27 bevilja
590 335 7 21 i
610 335 118 26 ersättning
739 335 33 21 för
784 341 25 15 en
821 340 70 16 annan
902 336 50 20 svår
960 337 74 25 tunga,

207 372 46 16 som
272 367 31 20 ett
322 365 64 21 stånd
404 364 58 21 inom
480 364 85 20 landets
583 364 171 26 representation
772 362 48 22 icke
834 363 52 21 ville
902 364 133 22 underkasta

207 395 32 26 sig
258 394 65 21 sådan
343 392 138 28 godtgörelse
499 392 93 21 förutan.
621 391 42 27 Jag
678 393 24 19 är
716 391 48 21 icke
779 391 70 27 någon
865 393 40 19 vän
922 392 24 20 af
958 393 77 21 värne-

207 422 129 27 pligtslagen
355 421 39 21 och
410 421 38 27 jag
466 420 57 21 hade
541 420 71 26 aldrig
626 420 56 21 varit
697 420 48 21 med
761 425 34 16 om
811 421 32 19 att
858 420 81 26 afgifva
954 422 32 19 ett
1001 421 34 21 så-

207 451 53 21 dant
275 449 58 22 löfte.
364 449 50 21 Men
430 448 37 22 det
481 448 111 22 förefaller
608 448 43 26 mig
665 454 46 15 som
726 454 34 15 om
776 447 62 22 åtrån
853 450 33 19 att
900 448 71 21 införa
986 450 48 20 vär-

208 477 242 28 nepligtsinstitutionen
466 476 70 22 skulle
551 476 57 21 varit
622 476 24 21 så
656 476 60 21 stark
727 476 35 21 vid
774 476 60 22 detta
844 476 87 21 tillfälle
943 478 32 20 att
985 483 50 15 man

207 506 86 22 lofvade
308 506 56 21 hvad
380 511 45 15 som
441 505 57 21 helst
512 504 57 22 blott
584 510 49 16 man
648 504 71 22 kunde
734 504 22 21 få
771 504 41 22 den
827 504 93 27 igenom,
935 507 52 19 utan
1003 507 33 19 att

209 535 24 21 så
251 540 56 21 noga
325 534 67 21 tänka
410 534 28 26 på
457 534 32 20 att
504 532 73 27 löften,
593 533 60 26 gifna
667 533 7 21 i
690 533 69 21 denna
774 532 62 26 form,
852 533 52 21 böra
920 533 115 27 uppfyllas.

276 562 64 22 Hvad
362 562 66 21 sedan
451 561 117 21 utskottets
588 560 82 27 förslag
687 561 8 20 i
714 560 65 27 öfrigt
796 560 109 27 beträffar,
925 561 111 22 förefaller

209 592 36 21 det
261 591 42 26 mig
315 596 47 16 som
377 596 34 15 om
427 590 38 20 der
481 589 70 21 skulle
566 589 106 27 föreligga
687 595 25 15 en
728 589 157 27 inkonseqvens
901 590 85 21 utöfver
1002 590 33 26 de,

210 626 45 15 som
271 619 66 21 redan
353 618 70 21 blifvit
438 618 119 26 påpekade.
587 617 75 27 Enligt
676 617 12 27 $
704 618 12 21 7
732 617 70 21 skulle
817 618 108 26 nemligen
940 618 97 27 skyldig-

209 648 63 21 heten
291 649 32 19 att
341 648 77 25 utgöra
434 646 26 21 de
476 646 94 26 afgifter,
581 652 46 14 som
642 647 108 19 motsvara
765 646 163 26 rotevakansen,
942 646 94 26 inträda,

210 676 25 21 så
250 677 59 19 snart
324 676 40 20 den
380 674 124 27 föreslagna
520 674 154 26 indragningen
687 674 23 20 af
720 673 206 22 rusthållsräntorna
937 674 99 22 slutförts

209 704 34 22 för
257 704 76 26 hvarje
348 702 104 22 särskildt
465 702 99 22 rusthåll.
594 702 44 21 För
653 702 98 26 rusthåll,
770 702 47 21 från
832 702 75 21 hvilka
922 702 28 22 79
964 703 73 21 rubel-

210 733 82 21 skatter
310 732 62 20 skola
390 731 108 26 indragas,
514 731 84 21 komme
614 731 58 20 detta
690 732 32 20 att
736 730 86 21 inträffa
836 730 68 26 enligt
919 731 118 21 utskottets

210 760 81 27 förslag
310 760 56 20 efter
386 760 26 20 19
427 760 30 20 år.
487 759 50 21 Men
554 765 34 15 om
604 760 32 20 ett
651 758 90 22 rusthåll
756 759 7 21 i
779 764 55 21 egna
849 761 188 24 augmentsräntor

211 789 18 26 ej
246 789 39 20 har
300 794 58 15 mera
374 790 26 18 än
417 787 129 27 exempelvis
562 787 28 21 60
606 787 139 26 skatterubel,
756 787 24 21 så
792 787 70 21 skulle
874 787 60 21 detta
945 787 92 21 rusthåll

211 817 68 21 måsta
297 818 77 24 utgöra
393 816 135 25 rotevakans,
547 815 103 21 förutsatt
672 817 32 19 att
726 815 70 21 denna
816 815 28 21 då
858 817 57 19 ännu
931 816 105 26 qvarstår,

211 845 24 21 så
250 847 60 19 snart
325 844 143 21 reduktionen
483 844 47 20 nått
544 844 60 20 detta
618 844 31 20 tal
665 843 22 21 af
700 844 29 21 60
743 844 141 21 skatterubel.
907 837 19 27 Å
938 846 32 19 ett
980 846 57 19 rust-

210 873 43 21 håll
270 872 149 22 motsvarande
435 878 25 14 en
475 872 47 20 half
531 874 46 22 rote
590 872 118 20 tillkomme
720 872 28 21 10
759 871 145 22 rubelskatter
916 872 48 21 med
977 872 60 21 detta

211 902 30 26 år,
254 901 27 21 då
292 901 97 21 deremot
400 902 32 19 ett
446 902 66 19 annat
527 900 98 26 rusthåll,
634 900 47 20 från
695 899 83 22 hvilket
786 900 27 21 79
821 900 147 22 rubelskatter
976 900 61 22 skola

210 930 107 26 indragas,
333 928 183 27 fortsättningsvis
532 928 70 21 skulle
617 934 51 15 vara
683 928 93 21 befriadt
790 928 46 21 från
848 928 130 27 erläggande
989 929 48 21 der-

211 958 28 21 af.
273 958 42 20 Det
334 957 82 21 mindre
436 957 98 26 gynnade
550 956 114 21 rusthållet
679 956 69 21 skulle
768 956 91 21 sålunda
878 956 48 22 med
946 957 36 21 det
997 956 40 22 föl-

209 986 64 26 jande
292 985 58 21 årets
369 985 79 26 ingång
466 985 88 27 erlägga
568 985 28 21 70
611 984 151 25 rubelskatter,
778 984 77 22 medan
870 985 37 21 det
922 985 68 21 andra
1004 991 34 15 er-

211 1015 74 26 lägger
300 1014 74 20 endast
390 1014 35 20 62.

279 1042 49 21 Men
347 1041 38 27 jag
404 1041 144 21 återkommer
568 1041 32 21 till
620 1041 86 26 frågans
725 1041 108 21 allmänna
852 1041 47 21 sida
914 1041 40 21 och
970 1041 68 21 måste

210 1070 28 26 på
253 1070 68 26 grund
337 1069 23 21 af
374 1070 40 20 den
431 1069 135 27 uppfattning
579 1069 38 26 jag
629 1068 41 22 fått
680 1069 24 21 af
713 1069 75 26 frågan
800 1069 75 21 förena
887 1070 43 25 mig
943 1075 33 15 om
988 1070 50 20 herr

210 1098 100 22 Neovius”
325 1098 88 26 förslag.

279 1126 56 21 Herr
357 1126 166 26 Borgström:
545 1126 42 26 Jag
606 1126 41 20 kan
666 1125 19 27 ej
704 1126 73 26 undgå
795 1126 32 20 att
844 1125 59 21 finna
920 1126 38 20 det
975 1126 64 26 högst

211 1154 147 26 motbjutande
378 1155 32 19 att
424 1154 78 26 ålägga
518 1159 25 15 on
560 1154 58 20 skatt
633 1154 27 26 pä
676 1160 25 14 en
717 1154 43 20 viss
775 1153 59 21 klass
850 1153 24 21 af
887 1154 151 26 medborgare,

211 1182 95 21 särdeles
322 1182 34 26 då,
372 1182 66 21 sedan
453 1182 148 26 värnepligten
617 1182 71 21 blifvit
698 1181 78 26 införd,
789 1182 37 20 det
837 1188 63 21 synes
912 1188 51 15 vara
974 1188 65 20 grun-

211 1210 55 22 dade
284 1210 47 21 skäl
351 1210 34 21 för
403 1212 33 19 att
454 1210 53 26 hysa
525 1210 131 21 tvifvelsmål
674 1216 34 14 om
726 1210 126 26 billigheten
867 1210 49 21 utaf
929 1216 26 15 en
971 1210 68 20 sådan

211 1238 142 27 beskattning.
388 1238 45 21 Och
454 1238 28 21 då
500 1238 75 26 frågan
595 1244 34 15 om
649 1238 130 21 rusthållens
795 1238 109 21 ordnande
919 1240 57 19 ännu
991 1238 48 21 icke

211 1266 70 22 blifvit
303 1267 145 20 sammanförd
472 1267 48 20 med
539 1266 76 27 frågan
634 1273 34 14 om
688 1266 208 27 vakansafgifternas
916 1266 123 27 aflyftande,

211 1295 82 21 hvilket
311 1295 68 26 enligt
398 1295 42 20 min
457 1294 136 27 uppfattning
608 1297 24 18 är
648 1295 90 20 alldeles
754 1295 137 26 nödvändigt,
908 1295 24 21 så
945 1295 43 20 kan
1001 1295 39 26 jag

211 1323 47 21 icke
273 1325 67 18 annat
355 1325 26 18 än
397 1323 76 21 förena
487 1323 44 26 mig
547 1328 34 15 om
597 1323 42 20 den
654 1323 23 20 af
690 1323 51 20 herr
756 1323 121 21 Schauman
893 1323 39 21 och
947 1322 93 21 friherre

210 1351 61 26 Boije
286 1351 97 21 uttalade
398 1351 141 24 reservation,
556 1350 39 21 och
610 1351 39 21 ber
664 1350 73 22 derför
752 1352 32 19 att
798 1351 23 20 få
836 1351 85 21 biträda
936 1351 55 21 dem.

234 1386 2 2 +
279 1379 57 20 Herr
350 1379 108 21 Heikel:
473 1378 55 22 Utaf
541 1378 53 22 flere
610 1379 66 21 ärade
690 1379 69 20 talare
774 1379 40 20 har
828 1379 90 26 anförts,
930 1381 31 18 att
976 1379 64 20 dessa

211 1407 73 26 frägor
303 1413 43 14 om
357 1407 267 21 rusthällsinstitutionens
642 1407 150 26 upphäfvande
812 1407 38 21 och
870 1407 169 21 rotevakansens

211 1435 180 21 efterskänkande
407 1435 47 21 icke
470 1435 67 21 borde
552 1435 76 26 skiljas
644 1435 28 25 ät,
688 1437 51 19 utan
755 1435 133 21 fortfarande
898 1435 70 21 hällas
984 1435 57 20 före-

211 1463 61 21 nade.
303 1463 42 26 Jag
360 1463 69 21 måste
445 1463 55 21 dock
520 1465 65 25 öppet
603 1465 59 24 säga,
681 1465 32 18 att
729 1463 37 26 jag
782 1463 48 21 icke
844 1465 46 19 rätt
903 1463 40 20 har
958 1463 83 21 kunnat

211 1491 60 26 fatta,
287 1493 32 19 att
335 1491 40 20 här
390 1491 83 21 anförts
489 1491 67 26 nägra
571 1491 68 21 andra
652 1493 29 19 än
700 1493 48 20 rent
766 1491 117 21 historiska
898 1491 47 21 skäl
961 1491 34 21 för
1010 1492 31 20 ett

211 1519 76 21 sådant
309 1519 131 21 förfarande.
470 1518 52 22 Man
544 1519 40 21 har
604 1519 102 26 åberopat
726 1519 142 22 1877—1878
888 1519 35 22 års
942 1519 99 22 ständers
