1111 1767
358 134 90 22 Borgarest.
460 133 44 19 1885.
527 133 7 19 1
546 134 49 22 April.
828 135 34 18 577

71 204 23 22 af
107 204 26 22 51
149 203 38 22 och
202 203 28 22 52
245 202 25 28 88
289 202 7 22 i
314 202 229 28 landtdagsordningen
562 202 23 22 af
602 203 42 21 den
660 203 27 21 15
702 202 31 27 (3)
748 203 59 27 April
824 202 60 27 1869,

52 251 2 2 .
69 232 148 22 innehållande
232 232 76 26 tillägg
322 236 33 16 om
370 231 134 21 motionsrätt
518 230 33 22 för
566 231 125 26 ständerna;

138 260 33 22 3:o
186 260 48 21 från
249 259 154 22 bondeståndet
417 260 47 21 med
479 259 167 22 underrättelse:

139 290 30 20 att
184 288 84 21 ståndet
282 287 94 27 godkänt
390 288 151 26 lagutskottets
556 288 135 21 betänkande
706 287 39 22 N:o
760 288 13 22 6
787 288 7 20 i
812 288 71 21 anled-

70 318 49 26 ning
135 316 22 22 af
170 317 59 21 Hans
247 316 121 26 Kejserliga
385 316 112 26 Majestäts
515 316 78 27 nådiga
611 316 130 28 proposition
760 316 39 21 N:o
819 317 10 21 1
849 322 33 15 om

70 345 89 26 ändring
174 345 22 22 af
210 345 26 22 51
253 345 38 21 och
306 345 28 21 52
349 345 24 27 $$
388 345 7 21 i
411 344 231 27 landtdagsordningen
657 344 23 22 af
694 345 40 21 den
744 345 26 21 15
780 344 32 28 (3)
825 344 57 28 April

72 374 60 25 1869,
148 374 148 21 innehällande
310 373 75 27 tillägg
400 379 33 15 om
449 373 133 21 motionsrätt
596 373 34 21 för
646 373 122 27 ständerna;

139 404 31 19 att
184 402 85 21 ständet
283 402 32 20 till
334 401 140 27 lagutskottet
492 401 119 21 remitterat
628 408 26 15 en
674 401 23 22 af
714 402 169 26 landtdagsman-

69 436 40 16 nen
125 430 99 22 Duncker
238 430 107 21 inlemnad
359 430 89 27 petition
467 430 72 21 derom
559 432 31 19 att
608 430 60 21 Hans
683 429 119 27 Kejserliga
817 430 65 26 Maje-

70 460 43 20 stät
127 459 49 21 ville
190 460 51 25 taga
256 458 36 21 det
306 458 82 21 Honom
403 458 8 21 i
429 458 189 27 grundlagsfrägor
636 458 159 22 tillkommande
813 458 69 21 initia-

69 487 30 21 tiv
115 487 38 21 och
171 487 32 21 till
223 487 246 21 nästsammanträdande
488 487 86 21 ständer
593 486 64 22 afläta
676 486 64 28 nådig
754 487 129 27 proposition

70 515 33 22 till
121 515 65 22 sådan
202 515 116 26 förklaring
333 515 23 21 af
371 516 26 21 13
413 515 38 21 och
467 515 26 21 14
508 514 25 28 $$
548 516 6 20 i
570 522 28 14 nu
612 515 100 27 gällande
722 515 161 27 landtdagsord-

70 544 50 26 ning
135 546 31 19 att
181 544 61 21 deraf
256 543 76 27 tydligt
342 544 39 21 och
391 544 56 21 klart
459 543 68 21 skulle
538 544 82 26 framgä
632 544 54 20 huru
698 543 132 27 gvalificerad
842 544 40 21 den

70 572 138 28 medborgare
224 572 38 21 bör
276 578 58 20 vara,
350 578 44 16 som
410 572 55 21 skall
480 578 62 14 anses
557 572 120 27 berättigad
693 574 31 19 att
738 573 6 20 i
755 572 128 21 elektorsva]

70 600 85 27 deltaga
174 601 38 21 och
231 600 57 27 förty
305 606 51 16 vara
375 601 73 21 valbar
466 599 33 22 till
517 600 164 27 landtdagsman
702 600 5 21 i
724 600 158 27 bondeständet,

69 628 108 22 äfvensom
192 629 35 21 vid
242 628 86 22 hvilken
342 629 98 27 tidpunkt
455 629 25 21 de
495 628 34 22 för
547 629 139 21 valbarheten
701 628 129 22 föreskrifna
844 628 39 22 vil-

69 657 67 21 koren
151 658 60 21 skola
226 657 116 27 uppfyllas;

137 688 32 20 att
183 686 85 21 ständet
282 686 82 26 antagit
378 692 25 15 en
419 685 23 21 af
458 686 158 26 presteständet
634 686 62 27 gjord
714 686 123 27 inbjudning
852 687 32 20 att

69 714 156 22 bondeståndet
239 714 50 21 ville
304 714 82 22 biträda.
401 716 31 20 ett
447 714 6 21 i
468 715 159 26 presteständet
642 714 62 22 väckt
718 715 39 21 och
772 714 23 21 af
803 720 80 15 samma

69 742 62 22 ständ
146 743 108 26 godkändt
269 742 80 27 förslag
364 743 71 21 derom
450 744 31 20 att
495 742 89 22 ständen
599 743 67 21 mätte
681 742 27 28 pä
724 745 29 19 ett
768 749 45 15 rum
829 749 54 15 sam-

70 772 110 21 manträda
197 772 33 20 till
249 777 120 21 gemensam
389 771 161 27 öfverläggning
571 772 91 20 rörande
680 771 150 27 lagutskottets
847 771 36 21 be-

69 799 106 22 tänkande
189 800 40 21 N:o
244 800 13 21 5
272 800 7 20 i
294 800 114 26 anledning
425 799 24 21 af
468 799 59 21 Hans
545 800 122 26 Kejserliga
681 799 111 28 Majestäts
807 800 76 26 nädiga

69 828 129 26 proposition
214 828 40 21 N:o
270 828 33 26 18,
319 828 129 21 beträffande
463 828 90 26 ändring
568 828 24 21 af
605 828 42 22 den
662 832 75 23 genom
748 828 76 26 nädiga
838 828 44 21 Ma-

69 856 86 21 nifestet
169 856 23 22 af
206 857 39 21 den
261 857 28 21 20
304 856 33 28 (8)
353 857 56 21 Mars
426 856 54 22 1879
491 856 110 22 bestämda
611 857 82 27 lydelse
703 856 23 22 af
737 858 22 20 12
771 856 12 28 $
797 856 7 22 i
815 856 68 22 landt-

69 884 171 28 dagsordningen
256 885 23 21 af
292 885 40 21 den
349 885 26 22 15
391 885 34 28 (3)
439 884 60 26 April
517 884 61 22 1869.

87 985 8 14 o
137 970 120 28 Föredrogs
273 970 38 22 och
326 971 113 21 bordlades
454 971 33 21 till
502 972 62 20 nästa
578 971 93 27 plenum:

138 1000 32 20 1:o
187 1000 113 21 Allmänna
319 999 202 21 besvärsutskottets
540 1000 134 21 betänkande
692 999 40 21 N:o
749 1000 13 21 8
781 1000 47 20 med
846 1006 36 14 an-

68 1027 87 27 ledning
169 1028 23 21 af
206 1030 30 19 ett
251 1028 56 20 inom
326 1028 175 26 borgareständet
519 1028 63 21 väckt
599 1028 182 27 petitionsförslag
799 1034 33 15 om
847 1034 36 15 an-

69 1055 111 23 skaffande
194 1056 24 22 af
231 1056 170 27 arbetsförtjenst
417 1056 21 22 åt
453 1056 86 27 frigifna
554 1056 82 27 fångar.

129 1084 41 22 '2:0
188 1085 55 26 Lag-
263 1084 39 22 och
320 1084 213 22 ekonomiutskottets
553 1085 135 21 betänkande
708 1085 39 21 N:o
762 1086 13 20 2
790 1085 7 21 i
811 1085 71 21 anled-

70 1113 50 26 ning
136 1112 23 22 af
172 1113 60 21 Hans
246 1113 120 27 Kejserliga
381 1113 110 27 Majestäts
503 1113 77 27 nädiga
591 1114 138 26 proposition,
740 1113 143 22 innefattande

68 1140 81 28 förslag
164 1142 32 21 till
211 1142 35 26 Jag
262 1148 32 14 om
311 1142 98 26 länsting.

136 1226 96 28 Upptogs
247 1227 32 21 till
295 1227 128 27 behandling
438 1227 169 27 presteständets
623 1234 75 20 genom
714 1227 121 27 deputation
849 1227 33 21 till

69 1255 176 27 borgareständet
263 1256 35 20 vid
317 1256 49 21 dess
388 1258 83 19 senaste
491 1257 157 20 sammanträde
667 1255 116 22 framförda
797 1256 37 21 och
849 1256 33 20 till

69 1283 69 21 denna
153 1284 41 27 dag
211 1284 117 26 bordlagda
346 1284 130 27 inbjudning,
495 1284 37 22 det
550 1285 85 21 ständet
650 1284 49 22 ville
715 1284 72 22 förena
802 1284 32 27 sig
848 1290 35 15 om

69 1310 258 28 presteständets
245 1306 10 38 '
261 1310 66 28 beslut
346 1316 31 18 att
394 1313 99 27 samtliga
511 1313 61 21 stånd
594 1314 69 20 skulle
682 1312 13 22 &
713 1315 30 19 ett
760 1319 46 15 rum
829 1319 54 15 sam-

69 1341 112 21 manträda
194 1342 33 20 till
244 1347 119 21 gemensam
375 1341 161 27 öfverläggning
546 1348 33 14 om
591 1341 150 28 lagutskottets
752 1341 132 21 betänkande

68 1368 39 22 N:o
123 1369 14 21 5
151 1369 8 21 i
173 1370 114 26 anledning
302 1369 23 21 af
337 1370 58 21 Hans
411 1370 120 27 Kejserliga
545 1370 112 27 Majestäts
669 1370 76 26 nådiga
755 1370 129 27 proposition

67 1397 131 22 beträffande
214 1398 89 26 ändring
318 1398 23 21 af
355 1399 40 21 den
409 1404 76 21 genom
500 1398 78 27 nädiga
588 1398 125 22 Manifestet
724 1399 23 21 af
756 1399 39 21 den
811 1398 27 22 20
852 1398 32 27 (8)

67 1425 60 22 Mars
144 1427 54 21 1879
213 1426 110 22 bestämda
338 1426 80 28 lydelse
433 1427 23 21 af
471 1427 26 21 12
513 1426 11 28 8
540 1428 7 20 i
563 1427 230 27 landtdagsordningen
809 1426 22 22 af
844 1427 40 21 den

69 1454 27 22 15
113 1454 32 28 (3)
161 1455 60 27 April
237 1455 61 21 1869.

137 1483 80 21 Härvid
232 1484 105 26 begärdes
352 1484 61 21 ordet
427 1484 24 21 af

137 1511 56 22 Herr
208 1511 118 27 Grönvik,
343 1518 45 16 som
403 1512 96 28 yttrade:
513 1512 75 28 Enligt
602 1513 56 21 hvad
670 1512 66 22 kändt
745 1514 30 24 är,
785 1514 24 19 är
819 1512 69 21 denna

67 1539 126 29 inbjudning
208 1542 90 25 antagen
314 1540 23 22 af
350 1541 35 21 två
400 1541 68 26 stånd,
484 1541 24 21 sä
525 1542 33 20 att
577 1541 82 27 frägan'
672 1541 65 21 redan
756 1543 23 19 är
797 1540 91 28 afgjord

795 1579 23 19 37
