1114 1767
366 116 90 22 Borgarest.
469 114 43 20 1885.
535 116 6 18 1
553 115 49 23 April.
852 116 32 19 581

91 188 62 24 mynt,
169 186 69 21 skulle
253 186 86 20 komma
357 187 32 19 att
408 184 80 22 drabba
506 184 135 26 statsverket,
661 184 24 22 så
703 190 63 16 anser
782 184 38 27 jag
834 186 32 20 att
880 185 26 22 de

91 214 22 21 af
125 214 163 22 bankutskottet
302 213 126 21 framstälda
443 212 163 28 synpunkterna,
621 212 74 22 hvilka
708 213 37 27 jag
760 217 29 17 nu
800 212 46 22 haft
855 214 51 20 äran

90 242 88 28 påpeka,
200 242 66 22 borde
288 248 51 15 vara
362 242 80 26 egnade
464 243 32 19 att
517 241 130 21 framställas
667 241 33 21 för
719 242 125 26 regeringen
867 242 38 20 och

90 271 68 22 förmå
173 272 121 20 densamma
309 272 32 19 att
356 270 109 26 öfvertaga
480 270 35 21 det
529 269 33 22 för
574 270 133 21 närvarande
719 269 137 28 öfverflödiga
871 270 35 22 be-

90 300 77 26 loppet,
183 306 50 15 vare
248 300 33 26 sig
296 300 6 20 i
318 299 49 21 dess
382 298 71 22 helhet
469 298 52 21 eller
536 298 47 21 med
595 298 77 27 afdrag
683 298 24 21 af
716 304 25 15 en
754 298 72 27 miljon
839 298 65 22 mark.

91 328 40 27 Jag
153 330 25 19 är
199 328 95 26 benägen
316 329 32 19 att
366 329 52 25 göra
443 327 131 21 sistnämnda
592 327 157 26 medgifvande,
770 327 46 21 icke
835 326 71 22 derför

91 358 31 20 att
143 357 68 21 denna
233 355 155 27 nedsmältning
410 355 23 21 af
454 361 25 15 en
502 355 72 27 miljon
598 355 70 21 skulle
687 355 97 27 betingas
803 355 23 21 af
842 355 64 27 något

90 385 57 27 slags
167 385 162 27 nödvändighet,
349 386 49 19 utan
418 383 33 22 för
470 385 31 19 att
519 384 84 21 komma
621 384 33 20 till
675 383 84 22 klarhet
773 384 7 20 i
796 383 61 27 fråga
872 389 32 16 om

90 413 94 22 bankens
200 414 99 26 ställning
317 412 33 22 till
370 412 129 22 statsverket
516 413 7 20 i
541 412 58 21 detta
618 412 108 22 afseende.
759 412 41 26 Jag
815 412 33 22 för
862 412 44 21 min

90 442 34 21 del
139 443 38 21 vill
193 442 71 22 derför
279 442 6 21 i
301 442 42 20 allo
358 441 108 27 tillstyrka
484 440 172 22 bankutskottets
675 440 88 28 förslag,
783 447 45 15 som
844 446 60 22 synes

90 471 42 26 mig
147 471 188 21 öfverensstämma
350 470 47 20 med
413 470 68 27 sunda
495 469 105 27 principer
615 469 40 21 och
675 469 78 27 riktiga
769 470 136 26 synpunkter.

157 499 55 21 Herr
228 498 190 28 Schybergson:
441 498 67 21 Afven
525 498 36 26 jag
576 498 120 27 tillstyrker
711 498 6 20 i
733 498 42 21 allo
791 498 114 21 utskottets

89 528 139 21 betänkande.
259 527 63 21 Utom
338 529 32 19 att
385 533 25 14 en
426 527 34 21 del
476 526 23 21 af
513 527 36 20 det
563 526 80 26 silfver,
660 532 45 16 som
721 527 67 21 under
804 526 26 22 de
845 532 60 15 sena-

89 558 32 19 ste
136 556 61 27 tjugu
212 556 50 21 åren
283 557 90 25 myntats
392 555 6 21 i
417 555 59 21 detta
493 554 57 27 land,
569 555 124 27 antagligen
707 557 25 19 är
746 555 106 21 nedsmält
866 555 38 21 och

90 584 35 21 det
139 585 7 21 i
161 585 73 21 landet
253 584 146 21 cirkulerande
418 583 70 21 silfret
506 584 89 20 sålunda
613 583 47 21 icke
675 584 82 26 uppgår
771 584 32 20 till
820 584 36 20 det
869 583 36 21 be-

89 613 56 27 lopp,
168 619 45 15 som
235 613 49 21 herr
306 612 112 21 Wasenius
440 612 123 26 framhållit,
586 618 62 15 anser
668 612 37 27 jag
728 613 40 20 den
788 618 81 15 summa
883 612 23 21 af

90 641 114 26 5,600,000
218 642 60 20 mark
293 640 138 28 silfvermynt,
446 647 45 15 som
509 640 33 21 vid
553 642 84 20 senaste
649 640 57 22 ärets
722 640 79 27 utgäng
812 641 35 26 läg
856 640 48 22 inne

90 670 6 20 i
111 669 103 22 Finlands
233 670 61 26 bank,
314 669 18 27 ej
351 675 51 15 vara
420 672 68 18 större
507 671 26 19 än
551 670 32 20 att
601 669 124 21 densamma
740 670 40 20 kan
797 668 107 22 behöfvas.

90 698 32 21 En
137 698 156 27 nedsmältning
308 698 22 20 af
348 698 68 26 nägon
435 699 68 19 större
523 698 33 20 del
572 698 23 20 af
608 698 60 21 detta
684 698 75 27 belopp
775 698 69 21 skulle
858 697 46 21 icke

91 726 32 22 för
137 727 83 21 banken
236 727 95 21 medföra
346 732 24 15 en
387 726 24 21 sä
426 726 83 27 mycket
523 728 68 19 större
607 726 124 26 räntevinst,
747 728 31 19 att
789 726 54 21 blott
858 726 46 20 der-

89 755 34 21 för
138 756 68 21 denna
222 756 74 26 ätgärd
311 755 66 21 borde
396 754 103 27 vidtagas.
532 754 101 22 Deremot
651 754 71 22 kunde
741 755 37 21 det
795 754 108 26 lätteligen

90 784 76 24 hända,
186 786 30 19 att
234 784 82 21 banken
336 784 68 20 skulle
422 782 101 22 försättas
541 783 6 21 i
566 783 105 27 trångmål
691 789 76 20 genom
786 789 24 15 en
833 782 72 22 alltför

91 814 44 19 stor
149 812 156 27 nedsmältning
320 811 22 21 af
356 812 36 21 det
406 811 34 21 för
454 812 107 20 allmänna
575 812 107 21 rörelsens
694 811 65 22 behof
768 811 136 22 reserverade

90 840 76 22 silfret.
195 841 41 27 Jag
251 840 123 28 tillstyrker,
390 846 45 15 som
450 840 69 26 sagdt,
534 840 114 21 utskottets
664 840 63 21 kläm.

158 869 56 21 Herr
236 869 142 21 Wasenius:
402 868 37 22 Att
463 868 99 22 behofvet
584 868 22 22 af
627 868 196 28 silfverskiljemynt
844 869 7 21 i
878 868 26 22 de

91 899 58 20 stora
163 898 175 21 kulturländerna
353 899 24 19 är
391 897 106 28 betydligt
511 898 68 20 större
595 899 25 19 än
636 897 7 21 i
658 898 97 26 Finland,
771 898 38 20 bar
824 897 33 21 sin
872 902 33 16 or-

90 926 38 21 sak
143 926 53 26 deri,
211 928 32 20 att
257 926 7 21 i
280 927 62 21 dessa
357 926 74 21 länder
446 926 19 26 ej
480 925 68 22 finnas
563 925 65 27 nägra
644 926 46 21 smä
704 926 77 25 sedlar,
793 926 39 21 och
843 931 61 16 anser

87 954 37 28 jag
139 954 73 22 derför
226 957 32 19 att
272 956 40 20 den
327 954 23 21 af
363 954 50 22 herr
430 954 99 26 Eneberg
547 955 124 26 uppdragna
684 954 136 27 jemförelsen
835 954 70 21 haltar

89 984 38 20 när
142 984 37 21 det
193 984 68 26 gäller
275 983 96 22 Finland.
401 982 42 28 Jag
462 983 39 21 har
519 983 46 21 icke
584 983 33 21 för
635 984 42 20 min
697 982 34 22 del
749 982 91 28 päyrkat
854 983 50 20 ned-

89 1012 115 26 smältning
218 1012 23 21 af
254 1012 36 20 tvä
304 1011 98 27 miljoner
416 1011 74 21 silfver
505 1011 33 21 för
552 1013 32 19 att
599 1012 121 26 derigenom
733 1011 79 21 bereda
823 1011 81 21 banken

89 1039 69 27 nägon
173 1040 123 26 räntevinst,
310 1042 51 19 utan
377 1040 36 21 det
427 1042 24 19 är
467 1040 33 21 för
515 1042 32 19 att
561 1046 48 15 man
625 1040 69 21 skulle
709 1040 85 21 komma
804 1040 33 21 till
848 1040 57 21 klar-

89 1068 36 21 het
142 1069 7 21 i
170 1068 93 22 bankens
282 1068 100 27 ställning
401 1069 48 21 med
468 1068 101 22 afseende
584 1069 13 21 ä
612 1068 12 28 $
643 1069 27 21 19
689 1069 6 21 i
715 1068 127 28 myntlagen,
857 1074 45 15 som

87 1097 37 27 jag
138 1097 114 22 förordade
268 1099 31 20 att
314 1103 24 15 en
354 1098 126 26 uppgörelse
495 1096 176 22 fordersammast
685 1097 69 21 skulle
770 1096 72 22 träffas
857 1098 48 20 med

89 1126 132 26 regeringen.
250 1126 59 22 Mvar
324 1125 38 22 och
378 1132 25 15 en
418 1125 41 22 kan
475 1125 134 27 naturligtvis
624 1125 65 22 hafva
703 1126 32 21 sin
751 1126 56 26 äsigt
822 1132 33 14 om
870 1125 36 22 be-

88 1153 74 23 hofvet
176 1154 23 21 af
213 1154 195 28 silfverskiljemynt
423 1154 33 22 för
471 1156 32 19 att
517 1154 104 21 förmedla
636 1154 157 27 omsättningen
808 1155 7 21 i
826 1154 78 22 landet.

88 1182 31 21 Ur
134 1182 202 28 bankfullmäktiges
351 1183 116 21 berättelse
482 1182 59 22 öfver
556 1182 94 22 bankens
666 1183 72 21 förräd
753 1183 23 21 af
786 1182 64 22 finskt
861 1182 44 22 silf-

88 1214 97 25 vermynt
199 1212 93 26 framgär
308 1211 53 21 dock
376 1213 32 19 att
426 1212 75 20 ultimo
523 1211 118 21 December
661 1212 55 21 1882
734 1212 48 21 fans
800 1212 6 20 i
822 1211 83 21 banken

88 1239 6 21 i
110 1240 55 21 rund
180 1246 81 15 summa
276 1240 112 25 5,450,000
402 1240 68 26 mark,
485 1246 81 15 samma
581 1240 41 26 dag
642 1240 55 22 1883
714 1240 114 26 5,507,000
845 1240 60 21 mark

88 1267 39 21 och
143 1274 81 16 samma
239 1269 41 26 dag
296 1268 55 22 1884
365 1270 52 20 nära
431 1268 114 26 5,612,000
563 1268 66 22 mark.
645 1268 61 22 Huru
717 1275 48 15 man
780 1268 40 22 kan
832 1268 22 22 fä
864 1268 40 21 den

88 1296 140 28 uppfattning,
237 1299 31 19 att
276 1296 99 23 behofvet
382 1297 24 21 af
414 1297 123 27 skiljemynt
548 1297 7 21 i
567 1297 39 21 den
618 1297 107 21 allmänna
737 1298 94 21 rörelsen
844 1298 5 20 i
861 1297 44 21 lan-

88 1324 36 22 det
139 1325 97 22 kommer
251 1327 32 20 att
300 1326 58 26 ökas,
378 1326 26 21 dä
422 1327 93 20 tvärtom
534 1326 37 20 det
587 1326 83 21 faktum
686 1326 122 26 föreligger,
824 1328 31 19 att
869 1325 36 22 be-

88 1353 74 27 loppet
180 1354 22 22 af
219 1354 136 22 innestående
374 1354 198 27 silfverskiljemynt
594 1355 6 20 i
622 1354 103 22 Finlands
747 1354 56 22 bank
825 1354 81 27 årligen

88 1382 69 26 ökats,
177 1383 41 21 kan
236 1383 36 27 jag
290 1383 33 21 för
341 1384 42 20 min
403 1383 34 21 del
457 1383 19 27 ej
495 1382 78 22 förstä:
591 1385 22 25 ty
631 1383 40 21 här
689 1389 61 21 synes
766 1384 36 20 det
817 1383 42 26 mig
874 1385 32 19 att

87 1410 101 22 siffrorna
202 1412 50 21 tala.
274 1412 56 21 Herr
345 1410 146 28 Schybergson
508 1412 38 20 har
561 1411 117 22 framhällit
693 1413 31 20 att
743 1418 25 15 en
784 1411 34 21 del
834 1411 23 21 af
870 1411 36 22 det

87 1440 6 20 i
109 1440 109 21 allmänna
233 1440 94 22 rörelsen
343 1440 128 27 utelöpande
489 1440 70 21 silfret
577 1440 90 26 troligen
683 1442 24 19 är
722 1440 112 22 nedsmält.
864 1440 42 22 Det

87 1469 24 19 är
127 1468 84 28 mycket
225 1469 109 27 antagligt,
350 1475 47 15 men
413 1469 34 21 vid
464 1468 79 22 sädana
558 1468 148 25 förhällanden
722 1470 23 20 är
761 1469 37 21 det
812 1469 24 21 sä
850 1475 55 21 myc-

87 1496 36 21 ket
147 1497 171 27 märkvärdigare
341 1499 31 19 att
393 1497 36 21 det
450 1497 149 27 inneliggande
622 1496 95 22 förrädet
738 1498 7 20 i
768 1498 83 20 banken
874 1497 32 21 för

87 1524 74 28 hvarje
180 1526 24 20 är
223 1526 57 21 ökas.
313 1526 37 20 Att
369 1526 21 21 fä
409 1526 84 21 klarhet
511 1526 7 20 i
537 1525 51 21 vära
605 1525 207 27 myntförhällanden
834 1526 72 27 tyckes
