1109 1775
371 135 90 23 Borgarest.
473 135 44 19 1885.
540 135 23 18 20
575 134 49 24 April.
845 135 34 18 805

88 204 32 22 stä
135 210 52 22 gvar
201 205 7 20 i
223 204 110 27 utskottet,
349 210 62 16 anser
423 204 38 27 jag
476 205 36 20 det
527 204 86 27 onödigt
628 206 31 20 att
673 204 73 27 tvinga
761 204 75 22 honom
852 204 47 21 der-

87 233 38 26 till,
142 235 49 19 utan
206 233 91 21 föreslär
309 233 38 27 jag
361 234 31 20 att
407 233 86 21 ständet
510 233 67 26 väljer
592 239 27 15 ep
632 238 68 16 annan
719 232 90 22 medlem
825 233 6 20 i
847 233 53 21 hans

86 262 69 21 ställe.
184 261 109 27 Derjemte
307 261 42 22 kan
362 262 24 26 ju
400 262 123 26 ytterligare
538 268 26 14 en
580 261 111 27 suppleant
705 261 74 26 väljas,
791 260 65 22 sedan
866 262 32 20 ut-

87 290 78 21 skottet
179 290 70 20 blifvit
264 290 73 21 deladt
351 290 7 20 i
372 292 76 19 tvenne
463 290 140 26 afdelningar.

154 318 70 21 Sedan
244 318 146 21 diskussionen
410 318 51 21 härä
475 318 116 21 förklarats
606 317 100 27 afslutad,
721 318 112 26 uppstälde
848 318 51 20 herr

85 346 122 20 talmannen
222 346 93 25 följande
331 346 283 26 omröstningsproposition:

153 372 40 27 De,
205 372 68 22 hvilka
282 373 49 27 vilja
342 373 73 26 bifalla
424 373 49 21 herr
485 373 125 33 Chydenius”
620 373 162 27 ifrågavarande
792 373 106 26 anhållan,

85 403 57 21 rösta
154 402 35 33 ja;
205 402 30 26 de,
252 402 33 21 det
299 401 43 22 icke
356 401 56 27 vilja,
428 403 57 20 rösta
499 402 47 27 nej;

152 431 73 21 vinner
239 431 40 26 nej,
291 430 39 21 har
340 431 83 21 ståndet
433 430 83 22 beslutit
526 430 67 22 lemna
605 430 119 22 densamma
735 432 51 20 utan
796 426 101 41 afseende.

152 460 75 20 Denna
248 460 131 27 proposition
398 459 126 22 besvarades
545 460 49 20 med
612 458 27 22 28
657 459 34 27 nej
711 461 44 19 mot
769 459 48 22 22
809 465 33 21 ja;
858 459 40 21 och

84 488 55 21 hade
157 488 84 21 ståndet
259 488 81 21 således
355 488 87 21 beslutit
457 490 31 19 att
503 488 69 22 lemna
588 488 49 21 herr
652 487 125 27 Chydenius”
792 466 106 48 ifrågave-

85 517 65 21 rande
162 516 99 22 anhållan
276 519 51 18 utan
342 516 107 22 afseende.
473 528 3 3 -

151 545 11 21 I
185 546 151 26 sammanhang
359 545 87 21 härmed
472 545 157 21 öfverlemnade
651 544 49 22 herr
721 545 121 21 talmannen
864 544 33 22 till

84 574 95 22 ståndets
205 573 114 27 afgörande
344 574 37 21 det
405 573 23 22 af
451 574 50 21 herr
523 572 115 23 Rönnbäck
660 573 67 22 under
749 573 147 22 diskussionen

83 602 75 21 väckta
173 602 104 27 förslaget
291 609 34 14 om
348 602 129 27 inväljandet
492 602 23 21 af
528 602 122 27 ytterligare
669 603 76 20 tvenne
761 602 136 27 suppleanter

83 631 32 21 till
131 631 106 21 allmänna
252 631 200 25 besvärsutskottet;
471 631 39 21 och
528 631 84 27 yttrade
631 631 33 26 sig
682 630 7 21 i
708 631 113 26 anledning
837 629 63 22 häraf

82 659 94 27 följande
191 659 78 22 talare:

150 688 57 21 Herr
247 687 82 22 Öhman:
348 688 41 25 Jag
407 693 62 16 anser
487 688 36 21 det
540 694 51 15 vara
610 688 114 21 utskottets
745 687 38 21 sak
798 689 31 19 att
844 689 52 24 göra

84 722 24 15 en
125 715 97 22 anhållan
238 716 6 20 i
261 716 35 21 det
310 715 161 27 ifrågavarande
486 715 71 27 syftet,
572 716 45 21 ifall
633 716 36 21 det
683 721 62 15 anser
756 721 26 16 en
792 715 103 21 förstärk-

83 745 50 26 ning
147 744 24 22 af
183 743 181 22 arbetskrafterna
379 744 69 27 nödig.
477 744 96 21 Emedan
592 744 76 21 sådant
685 743 50 22 icke
746 743 62 26 skett,
827 743 69 22 finner

80 774 37 27 jag
135 774 47 21 icke
200 773 69 28 någon
288 773 75 27 åtgärd
381 773 7 21 i
407 773 58 22 detta
484 773 99 22 afseende
602 773 47 22 från
667 772 94 23 ståndets
780 773 46 21 sida
844 778 52 16 vara

82 802 97 27 behöflig.

149 831 56 22 Herr
219 831 77 21 Lille:
316 831 73 22 Såvidt
405 831 36 27 jag
460 833 41 24 vet,
520 831 63 22 hafva
601 831 42 22 alla
662 831 68 27 öfriga
749 831 67 26 stånd,
835 832 59 19 utom

82 860 161 26 bondeståndet,
257 860 66 21 redan
338 860 43 21 valt
396 867 25 14 en
437 860 112 26 suppleant
564 860 32 21 till
613 860 35 21 det
662 859 116 22 förstärkta
788 859 107 21 allmänna

81 888 197 22 besvärsutskottet.
307 888 41 27 Jag
363 888 68 22 skulle
447 888 71 22 derför
533 888 85 26 föreslå,
633 890 32 19 att
675 888 60 22 äfven
746 887 148 27 borgarestån-

81 917 36 21 det
132 917 71 21 skulle
217 916 57 27 välja
289 923 26 15 en
330 917 113 27 suppleant
456 917 33 21 till
505 917 123 21 detsamma.

148 945 70 21 Sedan
237 945 146 21 diskussionen
402 945 51 21 härå
471 945 115 21 förklarats
605 944 98 26 afslutad,
723 944 68 22 beslöt
809 944 85 20 ståndet

81 975 31 19 att
126 974 81 20 antalet
221 974 136 26 suppleanter
372 973 46 21 från
437 973 176 27 borgareståndet
631 974 7 19 i
653 973 106 21 allmänna
774 973 120 21 besvärsut-

80 1002 80 21 skottet
175 1001 68 21 skulle
259 1002 124 20 förstärkas.

147 1030 57 21 Herr
225 1030 121 22 talmannen
369 1030 124 22 framstälde
511 1030 53 21 härå
586 1030 93 27 följande
703 1029 190 27 omröstningspro-

79 1059 101 27 position:

147 1086 40 26 De,
203 1086 68 22 hvilka
286 1087 63 21 önska
364 1086 74 33 föröka
453 1086 76 22 antalet
543 1086 132 27 suppleanter
690 1087 9 20 i
712 1086 93 22 nämnda
816 1085 77 23 utskott

80 1115 46 21 med
141 1117 72 19 tvenne
225 1122 105 19 personer,
346 1117 57 19 rösta
413 1115 36 27 ja;
465 1115 30 27 de,
512 1116 33 20 det
559 1115 43 21 icke
617 1114 70 27 önska,
701 1116 58 20 rösta
773 1115 45 27 nej;

147 1144 76 21 vinner
237 1144 39 26 nej,
293 1144 38 20 har
345 1144 83 21 ståndet
445 1143 82 22 beslutit
541 1144 79 27 invälja
635 1144 72 21 endast
721 1150 25 15 en
760 1143 111 27 suppleant
884 1142 9 21 i

61 1178 2 2 *
80 1171 107 22 allmänna
202 1172 179 22 besvärsutskottet
395 1172 81 27 utöfver
494 1172 24 22 de
537 1172 59 27 förut
610 1173 84 21 utsedde
708 1172 160 27 suppleanterna
885 1171 9 21 i

78 1201 95 22 nämnda
187 1201 83 22 utskott.

146 1231 33 20 Då
194 1231 69 21 denna
277 1231 130 26 proposition
422 1231 128 21 besvarades
566 1231 47 21 med
629 1231 154 27 öfvervägande
795 1231 29 26 ja,
836 1231 55 21 hade

79 1259 83 22 ståndet
177 1259 89 22 sålunda
281 1259 87 22 beslutit
383 1261 31 20 att
428 1259 124 27 ytterligare
568 1259 57 28 välja
639 1260 14 21 2
663 1260 136 26 suppleanter
809 1259 32 21 till
852 1259 40 21 all-

78 1289 76 20 männa
173 1287 200 26 besvärsutskottet;
392 1288 39 21 och
450 1289 108 20 lemnades
577 1288 22 21 åt
617 1288 134 21 elektorerna
769 1289 6 20 i
793 1288 97 26 uppdrag

78 1317 31 20 att
125 1317 58 20 detta
198 1316 33 21 val
247 1315 174 22 fordersammast
430 1316 122 21 verkställa.

145 1383 81 22 Herrar
241 1383 112 27 Krogius
369 1384 39 21 och
422 1384 102 27 Hoving
539 1384 55 21 hade
609 1384 88 21 anhållit
707 1385 32 20 att
749 1384 33 21 för
793 1383 97 22 enskilda

78 1412 177 27 angelägenheter
277 1411 22 22 få
319 1418 52 15 vara
392 1412 141 21 frånvarande
555 1412 47 21 från
621 1413 95 20 ståndets
735 1412 156 21 sammanträde

77 1440 174 22 nästkommande
270 1441 88 27 torsdag
377 1441 38 21 den
435 1441 28 22 23
481 1441 6 21 i
507 1441 68 22 denna
590 1441 82 26 månad,
691 1441 85 22 hvilken
791 1440 100 22 anhållan

78 1469 22 22 af
114 1469 85 22 ståndet
214 1469 78 22 bifölls.

144 1533 89 21 Plenum
248 1532 110 27 upplöstes
371 1532 30 22 kl.
416 1531 46 25 73/4
477 1539 18 14 e.
511 1539 26 15 m.

661 1566 21 18 In
695 1565 62 18 fidem:

595 1600 95 21 Maurite
704 1600 117 27 Hornborg.
