1111 1756
372 128 91 24 Borgarest.
475 128 45 20 1885.
542 130 11 18 5
565 129 38 23 Maj.
834 130 34 18 969

77 203 102 21 personer
194 197 69 21 skulle
278 197 40 22 fätt
336 198 77 21 berusa
431 198 38 27 sig,
489 200 24 20 är
530 200 31 20 ett
575 198 123 28 pästäende,
713 199 63 22 hvars
791 200 102 27 rigtighet

75 225 38 27 jag
128 226 66 21 mäste
213 226 101 22 bestrida.
343 226 42 22 Det
403 227 81 21 händer
502 227 33 21 väl
554 228 89 26 mängen
661 228 62 27 gäng,
742 230 32 20 att
788 228 104 23 berusade

77 260 101 21 personer
193 254 84 22 komma
291 255 21 21 in
327 255 28 27 pä
369 255 63 22 dessa
447 256 75 21 ställen
539 256 45 26 och,
600 256 88 22 oaktadt
707 257 25 21 de
751 257 47 21 icke
816 257 22 21 få
855 258 36 21 nä-

77 284 42 26 got,
139 283 54 21 dock
211 285 76 19 stanna
304 284 39 21 der
360 284 125 27 tillräckligt
504 284 61 27 länge
583 284 34 22 för
635 287 31 19 att
685 291 25 15 en
733 285 81 27 skugga
836 286 55 21 skall

76 311 51 22 falla
142 312 27 27 pä
184 312 233 27 utskänkningsstället.
448 312 30 28 Ty
494 313 27 21 dä
540 319 102 21 personer
657 315 41 19 sett
713 314 47 20 dem
776 314 39 21 der
828 314 63 21 beru-

76 341 58 25 sade,
150 340 63 22 hafva
228 341 26 21 de
270 340 62 22 deraf
346 341 69 26 dragit
431 341 40 21 den
486 342 121 25 slutsatsen,
626 344 32 18 att
676 342 26 21 de
722 342 64 21 också
804 342 88 22 berusat

76 369 33 26 sig
124 369 44 21 der.
197 369 69 21 Dessa
281 369 243 27 utskänkningsställens
540 370 146 21 föreständare
705 370 39 21 och
758 370 132 22 förestända-

76 398 72 20 rinnor
163 399 47 19 veta
229 397 83 27 mycket
330 398 40 26 väl,
389 399 32 19 att
440 398 71 21 derest
529 398 36 21 det
582 398 42 21 kan
643 398 73 26 läggas
733 398 46 22 dem
795 398 32 22 till
843 399 47 26 last,

76 428 31 19 att
122 426 76 20 sädant
212 426 100 26 inträffat,
328 426 24 21 sä
366 426 21 21 fä
403 426 25 21 de
444 426 37 21 sitt
496 426 81 21 afsked.
606 426 43 21 Det
662 426 41 21 kan
720 427 82 21 säledes
817 427 28 27 pä
859 427 32 21 in-

75 456 32 20 tet
122 456 42 19 sätt
180 455 56 26 ligga
251 455 6 20 i
273 455 62 21 deras
350 454 92 22 intresse
457 456 32 20 att
504 455 75 26 tillåta,
595 457 31 20 att
640 455 45 22 folk
699 455 103 28 pä-dessa
813 456 77 21 ställen

75 483 78 22 berusa
171 483 38 27 sig.
238 483 62 22 Hvad
319 483 33 21 för
371 483 64 28 öfrigt
449 483 140 28 Helsingfors
605 484 285 28 utskänkningsaktiebolags

75 512 233 27 utskänkningsställen
322 512 106 27 beträffar,
444 512 24 21 sä
483 513 59 26 spela
557 513 26 21 de
599 519 25 14 en
635 513 81 26 ganska
731 513 50 22 liten
796 513 40 22 roll
856 513 34 22 vid

75 541 169 26 utskänkningen
259 541 7 20 i
282 541 68 21 denna
365 541 54 20 stad.
448 541 33 21 De
497 541 62 21 hafva
574 541 67 21 under
659 547 26 16 en
701 541 52 27 följd
768 542 23 21 af
804 542 24 21 är
844 542 46 21 icke

75 569 81 26 utgjort
171 575 45 14 mer
230 571 26 18 än
272 575 26 15 en
313 569 108 26 femtedel,
438 575 26 15 en
479 569 98 26 sjettedel
594 570 53 21 eller
665 570 80 21 kanske
765 576 25 15 en
806 571 84 26 sjunde-

75 597 34 21 del
126 597 23 21 af
162 597 245 27 utskänkningsställena
426 597 6 21 i
452 598 81 26 staden,
552 597 39 22 och
606 598 27 21 dä
647 604 48 15 man
710 598 28 27 pä
752 599 47 20 dem
816 599 74 21 ställer

75 626 36 21 det
126 625 99 27 anspräk,
244 627 32 20 att
295 626 27 21 de
341 625 60 22 skola
419 626 71 21 kunna
509 626 98 21 befordra
626 627 137 26 nykterheten
783 627 38 21 och
837 629 53 20 mot-

74 654 65 22 verka
150 655 99 26 superiet,
260 654 24 21 sä
294 654 84 21 fordrar
393 661 47 15 man
456 655 23 21 af
493 655 47 21 dem
555 655 33 21 för
603 655 89 28 mycket.
716 653 86 24 Samma
814 656 74 27 talare,

74 689 45 16 som
135 683 67 21 fällde
216 683 58 21 detta
292 683 97 27 yttrande
408 689 34 16 om
461 683 243 27 utskänkningsbolagen
723 685 14 20 i.
748 685 141 26 Helsingfors,

73 712 72 21 talade
161 717 32 15 om
209 711 256 27 utskänkuingsbolagens
481 712 135 21 verksamhet
630 713 7 20 i
649 712 87 27 Sverige
748 713 38 20 och
797 713 91 22 nämnde

74 740 80 25 dervid,
170 741 31 19 att
216 745 107 21 personer,
340 746 44 15 som
399 740 47 21 frän
461 740 98 27 England
574 741 97 20 utsändts
686 740 33 21 för
734 743 31 19 att
775 743 50 25 taga
837 741 52 22 reda

73 768 28 27 pä
119 769 68 20 denna
207 768 140 27 verksamhet,
366 768 80 22 lemnat
464 770 31 20 ett
516 769 131 21 klandrande
669 769 109 22 utlätande
797 769 39 22 och
858 769 30 22 af-

74 797 69 28 styrkt
158 797 46 21 frän
219 799 31 19 att
265 797 6 21 i
287 797 97 27 England
403 797 69 22 införa
494 798 36 21 det
550 797 143 28 göteborgska
712 800 106 25 systemet.
847 799 41 27 Jag

71 825 81 22 känner
167 825 46 22 icke
231 826 33 21 till
283 826 58 21 detta
360 826 115 27 uttalande,
494 833 48 15 men
557 827 33 21 väl
605 829 25 19 är
645 827 36 21 det
697 827 42 27 mig
754 827 88 26 bekant,
855 829 32 20 att

72 854 34 22 för
125 855 64 26 nägot
207 855 23 20 är
250 854 90 22 tillbaka
358 861 102 20 personer
478 855 46 21 frän
543 861 64 16 norra
625 855 108 28 Tyskland
750 862 51 15 voro
821 857 67 21 sända

73 883 33 21 till
122 883 108 26 Göteborg
245 883 7 21 i
268 889 80 15 samma
364 883 84 27 ärende,
464 884 38 21 och
518 885 32 20 att
565 884 62 21 dessa
642 890 100 21 personer
761 885 55 21 efter
830 885 58 21 hem-

72 912 98 21 komsten
185 911 27 27 pä
227 913 37 20 det
278 914 106 19 varmaste
399 912 116 27 tillstyrkte
530 914 32 19 att
581 913 58 21 detta
657 915 78 25 system
750 913 69 22 skulle
834 913 54 22 infö-

72 946 36 15 ras
122 941 6 20 i
144 940 113 27 Tyskland.

140 969 56 20 Herr
214 969 140 21 Stenbäck:
376 969 41 27 Jag
438 969 54 20 skall
510 969 86 21 försöka
615 971 32 19 att
664 971 57 26 yttra
739 970 43 26 mig
801 969 23 22 sä
839 970 50 21 kort

73 1003 44 15 som
134 997 88 26 möjligt.
252 997 46 21 Den
313 997 88 27 princip,
416 997 109 21 hvarifrän
544 997 104 22 utskottet
666 998 69 27 utgär,
754 999 40 20 den
812 998 76 27 princi-

71 1031 48 21 pen,
143 1027 32 19 att
197 1025 121 22 restriktiva
340 1025 100 28 ätgärder
462 1025 70 21 kunna
550 1026 119 21 motarbeta
687 1026 201 21 bränvinskonsum-

72 1055 72 20 tionen
160 1056 44 19 tror
217 1054 37 27 jag
269 1054 124 27 visserligen
412 1056 32 19 att
462 1056 24 19 är
500 1053 50 22 fullt
564 1055 70 26 rigtig.
667 1055 50 22 Men
732 1055 34 21 vid
782 1055 58 21 detta
855 1061 33 16 re-

72 1082 99 21 striktiva
186 1082 122 21 förfarande
323 1083 54 21 hade
392 1083 105 21 utskottet
512 1083 46 20 icke
576 1083 63 21 bordt
657 1083 27 27 gä
701 1086 24 19 ut
742 1084 48 21 frän
803 1083 84 28 försälj-

71 1111 139 26 ningsrätten,
225 1112 50 19 utan
294 1111 104 21 utskottet
416 1111 54 21 hade
488 1111 64 22 bordt
569 1113 52 25 göra
639 1112 74 27 början
732 1113 48 20 med
795 1113 47 21 sina
856 1112 32 21 in-

72 1139 156 27 skränkningar
242 1139 35 21 vid
292 1139 164 28 tillverkningen
472 1140 39 21 och
526 1140 110 27 importen.
669 1141 42 21 Får
729 1147 65 16 varan
812 1141 6 21 i
838 1141 49 22 obe-

72 1168 92 27 gränsad
180 1168 75 27 mängd
270 1168 111 21 tillverkas
396 1169 40 21 och
450 1169 111 26 inhemtas,
577 1169 24 21 sä
615 1169 42 21 kan
672 1169 63 27 ingen
750 1169 137 27 lagstiftare
878 1164 12 36 i

71 1197 8 21 i
95 1197 87 21 verlden
197 1197 76 20 hindra
288 1198 32 20 att
335 1197 40 21 den
390 1197 99 27 försäljes
505 1197 22 21 ät
542 1197 73 27 folket,
631 1204 46 15 som
691 1198 67 21 under
768 1199 119 26 generatio-

71 1231 38 16 ner
126 1225 59 27 vänjt
202 1225 32 27 sig
252 1225 36 21 vid
306 1227 32 20 att
356 1225 81 22 förtära
451 1226 96 21 bränvin.
576 1226 59 21 Ifrän
653 1227 165 26 tillverkningen
832 1227 53 21 böra

71 1254 84 21 således
171 1254 175 21 restriktionerna
364 1255 58 26 utgå,
445 1261 20 14 n.
484 1254 20 21 b.
523 1261 33 14 om
575 1261 48 14 man
643 1261 62 16 anser
720 1257 32 19 att
766 1258 31 19 ett
812 1255 76 22 sådant

70 1282 170 27 tillvägagäende
260 1283 88 21 innebär
366 1289 24 15 en
409 1283 83 26 verklig
510 1283 75 21 fördel.
614 1283 43 21 För
675 1284 42 21 min
737 1284 34 21 del
789 1286 45 19 tror
849 1285 38 26 jag

71 1311 36 21 det
127 1311 29 27 ej;
179 1313 91 19 tvärtom
288 1311 41 21 kan
348 1311 37 27 jag
402 1311 47 22 icke
468 1313 64 20 annat
550 1313 25 20 än
593 1312 113 21 instämma
721 1313 47 20 med
783 1313 104 21 utskottet

71 1339 46 22 deri
143 1341 31 20 att
200 1345 25 16 en
252 1339 119 28 betydande
399 1340 153 27 inskränkning
577 1340 23 21 af
623 1341 263 27 bränvinstillverkningen

71 1368 70 21 skulle
160 1368 48 21 leda
227 1368 32 21 till
278 1368 64 27 brott,
362 1374 44 15 som
425 1371 37 18 äro
482 1369 83 26 mycket
583 1369 86 21 svårare
687 1371 28 19 än
734 1370 39 20 den
788 1369 7 21 i
810 1370 77 26 sjelfva

73 1397 75 20 verket
166 1397 60 26 ringa
244 1396 133 27 förbrytelse,
396 1403 45 15 som
466 1397 68 26 ligger
552 1397 46 21 ien
619 1397 70 27 oloflig
704 1398 184 27 bränvinsförsälj-

70 1425 57 26 ning,
145 1425 27 20 dä
186 1425 36 21 det
237 1425 46 21 icke
299 1427 23 19 är
337 1425 83 27 möjligt
438 1427 32 19 att
488 1425 75 27 bringa
577 1425 68 22 folket
659 1425 46 22 frän
721 1427 39 20 den
780 1426 106 21 föreställ-

71 1454 77 26 ningen
165 1455 38 24 att,
219 1459 33 15 om
268 1453 163 28 tillverkningen
450 1453 23 22 af
490 1454 87 21 bränvin
595 1456 24 19 är
638 1461 25 14 en
681 1454 58 27 loflig
754 1455 80 26 näring,
850 1455 37 21 det

71 1481 18 27 ej
106 1482 42 20 kan
165 1481 57 27 ligga
237 1481 65 27 nägot
317 1484 56 19 orätt
388 1483 5 20 i
410 1483 32 20 att
456 1482 90 27 föryttra
561 1483 69 20 denna
645 1489 56 14 vara.
733 1483 41 20 Det
792 1485 24 19 är
832 1483 54 21 säle-

72 1510 37 22 des
119 1510 81 22 endast
215 1510 67 21 under
297 1510 41 21 den
353 1510 177 27 förutsättningen
546 1512 31 20 att
589 1517 47 15 man
647 1511 47 22 icke
704 1511 101 22 behöfver
814 1511 72 22 frukta

71 1539 34 22 för
119 1541 32 20 att
165 1539 113 22 framkalla
293 1541 31 20 ett
338 1541 61 20 värre
416 1540 57 26 ondt,
490 1545 44 16 som
550 1546 48 15 man
612 1539 42 22 kan
669 1540 85 27 vidtaga
765 1541 121 21 restriktiva
