1111 1695
433 114 50 17 jarest.
494 113 46 19 1885.
563 114 20 18 10
595 113 51 19 April.

386 113 30 34 Ja
441 132 86 18 05881
558 138 23 12 si
589 114 43 46 evä
865 117 40 37 jä

98 182 214 27 yusthällsvakansen
322 181 68 22 skulle
397 181 119 50 kien
521 182 68 21 under
593 188 82 15 samma
680 182 154 28 förutsättning
841 189 46 16 som
893 190 34 21 ro-

98 211 195 28 tevakansen,
254 203 37 40 men
301 210 51 27 med
357 210 37 21 det
400 209 74 28 tillägg
482 211 33 20 att
524 203 31 40 för
557 209 127 22 beredande
694 211 24 20 af
723 210 69 23 ökade
799 209 117 29 tillgångar
920 213 7 20 i

100 239 151 23 militieverket
259 245 27 14 en
293 234 105 30 röglering
406 238 24 21 af
434 240 215 24 augmensträntorna
656 239 69 21 skulle
730 239 46 21 ske.
792 238 134 23 Det:är'möj-

98 267 43 50 N
156 268 32 21 att
202 266 59 22 detta
268 266 70 21 beslut
351 265 49 22 utaf
412 265 70 28 någon
493 266 128 22 rusthällare
632 267 83 21 kunnat
725 267 65 22 fattas
802 267 29 27 så,
840 268 58 21 ätt
880 261 23 38 hi

97 295 74 22 skulle
180 295 69 27 slippa
258 294 216 27 rustningsvakansen
481 296 53 19 utan
542 296 36 20 att
590 295 61 26 någon
662 295 189 28 ränteindragning
858 296 67 22 skulle

98 323 49 22 ske.
170 323 34 22 Men
235 322 34 22 om
287 322 64 22 också
365 321 70 28 någon
448 322 84 21 kunnat
547 323 56 26 hysa
615 329 27 15 en
657 323 66 22 sådan
738 324 148 31 förhoppning,
898 325 27 21 sä

99 351 48 22 blef
156 352 43 21 han
209 353 60 20 snärt
280 351 102 21 beröfvad
392 351 123 21 densamma
526 351 28 21 då
562 351 55 22 1881
626 351 35 21 års
674 351 163 22 skattekomités
852 352 73 22 betän-

97 380 76 22 'kande
187 379 82 26 utkom,
279 379 38 22 der
331 379 95 21 komitén
440 379 96 28 tydligen
550 379 79 26 utlade,
645 379 33 22 att
692 386 27 15 en
728 381 105 27 reglering
843 381 23 21 af
874 381 51 27 aug-

99 409 175 21 mentsräntorna
287 407 48 21 icke
349 407 71 21 kunde
430 407 93 27 försiggå
536 409 52 19 utan
598 408 260 22 rusthållsinstitutionens
872 411 53 25 upp-

98 436 109 22 häfvande
229 436 40 21 och
290 435 127 29 indragning
438 435 23 21 af
482 435 130 22 åtminstone
634 442 27 15 en
682 436 36 21 del
735 437 188 27 rustningsräntör.

98 464 167 22 Rusthållarene
279 464 64 21 hafva
357 463 71 21 derför
442 463 110 27 verkligen
565 464 83 21 kunnat
662 470 52 15 vara
728 464 94 22 beredda
837 465 27 27 på
873 466 50 20 den-

98 499 31 15 na
142 493 126 26 indragning
283 492 39 21 och
337 492 73 21 säkert
424 494 30 24 är,
470 493 33 20 att
517 492 69 21 skulle
601 492 50 21 herr
666 492 64 22 Lilles
744 492 79 28 förslag
837 499 86 21 genom-

97 521 68 26 föras,
177 521 23 21 så
213 520 70 22 skulle
297 526 49 16 man
360 520 48 21 icke
423 520 122 26 derigenom
559 520 95 27 uppfylla
670 521 69 21 1877—
751 521 53 21 1878
821 522 34 21 års
865 523 58 20 stän-

98 549 51 21 ders
172 549 76 25 beslut,
264 548 82 22 hvilket
367 548 70 21 såsom
455 548 63 26 sagdt
534 548 58 27 afsäg
607 554 26 16 en
648 549 104 27 reglering
767 549 23 21 af
803 551 120 25 augments-

98 579 104 20 räntorna
217 577 7 21 i
239 576 64 28 afsigt
317 578 33 20 att
365 576 41 21 öka
420 576 161 22 militieverkets
595 576 120 28 tillgångar;
725 583 48 15 men
787 584 77 20 genom
873 578 50 21 herr

99 606 66 21 Lilles
179 606 80 26 förslag
279 605 68 22 skulle
365 605 161 21 militieverkets
540 605 113 27 tillgångar
668 605 85 21 alldeles
767 606 48 21 icke
829 606 92 26 förökas,

100 636 93 19 tvärtom
215 634 68 21 skulle
305 634 26 20 de
349 633 99 26 minskas,
463 633 45 21 ifall
527 635 213 25 augmentsräntorna
754 634 68 22 skulle
837 635 85 21 inlösas.

95 662 46 27 Jag
156 662 48 26 kan,
220 662 69 22 såsom
305 662 67 26 sagdt,
388 661 72 21 derför
473 661 49 21 icke
536 661 114 27 godkänna
666 662 58 21 detta
738 662 80 27 förslag
828 663 40 21 och
877 663 45 21 vid-

99 690 70 22 häller
188 690 132 22 fortfarande
341 690 48 21 mitt
411 690 6 20 i
440 689 38 27 gär
495 690 127 21 framstälda
638 690 101 26 yrkande,
755 692 33 20 att
806 690 115 22 utskottets

94 718 85 28 förslag
192 718 68 22 skulle
275 719 72 26 läggas
362 718 32 21 till
409 718 69 27 grund
492 718 34 21 för
540 718 154 22 diskussionen.

170 747 55 21 Herr
239 746 76 22 Lille:
331 742 79 37 Skulle:
425 746 35 22 den
475 748 85 20 senaste
575 746 63 22 ärade
648 747 83 21 talaren
741 746 48 22 icke
799 747 55 21 varit
863 748 58 20 med-

98 775 43 23 lem
163 775 8 21 i
192 775 160 21 statsutskottet
370 774 40 22 och
425 774 55 22 varit
494 774 50 22 med
559 780 35 16 om
609 776 32 20 att
656 775 113 27 godkänna
785 775 47 21 dess
847 776 74 21 betän-

94 803 82 27 kande,
191 803 24 21 sä
235 805 47 19 tror
297 803 38 27 jag
352 804 32 20 att
399 802 42 22 han
456 802 83 22 mindre
554 803 54 21 hade
623 804 42 20 sett
679 803 47 21 mitt
740 803 81 27 förslag
835 804 7 20 i
857 806 63 24 svart,

92 834 34 19 än
137 832 44 21 han
191 838 49 20 nyss
251 832 62 26 gjort.
331 831 56 21 Herr
394 831 78 21 Heikel
487 831 39 20 har
540 831 105 26 nemligen
656 831 121 26 framhållit,
787 834 32 19 att
827 832 38 27 jag
875 838 46 15 mer

93 861 32 20 än
136 859 70 28 någon
217 865 76 21 annan,
302 865 45 15 som
358 859 50 21 sökt
418 859 46 21 lösa
478 859 71 21 denna
563 859 66 27 fråga,
638 859 58 22 ställt
711 859 43 27 mig
764 859 28 28 pä
804 859 116 22 vacklande

94 888 49 21 och
153 888 76 21 'osäker
243 888 74 27 grund,
330 887 27 22 dä
370 887 37 27 jag
421 887 71 27 utgått
506 887 48 21 från
569 887 167 26 vakansafgiften
752 889 70 20 såsom
837 889 83 26 egviva-

94 916 49 22 lent
157 918 45 19 mot
216 916 264 27 rustningsskyldigheten.
502 915 42 27 Jag
559 916 93 26 medger,
668 918 31 19 att
712 922 36 15 om
763 922 50 15 man
827 916 33 21 för
874 917 46 20 det-

94 946 25 20 ta
135 945 113 26 ögonblick
262 944 49 22 ville
321 944 115 27 uppskatta
446 944 257 27 rustningsskyldigheten
713 945 7 20 i
730 945 189 26 penningebelopp,

93 973 199 26 vakansafgifterna
310 973 104 26 betydligt
429 972 68 21 mäste'
512 972 59 21 ökas.
602 973 49 20 Men
666 973 60 20 detta
739 973 40 20 har
793 973 46 21 icke
854 973 66 21 heller

94 1002 59 20 varit
167 1001 43 22 min
229 1002 90 26 mening.
348 1001 42 27 Jag
404 1000 100 22 framhöll
518 1002 32 19 att
564 1000 176 27 vakansafgiften,
756 1001 27 21 dä
798 1001 121 22 densaämita

93 1029 97 28 pälades,
205 1029 65 27 nägot
285 1029 23 22 sä
322 1031 39 20 när
374 1029 136 22 motsvarade
523 1029 264 27 rustningsskyldigheten.
811 1029 62 22 Säväl
887 1035 32 16 re-

97 1058 109 27 geringen,
221 1063 45 16 som
281 1057 107 22 utskottet
401 1057 65 22 hafva
480 1057 36 21 vid
530 1059 79 20 tvenne
623 1057 126 27 landtdagar
762 1057 84 22 försökt
860 1057 59 22 kom-

95 1092 37 16 ma
153 1087 34 21 till
207 1092 26 15 en
255 1086 81 27 verklig
357 1086 155 28 uppskattning
534 1086 23 21 af
577 1086 262 27 rustningsskyldigheten.
868 1086 51 22 Män

94 1115 79 24 trodde
195 1115 32 27 sig
249 1114 63 22 hafva
332 1114 89 28 lyckats,
436 1120 55 20 men,
507 1114 28 21 dä
556 1120 50 16 man
624 1114 124 22 framstälde
766 1114 39 22 sitt
818 1115 101 26 förslag'i

91 1142 86 30 frågan,
192 1143 99 27 lyckades
309 1149 49 15 man
376 1143 69 27 aldrig
459 1142 69 22 samla
543 1142 98 28 omkring
655 1143 32 27 sig
702 1149 26 15 en
742 1144 69 20 större
827 1143 91 27 opinion.

91 1171 72 22 Detta
184 1172 73 26 tyckes
279 1172 42 26 mig
343 1171 94 27 häntydä
455 1171 28 28 pä
501 1173 33 19 att
549 1171 31 21 ett
595 1171 76 21 sådant
684 1171 73 21 försök
771 1171 69 21 måste
854 1171 65 22 blifva

92 1200 116 26 vanskligt,
224 1199 27 22 dä
269 1206 49 15 man
336 1200 40 21 har
390 1201 33 20 att
437 1201 50 20 röra
501 1199 33 27 sig
549 1199 48 22 med
612 1205 27 15 en
653 1199 92 27 tillfällig
759 1199 158 27 uppskattning,

94 1229 54 20 utan
171 1230 31 20 att
223 1228 73 21 kunna
317 1228 63 21 stöda
403 1228 31 26 sig
452 1228 28 26 pä
498 1228 96 26 verkliga
611 1228 154 21 förhälländen.
794 1228 43 21 För
855 1228 64 27 öfrigt

89 1255 49 22 kan
157 1256 38 27 jag
216 1256 48 21 icke
286 1256 115 27 godkänna
418 1256 111 27 principen
548 1258 32 19 att
598 1256 54 22 först
667 1256 53 21 söka
733 1256 116 27 uppskatta
863 1256 56 21 rust-

92 1284 211 33 ningsskyldigheten
317 1285 32 20 uti
364 1285 117 26 penningar
495 1284 34 21 till
544 1284 37 21 det
595 1284 83 27 belopp,
690 1290 46 15 som
750 1283 41 22 den
805 1283 34 22 för
854 1286 65 25 ögön-

90 1310 85 24 Blicket
189 1315 69 24 utgör,
275 1313 38 21 och
328 1313 120 21 sedermera
462 1313 90 26 indraga
566 1312 108 27 beloppet.
696 1313 41 26 Jag
751 1312 68 21 måste
833 1312 33 22 för
875 1313 44 20 min

91 1340 38 22 del
143 1341 63 22 ställa
221 1342 43 26 mig
278 1341 28 27 pä
321 1347 25 16 en
361 1341 117 21 humanare
492 1341 77 26 grund.
599 1341 41 26 Jag
654 1341 42 21 kan
711 1340 47 22 icke
773 1346 51 16 anse
835 1342 31 20 att
876 1341 43 20 $tä-

93 1370 48 20 tens
162 1370 104 21 intressen
281 1369 68 22 under
370 1370 24 21 sä
416 1369 92 27 lyckliga
529 1369 223 25 finansförhällanden,
776 1373 46 17 som
843 1369 22 21 vi
885 1368 34 22 för

93 1398 134 21 närvarande
238 1397 87 22 befinna
341 1404 34 15 oss
390 1398 13 25 i,
414 1397 85 22 fordrar
512 1399 34 20 att
559 1403 50 16 man
624 1397 48 22 från
687 1403 26 16 eh
728 1397 51 22 liten
794 1397 35 21 del
843 1397 23 21 af
872 1397 47 29 lan-

90 1425 51 22 dets
161 1426 143 27 jordbrukare
325 1432 76 21 genom
424 1431 26 16 en
472 1426 67 26 högre
556 1425 138 27 beskattning
712 1425 54 22 skall
784 1427 51 25 taga
850 1427 33 20 ett
893 1425 26 21 så

91 1453 106 28 betydligt
214 1454 88 27 kapital,
318 1460 47 16 som
379 1455 99 27 omkring
492 1455 14 21 6
517 1453 23 24 '/2
554 1454 105 27 miljoner,
674 1453 83 22 hvilket
770 1453 70 22 skulle
854 1453 66 22 blifva
935 1457 3 1 '

89 1481 90 34 följden,
194 1482 45 23 ifall
261 1482 241 22 utskottsbetänkandet
520 1482 24 22 af
559 1482 116 21 ständerna
690 1484 81 25 antogs.'
801 1482 42 26 Jag
858 1485 61 27 anser

87 1512 39 25 att
148 1515 27 17 en
193 1511 110 26 längvarig
320 1510 52 22 häfd
390 1511 40 21 och
445 1511 61 33 billig
521 1511 82 26 Hänsyn
618 1510 33 22 till
665 1511 116 21 bestående
795 1505 125 43 egendörås-
