1100 1775
242 123 38 33 796
501 126 90 24 Borgarést.
603 126 43 19 1885.
669 126 25 19 20
702 125 49 23 April

286 196 133 23 Beträffande
440 196 104 22 klämmen
566 196 13 21 å
599 202 48 21 pag.
667 196 24 21 11
710 196 7 20 i
736 194 141 22 betänkandet
894 194 83 28 yttrade
994 193 33 27 sig

219 226 92 26 följande
325 226 77 21 talare:
776 241 3 1 N

286 254 56 22 Herr
356 254 133 22 Sundvall:
514 254 40 22 Vid
570 254 101 21 remissen
685 252 23 22 af
721 252 41 22 den
776 252 77 27 nädiga
867 252 157 27 propositionen

219 284 54 20 hade
285 283 37 27 jag
336 284 51 20 äran
403 282 82 28 päpeka
499 283 36 21 det
549 282 119 27 principielt
682 282 90 26 origtiga
786 282 30 20 uti
832 282 31 20 att
877 286 48 16 man
935 280 90 28 vädjade

219 312 33 21 till
274 311 157 27 kommunerna,
453 311 27 21 dä
501 317 48 15 man
571 311 49 21 ville
640 310 50 27 höja
703 310 200 22 folkskolelärarnes
919 309 38 21 och
972 309 56 21 lära-

220 340 109 21 rinnornas
344 340 66 26 löner,
430 340 67 20 under
511 340 36 20 det
561 345 54 20 man,
631 339 27 21 dä
673 339 36 21 det
723 338 67 27 gäller
805 338 26 22 de
846 338 60 21 lärda
921 338 106 26 skolorna,

219 368 46 22 icke
287 368 75 26 drager
384 368 7 21 i
413 368 136 21 betänkande
562 369 32 20 att
607 368 78 20 inrätta
701 367 39 21 den
755 373 40 15 ena
810 366 60 22 lärda
885 366 74 22 skolan
974 366 54 22 efter

219 396 40 22 den
274 396 66 21 andra
360 396 47 21 med
422 396 33 21 till
471 396 38 21 och
524 396 48 21 med
587 396 12 21 8
614 396 83 20 klasser
712 396 7 20 i
733 395 81 27 ganska
822 395 120 26 obetydliga
950 395 77 21 städer.

218 424 41 28 Jag
280 424 41 21 kan
343 424 82 22 säledes
440 424 81 26 ganska
534 424 34 21 väl
583 424 52 26 följa
648 423 104 21 utskottet
766 423 7 21 i
788 423 49 21 dess
852 423 132 26 motivering,
1000 422 27 22 dä

219 454 35 21 det
274 453 85 27 frängär
381 453 68 21 denna
470 453 86 26 princip,
579 452 26 21 dä
623 452 36 21 det
673 451 83 21 säledes
771 451 46 21 icke
832 450 73 27 vädjar
920 450 32 21 till
968 450 58 22 kom-

218 487 106 15 munerna.
353 481 42 26 Jag
408 481 42 20 kan
465 481 54 21 dock
533 481 45 21 icke
593 480 52 26 följa
659 480 36 20 det
709 480 69 20 deruti
793 481 32 19 att
839 479 36 21 det
890 480 86 20 stannar
990 479 35 20 vid

218 511 32 19 att
263 508 49 27 höja
326 508 201 22 folkskolelärarnes
542 508 38 21 och
595 508 157 21 .lärarinnornas
766 507 60 21 löner
841 506 75 22 endast
930 506 47 22 med
985 506 43 22 200

218 537 66 21 mark.
313 537 41 26 Jag
369 536 54 22 hade
438 536 89 27 hoppats
542 538 32 19 att
588 536 104 21 utskottet
706 535 69 21 skulle
790 535 48 21 med
846 534 123 22 statsmedel
977 534 49 27 höja

218 564 200 22 folkskolelärarnes
440 565 39 21 och
499 564 156 22 lärarinnornas
678 564 60 21 löner
752 564 48 21 med
814 564 43 21 400
871 563 66 21 mark.
966 563 62 21 Efter

219 594 41 21 den
280 594 155 26 framställning
456 593 23 22 af
498 592 201 23 folkskolelärarnes
721 592 39 22 och
778 592 156 22 lärarinnornas
950 592 77 21 ekono-

219 622 67 21 miska
308 622 107 27 ställning,
441 628 44 15 som
500 622 155 27 propositionen
671 621 123 26 innehäller,
808 621 76 26 trodde
897 621 37 27 jag
948 622 32 19 att
994 622 33 19 ut-

220 651 78 21 skottet
316 650 45 21 icke
377 650 68 21 skulle
460 652 75 19 stanna
549 650 35 21 vid
600 650 67 21 denna
682 649 48 27 läga
745 649 64 26 siffra,
824 649 42 22 200
881 649 65 21 mark.
976 649 50 21 Men

219 679 27 21 då
260 685 28 15 nu
303 679 118 20 emellertid
439 685 25 15 en
479 679 55 26 gång
549 678 75 21 sådant
637 678 39 21 har
691 678 63 26 skett,
771 677 23 22 sä
809 677 41 22 kan
863 677 37 27 jag
914 677 46 22 icke
976 677 51 28 hop-

218 713 38 21 pas
276 709 31 19 att
325 707 114 21 ständerna
458 713 88 15 numera
560 707 60 21 skola
635 707 47 20 med
697 707 123 20 statsmedel
836 706 41 21 öka
890 705 138 22 folkskolelä-

219 741 73 15 rarnes
307 735 38 21 och
364 735 156 21 lärarinnornas
535 735 65 21 löner.
628 735 42 26 Jag
684 734 67 21 mäste
766 734 71 21 derför
852 740 22 15 se
890 734 43 27 mig
948 740 33 15 om
996 735 32 20 att

220 765 31 19 att
268 763 22 21 få
304 763 27 27 pä
346 765 31 19 ett
391 765 64 19 annat
469 765 42 19 sätt
526 763 68 21 denna
609 763 62 21 deras
685 763 35 20 lön
735 762 83 27 förhöjd
834 762 38 21 och
888 764 30 19 ett
933 764 94 25 accepta-

219 792 45 21 belt
285 791 79 27 förslag
385 791 125 22 härutinnan
532 791 119 27 föreligger,
674 791 72 28 tyckes
767 791 36 21 det
816 791 50 26 mig,
881 791 7 21 i
903 791 89 22 friherre
1007 797 19 15 v.

219 819 67 22 Borns
302 820 136 21 reservation.
461 820 47 21 Han
523 820 38 21 har
575 819 110 27 föreslagit
699 821 32 20 att
745 819 149 22 kommunerna
904 819 68 22 skulle
979 819 49 27 höja

219 848 200 21 folkskolelärarnes
434 848 39 21 och
488 848 155 21 lärarinnornas
658 848 59 21 löner
729 848 46 21 med
786 848 41 21 100
834 847 60 21 mark
901 847 83 22 utöfver
992 848 36 21 det

220 877 54 20 hvad
289 876 11 27 &
316 877 39 20 117
371 876 7 20 i
393 876 254 26 folkskoleförordningen
668 875 101 27 pälägger
784 876 152 21 kommunerna
950 877 30 20 att
994 875 34 22 för

219 904 117 22 folkskolor
351 904 101 27 uppoffra.
481 904 47 22 Hän
547 906 39 25 gör
601 904 35 22 det
650 904 27 27 pä
692 904 39 22 den
747 904 73 26 grund,
836 906 32 20 att
882 904 41 22 han
938 904 38 22 har
991 904 36 22 be-

219 933 76 21 räknat
309 934 32 20 att
355 933 26 21 de
396 932 61 22 flesta
471 933 123 21 kommuner
609 933 64 21 redan
683 932 135 22 härförinnan
828 932 63 22 hafva
902 933 46 21 med
959 933 67 22 denna

220 968 80 15 summa
315 961 46 27 höjt
375 961 200 22 folkskolelärarnes
593 961 39 21 och
647 961 156 21 lärarinnornas
818 962 65 26 löner,
898 963 32 20 att
944 962 36 21 det
994 962 32 21 sä-

219 990 58 21 ledes
299 992 24 19 är
345 990 54 21 blott
421 990 95 26 omkring
537 990 29 22 50
579 990 130 26 kommuner,
725 996 44 15 som
784 990 122 27 ytterligare
921 990 69 22 skulle
1005 990 22 22 fä

219 1018 69 21 denna
309 1020 65 24 tunga
396 1018 32 27 sig
448 1018 83 27 pålagd.
561 1018 64 21 Detta
639 1018 39 21 har
692 1018 61 21 äfven
768 1018 118 27 öfvertygat
900 1019 42 27 mig
957 1019 25 21 sä
996 1020 32 20 att

217 1047 37 26 jag
269 1046 71 22 derför
355 1046 50 21 ville
420 1046 85 22 förorda
519 1046 54 22 hans
587 1046 86 27 förslag.
696 1046 42 27 Jag
752 1048 38 25 gör
805 1047 36 21 det
856 1047 63 21 ocksä
934 1047 24 21 sä
972 1052 55 22 myc-

218 1074 38 22 ket
276 1075 74 26 hellre,
372 1080 45 16 som
435 1075 37 27 jag
487 1075 38 21 har
539 1077 42 19 sett
595 1075 34 21 vid
645 1075 69 21 denna
728 1075 101 26 landtdag
844 1077 31 19 att
889 1081 47 15 man
951 1075 77 21 fortfar

219 1104 31 20 att
271 1102 55 22 ifrän
348 1103 211 21 landskommunerna
580 1103 125 27 petitionera
727 1109 33 15 om
782 1104 60 20 lärda
856 1104 77 21 skolor.
962 1104 65 21 Detta

218 1131 38 21 har
277 1131 75 21 skett
343 1127 12 36 i
368 1131 79 21 sådana
462 1132 192 26 landskommuner,
670 1138 51 20 som,
738 1132 87 21 oaktadt
839 1132 149 26 befolkningen
1002 1134 25 20 är

218 1159 80 28 ganska
313 1160 70 26 talrik,
399 1159 54 22 dock:
469 1160 64 21 hafva
547 1160 75 22 endast
636 1166 26 16 en
677 1160 52 22 eller
744 1160 36 22 två
794 1160 124 22 folkskolor.
947 1160 79 22 Lands-

218 1188 130 27 kommuner,
364 1189 79 21 sädana
457 1195 44 15 som
517 1189 79 27 Lappo,
611 1189 75 22 Ilmola
701 1189 39 22 och
754 1189 110 28 Kouhava,
872 1189 62 22 hafva
944 1189 83 22 förenat

219 1218 31 26 sig
265 1223 34 16 om
314 1219 32 19 att
359 1217 85 22 anhålla
459 1223 32 16 om
507 1224 26 15 en
547 1218 47 21 lärd
611 1217 54 22 finsk
681 1217 60 22 skola
755 1218 7 21 i
776 1217 63 26 Vasa,
855 1218 39 21 och
909 1218 65 21 likväl
988 1218 39 21 fin-

219 1252 37 15 nes
278 1246 66 26 enligt
362 1246 55 21 hvad
435 1246 36 27 jag
485 1248 36 19 vet
535 1246 7 21 i
557 1246 62 21 dessa
633 1248 64 24 stora,
713 1246 99 26 ofantligt
826 1246 92 21 folkrika
932 1247 94 20 kommu-

219 1281 38 15 ner
272 1274 54 21 blott
340 1281 26 14 en
381 1274 111 21 folkskola.
515 1275 42 20 Det
571 1276 23 19 är
609 1274 82 21 säledes
706 1275 48 20 med
770 1274 24 21 sä
807 1274 83 27 mycket
897 1276 68 19 större
973 1274 54 26 skäl,

219 1309 47 15 man
277 1303 41 21 kan
334 1303 91 27 pälägga
438 1302 151 22 kommunerna
603 1304 32 20 att
649 1303 41 20 öka
704 1302 200 22 folkskolelärarnes
920 1302 38 21 och
973 1303 55 21 lära-

219 1331 111 22 rinnornas
345 1332 66 26 löner,
426 1331 27 22 dä
468 1332 26 21 de
509 1331 62 22 hafva
585 1331 24 22 sä
623 1331 41 27 god
680 1331 37 21 råd
732 1333 32 19 att
777 1331 96 27 uppofira
887 1331 27 27 pä
928 1331 26 22 de
968 1331 60 21 lärda

220 1360 100 22 skolorna
338 1360 38 21 och
391 1360 126 27 petitionera
531 1366 34 15 om
581 1360 85 21 sädana.
695 1359 41 27 Jag
750 1359 69 22 skulle
834 1359 72 22 derför
920 1359 26 22 be
961 1361 32 19 att
1006 1359 22 21 fä

220 1389 85 21 förorda
320 1389 89 21 friherre
424 1395 19 14 v.
458 1388 67 22 Borns
540 1388 135 22 reservation.

287 1417 55 21 Herr
363 1417 128 26 Högman:
513 1417 40 26 Jag
571 1417 38 21 ber
624 1418 31 19 att
669 1416 22 21 fä
705 1416 86 21 förorda
805 1417 40 20 den
860 1416 23 21 af
896 1417 50 20 herr
961 1416 66 21 Sund-

219 1445 42 21 vall
284 1445 125 22 omnämnda
424 1446 163 25 reservationen,
603 1445 46 21 icke
664 1445 89 20 allenast
772 1445 23 20 af
808 1445 26 20 de
850 1445 52 26 skäl,
918 1451 45 15 som
978 1445 50 21 herr

220 1473 101 22 Sundvall
343 1473 116 22 framhållit
475 1474 7 20 i
501 1473 99 22 afseende
619 1473 12 21 &
650 1473 40 21 den
709 1473 45 21 deri
774 1473 120 26 föreslagna
909 1473 119 21 lönetillök-

219 1502 89 27 ningens
323 1502 83 27 belopp,
421 1503 50 20 utan
487 1501 63 22 också
564 1501 23 21 af
601 1501 39 21 den
656 1501 118 26 anledning,
790 1503 32 19 att
834 1501 37 27 jag
885 1501 89 22 alldeles
980 1501 47 22 icke

219 1530 41 21 kan
282 1530 72 21 förena
377 1530 43 26 mig
439 1536 33 15 om
491 1530 26 21 de
536 1529 173 26 betänkligheter,
727 1535 45 15 som
787 1529 104 22 utskottet
905 1529 39 21 har
958 1529 70 27 hyst
1017 1525 15 35 i
