1111 1773
293 146 6 6 «
386 132 94 22 Borgatest.
492 132 44 19 1885.
561 132 10 19 2
583 132 38 24 Maj.
860 134 34 18 935

94 200 168 22 Albolmsudden
281 206 27 16 en
326 200 143 28 kajbyggnad,
489 201 127 21 åtminstone
631 201 24 21 af
669 202 82 21 mindre
766 202 149 27 dimensioner,

93 229 62 21 torde
177 228 85 22 komma
280 229 7 20 i
307 229 67 27 fråga,
397 228 39 22 har
458 229 38 22 det
518 230 104 21 beräknat
639 230 146 22 kostnaderna
799 230 34 22 för
848 231 69 21 denna

93 256 63 22 korta
176 256 55 22 bana
249 257 25 21 sä
288 257 58 27 högt,
363 263 45 15 som
424 258 26 20 de
465 258 8 20 i
488 258 144 21 betänkandet
646 258 69 21 finnås
730 261 114 24 upptagna.
874 260 43 20 För

94 285 42 21 min
153 284 34 21 del
202 285 65 27 yrkar
279 284 38 28 jag
333 285 85 21 således
434 285 28 27 på
478 286 119 26 antagande
613 286 23 21 af
649 286 116 22 utskottets
776 287 141 21 betänkande.

162 312 56 22 Herr
232 312 106 22 Heikel:
354 313 96 21 Emedan
465 314 141 26 petitionären
621 314 51 27 sjelf
684 314 48 22 icke
747 316 23 19 är
785 315 40 21 här
840 315 77 21 tillstä-

93 342 44 25 des,
157 341 37 21 ber
211 341 38 27 jag
267 341 21 21 få
303 343 51 25 taga
369 341 53 22 hans
437 342 82 26 förslag
538 342 6 20 i
562 342 83 21 försvar
660 344 109 25 gentemot
783 343 50 21 herr
849 343 69 21 Sund-

93 369 55 21 valls
169 370 172 26 anmärkningar,
357 370 27 20 då
397 370 37 26 jag
449 371 99 20 närmare
563 370 81 21 känner
659 371 34 21 till
709 371 26 21 de
750 371 73 21 lokala
837 371 80 21 förhål-

93 397 92 21 landena
200 397 31 21 uti
246 397 164 27 ifrågavarande
426 398 34 20 del
476 398 23 21 af
512 398 79 21 landet.
613 398 62 21 Hvad
690 398 54 22 först
758 398 103 22 beträffar
868 400 50 21 herr

92 425 115 22 Sundvalls
222 426 100 26 yttrande
337 426 110 25 angående
462 426 109 21 Herrfors'
587 426 44 26 såg,
647 432 52 20 eger
713 427 36 20 det
763 428 34 20 sin
811 427 54 21 fulla
875 428 42 25 rig-

93 453 69 27 tighet
184 455 31 20 att
238 453 95 22 derifrån
352 453 68 22 finnes
439 455 115 25 vattenväg
572 454 32 21 till
621 454 130 21 Jakobstads
766 455 71 21 hamn.
867 455 51 22 Men

93 482 70 21 denna
184 481 182 22 kommunikation
382 483 24 20 är
421 481 23 22 af
458 482 40 21 den
514 482 153 27 beskaffenhet,
683 484 32 20 att
730 483 118 26 plankorna
863 483 55 22 först

94 510 68 21 måste
184 509 71 22 flottas
278 510 57 21 utför
354 510 54 21 Esse
428 510 18 26 å,
466 516 46 15 som
527 512 24 19 är
566 510 33 21 för
615 511 68 26 grund
699 513 32 18 att
745 511 72 21 kunna
831 511 86 22 befaras

93 538 23 21 af
129 538 85 27 pråmar
229 537 40 22 och
285 538 105 21 besvärad
405 538 24 21 af
442 539 31 20 ett
487 544 39 21 par
541 538 76 21 forsar.
639 538 41 21 Vid
696 539 38 20 åns
749 539 100 27 mynning
865 545 52 21 upp-

93 566 80 21 samlas
194 566 118 27 plankorna
327 566 39 21 och
381 566 67 21 lastas
462 566 28 26 på
504 566 92 27 pråmar,
612 566 72 22 hvilka
699 567 23 20 af
736 573 26 14 en
778 567 75 21 enkom
870 568 47 20 der-

93 593 33 22 för
141 594 140 21 underhållen
297 594 80 26 ångbåt
392 596 159 24 transporteras
567 600 25 15 en
607 594 49 21 mils
671 596 41 25 väg
722 595 33 20 till
767 595 64 21 Svinö
839 595 77 26 holme;

93 623 38 20 der
151 623 26 20 de
195 623 119 26 uppläggas
329 622 34 21 för
377 624 33 19 att
425 623 123 20 sedermera
563 622 46 22 åter
624 623 47 20 med
687 622 92 27 tillhjelp
795 623 24 21 af
831 623 86 26 pråmar

92 651 67 21 lastas
175 650 7 21 i
197 650 76 27 fartyg.
296 651 76 21 Denna
386 652 111 25 transport
511 652 25 19 är.
551 650 24 21 så
589 651 95 21 kostsam
700 651 38 21 och
754 651 109 22 dessutom
874 651 43 22 för-

93 679 84 21 ödande
192 679 33 21 för
239 679 112 25 trävirket,
367 679 27 21 då
410 679 41 21 den
467 679 79 26 sågade
561 681 99 18 trävaran
675 681 61 24 tager
751 679 68 21 skada
829 679 23 21 af
860 679 57 22 flott-

93 708 84 26 ningen,
192 709 33 19 att
240 707 37 20 det
292 707 55 21 efter
362 713 124 20 noggranna
501 706 149 27 beräkningar,
667 707 69 21 skulle
751 707 64 21 ställa
831 707 32 26 sig
879 708 36 21 be-

92 736 78 27 tydligt
183 735 100 27 billigare
298 737 32 19 att
345 735 76 26 sågens
436 735 118 27 produkter
567 736 159 25 transporteras
741 741 38 21 per
784 735 91 27 jernväg
882 735 33 22 till

90 764 133 21 Jakobstads
231 763 70 22 hamn.
323 764 76 26 Keppo
410 763 38 27 såg
458 763 75 27 ligger,
544 763 70 22 såsom
625 763 50 21 herr
686 763 102 22 Sundvall
795 764 86 26 uppgaf,
889 763 28 27 pä

92 793 68 21 andra
170 792 60 21 sidan
241 798 34 15 om
286 799 27 14 en
323 798 52 21 gren
386 792 24 21 af
418 791 122 28 Nykarleby
551 791 35 27 elf,
597 791 39 22 och
644 791 38 28 jag
691 792 47 21 icke
749 791 108 22 blott.tror
865 794 52 19 utan

91 821 37 26 jag
143 822 42 24 vet,
201 822 31 20 att
244 820 187 21 kommerserädet
450 820 72 26 Malm,
538 820 28 21 dä
580 820 41 21 han
637 819 79 22 utfäste
732 820 33 26 sig
779 822 33 19 att
827 820 89 27 bidraga

93 849 33 22 till
149 849 81 21 banans
249 849 113 26 byggande
380 849 50 21 med
445 848 69 21 denna
530 848 119 27 betydande
665 848 132 26 subvention,
813 854 38 15 var
866 848 50 21 fullt

93 877 88 23 betänkt
196 877 27 28 pä
238 878 32 20 att
284 877 28 27 pä
327 883 53 21 egen
396 877 118 25 bekostnad
529 876 88 27 vidtaga
630 877 110 26 anstalter,
751 876 34 22 för
795 878 33 20 att
837 876 22 22 fä
868 877 48 21 sina

92 908 98 20 trävaror
205 906 60 21 öfver
279 906 70 21 elfven
361 906 32 20 till
401 906 124 26 jernvägen.
549 905 34 21 Nu
593 905 69 21 mäste
671 905 41 21 han
723 905 47 21 föra
781 905 48 21 hela
839 905 76 27 Keppo

93 935 49 26 sågs
157 934 162 26 tillverkningar
334 934 49 20 med
398 934 59 20 foror
472 934 66 26 några
554 934 39 20 och
608 934 28 20 20
650 935 59 20 verst
723 933 32 21 till
771 933 64 21 Monä
849 933 66 21 lastå-

92 963 85 26 geplats
195 963 3 20 i
213 962 106 21 Munsala.
344 962 77 20 Denna
435 962 141 25 lastageplats
589 962 67 25 jemte
670 962 167 25 brobyggnader'
847 962 68 20 mäste

92 991 42 21 han
157 990 50 27 sjelf
229 990 44 21 helt
292 989 39 22 och
350 989 67 22 hället
434 989 133 26 underhälla,
583 990 68 26 jemte
670 989 37 22 det
723 989 42 20 han
783 989 68 21 under
865 989 50 21 hela

93 1019 164 26 lastningstiden
273 1018 39 21 har
325 1020 34 19 att
373 1018 91 21 bekosta
479 1017 112 22 derstädes
606 1017 70 22 skilda
686 1017 227 28 tulluppsyningsmän.

93 1047 50 22 Alla
157 1047 63 21 dessa
235 1046 151 22 omkostnader
401 1047 40 20 och
456 1045 117 28 omgängar
587 1046 71 21 kunde
673 1046 42 21 han
730 1046 77 27 undgä,
824 1051 33 16 om
874 1046 41 21 den

93 1075 122 26 föreslagna
228 1075 117 26 jernvägen
361 1075 102 26 utfördes,
480 1074 39 22 och
535 1074 72 21 dertill
622 1074 63 22 vinna
696 1075 40 20 den
747 1076 58 19 stora
816 1075 99 26 begväm-

93 1103 73 27 lighet,
185 1105 32 20 att
235 1103 51 26 sjelf
302 1103 8 21 i
329 1109 53 20 egen
402 1103 62 21 hamn
480 1103 72 21 kunna
567 1103 115 22 öfvervaka
697 1103 119 27 lastningen
831 1103 25 22 af
869 1104 46 21 sina

93 1133 103 20 trävaror.
221 1132 41 26 Jag
277 1133 46 20 tror
338 1131 73 22 derför
426 1133 32 19 att
470 1137 49 15 man
533 1131 47 22 icke
597 1131 101 22 behöfver
713 1131 92 27 betvifla,
821 1134 32 19 att
867 1132 47 21 icke

93 1161 64 21 dessa
179 1161 76 20 tvenne
278 1160 74 27 sägars
374 1159 164 28 tillverkningar
557 1159 61 22 skola
636 1159 86 22 komma
737 1160 40 21 den
793 1160 122 27 föreslagna

89 1189 118 26 jernvägen
222 1188 33 21 till
270 1189 62 26 godo.

161 1217 70 21 Sedan
251 1217 148 21 diskussionen
418 1217 89 21 härmed
526 1216 114 22 förklarats
656 1217 99 26 afslutad,
771 1217 71 21 beslöt
857 1217 57 21 stän-

92 1246 43 24 det,
158 1245 48 21 med
228 1245 139 21 förkastande
385 1245 23 21 af
424 1245 50 21 herr
494 1245 114 22 Sundvalls
623 1245 87 27 förslag,
726 1247 31 20 att
772 1245 7 21 i
795 1245 69 22 denna
879 1245 35 22 del

92 1273 114 28 godkänna
220 1273 116 22 utskottets
351 1273 135 22 betänkande
501 1273 145 22 oförändradt.
665 1282 3 3 *

161 1301 49 22 Med
226 1301 115 27 anledning
352 1301 23 22 af
382 1301 96 22 ståndets
487 1302 72 21 derom
568 1302 58 21 förut
633 1301 82 22 fattade
723 1301 71 22 beslut
801 1301 113 22 öfverlem-

92 1331 55 20 nade
162 1330 50 21 herr
226 1330 123 21 talmannen
363 1330 8 21 i
386 1330 154 27 sammanhang
549 1330 88 21 härmed
647 1330 33 21 till
691 1330 96 21 ståndets
797 1330 117 26 afgörande

90 1358 219 27 jernvägsutskottets
324 1358 31 21 uti
370 1357 113 22 skrifvelse
499 1357 23 22 af
536 1358 40 21 den
591 1359 29 21 29
634 1358 136 21 sistförvikne
785 1358 54 27 april
850 1357 64 22 fram-

92 1387 71 21 stälda
184 1386 87 27 förslag,
291 1388 31 19 att
340 1386 86 21 ståndet
444 1386 51 21 ville
510 1386 127 27 bemyndiga
651 1386 127 27 regeringen
793 1388 32 19 att
840 1388 74 25 uttaga

93 1415 40 21 den
144 1414 23 21 af
173 1414 183 21 kommerserådet
366 1414 50 22 Otto
427 1415 25 20 A.
462 1414 66 21 Malm
538 1413 114 22 utfärdade
662 1414 151 26 förbindelsen,
823 1416 32 19 att
865 1415 49 24 med

93 1449 26 15 en
138 1449 83 15 summa
239 1442 23 21 af
278 1443 93 25 200,000
385 1442 61 22 mark
462 1442 90 27 bidraga
566 1443 34 21 till
615 1442 143 22 kostnaderna
773 1443 34 20 för
821 1443 93 26 byggan-

93 1471 37 21 det
144 1471 24 20 af
182 1477 24 14 en
222 1471 78 20 bibana
310 1471 33 20 till
354 1470 126 27 Jakobstad,
491 1470 47 21 från
548 1470 103 21 Finlands
661 1470 63 26 bank,
736 1471 38 20 der
784 1471 129 25 densamma;

90 1499 86 26 jemlikt
190 1499 189 27 borgareståndets
394 1499 41 21 den
447 1499 14 21 2
472 1498 98 22 sistlidne
581 1498 94 22 februari
686 1498 81 22 fattade
777 1498 78 26 beslut,
865 1498 50 21 blif-
