1109 1773
371 139 93 21 Borgarest.
474 138 45 19 1885.
540 140 13 17 5
562 139 40 23 Maj.
839 140 33 18 961

77 208 133 22 närvarande
226 207 114 22 bedrifves.
368 207 42 27 Jag
424 209 36 19 vet
474 207 46 22 icke
535 208 105 21 huruvida
650 208 246 28 utskänkningsbolagen

79 236 53 22 böra
153 235 114 22 ähvälfväs'
285 238 99 19 ansvaret
404 235 34 22 för
453 236 69 21 denna
536 236 85 22 tillväxt
633 237 9 20 i
656 236 169 22 konsumtionen.
854 238 43 26 Jag

80 265 37 21 vill
132 264 136 22 åtminstone;
275 264 47 22 icke
337 264 62 27 påstå
413 264 42 26 det,
470 270 48 16 men
533 265 34 21 väl
588 264 67 22 måste
668 265 38 27 jag
721 267 51 25 säga
786 267 32 19 att
830 266 67 22 också

74 294 42 27 jag
130 294 64 26 hyser
208 292 83 28 många,
306 293 82 27 ganska
402 294 58 20 stora
476 292 170 27 betänkligheter
660 296 44 19 mot
720 294 58 21 detta
788 294 108 27 monopol-

78 324 86 26 system,
184 320 120 23 derför'att
316 321 38 27 jag
368 320 59 28 tyckt
445 321 43 27 mig
503 320 57 23 finna
574 323 32 19 att
620 322 140 27 polismagten
775 324 45 20 mot
833 322 63 22 dessa

78 351 64 26 bolag
160 350 47 22 icke
226 349 93 23 befinner
334 350 33 26 sig
385 350 3 20 i
404 355 81 15 samma
500 350 101 26 ställning
614 355 46 15 som
676 352 108 24 gentemot
799 350 97 22 enskilda

78 378 262 22 bränvinsutminuterare.
363 378 73 21 Större
451 377 158 22 konsideration
624 378 106 27 iakttages
737 378 107 28 nemligen
852 381 45 20 mot

76 409 34 20 ett
124 408 70 26 bolag,
210 407 7 21 i
231 406 81 22 hvilket
326 407 86 21 stadens
427 408 55 20 mest
496 406 77 22 aktade
588 406 139 28 medborgare
742 409 36 19 äro
795 408 101 21 medlem-

78 442 53 20 mar,
153 438 27 19 än
202 435 123 21 hvad''som
347 434 102 22 behöfver
466 434 106 28 iakttagas
590 437 45 19 mot
653 442 26 14 en
698 436 75 26 simpel
788 436 33 20 till
837 436 59 27 lägre

76 465 56 21 eller
147 464 155 22 medelklassen
318 463 95 22 hörande
429 463 97 27 krögare.
548 464 65 21 Detta
628 463 132 23 förhällande
775 470 63 21 synes
852 465 44 27 mig

78 494 54 20 böra
153 495 61 25 tagas
232 492 7 22 i
255 492 148 22 betraktande.
433 492 33 21 En
488 492 56 21 känd
564 492 38 22 sak
620 494 24 19 är
663 493 107 21 dessutom
786 494 32 20 att
833 494 63 21 dessa

77 521 221 27 utskänkningsbolag
319 520 63 22 hafva
404 520 90 22 förlorat
512 522 79 20 största
610 521 60 21 delen
686 521 24 21 af
722 522 37 20 det
773 520 123 24 förtroende

78 551 27 20 de
123 550 93 27 ätnjutit.
244 549 43 21 Det
305 551 25 19 är
344 549 46 21 icke
405 555 45 15 mer
465 551 26 18 än
507 551 31 19 ett
553 549 53 21 eller
620 549 36 21 tvä
670 549 25 21 är
710 550 65 20 sedan
790 556 26 14 en
831 550 65 27 depu-

76 579 68 21 tation
167 578 99 22 afsändes
284 578 47 20 frän
350 577 99 27 England
464 578 32 20 till
512 577 115 27 Göteborg,
643 577 33 21 för
691 580 32 19 att
737 580 50 24 taga
803 579 51 20 reda
868 579 28 26 pä

76 607 38 21 det
129 607 25 21 sä
174 606 85 27 mycket
270 606 114 27 beprisade
399 606 143 26 göteborgska
556 608 108 25 systemet.
688 606 42 27 Jag
745 606 39 22 har
798 606 42 22 läst
854 607 42 21 den

78 637 94 26 rapport,
195 640 45 16 som
253 634 152 28 deputationen
424 633 64 28 afgaf,
507 634 37 22 och
564 635 39 21 har
617 634 69 22 funnit
701 637 31 19 att
747 636 40 20 den
799 635 49 21 icke
863 637 33 20 ut-

76 664 74 22 talade
168 664 33 26 sig
219 663 138 27 fördelaktigt
372 669 33 15 om
421 662 63 22 dessa
499 663 225 27 utskänkningsbolag.
754 663 48 22 Den
816 664 80 22 uttalar

76 695 94 19 tvärtom
192 694 32 19 att
244 692 251 26 utskänkningsrörelsen
517 692 65 20 sädan
602 692 38 20 den
661 692 106 21 bedrifves
786 692 110 22 derstädes

77 721 48 21 icke
147 721 27 27 pä
192 720 64 27 något
274 722 43 20 sätt
335 720 75 27 stäfjar
428 719 233 28 dryckenskapslasten.
690 720 157 27 Deputationen
863 727 33 15 er-

77 749 35 22 for
130 750 38 21 der
186 748 80 28 ganska
285 750 59 20 snart
358 750 32 20 att
405 748 27 21 de
446 748 112 27 principer,
575 754 45 15 som
635 748 57 22 förut
707 749 55 21 hade
778 748 44 22 ledt
837 749 58 21 bola-

77 780 43 26 get,
144 778 69 22 säsom
235 780 15 19 t.
270 784 32 15 ex.
319 778 49 26 den,
382 778 33 20 att
430 777 46 21 icke
492 777 104 21 utskänka
611 777 74 21 starka
700 778 90 27 drycker
806 780 88 26 ensamt,

78 809 51 19 utan
146 808 8 20 i
168 807 97 27 förening
280 807 48 21 med
343 808 51 24 mat,
408 806 48 21 icke
470 812 46 16 mer
530 806 114 27 iakttogos,
660 806 39 22 och
706 806 36 28 jag
750 807 42 21 kan
799 807 96 27 tillägga,

78 838 38 24 att,
133 836 69 21 sävidt
215 836 37 26 jag
267 836 38 20 har
320 836 43 26 mig
377 834 85 27 bekant,
478 835 38 21 har
532 837 30 19 ett
577 834 75 22 sädant
666 835 123 21 förfarande
797 835 46 21 icke
851 836 45 21 hel-

78 864 33 22 ler
126 864 110 27 iakttagits
251 864 39 21 här
304 864 8 21 i
326 863 142 27 Helsingfors,
484 865 55 19 samt
553 864 33 21 att
600 870 48 14 man
656 864 81 27 ganska
745 863 44 22 ofta
797 864 28 27 pä
833 864 63 22 dessa

77 893 234 26 utskänkningsställen
326 893 34 20 fär
374 898 24 15 se
406 891 143 22 öfverlastade
557 893 169 26 personer
665 887 10 37 i
686 887 47 37 stor
732 893 84 26 mängd.
839 893 57 22 Herr

79 922 116 21 Rönnbäck
216 921 40 21 har
277 921 117 22 framhållit
416 922 32 19 att
469 920 161 22 konsumtionen
652 921 24 21 af
692 921 73 21 starka
784 921 111 27 drycker
879 916 18 36 i

79 951 67 26 nägra
164 950 74 21 länder
256 950 41 20 kan
316 950 55 26 stiga
389 949 81 26 ganska
484 949 58 26 högt,
556 951 51 19 utan
623 951 31 19 att
669 949 72 22 derför
755 949 140 27 fyllerilasten

79 979 103 21 behöfver
203 977 77 22 florera
301 978 39 21 och
362 977 120 26 äberopade
500 977 70 21 säsom
588 978 96 26 exempel
699 978 66 27 härpä
779 978 116 21 Danmark.

80 1006 56 22 Herr
150 1006 117 22 Rönnbäck
282 1006 38 21 har
335 1008 51 19 utan
401 1005 74 22 tvifvel
490 1007 44 20 rätt
547 1005 47 22 deri
609 1007 37 25 att,
662 1006 27 21 dä
704 1013 47 14 man
765 1005 78 28 jemför
851 1009 45 19 sär-

80 1035 72 22 skilda
166 1035 75 22 länder
255 1035 48 21 med
318 1035 125 25 hvarandra,
459 1034 41 21 kan
516 1040 48 15 man
579 1035 6 20 i
602 1035 58 20 detta
670 1035 100 21 afseende
778 1035 47 21 icke
834 1036 63 21 strikt

80 1064 59 21 hålla
160 1064 28 27 pä
209 1063 160 22 konsumtionen
388 1069 38 20 per
444 1063 109 26 invånare;
570 1068 47 16 man
634 1063 66 22 måste
716 1063 64 22 också
794 1063 56 22 fästa
864 1064 32 21 af-

79 1092 80 21 seende
181 1091 35 22 vid
238 1092 26 20 de
287 1091 159 26 lefnadsvilkor,
464 1091 72 21 hvilka
551 1093 37 19 äro
604 1091 93 21 rådande
712 1092 38 20 hos
766 1091 63 21 dessa
843 1092 53 22 folk.

80 1120 39 21 Ett
140 1120 51 26 folk,
214 1125 45 15 som
282 1121 23 19 är
323 1120 43 20 rikt
384 1119 40 21 och
443 1119 37 21 der
496 1121 68 19 större
579 1119 105 22 vällefnad
700 1122 24 19 är
739 1120 99 26 rådande,
854 1120 42 22 kan

80 1150 52 20 utan
154 1148 73 22 tvifvel
248 1148 64 21 äfven
334 1148 127 21 konsumera
484 1148 143 27 spritdrycker
645 1148 33 21 till
694 1150 68 20 större
777 1148 77 28 belopp
869 1151 28 20 än

80 1179 33 20 ett
130 1177 72 27 fattigt
220 1176 50 27 folk,
289 1179 50 19 utan
354 1178 33 20 att
401 1182 48 15 man
465 1176 41 21 kan
522 1178 51 26 säga
586 1178 34 20 att
634 1177 36 21 det
685 1177 24 21 så
724 1176 84 28 mycket
821 1180 33 19 tär
869 1178 28 27 på

80 1206 50 22 dess
152 1206 62 28 fysik.
244 1205 60 21 Dock
325 1205 67 21 måste
408 1205 37 27 jag
460 1204 112 22 framhålla
587 1207 32 19 att
633 1206 105 27 exemplet
751 1205 25 21 af
788 1205 110 23 Danmark

80 1235 8 21 i
102 1235 60 21 detta
176 1234 38 22 fall
230 1240 37 15 var
284 1234 134 27 synnerligen
435 1234 101 27 olyckligt
550 1234 65 20 valdt.
644 1234 29 21 Af
686 1235 44 21 alla
744 1234 74 21 länder
832 1235 7 21 i
855 1236 43 20 Eu-

82 1270 52 22 ropa
155 1262 101 23 framstår
273 1262 109 22 Danmark
400 1262 69 21 såsom
485 1264 31 20 ett
529 1262 91 28 sorgligt
635 1264 94 26 exempel
745 1262 33 28 på,
794 1263 104 22 hvarthän

80 1298 28 16 en
124 1292 141 22 öfverdrifven
284 1292 136 21 konsumtion
436 1290 24 22 af
474 1291 72 21 starka
561 1291 90 27 drycker
665 1292 41 20 kan
721 1292 49 21 leda
784 1292 40 21 och
840 1293 59 21 detta

81 1320 123 22 framhålles
226 1320 62 21 äfven
307 1320 7 21 i
332 1320 44 21 alla
394 1319 87 21 arbeten
500 1320 7 20 i
522 1320 125 20 hithörande
662 1322 82 20 ämnen.
774 1320 33 22 De
822 1321 83 21 under-:

80 1350 124 26 sökningar,
227 1354 45 16 som
287 1349 8 21 i
308 1349 61 21 detta
387 1348 101 21 afseende
510 1348 90 21 anstälts
620 1348 1 20 i
636 1348 115 26 Danmark,
766 1348 133 29 ådagalägga

81 1380 34 18 att
128 1377 137 27 ingenstädes
279 1377 9 21 i
301 1377 87 26 Earopa
402 1376 41 21 den
456 1376 113 27 omåttliga
583 1376 131 27 förtäringen
729 1377 23 21 af
758 1377 74 21 starka
839 1378 60 27 dryc-

82 1406 40 21 ker
144 1408 24 18 är
191 1407 75 24 större,
288 1404 136 28 ingenstädes
446 1404 142 26 förekommer
606 1404 24 21 sä
646 1405 75 27 mänga
736 1405 37 21 fall
788 1405 24 21 af
825 1406 74 21 äkten-

81 1434 211 27 skapsskiljsmessor
314 1434 38 20 och
373 1433 137 26 ingenstädes
533 1435 24 19 är
578 1433 82 21 antalet
677 1434 167 22 sinnesrubbade
860 1434 39 22 och

81 1462 149 27 sjelfmördare
244 1462 32 27 pä
286 1462 69 26 grund
370 1461 24 21 af
406 1460 172 28 dryckenskapen
594 1460 24 22 sä
631 1463 56 19 stort
699 1462 8 21 i
722 1462 132 22 förhållande
865 1462 34 22 till

80 1490 152 28 folkmängden
255 1496 44 15 som
317 1491 7 20 i
343 1489 115 22 Danmark.
487 1489 79 22 Derför
586 1489 100 21 framstår
707 1490 66 22 också
790 1490 110 24 Danmark

82 1520 70 22 såsom
172 1521 30 21 ett
220 1519 90 22 enstaka
328 1518 94 27 exempel
442 1518 27 27 pä
487 1518 54 21 hvad
560 1518 160 28 lagstiftningen
735 1519 42 21 kan
792 1519 65 22 verka
872 1520 28 21 dä

82 1549 42 21 den
147 1549 80 21 tillåter
244 1554 29 15 en
289 1547 133 27 obegränsad
440 1546 243 28 utskänkuingsrörelse,
697 1548 82 21 tillåter
792 1547 53 22 hvar
860 1548 40 30 och

809 1587 22 25 el
