1114 1728
219 114 41 34 684
492 118 91 23 Borgarest.
595 118 43 20 1885;
663 118 17 20 9:
686 117 52 23 April:

201 186 76 22 hunnit
291 189 51 24 taga
357 186 123 21 kännedom
495 192 38 15 om.
544 187 126 21 detsamma.
699 186 85 27 Frågan
798 188 23 19 är
834 185 134 28 visserligen
976 189 60 27 svån,

201 221 49 16 men
261 215 55 22 efter:
327 215 45 21 den
386 215 148 21 uttömmande
548 214 122 22 diskussion
684 215 40 21 här
739 216 37 25 egt
790 220 50 19 rum,
856 219 67 21 synes
938 216 98 29 den,mig

201 249 52 16 vara
268 247 77 22 mogen.
361 243 35 21 för
411 243 84 26 slutligt
510 243 123 26 afgörande.

271 277 62 21 Herr:
349 276 81 21 Lille:
460 276 156 21 Diskussionen
634 282 64 21 synes
714 277 43 26 mig
772 276 19 27 ej
807 275 63 22 hafva
885 277 61 21 varit
961 279 27 22 sä
1002 282 34 19 ut-

202 305 122 22 tömmande
340 306 34 19 att
388 303 48 22 icke
450 304 66 26 något
530 306 48 25 nytt
590 305 91 26 uppslag
695 305 8 20 i
718 304 61 27 fråga
793 303 69 22 kunde
877 303 92 25 komma
979 307 57 23 fram

203 333 40 21 och
256 333 46 27 just
316 333 51 21 med
383 332 115 26 anledning
513 332 63 21 deraf
589 333 71 21 skulle
672 333 39 26 jag
726 333 58 21 hålla
798 332 26 27 på
837 333 33 19 att
878 332 80 27 frågan
966 336 70 22 måtte

203 361 130 27 bordläggas
349 360 35 21 till
399 360 69 22 första
482 360 85 26 plenum
583 360 7 21 i
605 362 63 20 nästa
682 361 73 21 vecka.

273 395 56 21 Herr
344 394 155 22 Rönnbäck:
521 394 34 22 Då
570 394 105 26 antagligt
689 396 25 19 är
728 396 33 20 att
773 393 184 28 jernvägsfrågan.
970 398 67 22 också

204 424 96 21 kommer
315 424 32 20 att
363 422 92 26 begäras
470 422 29 27 på
513 422 75 22 bordet
602 422 24 22 af
640 422 37 21 två
691 423 137 21 medlemmar
842 421 40 21 och
893 422 43 23 den
948 424 88 25 således

205 452 20 26 ej
247 451 103 21 kommer:
368 452 33 20 att
422 451 94 26 upptaga
535 450 97 22 ståndets
646 451 32 21 tid
693 450 7 22 i
716 456 92 21 morgon,
822 449 26 21 sä
862 450 73 22 skulle
949 452 40 28 jag
1004 454 33 22 fö-

205 479 58 21 reslä
277 481 32 19 att
324 479 63 21 detta
401 478 80 22 ärende
496 478 70 22 skulle
577 478 130 28 bordläggas
718 479 33 21 till
760 478 171 27 morgondagens
939 482 96 25 plenum.

274 508 56 21 Herr
350 506 106 22 Heikel:
481 506 42 28 Jag
540 507 39 21 ber
597 508 33 20 att
648 507 24 22 fä
688 507 130 22 understöda
835 506 53 21 herr
902 507 134 27 Rönnbäcks

206 536 87 26 förslag,
309 536 28 20 dä
352 536 59 20 tiden
428 535 66 21 redan
510 535 71 27 börjar
597 535 94 22 brådska
706 536 39 21 och
761 535 69 21 denna
841 533 65 28 fråga
919 536 90 24 således
1016 539 24 27 ej.

205 564 41 22 bör
260 564 27 27 pä
301 564 77 26 längre
393 563 33 21 tid
439 563 136 27 bordläggas.
604 563 49 21 Den
668 563 40 22 har
722 564 114 24 dessutom,
852 562 73 23 säsom
937 567 98 26 nämndt,

206 592 67 22 redan
288 592 56 21 varit
359 592 88 21 utdelad
463 591 60 21 öfver
537 598 27 15 en
579 591 77 23 veckas
672 592 38 22 tid.

275 620 57 22 Herr
347 620 141 27 Lindblom
504 620 102 22 förenade
622 620 32 26 sig
670 620 48 21 med
733 620 51 22 herr
798 618 124 24 Rönnbäck,

275 649 56 21 Herr
351 648 107 21 Öhman:
483 648 42 27 Jag
543 648 39 21 har
601 648 19 27 ej
639 648 66 26 något
720 650 58 20 emot
795 648 31 21 att
840 646 80 28 frågan
934 649 104 29 bordläg-

208 682 39 21 ges
259 677 34 20 till
307 676 174 27 morgondagens
489 676 99 27 plenum.

275 705 35 21 Då
324 707 80 18 tvenne
419 704 139 22 medlemmar
572 705 24 20 af
610 704 86 22 ståndet
711 704 90 22 anhållit
814 709 33 15 om
864 703 93 28 frågans
969 708 68 25 ytter-

207 733 68 27 ligare
297 733 165 26 bordläggning,
484 732 46 22 blef
549 732 172 22 statsutskottets
739 731 144 23 förevarande.
898 732 143 25 betänkande

207 761 42 22 N:o
265 762 13 21 6
293 761 55 26 ånyo
358 761 122 26 -bordlagdt
494 761 33 21 till
543 761 171 26 morgondagens
728 761 91 27 plenum.

276 863 57 22 Från
351 862 143 27 lagutskottet
508 862 56 23 hade
578 863 118 24 ankommit
711 863 40 21 och
766 861 111 30 föredrogs
886 867 26 20 en
923 863 115 27 skrifvelse

208 891 24 22 af
245 891 95 28 följande
355 890 105 22 innehåll:
483 890 1 3 '

311 959 66 21 «Till
391 959 151 27 Vällofliga
558 959 226 26 Borgareständet

712 1004 47 21 från
774 1003 158 26 Lagutskottet.

277 1062 71 22 Jemte
364 1061 99 22 anmälan
478 1063 33 19 att
525 1060 166 28 Lagutskottets
706 1060 32 21 tid
753 1059 23 22 af
790 1058 79 27 nådiga
875 1062 163 29 Propositionen

208 1090 111 27 angående.
334 1090 80 21 allmän
430 1089 97 27 strafflag
542 1095 27 16 m.
585 1095 27 17 m.
628 1089 84 23 komme
728 1091 32 22 att
775 1087 25 32 så
814 1089 105 25 upptagas
935 1092 32 20 att
982 1091 61 22 stör-

208 1118 33 23 sta
257 1117 62 23 delen
334 1117 25 22 af
368 1118 26 21 de
404 1117 34 23 till
448 1117 118 25 utskottets
576 1117 130 27 behandling
719 1112 124 41 hänskjutna
854 1112 190 41 petitionsfärslag.

209 1147 48 23 icke
279 1147 68 22 under
368 1146 145 23 innevarande
532 1147 105 25 landtdag
654 1145 71 23 kunde
742 1145 88 30 komma
848 1144 68 25 under
930 1147 107 30 pröfning,

210 1175 75 28 derest,
302 1174 48 27 icke
370 1174 116 23 utskottets
501 1174 126 26 ledamöter,
642 1174 28 29 pä
685 1175 44 22 sätt
743 1174 29 21 30
787 1171 12 28 $
814 1178 8 15 i
836 1172 201 29 landtdagsordnin-

209 1209 42 22 gen
266 1202 127 27 medgifver,
408 1200 82 31 ökades
504 1202 41 23 och
559 1201 108 24 utskottet
681 1202 93 24 sålunda
788 1200 112 30 beråddeg
908 1202 86 28 tillfälle
1005 1205 34 25 att

209 1231 84 24 fördela
312 1231 34 28 sig
364 1231 30 28 på
411 1230 141 27 afdelningar,
568 1231 39 23 har
623 1230 111 26 utskottet,
750 1235 46 17 som
813 1225 83 28 befarat
910 1231 32 24 att
956 1230 81 29 svårig-

207 1260 38 23 het
259 1259 34 22 för
309 1253 124 38 Ständerna.
445 1259 70 26 skulle
530 1259 79 27 uppstå
622 1260 33 20 att
669 1253 73 38 härtill
754 1253 54 38 finna
818 1257 100 30 lämpliga
928 1265 109 22 personer,

209 1288 32 21 uti
259 1287 126 22 skrifvelser
400 1287 34 21 för
450 1288 41 21 den
506 1287 29 22 24
549 1287 99 22 sistlidne
664 1287 59 21 Mars
737 1287 35 21 till
788 1285 121 25 Ständerna
924 1287 114 23 öfverlem-

209 1318 38 19 nat
261 1317 32 20 att
308 1317 74 20 härom
399 1315 91 22 besluta.
902 1320 1 3 N

277 1344 50 21 Med
350 1344 117 27 anledning
490 1343 63 22 häraf
573 1343 41 22 har
635 1343 154 28 Lagutskottet
810 1341 41 32 fätt
872 1342 48 22 frän
938 1344 100 27 samtliga

209 1372 63 23 stånd
291 1372 110 26 emottaga
418 1372 206 26 protokollsutdrag,
643 1372 113 21 utvisande
776 1371 33 20 att
826 1370 158 28 Ridderskapet
998 1373 40 21 och

209 1400 68 22 Adeln
294 1402 56 20 samt
365 1400 183 26 Borgareständet
562 1400 90 21 beslutit
666 1400 94 23 anmoda
774 1397 106 22 utskottet
889 1400 32 21 att
923 1400 116 23 inkomma

208 1428 49 22 med
273 1430 31 20 ett
319 1428 109 22 bestämdt
442 1428 100 22 affattadt
557 1428 82 26 förslag
653 1428 34 21 till
702 1428 42 23 den
760 1426 84 26 åtgärd,
860 1422 89 37 hvartill
959 1429 79 25 utskot-

208 1458 33 20 tet.
254 1456 35 22 för
303 1457 34 21 sin
352 1456 36 22 del
403 1457 81 27 ansäge
499 1457 28 21 de
541 1456 25 22 af
578 1456 106 22 utskottet
698 1454 106 28 uppgifna
814 1456 179 26 omständigheter
1000 1457 39 24 bör

208 1491 26 15 ra
251 1484 119 27 föranleda,
390 1485 69 21 under
478 1485 38 21 det
533 1486 32 20 att
580 1484 88 22 Preste,
681 1484 40 22 och
736 1482 166 24 Bondeständen
916 1487 74 25 angett:
1000 1487 38 23 nö-

209 1514 47 26 digt
277 1515 33 20 att
331 1512 111 22 förstärka
459 1513 113 27 utskottet,
590 1513 166 21 Presteständet
774 1511 50 21 med
842 1510 46 28 fyra
902 1512 38 22 och
954 1513 85 22 Bonde-
