1109 1773
375 142 92 24 Borgarest;
479 143 45 20 1885.
547 144 10 18 7
568 144 42 23 Maj.
839 139 55 25 1028

78 209 137 22 kommuner"
231 210 66 22 måtte
311 210 126 27 bibehållas,
454 217 47 16 men
514 212 111 22 deremoti
641 213 67 21 andra
719 215 116 20 momentet
847 214 59 22 detta

80 238 39 21 ord
134 238 65 22 måtte
217 240 93 20 ersättas
325 240 49 21 med
390 239 156 27 ,kommuner",
562 240 27 27 på
605 241 26 21 de
647 241 46 21 skäl
712 241 50 21 herr
776 242 78 27 Elving
869 239 37 25 an-

80 266 68 26 förde,
159 267 48 21 att
204 262 13 38 i
223 266 186 23 stadskommuner
424 268 74 21 läkare
513 268 62 21 alltid
586 269 85 21 komma
682 271 32 20 att
725 270 75 26 finnas,
816 271 90 21 emedan

68 311 3 3 -
79 294 128 28 förtjensten
225 295 34 21 för
277 295 74 22 läkare
371 296 38 21 der
427 298 25 18 är
471 298 70 20 större
560 298 27 20 än
606 297 27 27 pä
652 297 79 22 landet.
761 298 103 22 Deremot
882 300 25 20 är

80 322 36 22 det
130 322 47 22 icke
193 324 64 26 sagdt
271 325 32 19 att
318 324 52 21 vära
385 324 119 22 smästäder
522 324 47 22 icke
589 331 50 16 vore
662 326 7 21 i
688 326 66 22 behof
773 326 23 21 af
813 327 93 26 sjukstu-

80 356 49 21 gor;
144 352 22 26 ty
183 352 37 20 det
235 352 42 20 kan
293 352 45 20 ofta
353 358 52 15 vara
421 352 86 22 svärare
522 352 7 21 i
545 359 26 15 en
587 354 49 20 stad
651 355 27 19 än
693 354 28 26 pä
739 354 73 21 landet
827 356 32 20 att
874 361 32 15 er-

80 378 58 22 hålla
153 385 26 15 en
195 379 75 21 fredad
285 380 56 26 plats
357 380 34 21 för
406 380 26 20 de
448 380 72 26 sjukes
535 380 60 22 vård.

152 406 70 22 Sedan
246 407 149 22 diskussionen
417 408 133 22 beträffande
573 409 107 21 allmänna
702 410 205 22 besvärsutskottets

82 435 164 27 ifrägavarande
262 435 134 22 betänkande
407 442 34 15 n:o
454 437 27 21 14
491 436 116 23 förklarats
622 437 100 27 afslutad,
733 439 113 27 uppstälde
857 439 50 21 herr

80 464 123 22 talmannen
218 464 94 27 följande
329 464 288 28 omröstningsproposition:

148 491 43 27 De,
207 492 68 22 hvilka
288 492 115 28 godkänna
417 492 108 22 utskottets
539 493 82 27 förslag
637 493 32 21 till
687 494 115 22 resolution
816 495 49 21 med
878 494 28 22 el-

82 520 31 22 ler
127 522 52 20 utan
194 521 25 21 de
234 521 47 21 deri
293 520 120 28 föreslagna
429 522 125 26 ändringar,
570 524 57 19 rösta
639 522 37 28 ja;
695 522 31 26 de,
742 523 34 21 det
790 522 43 22 icke
846 525 61 25 göra,

80 550 58 20 rösta
152 548 46 28 nej;

148 577 75 21 vinner
237 577 41 28 nej,
294 577 40 21 har
348 578 85 20 ståndet
444 578 80 27 antagit
534 578 50 21 herr
595 578 86 22 Heikels
694 579 211 27 resolutionstörslag.

148 606 77 21 Denna
247 606 133 27 proposition
403 606 129 22 besvarades
555 607 49 21 med
626 606 27 22 38
671 607 24 27 ja
713 608 40 20 och
773 608 25 20 11
817 608 34 26 nej
867 608 40 22 och

81 634 114 27 uppstälde
211 634 50 22 herr
279 634 128 26 talmannen,
427 635 48 21 med
491 634 115 28 anledning
621 634 24 22 af
662 636 59 20 detta
740 635 96 22 ständets
855 642 51 22 nyss

81 662 82 22 fattade
179 662 78 27 beslut,
276 662 132 22 beträffande
424 663 36 21 det
478 663 13 21 &
509 663 39 21 sid.
570 664 25 20 17
614 664 7 20 i
639 663 145 22 betänkandet
801 664 105 26 ingäende

80 691 69 21 första
163 690 104 28 förslaget
282 691 33 21 till
331 691 117 21 resolution
463 691 96 27 följande
574 692 288 27 omröstningspreposition:

150 718 41 27 De,
210 718 69 22 hvilka
296 719 113 27 godkänna
429 719 51 21 1:sta
499 721 110 19 momentet
626 720 16 20 i.
652 719 107 22 utskottets
773 720 133 22 resolutions-

82 746 87 28 förslag,
185 749 57 19 rösta
255 746 36 28 ja;
307 747 31 25 de,
355 748 37 20 det.
401 746 44 22 icke
458 749 58 25 göra,
532 748 58 20 rösta
604 748 46 28 nej;

150 775 75 21 vinner
239 775 40 26 nej,
295 775 40 21 har
351 775 171 27 borgareständet
540 776 81 26 antagit
638 776 34 20 det
691 776 24 26 af
729 776 49 21 herr
793 776 113 27 Schyberg-

80 810 39 15 son
133 803 130 27 framstälda
278 803 101 27 förslaget
393 803 32 21 till
440 803 76 27 lydelse
530 803 37 26 för
581 804 55 21 detta
651 806 95 19 moment.

149 832 34 22 Då
206 833 69 21 denna
297 832 132 27 proposition
452 832 129 22 besvarades
605 832 48 22 med
675 833 28 21 29
719 833 24 27 ja
761 833 39 21 och
818 833 29 21 20
864 832 42 27 nej,

81 861 55 21 hade
152 861 87 21 ständet
254 860 85 22 säledes
354 860 140 22 oförändradt
512 860 95 27 godkänt
627 862 54 20 1:sta
699 862 116 20 momentet
834 861 22 21 af
873 863 33 19 ut-

80 889 93 22 skottets
189 889 218 26 resolutionsförslag.

148 917 137 22 Beträffande
303 918 62 20 2:dra
384 919 117 20 momentet
520 917 114 26 uppstälde
656 917 51 21 herr
728 918 123 20 talmannen
869 917 38 21 föl-

81 946 65 27 jande
162 945 288 27 omröstningsproposition:
757 963 2 3 .

148 973 40 26 De,
204 973 69 21 hvilka
286 973 114 27 godkänna
415 973 66 20 2:dra
495 974 111 20 momentet
623 973 10 20 i
650 972 108 22 utskottets
772 972 136 22 resolutions-

80 1007 87 28 förslag,
187 1014 62 15 svara
261 1008 36 27 ja;
314 1007 31 26 de,
361 1008 34 21 det
409 1007 44 21 icke
465 1009 60 24 göra,
540 1013 63 15 svara
617 1006 46 28 nej;

151 1036 74 21 vinner
243 1035 42 28 nej,
300 1035 40 21 har
355 1035 171 27 borgareständet
537 1035 80 27 antagit
628 1035 34 21 det
673 1035 24 26 af
708 1034 49 22 herr
769 1034 54 22 Lille
831 1034 77 29 gjorda

81 1064 210 27 ändringsförslaget.

146 1099 35 21 Dä
204 1099 69 21 denna
294 1098 132 27 proposition
450 1098 131 22 besvarades
603 1098 49 21 med
671 1098 27 21 33
717 1098 34 27 nej
771 1098 40 21 och
833 1099 26 21 16
876 1099 31 26 ja,

80 1128 57 20 hade
155 1127 88 21 ständet
258 1126 84 22 säledes
357 1126 89 22 beslutit
461 1128 32 20 att
507 1126 5 21 i
530 1126 65 26 öfrigt
614 1126 113 27 godkänna
745 1126 163 26 ifrägavarande

82 1156 94 21 moment
191 1155 139 21 oförändradt
344 1156 59 20 utom
415 1156 32 20 att
461 1155 62 21 ordet
538 1154 209 28 ,landskommuner,
763 1154 70 22 skulle
847 1155 61 27 utby-

79 1186 33 19 tas
132 1185 44 19 mot
191 1184 62 21 ordet
267 1183 154 27 ,kommuner*.

148 1217 58 26 3:dje
229 1216 39 22 och
289 1217 48 21 4:de
359 1219 117 19 momentet
495 1216 24 22 af
536 1217 116 21 utskottets
669 1216 164 27 ifrägavarande
851 1222 57 16 reso-

79 1244 162 28 lutionsförslag
261 1245 124 26 godkändes
400 1245 23 21 af
437 1245 87 21 ständet
538 1244 149 22 oförändrade.

147 1279 138 21 Beträffande
302 1279 37 21 det
353 1279 24 21 af
391 1279 50 21 herr
456 1279 56 21 Lille
526 1279 78 21 väckta
618 1279 104 27 förslaget
737 1285 34 15 om
789 1281 32 19 att
836 1280 72 21 remit-

78 1309 48 20 tera
141 1308 108 20 allmänna
263 1307 207 21 besvärsutskottets.
487 1307 164 27 ifrågavarande
666 1307 135 21 betänkande
819 1314 35 14 n:o
874 1308 33 26 14,

79 1336 34 22 till
130 1336 167 26 statsutskottet,
313 1336 34 20 för
362 1337 32 20 att
409 1336 26 20 de
451 1342 28 14 nu
491 1335 23 21 af
524 1335 86 21 ständet
621 1335 99 21 beslutna
731 1335 101 27 anslagen
842 1336 65 21 mätte

80 1364 24 22 af
122 1364 161 21 statsutskottet
298 1364 126 21 observeras
439 1364 36 20 vid
490 1364 139 26 uppgörande
645 1363 22 21 af
680 1364 107 26 budgeten
802 1364 34 21 för
850 1365 58 20 näst-

80 1392 127 22 kommande
226 1391 151 27 finansperiod,
393 1392 85 26 yttrade
494 1392 33 26 sig
537 1391 99 27 följande
651 1392 78 21 talare:

148 1426 57 21 Herr
228 1426 149 20 Lindblom:
400 1425 44 21 För
466 1425 43 21 min
530 1425 34 21 del
583 1431 64 15 anser
661 1425 38 26 jag
717 1425 76 21 remiss
812 1426 24 20 af
850 1426 58 21 detta

82 1454 79 21 ärende
176 1454 33 20 till
226 1453 161 22 statsutskottet
403 1459 51 15 vara
469 1452 79 27 onödig
560 1453 7 20 i
580 1453 24 21 sä
615 1452 74 27 mätto,
705 1455 31 19 att
747 1460 48 14 man
806 1454 48 21 icke
868 1454 40 20 har

79 1482 67 27 några
162 1482 76 26 siffror,
253 1482 86 20 hvartill
355 1488 48 14 man
419 1482 42 20 kan
476 1481 59 21 hålla
550 1481 39 27 sig,
606 1481 39 21 och
660 1487 63 15 anser
736 1482 37 26 jag
785 1482 36 21 det
836 1482 73 20 derför

79 1510 68 22 blifva
170 1510 81 27 ganska
274 1510 59 21 svårt
355 1510 34 21 för
412 1509 162 21 statsutskottet
596 1510 31 20 att
645 1509 76 27 pröfva
743 1510 59 21 detta
820 1510 88 26 förslag.
