1109 1723
350 134 94 22 Borgarest.
455 133 43 20 1885.
521 135 19 18 16
550 135 51 23 April.
840 135 34 19 161

77 207 97 16 summan
193 202 39 20 och
250 202 68 21 måste
337 202 96 21 anskaffa
450 203 131 21 densamma.
611 203 65 21 Detta
691 204 74 26 tyckes
785 204 47 20 icke
847 210 51 15 vara

77 230 50 21 herr
141 230 101 21 Neovius?
259 230 39 21 och
312 230 47 21 icke
374 230 69 22 heller
457 230 50 21 herr
522 231 110 27 Enebergs
648 232 91 26 mening.

144 258 57 21 Herr
215 258 149 22 Wasenius:
379 258 42 26 Jag
435 259 141 21 understöder
591 259 51 21 herr
658 258 148 28 Schybergson
820 260 78 26 deruti,

77 287 33 20 att
124 286 160 21 statsutskottet
298 286 70 21 skulle
383 286 107 21 inkomma
508 287 49 21 med
576 286 81 27 förslag
672 287 56 21 huru
743 288 84 26 mycket
842 290 57 19 stän-

77 314 67 21 derna
158 314 53 21 böra
221 314 61 21 anslå
292 314 33 21 för
336 314 68 21 denna
413 314 201 28 jernvägsbyggnad
628 316 67 20 under
706 315 40 21 den
757 315 141 23 instundande

76 338 178 34 finansperioden.
921 346 4 4 N

144 370 57 21 Herr
216 369 160 27 Chydenius:
390 371 42 25 Jag
448 370 38 21 ber
500 370 23 21 fä
537 372 53 24 göra
604 371 67 25 nägra
685 371 63 21 korta
763 372 136 20 anmärknin-

76 404 45 20 gar.
151 397 37 21 Uti
207 398 39 21 den
265 398 141 26 formulering
425 398 38 26 jag
484 398 113 26 föreslagit
618 398 62 26 ingår
701 399 115 26 ingalunda
835 399 65 26 något

76 426 152 21 fastställande
246 426 24 21 af
287 426 37 21 det
342 426 84 26 belopp,
446 432 44 15 som
510 426 85 21 ståndet
613 426 69 22 skulle
701 427 78 26 bevilja
802 426 34 22 för
858 427 40 21 den

76 455 110 20 närmaste
200 454 179 26 treårsperioden,
395 456 51 19 utan
462 454 76 22 endast
553 456 32 20 att
596 455 84 21 ståndet
690 455 39 21 har
739 455 79 21 uttalat
828 455 70 21 såsom

76 483 33 21 sin
129 483 91 25 mening,
239 484 32 19 att
290 483 59 20 detta
368 482 76 27 belopp
464 482 69 22 skulle
553 483 102 21 behöfvas
674 483 34 21 för
729 484 69 20 denna
817 484 81 26 period.

76 511 47 21 Den
138 511 66 21 ärade
220 512 174 25 representanten
414 510 33 21 för
465 511 168 21 Villmanstrand
650 511 38 21 har
702 512 100 20 anmärkt
816 513 32 19 att
863 512 37 21 det

77 538 96 25 siffertal,
189 544 45 16 som
248 539 38 26 jag
302 538 76 25 anfört,
394 539 106 26 nemligen
518 540 26 20 10
559 539 99 26 miljoner
678 540 66 25 mark,
763 540 69 20 skulle
847 546 53 14 vara

76 566 129 22 tillkommet
223 569 49 19 utan
292 567 121 26 utredning.
444 567 95 21 Alldeles
559 569 49 19 utan
625 567 114 27 utredning
753 569 25 19 är
793 568 36 20 det
845 568 55 21 dock

76 595 47 21 icke
138 594 134 26 tillkommet,
288 596 37 19 det
340 595 72 21 stöder
432 596 32 25 sig
483 596 28 25 pä
530 595 40 21 den
586 595 120 26 utredning,
722 602 45 14 som
783 595 117 27 föreligger

76 624 6 20 i
99 623 49 21 herr
166 622 115 28 Tallgvists
300 629 27 14 m.
346 622 21 21 fl.
387 624 131 20 reservation
538 624 38 20 och
598 623 74 21 derför
690 623 94 27 föreslog
800 624 38 26 jag
854 624 46 26 just

77 651 69 21 denna
161 656 89 16 summa.
279 651 45 21 När
340 651 36 21 det
390 651 69 26 gäller
474 651 54 21 huru
544 651 58 21 detta
621 651 77 26 belopp
714 651 54 21 skall
784 651 114 27 anskaffas,

76 678 46 22 står
137 679 36 20 det
192 679 136 26 naturligtvis
347 679 27 25 på
392 685 82 15 samma
492 679 57 26 gång
568 678 158 22 statsutskottet
745 678 47 22 fritt
811 681 37 23 att,
864 685 35 15 om

77 707 37 21 det
128 707 24 21 så
167 712 63 16 anser
245 707 80 25 nödigt,
341 706 80 22 föreslå
436 713 26 15 en
478 707 90 26 ändring
583 707 7 20 i
606 707 58 20 detta
679 706 84 27 belopp.
785 707 62 21 Efter
858 707 40 21 den

76 735 122 27 utredning,
214 741 45 15 som
273 735 208 26 jernvägsutskottet
496 735 65 21 redan
576 734 68 27 gifvit,
660 740 64 16 anser
731 735 38 26 jag
779 735 120 21 emellertid

77 765 32 19 att
125 764 27 21 10
168 763 98 27 miljoner
280 762 61 22 mark
356 764 68 21 under
439 764 40 20 den.
495 763 119 21 stundande
629 763 171 26 treårsperioden
819 765 24 19 är
856 763 43 21 till-

76 792 97 26 räckligt.
204 792 41 26 Jag
266 792 38 21 ber
323 792 72 20 derför
414 793 32 20 att
464 792 22 20 få
504 792 102 20 fasthålla
624 792 36 20 det
680 791 24 21 af
717 792 44 26 mig
775 792 76 26 gjorda
866 798 34 20 yr-

77 820 87 26 kandet,
180 820 62 21 äfven
258 820 48 21 med
322 820 44 21 risk
382 822 32 19 att
428 826 63 21 synas
510 820 52 26 vilja
580 820 58 20 hålla
652 820 28 26 på
696 820 132 21 rätthafveri.
857 820 43 21 Det

77 854 63 21 synes
158 849 43 26 mig
220 848 126 27 visserligen
365 848 47 22 icke
431 848 91 22 behöfva
540 850 67 19 sättas
625 848 8 21 i
651 847 61 27 fråga
731 850 31 19 att
784 848 116 21 ständerna

78 877 70 21 skulle
167 877 63 21 hafva
248 883 98 14 resurser
364 879 32 18 att
414 877 60 20 anslå
492 877 62 20 äfven
576 877 26 20 16
620 876 98 26 miljoner
737 877 60 20 mark
817 883 28 14 nu
864 882 36 20 ge-

77 907 55 24 nast,
147 911 47 15 men
211 905 36 21 det
262 907 24 18 är
301 905 54 20 dock
369 905 47 21 icke
432 905 86 21 formelt
537 905 74 26 rigtigt
632 906 32 19 att
679 905 83 20 besluta
777 905 33 26 sig
825 905 34 20 för
874 910 26 15 en

78 933 66 21 sådan
158 933 72 26 utgift,
246 934 50 20 utan
313 935 31 18 att
359 933 63 21 hafva
437 933 69 26 någon
520 932 114 26 utredning
650 932 23 21 af
690 933 160 20 statsutskottet
864 938 36 15 an-

78 961 81 26 gående
182 961 84 21 landets
288 961 124 26 finansläge.
442 961 26 21 Vi
491 960 62 21 hafva
576 961 54 20 visst
648 967 26 14 en
692 960 116 21 berättelse
828 961 73 20 derom

78 989 48 21 från
142 989 134 26 regeringen,
293 995 47 14 men
356 989 19 20 vi
392 989 64 20 hafva
471 989 46 20 icke
533 989 39 20 den
588 989 122 25 utredning,
721 994 45 15 som
777 988 125 26 landtdags-

77 1017 72 26 praxis
164 1017 92 26 fordrar,
273 1017 106 26 nemligen
394 1017 171 21 statsutskottets
584 1016 135 21 betänkande
738 1017 6 20 i
764 1017 82 26 frågan,
862 1016 39 21 och

79 1045 73 21 derför
167 1045 112 21 fasthåller
293 1045 37 26 jag
346 1045 132 21 fortfarande
493 1045 35 20 vid
544 1045 48 20 mitt
606 1044 88 27 förslag.

147 1073 56 21 Herr
218 1073 147 21 Wasenius:
387 1073 37 21 Uti
440 1079 25 15 en
484 1072 145 22 betänkandet
648 1072 100 27 vidfogad
769 1072 132 22 reservation

80 1102 52 25 säga
147 1101 66 27 några
231 1103 135 19 reservanter
384 1102 32 20 att
435 1102 26 20 de
480 1107 51 15 anse
551 1101 37 21 det
605 1106 51 16 vara
675 1100 125 27 tillräckligt
819 1103 31 19 att
868 1100 34 22 för

78 1130 132 20 närvarande
229 1130 78 26 bevilja
327 1130 27 20 10
372 1129 98 27 miljoner
489 1128 67 22 mark.
586 1128 56 22 Herr
657 1128 77 22 Heikel
750 1129 38 21 har
804 1131 48 24 sagt
868 1130 32 20 att

78 1157 14 21 8
108 1157 98 27 miljoner
221 1157 59 21 mark
296 1158 52 20 böra
367 1164 51 14 vara
437 1157 135 27 tillräckliga.
606 1157 42 26 Jag
667 1157 41 21 kan
728 1157 46 22 icke
795 1160 63 18 annat
874 1159 27 19 än

78 1185 28 26 på
121 1186 37 20 det
172 1188 106 18 varmaste
295 1186 131 20 understöda
441 1186 36 20 det
492 1186 23 20 af
528 1186 50 21 herr
592 1185 100 33 Eneberg
706 1186 76 26 gjorda
797 1186 105 26 förslaget

78 1215 31 19 att
125 1214 178 26 borgareståndet
321 1214 47 20 icke
385 1220 28 14 nu
432 1214 70 21 skulle
520 1214 69 20 uttala
607 1214 33 26 sig
660 1220 34 15 om
713 1214 100 27 beloppet
828 1214 24 21 af
865 1214 37 22 det

79 1240 141 28 erforderliga
239 1242 103 26 anslaget,
360 1243 52 20 utan
431 1244 64 19 vänta
514 1242 86 21 dermed
616 1242 33 20 till
665 1242 49 21 dess
730 1242 171 22 statsutskottets

78 1269 135 21 betänkande
229 1276 33 14 om
279 1270 141 21 statsverkets
435 1270 97 21 tillstånd
547 1270 32 20 till
596 1270 115 21 ständerna
726 1270 118 21 inkommit.

147 1297 55 21 Herr
218 1297 152 21 Gummerus
386 1298 70 20 afstod
472 1298 47 20 från
534 1298 38 20 sitt
587 1297 87 27 förslag,
689 1298 27 21 då
726 1298 118 21 detsamma
853 1298 48 22 icke

78 1326 70 20 blifvit
163 1326 23 20 af
199 1326 69 26 någon
284 1326 165 21 ståndsmedlem
466 1326 133 21 understödt.

148 1353 70 22 Sedan
234 1353 150 21 diskussionen
402 1354 131 20 beträffande
551 1354 54 20 sista
624 1355 115 20 momentet
758 1354 6 20 i
784 1355 117 21 utskottets

79 1382 211 26 resolutionsförslag
305 1382 88 20 härmed
412 1382 116 20 förklarats
547 1382 100 26 afslutad,
664 1382 112 26 uppstälde
792 1382 50 20 herr
861 1382 40 21 tal-

78 1416 90 14 mannen
188 1410 33 20 för
240 1409 124 21 erhällande
383 1410 23 20 af
423 1410 208 26 kontraproposition
651 1411 44 19 mot
714 1410 104 26 förslaget
839 1409 7 22 i
868 1412 33 19 ut-

79 1438 94 20 skottets
189 1437 135 21 betänkande
339 1438 94 26 följande
449 1438 310 26 omröstningspropositioner:

149 1466 39 20 1:0.
218 1465 40 25 De,
278 1464 67 21 hvilka
364 1466 71 20 såsom
454 1465 204 26 kontraproposition
676 1467 42 19 mot
740 1465 108 21 utskotteis
867 1465 33 21 be-

80 1492 105 22 tänkande
199 1493 9 20 i
222 1493 68 21 denna
305 1492 33 21 del
353 1493 64 21 önska
436 1494 76 25 antaga
530 1492 50 22 herr
597 1492 153 28 Schybergsons
764 1492 87 28 förslag,
867 1494 35 20 rö-

80 1522 32 20 sta
122 1521 36 27 ja;
174 1522 31 24 de,
221 1521 33 21 det
269 1520 43 22 icke
327 1521 70 25 önska,
412 1522 57 20 rösta
484 1522 46 26 nej;
