1109 1761
242 127 34 19 716
501 127 94 24 Borparsst.
604 127 46 20 1885.
665 124 87 27 .:16:Aprik

220 197 143 27 10::personer:
378 196 28 27 på:
420 197 196 26 :qvadratversten.:,
639 197 7 21 I
655 204 1 3 '
673 191 87 37 Nästola'
768 191 77 37 socken
861 195 49 22 blir”
919 195 114 22 förhällams

220 227 36 20 det
277 227 55 20 ännu
354 226 65 27 något
437 230 153 23 gynsammare.
621 225 103 22 Deremot
738 225 48 27 blir;
808 225 35 22 vid
858 225 47 21 den
924 224 111 22 mellersta

218 255 77 26 banan;
322 255 78 27 åragen
418 259 95 23 genom:
526 254 104 23 Valkeala
656 253 37 24 och
709 268 2 3 -
719 254 135 28 Mäntyharju
867 254 105 26 'socknar,
1000 253 34 22 så-

219 290 44 15 som
285 285 101 20 nämndes.
407 284 242 27 invänareantalet
594 278 10 37 :
608 278 40 37 per
656 285 152 26 qvadratverst:
826 283 89 22 emellan
931 283 13 22 8
948 283 50 21 och
1014 282 20 23 9.

218 312 66 21 Detta
304 314 25 18 är
350 312 84 21 således
456 314 31 19 ett
505 308 72 37 antal;
593 312 77 22 hvilket
688 313 85 21 endast;
784 312 155 22 invänaretalet
952 312 8 21 i
965 312 68 22 trak-

218 343 62 19 terna
294 340 62 27 kring
371 340 40 22 den
427 343 71 19 vestra
512 346 80 22 grenen
607 341 65 27 något
689 342 133 26 öfverstiger,
841 347 47 15 men
908 341 80 21 hvilket
1003 341 32 21 in-

218 369 132 21 vånaretalet
371 369 13 21 :å
405 369 44 21 den
470 371 58 19 östra
549 369 47 22 icke
615 370 29 26 på
660 369 65 27 långt
737 372 43 19 när:
798 369 87 27 uppnår.
915 370 41 26 Jag
978 369 56 21 äter:

218 397 98 21 kommer
331 399 56 19 ännu
403 398 97 26 en-gång
514 398 32 20 till
563 398 163 26 björnjagterna.
742 393 6 36 '
755 398 33 21 De
802 398 51 26 tyda
869 398 122 26 visserligen
1007 397 27 27 pä

218 426 85 21 tillvaro
319 426 22 21 af
347 426 86 26 skogar
446 426 7 21 i
470 426 62 21 dessa
547 426 89 27 trakter,
658 421 39 36 men
711 421 61 36 detta
781 427 52 20 tror
846 426 36 26 jag
897 426 47 21 icke
958 427 25 19 är
998 425 36 21 nä

217 459 41 22 gon
273 454 89 21 nackdel
378 453 32 22 för
426 454 68 21 denna
509 455 57 26 linie,
582 456 21 25 ty
619 460 47 15 man
677 454 81 21 känner
768 455 32 20 att
809 456 97 19 trävaror
915 453 119 22 tillsvidare

217 485 63 24 utgör
295 483 36 20 det
345 482 117 21 förnämsta
476 482 114 21 föremålet
603 483 34 20 för
650 483 144 26 godstrafiken
809 482 29 27 -pä
851 482 54 21 :vära
913 482 120 26 jernvägar.

218 511 37 20 Att
269 509 177 22 trävarutrafiken
460 511 52 20 från
524 511 63 21 dessa
602 511 90 21 socknar
706 511 118 25 Valkeala,:
835 509 141 28 Mäntyharju,
996 509 39 22 Sa-

218 539 99 26 vitaipale
336 539 38 21 och
393 539 103 21 Luumäki
515 538 46 23 icke
580 541 24 19 är
627 539 24 21 sä
671 539 65 26 ringa,
756 539 93 26 framgär
866 538 64 21 deraf
948 540 31 19 att
997 539 38 21 det

218 567 67 27 ärliga
304 567 76 27 belopp
399 567 65 27 virke,
484 573 44 15 som
548 568 80 21 medels
648 567 194 27 landsvägen:
796 563 51 36 från
862 567 64 21 dessa
944 567 90 22 socknar

216 597 158 25 transporteras
392 595 34 21 till
444 594 166 23 Fredrikshamn
631 596 33 21 för:
682 595 34 22 att
728 595 93 22 derifrän
837 597 129 25 exporteras,
982 598 52 24 upp-

217 624 39 27 går
270 624 32 22 till
312 624 98 26 .140,000
424 626 92 20 centner.
546 625 47 21 Den
609 623 191 29 omständigheten,
812 626 32 20 att
860 624 116 27 jernvägen
995 624 39 21 här

218 653 71 21 skulle
307 653 59 21 ledas
386 659 75 20 genom
480 653 100 27 skogrika
598 654 88 26 trakter,
705 653 97 21 kommer
817 653 88 21 sålunda
919 652 115 28 ingalunda

217 684 32 18 att
264 682 95 26 förringa
374 682 49 20 dess
438 682 72 20 värde.
540 682 50 21 Man
605 682 39 21 har
658 682 72 21 vidare
746 681 122 26 framhällit,
882 681 36 27 jag
933 681 37 21 vill
980 682 53 20 min-

217 716 38 14 nas
271 711 36 19 det
322 716 37 14 var
373 710 51 20 herr
438 710 114 26 Nordman,
565 712 31 19 att
607 710 40 21 den
659 712 69 19 vestra
738 716 79 20 grenen
828 716 75 20 genom
914 710 118 22 Heinola—

217 738 73 21 Lahtis
306 738 70 21 skulle
392 738 58 26 tjena
465 738 32 21 till
513 740 32 19 att
560 738 72 21 stärka
647 738 40 21 den
707 738 100 26 politiska
822 738 38 21 och
876 738 79 21 sociala
970 738 64 20 enhe-

216 769 38 18 ten
267 766 7 21 i
290 766 78 22 landet,
398 766 50 21 Med
464 766 114 27 anledning
593 767 63 21 häraf
669 766 39 22 vill
722 765 39 29 jag
774 766 113 22 framhälla
901 768 38 24 att,
955 766 27 20 dä
998 766 36 22 det

218 796 23 20 är
256 794 61 27 fräga
331 801 34 15 om
381 796 32 19 att
427 795 73 21 stärka
515 796 36 20 det
565 795 102 27 politiska
685 795 39 21 och
744 795 79 21 sociala
838 795 125 21 sambandet
980 795 53 21 mel-

218 823 34 21 lan
268 823 57 21 olika
344 824 59 20 delar
421 823 23 21 af
461 824 78 25 landet,
557 824 68 26 gäller
644 824 36 21 det:
698 824 33 20 väl
748 824 9 20 i
776 823 117 21 allmänhet
911 826 32 18 att
958 823 75 26 bringa

218 852 64 20 dessa
300 852 122 20 landsdelar
440 852 7 20 i
466 852 100 26 beröring
584 852 48 20 med
652 852 118 20 hvarandra
788 858 76 20 genom
882 850 150 22 underlättade

216 879 212 21 kommunikationer.
462 880 39 21 Om
521 879 141 22 samfärdseln
680 880 60 27 längs
757 880 115 27 jernvägen
891 880 7 20 i
917 880 59 21 detta
994 879 39 22 fall

217 908 85 22 komme
318 910 32 19 att
363 908 29 27 gä
406 908 82 27 igenom
504 907 200 28 Heinola—Lahtis,
720 909 53 22 eller
788 915 33 15 om
837 909 40 22 den
892 908 58 22 föres
965 908 27 27 pä
1007 915 26 15 en

218 939 81 25 omväg,
315 943 44 16 som
376 939 23 19 är
414 938 27 21 56
456 940 58 19 verst
528 938 75 27 längre
618 943 75 22 genom
710 938 31 21 S:t
759 937 76 23 Michel
858 933 87 37 Kuopio
954 949 12 3 --
977 937 55 21 Lah-

217 966 33 26 tis,
272 965 23 22 sä
312 968 63 24 utgör
395 966 67 21 denna
482 966 83 22 skilnad
583 967 46 21 icke
648 973 58 15 mera
724 969 26 19 än
770 966 46 24 2/4
834 967 84 21 timmes
933 966 99 22 förlust
1020 961 15 36 i

217 995 37 21 tid.
284 994 44 22 Det
344 996 24 20 är
387 994 83 22 säledes
489 995 33 21 för
542 994 124 23 stärkandet
684 995 23 21 af
724 996 36 20 det
778 996 79 21 sociala
876 995 39 21 och
933 995 101 27 politiska

218 1024 126 20 sambandet
359 1024 89 20 emellan
464 1024 63 21 dessa
542 1024 128 25 landsdelar,
686 1024 102 21 Savolaks
804 1024 39 21 och
858 1024 64 21 södra
935 1024 99 26 Finland,

218 1051 130 27 fullkomligt
363 1052 123 26 detsamma,
502 1058 33 15 om
551 1052 142 22 förbindelsen:
709 1052 59 22 ledes
782 1052 28 26 pä
825 1053 39 21 den
880 1058 39 15 ena
929 1052 53 21 eller
996 1058 36 15 an-

216 1080 41 20 dra
269 1081 77 25 vägen.
364 1080 153 21 Hufvudsaken
532 1082 24 19 är
572 1082 32 19 att
618 1082 32 20 ett
664 1081 108 25 samband,
788 1087 25 14 en
824 1080 135 21 underlättad
974 1080 59 21 kom-

217 1108 130 21 munikatiöon
368 1108 100 22 emeilan:
481 1109 63 21 dessa
565 1109 82 21 trakter
669 1108 95 22 kommer
787 1109 31 21 till
839 1108 69 22 stånd.
936 1109 32 21 -En
987 1109 45 25 sak,

218 1142 45 16 som
278 1136 115 27 ingalunda
408 1138 61 20 torde
484 1137 57 23 böra.
551 1137 97 25 förbises,
664 1139 24 19 är
704 1138 33 20 väl
753 1137 25 21 de
793 1137 149 21 kommersiela
956 1137 76 21 .intres-

217 1167 57 18 sena.
287 1161 10 36 .
298 1165 34 20 Då
346 1166 41 19 blir
402 1165 81 27 frågan,
499 1166 85 21 hvilken
600 1166 23 20 af
636 1167 63 20 dessa
711 1167 35 21 tre
761 1171 76 21 grenar
852 1172 47 15 man
906 1161 12 36 i
915 1166 75 21 detta
1001 1166 31 20 af-

217 1194 79 20 seende
313 1193 55 21 skall
383 1193 60 26 gifva
455 1194 115 21 företräde.
593 1194 42 21 Det
650 1196 24 19 är
688 1194 236 27 visserligensant:att,
935 1200 33 15 om
984 1199 48 16 man

217 1221 59 21 utför
292 1222 40 20 den
347 1223 146 20 vestra:delen
510 1223 76 25 allena,
603 1229 25 14 en
644 1226 44 18 stor
704 1223 33 20 del
753 1223 23 20 af
790 1222 102 21 Savolaks
905 1224 75 25 export
989 1224 44 19 tro-

216 1250 72 26 ligtvis
306 1249 96 22 kommer
415 1245 39 37 att
464 1251 75 20 -vända
559 1251 32 26 sig
609 1251 33 21 till
660 1251 145 26 Helsingfors;
827 1251 81 21 utföres
928 1251 45 20 åter
991 1251 41 20 den

217 1280 58 20 östra
290 1285 78 20 grenen
388 1279 76 26 allenä,
483 1279 96 22 kommer
599 1279 68 22 denna
688 1281 73 25 export
779 1281 32 19 att
830 1279 27 27 gå
872 1279 59 21 öfver
944 1279 89 26 Viborg:

216 1307 41 27 Jag
272 1310 45 19 tror
333 1309 31 20 att
379 1307 6 22 i
402 1307 104 22 hvardera
520 1308 38 21 fall
575 1308 53 21 dock
644 1309 62 20 dessa
722 1308 72 27 bägge
804 1307 229 22 trafikcentras:förde-

217 1336 32 21 lar
265 1335 185 28 hufvudsakligast
465 1336 116 26 befordras,
596 1336 47 22 icke
660 1336 23 22 sä
698 1337 83 26 mycket
796 1336 102 21 Savolaks
914 1341 59 22 egna.
992 1335 40 22 Fö-

217 1371 35 15 res
272 1365 89 21 trafiken
380 1365 96 21 deremot
494 1365 141 21 medels.den
654 1365 110 21 mellersta
785 1367 66 24 vägen
874 1365 32 20 till
925 1366 109 19 närmaste

216 1393 120 27 kusthamn,
353 1399 49 16 vare
418 1394 32 26 sig
465 1394 68 21 denna
549 1393 41 22 blir
604 1393 165 22 Fredrikshamn
782 1393 56 22 eller
852 1393 76 27 Kotka,
940 1393 24 22 så
973 1393 60 21 kom-

219 1427 45 16 mer
286 1422 34 21 «väl
344 1422 121 26 derigenom
490 1422 109 21 Savolaks'
622 1423 105 20 intressen
749 1424 31 19 att
802 1423 94 21 särdeles
914 1422 119 26 befordras,

215 1450 123 26 isynnerhet
352 1457 33 14 om
397 1453 121 23 man:tager
530 1451 79 25 hänsyn
622 1451 32 20 till
667 1451 26 20 de
701 1451 48 25 låga
764 1450 174 26 hamnumgälder
946 1450 39 21 och
996 1457 37 14 an

216 1477 40 21 dra
270 1478 101 26 fördelar,
386 1478 228 21 som'Fredrikshamn
629 1479 6 19 i
652 1479 58 20 detta
725 1478 121 21 fall:skulle
862 1478 96 27 erbjuda:

284 1506 42 27 Jag
344 1507 37 20 vill
399 1507 13 20 i
425 1507 137 26 förbigående
581 1506 56 21 fästa
652 1507 212 26 uppmärksamheten
879 1507 61 21 äfven
952 1507 39 20 vid
1006 1512 26 16 en

216 1535 164 26 omständighet,
397 1540 44 15 som
457 1535 46 22 icke
518 1535 62 21 torde
596 1535 93 22 alldeles
700 1535 70 22 kunna
785 1535 81 21 lemnas
876 1535 66 21 åsido.
957 1534 77 22 Denna

1054 8 45 71 h
