1114 1761
233 140 41 31 606
506 139 90 31 Borgarest.
608 125 47 45 1885.
676 143 11 19 8
698 143 49 23 April.

216 215 43 19 sätt
277 212 80 22 uttalat
376 212 26 21 de
421 211 85 27 åsigter,
525 218 44 15 som
586 212 37 26 jag
641 212 6 20 i
667 212 144 26 föreliggande
829 210 59 27 fråga
906 210 74 29 hyser,
995 214 40 21 ber

213 241 37 27 jag
266 241 21 21 få
301 240 132 23 understöda
447 240 53 23 hans
514 240 115 22 uttalande.

283 269 58 21 Herr
356 268 126 22 Kivekäs:
504 268 40 26 Jag
559 268 38 22 har
612 268 75 27 begärt
706 268 60 22 ordet
781 268 32 21 för
828 269 29 20 att
871 267 83 23 föreslå
970 270 65 21 bord-

215 297 99 28 läggning
334 296 24 21 af
376 297 93 24 ärendet,
488 296 32 21 till
540 297 48 21 dess
607 297 117 21 detsamma
739 297 74 20 hunnit
827 295 65 22 blifva
908 296 125 23 slutfördt
1020 291 16 38 i

216 326 35 21 det
273 325 69 26 stånd,
366 331 44 14 som
433 324 74 27 frågan
525 326 95 20 närmast
637 325 69 26 berör,
725 325 20 20 d.
764 331 18 14 v.
802 331 16 14 s.
840 324 5 21 i
868 324 165 23 bondeståndet.

215 354 42 27 Jag
275 355 77 20 tänker
370 353 43 26 mig
433 353 104 26 nemligen
557 355 31 19 att
602 353 63 27 ingen
681 353 40 21 kan
736 353 24 21 af
772 353 40 21 den
828 352 21 21 af
862 352 172 24 bondeståndets

215 383 139 21 medlemmar
370 381 170 22 undertecknade
555 382 156 21 reservationen
727 381 65 26 draga
808 381 37 21 den
861 380 125 29 slutsatsen,
1002 386 32 19 att

217 411 61 22 dessa
293 411 137 21 reservanter
444 409 68 22 skulle
528 416 50 15 vara
593 410 84 21 absolut
695 409 72 27 afvogt
785 409 80 22 stämda
885 412 45 19 mot
950 411 83 22 länere-

215 438 207 28 presentationsidén
444 437 70 22 såsom
536 438 72 21 sådan.
641 438 43 21 Det
702 440 24 19 är
744 438 74 21 endast
836 437 57 21 vissa
911 438 122 29 betänklig-

217 467 66 26 heter,
299 466 133 22 beträffande
448 466 40 21 den
503 472 41 21 nya
557 467 157 21 institutionens
730 466 147 27 organisation,
897 466 75 23 hvilka
988 469 46 20 dik-

216 498 55 19 terat
286 496 63 21 deras
366 495 145 26 obenägenhet
525 497 32 19 att
571 495 74 21 förena
660 495 32 26 sig
708 501 33 15 om
756 496 114 20 utskottets
888 495 145 23 betänkande.

215 524 41 27 Jag
274 524 77 21 tänker
370 525 37 24 att,
427 529 33 15 om
476 523 73 27 frågan
566 523 68 21 skulle
650 523 122 27 ajourneras
791 524 6 20 i
812 522 93 27 enlighet
921 525 48 20 med
986 526 47 21 mitt

217 553 86 26 förslag,
319 552 70 21 skulle
404 552 21 21 vi
440 551 119 27 derigenom
576 552 62 21 vinna
652 553 77 20 tvänne
743 552 99 25 fördelar,
859 551 34 21 för
912 552 38 21 det
964 553 69 22 första

217 581 46 23 den,
279 583 31 19 att
326 587 26 15 en
368 579 110 27 möjlighet
492 580 31 20 till
535 580 201 26 sammanjemkning
747 581 67 20 skulle
830 579 73 21 vinnas
914 580 6 20 i
931 581 103 22 afseende

217 609 12 21 å
251 608 211 27 grundprinciperna,
484 608 38 21 och
542 608 12 21 å
572 608 67 21 andra
657 608 66 26 sidan,
742 614 32 15 om
794 608 240 23 utskottsbetänkandet

217 638 68 20 skulle
302 636 88 22 förfalla
404 636 57 22 såväl
478 637 6 20 i
499 639 80 23 preste-
594 642 45 16 som
654 636 165 26 bondestånden,
829 636 71 21 kunde
915 637 71 22 denna
1000 640 34 20 ut-

216 666 55 26 gång
286 666 23 20 af
321 666 90 20 ärendet
427 664 67 22 befria
510 665 175 27 borgareståndet
699 664 46 22 från
761 667 31 19 att
806 664 48 28 ingå
869 664 27 27 på
912 671 26 15 en
954 667 81 27 onödig

218 693 198 28 detaljgranskning
431 693 23 21 af
467 693 143 27 lagförslaget.

284 722 58 22 Herr
360 722 126 25 Eneberg:
511 722 41 26 Jag
571 722 67 21 måste
657 724 76 24 antaga
751 724 32 20 att
801 724 48 19 herr
866 721 118 23 Rönnbäck
999 724 34 21 till

217 751 68 27 någon
302 751 33 20 del
352 750 140 21 missförstått
506 750 48 21 mitt
568 750 103 27 yttrande.
700 750 41 27 Jag
756 751 88 20 nämnde
857 750 24 25 ju
897 752 32 19 att
944 751 42 21 den
996 752 38 21 ad-

217 779 142 21 ministrativa
371 778 163 27 jurisdiktionen
549 778 39 21 och
603 778 154 27 förvaltningen
772 779 7 20 i
795 779 57 26 lägre
866 779 83 21 instans
964 780 70 27 ligger

217 808 55 21 inom
288 807 166 28 sjelfstyrelsens
470 807 85 21 område
570 807 47 21 med
633 813 25 15 en
674 809 68 20 större
758 807 51 22 eller
824 806 82 24 mindre
916 807 80 22 tillsats
1012 809 23 21 af

217 836 163 27 styrelseorgan.
414 835 42 21 Det
474 837 24 19 är
517 841 24 15 en
561 835 114 21 välbekant
693 835 38 21 sak
748 835 54 21 huru
821 836 68 20 denna
904 837 24 19 är
944 837 87 21 ordnad.

215 865 11 21 1
243 865 98 25 England
361 863 63 21 hafva
442 864 56 21 ända
516 863 32 21 till
566 864 51 20 vära
636 864 65 26 dagar
719 863 46 22 icke
783 863 80 22 funnits
882 863 66 27 nägra
970 866 64 21 valda

215 894 174 25 representanter
402 892 34 20 för
451 891 134 27 grefskapen,
605 892 87 21 emedan
711 892 165 25 fredsdomaren,
896 897 45 16 som
957 894 25 20 är
997 894 36 21 det

216 921 107 27 egentliga
346 923 88 23 organet
456 920 33 21 för
511 920 161 27 sjelfstyrelsen,
689 920 100 22 tillsättes
808 920 44 21 helt
870 920 72 22 enkelt
956 928 77 20 genom

215 949 70 27 kongl.
304 951 81 25 patent.
418 948 10 21 I
448 948 105 22 Preussen
572 949 82 27 intages
673 948 88 22 främsta.
779 950 91 20 rummet
887 948 7 21 i
909 948 124 24 kretsarnes

217 978 140 27 sjelfstyrelse
376 977 23 21 af
412 976 115 28 Landrath,
544 983 43 15 som
606 977 124 27 visserligen
749 977 99 21 tillsättes
864 976 22 22 af
900 978 135 27 regeringen,

217 1012 48 16 men
280 1006 64 21 likväl
360 1006 28 26 pä
402 1005 174 22 kretsutskottets
592 1006 85 26 förslag.
707 1006 10 20 I
731 1006 117 21 Frankrike
861 1006 90 27 utöfvar,
962 1007 71 21 såsom

215 1035 37 27 jag
274 1035 92 26 tidigare
388 1034 97 26 nämnde,
508 1034 124 26 regeringen
652 1036 30 20 ett
700 1034 82 27 mycket
801 1036 54 19 stort
873 1033 114 29 inflytande
1006 1036 29 26 pä

217 1062 167 28 sjelfstyrelsens
400 1068 96 20 organer,
512 1062 38 21 och
564 1062 37 27 jag
616 1062 39 21 har
673 1062 71 22 derför
761 1063 46 21 icke
826 1062 68 21 heller
912 1066 71 18 ansett
998 1065 36 21 det

217 1091 87 22 franska
319 1093 104 25 systemet
436 1090 98 27 lämpligt
548 1093 32 19 att
594 1092 76 25 utgöra
684 1092 63 26 nägot
762 1093 98 19 mönster.
883 1090 40 27 Jag
935 1092 41 21 kan
986 1092 51 22 icke

217 1120 111 21 underläta
343 1121 32 19 att
390 1121 56 19 ännu
461 1119 81 27 päpeka
556 1121 38 25 att,
614 1119 88 21 oaktadt
720 1119 38 21 allt
776 1120 56 20 hvad
851 1118 49 22 herr
918 1119 116 23 Rönnbäck

210 1148 83 25 -anfört,
310 1148 36 20 det
362 1147 63 20 likväl
442 1149 24 19 är
481 1147 102 27 omöjligt,
603 1147 60 21 äfven
680 1154 29 14 om
728 1154 46 14 man
791 1148 24 20 sä
829 1146 75 22 skulle.
914 1148 72 26 önska,
1002 1151 34 19 att

217 1176 28 27 pä
259 1175 224 28 sjelfstyrelse-organ,
498 1175 63 22 hvars
577 1175 135 22 verksamhet
728 1176 99 21 omfattar
842 1176 31 19 ett
888 1175 44 22 helt
942 1176 41 27 län,
994 1177 41 22 och

217 1205 28 27 pä
261 1211 25 14 en
300 1205 156 26 representativ
471 1204 130 26 församling,
618 1210 44 15 som
677 1204 67 21 under
756 1203 141 24 mellantiden
915 1203 119 27 företrädes

217 1233 76 22 endast
307 1232 23 22 af
344 1235 32 18 tre
392 1238 108 21 personer,
511 1232 119 27 öfverflytta
640 1233 26 21 de
676 1232 91 22 nämnda
780 1231 156 28 funktionerna,
946 1233 89 22 hvarom

215 1262 36 27 jag
267 1261 37 21 här
319 1261 40 21 har
376 1263 79 19 nämnt.
485 1260 42 22 Det
546 1261 68 21 skulle
634 1261 100 21 behöfvas
754 1261 76 27 mänga
848 1260 83 22 utskott
950 1263 38 20 och
1008 1269 26 15 en

215 1289 169 27 representation
400 1289 70 22 skulle
485 1288 21 21 få
522 1289 49 22 sitta
587 1289 48 22 hela
650 1289 46 22 året
710 1295 34 16 om
762 1289 34 22 för
814 1291 33 19 att
865 1289 111 23 medhinna
991 1291 45 21 alla

217 1318 26 21 de
263 1318 100 26 ärenden,
386 1323 45 16 som
451 1324 28 15 nu
499 1317 116 22 behandlas
630 1317 24 22 af
667 1318 158 27 länestyrelsen.
856 1317 101 22 Deremot
971 1325 64 16 anser

214 1347 38 26 jag
267 1348 32 19 att
313 1346 275 27 häradsrepresentationen
603 1348 25 19 är
643 1346 36 21 det
693 1347 53 20 enda
765 1348 50 25 sätt,
834 1346 135 26 hvarigenom
986 1353 48 16 man

216 1375 71 21 kunde
298 1374 149 22 åstadkomma
457 1381 25 15 en
494 1375 185 21 decentralisation
691 1375 6 20 i
708 1374 164 27 förvaltningen,
884 1376 31 19 ett
929 1375 108 27 skiljande

216 1403 47 22 frän
275 1403 154 26 länestyrelsen
440 1403 24 21 af
476 1403 60 24 dessa
551 1403 141 27 mängfaldiga
703 1403 171 25 administrativa
879 1403 101 27 ärenden,
988 1410 46 18 som

216 1437 28 16 nu
252 1432 55 26 hopa
315 1431 33 26 sig
364 1431 110 21 derstädes
484 1431 33 22 till
528 1431 40 24 den
578 1432 60 25 grad,
653 1433 31 19 att
693 1432 62 26 ingen
767 1430 139 27 länestyrelse
916 1430 74 24 hinner
1001 1438 34 16 ar-

217 1460 49 21 beta
283 1462 24 19 ut
327 1460 48 20 dem
395 1460 39 20 och
453 1460 128 20 underkasta
600 1459 48 21 dem
667 1466 25 14 en
711 1460 23 20 sä
752 1465 96 21 nogrann
866 1459 103 27 pröfning,
989 1466 45 16 som

216 1494 49 16 man
281 1489 48 20 med
344 1487 47 22 skäl
406 1487 72 22 kunde
494 1488 71 21 önska.
595 1487 43 22 Det
653 1494 49 15 vore
718 1487 66 28 enligt
796 1488 47 22 min
862 1487 54 27 äsigt
934 1490 30 19 ett
979 1495 56 21 myc-

216 1517 37 21 ket
270 1517 77 26 vigtigt
366 1515 199 27 framätskridande,
584 1522 34 15 om
638 1522 48 15 man
704 1516 108 27 verkligen
836 1515 74 27 gjorde
928 1516 67 23 allvar
1013 1517 24 22 af

217 1545 42 22 den
274 1545 25 21 sä
313 1544 45 22 ofta
374 1544 106 22 omtalade
496 1544 218 26 decentralisationen,
734 1551 26 15 en
779 1543 191 29 decentralisation,
989 1552 48 16 som
