<?xml version="1.0" encoding="UTF-8"?>
<alto xmlns="http://www.loc.gov/standards/alto/ns-v3#" xmlns:xlink="http://www.w3.org/1999/xlink" xmlns:xsi="http://www.w3.org/2001/XMLSchema-instance" xsi:schemaLocation="http://www.loc.gov/standards/alto/ns-v3# http://www.loc.gov/alto/v3/alto-3-0.xsd">
	<Description>
		<MeasurementUnit>pixel</MeasurementUnit>
		<sourceImageInformation>
			<fileName>/tmp/tess_eaywpr4q_input.PNG</fileName>
		</sourceImageInformation>
		<OCRProcessing ID="OCR_0">
			<ocrProcessingStep>
				<processingSoftware>
					<softwareName>tesseract 5.3.4</softwareName>
				</processingSoftware>
			</ocrProcessingStep>
		</OCRProcessing>
	</Description>
	<Layout>
		<Page WIDTH="1109" HEIGHT="1756" PHYSICAL_IMG_NR="0" ID="page_0">
			<PrintSpace HPOS="0" VPOS="0" WIDTH="1109" HEIGHT="1756">
				<ComposedBlock ID="cblock_0" HPOS="242" VPOS="128" WIDTH="500" HEIGHT="32">
					<TextBlock ID="block_0" HPOS="242" VPOS="128" WIDTH="500" HEIGHT="32">
						<TextLine ID="line_0" HPOS="242" VPOS="128" WIDTH="500" HEIGHT="32">
							<String ID="string_0" HPOS="242" VPOS="128" WIDTH="40" HEIGHT="32" WC="0.89" CONTENT="892"/><SP WIDTH="231" VPOS="128" HPOS="282"/>
							<String ID="string_1" HPOS="513" VPOS="132" WIDTH="91" HEIGHT="24" WC="0.63" CONTENT="Borgarest.."/><SP WIDTH="12" VPOS="132" HPOS="604"/>
							<String ID="string_2" HPOS="616" VPOS="132" WIDTH="45" HEIGHT="20" WC="0.19" CONTENT="1885."/><SP WIDTH="23" VPOS="132" HPOS="661"/>
							<String ID="string_3" HPOS="684" VPOS="132" WIDTH="10" HEIGHT="20" WC="0.81" CONTENT="&amp;"/><SP WIDTH="12" VPOS="132" HPOS="694"/>
							<String ID="string_4" HPOS="706" VPOS="132" WIDTH="36" HEIGHT="23" WC="0.62" CONTENT="Maj"/>
						</TextLine>
					</TextBlock>
				</ComposedBlock>
				<ComposedBlock ID="cblock_1" HPOS="216" VPOS="201" WIDTH="818" HEIGHT="1366">
					<TextBlock ID="block_1" HPOS="218" VPOS="201" WIDTH="816" HEIGHT="1025">
						<TextLine ID="line_1" HPOS="223" VPOS="201" WIDTH="810" HEIGHT="30">
							<String ID="string_5" HPOS="223" VPOS="205" WIDTH="60" HEIGHT="26" WC="0.92" CONTENT="gaste"/><SP WIDTH="15" VPOS="205" HPOS="283"/>
							<String ID="string_6" HPOS="298" VPOS="203" WIDTH="147" HEIGHT="27" WC="0.96" CONTENT="sträckningen"/><SP WIDTH="16" VPOS="203" HPOS="445"/>
							<String ID="string_7" HPOS="461" VPOS="203" WIDTH="23" HEIGHT="21" WC="0.96" CONTENT="af"/><SP WIDTH="12" VPOS="203" HPOS="484"/>
							<String ID="string_8" HPOS="496" VPOS="209" WIDTH="26" HEIGHT="16" WC="0.93" CONTENT="en"/><SP WIDTH="16" VPOS="209" HPOS="522"/>
							<String ID="string_9" HPOS="538" VPOS="202" WIDTH="263" HEIGHT="28" WC="0.39" CONTENT="sammanbiadningsbana"/><SP WIDTH="19" VPOS="202" HPOS="801"/>
							<String ID="string_10" HPOS="820" VPOS="201" WIDTH="46" HEIGHT="23" WC="0.96" CONTENT="från"/><SP WIDTH="16" VPOS="201" HPOS="866"/>
							<String ID="string_11" HPOS="882" VPOS="201" WIDTH="68" HEIGHT="28" WC="0.95" CONTENT="någon"/><SP WIDTH="16" VPOS="201" HPOS="950"/>
							<String ID="string_12" HPOS="966" VPOS="201" WIDTH="67" HEIGHT="28" WC="0.96" CONTENT="punkt"/>
						</TextLine>
						<TextLine ID="line_2" HPOS="224" VPOS="230" WIDTH="809" HEIGHT="30">
							<String ID="string_13" HPOS="224" VPOS="233" WIDTH="27" HEIGHT="27" WC="0.93" CONTENT="pä"/><SP WIDTH="14" VPOS="233" HPOS="251"/>
							<String ID="string_14" HPOS="265" VPOS="232" WIDTH="126" HEIGHT="22" WC="0.91" CONTENT="Vasabanan"/><SP WIDTH="15" VPOS="232" HPOS="391"/>
							<String ID="string_15" HPOS="406" VPOS="231" WIDTH="59" HEIGHT="22" WC="0.96" CONTENT="öfver"/><SP WIDTH="17" VPOS="231" HPOS="465"/>
							<String ID="string_16" HPOS="482" VPOS="231" WIDTH="115" HEIGHT="29" WC="0.96" CONTENT="Jyväskylä"/><SP WIDTH="18" VPOS="231" HPOS="597"/>
							<String ID="string_17" HPOS="615" VPOS="231" WIDTH="33" HEIGHT="22" WC="0.93" CONTENT="till"/><SP WIDTH="16" VPOS="231" HPOS="648"/>
							<String ID="string_18" HPOS="664" VPOS="230" WIDTH="172" HEIGHT="23" WC="0.92" CONTENT="Savolaksbanan"/><SP WIDTH="18" VPOS="230" HPOS="836"/>
							<String ID="string_19" HPOS="854" VPOS="231" WIDTH="42" HEIGHT="22" WC="0.92" CONTENT="blir"/><SP WIDTH="18" VPOS="231" HPOS="896"/>
							<String ID="string_20" HPOS="914" VPOS="230" WIDTH="119" HEIGHT="27" WC="0.84" CONTENT="verkstäld;"/>
						</TextLine>
						<TextLine ID="line_3" HPOS="223" VPOS="259" WIDTH="811" HEIGHT="30">
							<String ID="string_21" HPOS="223" VPOS="264" WIDTH="23" HEIGHT="25" WC="0.93" CONTENT="ty"/><SP WIDTH="14" VPOS="264" HPOS="246"/>
							<String ID="string_22" HPOS="260" VPOS="261" WIDTH="66" HEIGHT="21" WC="0.95" CONTENT="finnes"/><SP WIDTH="16" VPOS="261" HPOS="326"/>
							<String ID="string_23" HPOS="342" VPOS="261" WIDTH="81" HEIGHT="27" WC="0.96" CONTENT="engång"/><SP WIDTH="15" VPOS="261" HPOS="423"/>
							<String ID="string_24" HPOS="438" VPOS="260" WIDTH="125" HEIGHT="27" WC="0.96" CONTENT="fullständig"/><SP WIDTH="15" VPOS="260" HPOS="563"/>
							<String ID="string_25" HPOS="578" VPOS="260" WIDTH="112" HEIGHT="27" WC="0.92" CONTENT="utredning"/><SP WIDTH="15" VPOS="260" HPOS="690"/>
							<String ID="string_26" HPOS="705" VPOS="259" WIDTH="89" HEIGHT="23" WC="0.84" CONTENT="rörande"/><SP WIDTH="16" VPOS="259" HPOS="794"/>
							<String ID="string_27" HPOS="810" VPOS="266" WIDTH="25" HEIGHT="16" WC="0.85" CONTENT="en"/><SP WIDTH="18" VPOS="266" HPOS="835"/>
							<String ID="string_28" HPOS="853" VPOS="259" WIDTH="65" HEIGHT="24" WC="0.87" CONTENT="sådan"/><SP WIDTH="15" VPOS="259" HPOS="918"/>
							<String ID="string_29" HPOS="933" VPOS="259" WIDTH="61" HEIGHT="27" WC="0.95" CONTENT="bana,"/><SP WIDTH="16" VPOS="259" HPOS="994"/>
							<String ID="string_30" HPOS="1010" VPOS="259" WIDTH="24" HEIGHT="23" WC="0.96" CONTENT="sä"/>
						</TextLine>
						<TextLine ID="line_4" HPOS="223" VPOS="288" WIDTH="810" HEIGHT="24">
							<String ID="string_31" HPOS="223" VPOS="289" WIDTH="63" HEIGHT="22" WC="0.85" CONTENT="häfva"/><SP WIDTH="17" VPOS="289" HPOS="286"/>
							<String ID="string_32" HPOS="303" VPOS="289" WIDTH="173" HEIGHT="22" WC="0.95" CONTENT="nästkommande"/><SP WIDTH="18" VPOS="289" HPOS="476"/>
							<String ID="string_33" HPOS="494" VPOS="289" WIDTH="86" HEIGHT="23" WC="0.96" CONTENT="ständer"/><SP WIDTH="17" VPOS="289" HPOS="580"/>
							<String ID="string_34" HPOS="597" VPOS="289" WIDTH="40" HEIGHT="21" WC="0.96" CONTENT="full"/><SP WIDTH="19" VPOS="289" HPOS="637"/>
							<String ID="string_35" HPOS="656" VPOS="288" WIDTH="65" HEIGHT="22" WC="0.96" CONTENT="frihet"/><SP WIDTH="16" VPOS="288" HPOS="721"/>
							<String ID="string_36" HPOS="737" VPOS="289" WIDTH="32" HEIGHT="21" WC="0.93" CONTENT="att"/><SP WIDTH="17" VPOS="289" HPOS="769"/>
							<String ID="string_37" HPOS="786" VPOS="288" WIDTH="84" HEIGHT="23" WC="0.60" CONTENT="besluta"/><SP WIDTH="18" VPOS="288" HPOS="870"/>
							<String ID="string_38" HPOS="888" VPOS="288" WIDTH="68" HEIGHT="22" WC="0.96" CONTENT="denna"/><SP WIDTH="24" VPOS="288" HPOS="956"/>
							<String ID="string_39" HPOS="980" VPOS="288" WIDTH="53" HEIGHT="23" WC="0.96" CONTENT="eller"/>
						</TextLine>
						<TextLine ID="line_5" HPOS="223" VPOS="317" WIDTH="811" HEIGHT="28">
							<String ID="string_40" HPOS="223" VPOS="318" WIDTH="68" HEIGHT="27" WC="0.96" CONTENT="någon"/><SP WIDTH="18" VPOS="318" HPOS="291"/>
							<String ID="string_41" HPOS="309" VPOS="324" WIDTH="69" HEIGHT="15" WC="0.93" CONTENT="annan"/><SP WIDTH="19" VPOS="324" HPOS="378"/>
							<String ID="string_42" HPOS="397" VPOS="317" WIDTH="53" HEIGHT="22" WC="0.96" CONTENT="bana"/><SP WIDTH="20" VPOS="317" HPOS="450"/>
							<String ID="string_43" HPOS="470" VPOS="318" WIDTH="33" HEIGHT="21" WC="0.93" CONTENT="till"/><SP WIDTH="14" VPOS="318" HPOS="503"/>
							<String ID="string_44" HPOS="517" VPOS="317" WIDTH="112" HEIGHT="22" WC="0.96" CONTENT="utförande"/><SP WIDTH="15" VPOS="317" HPOS="629"/>
							<String ID="string_45" HPOS="644" VPOS="317" WIDTH="6" HEIGHT="21" WC="0.96" CONTENT="i"/><SP WIDTH="15" VPOS="317" HPOS="650"/>
							<String ID="string_46" HPOS="665" VPOS="317" WIDTH="41" HEIGHT="22" WC="0.96" CONTENT="den"/><SP WIDTH="15" VPOS="317" HPOS="706"/>
							<String ID="string_47" HPOS="721" VPOS="319" WIDTH="107" HEIGHT="20" WC="0.96" CONTENT="närmaste"/><SP WIDTH="13" VPOS="319" HPOS="828"/>
							<String ID="string_48" HPOS="841" VPOS="317" WIDTH="120" HEIGHT="22" WC="0.88" CONTENT="framtiden,"/><SP WIDTH="31" VPOS="317" HPOS="961"/>
							<String ID="string_49" HPOS="992" VPOS="317" WIDTH="42" HEIGHT="22" WC="0.71" CONTENT="Det"/>
						</TextLine>
						<TextLine ID="line_6" HPOS="224" VPOS="345" WIDTH="810" HEIGHT="27">
							<String ID="string_50" HPOS="224" VPOS="349" WIDTH="23" HEIGHT="19" WC="0.93" CONTENT="är"/><SP WIDTH="23" VPOS="349" HPOS="247"/>
							<String ID="string_51" HPOS="270" VPOS="347" WIDTH="51" HEIGHT="20" WC="0.93" CONTENT="visst"/><SP WIDTH="21" VPOS="347" HPOS="321"/>
							<String ID="string_52" HPOS="342" VPOS="348" WIDTH="62" HEIGHT="19" WC="0.92" CONTENT="sannt"/><SP WIDTH="17" VPOS="348" HPOS="404"/>
							<String ID="string_53" HPOS="421" VPOS="348" WIDTH="32" HEIGHT="19" WC="0.93" CONTENT="att"/><SP WIDTH="18" VPOS="348" HPOS="453"/>
							<String ID="string_54" HPOS="471" VPOS="346" WIDTH="104" HEIGHT="21" WC="0.92" CONTENT="utskottet"/><SP WIDTH="17" VPOS="346" HPOS="575"/>
							<String ID="string_55" HPOS="592" VPOS="345" WIDTH="130" HEIGHT="22" WC="0.96" CONTENT="beträffande"/><SP WIDTH="18" VPOS="345" HPOS="722"/>
							<String ID="string_56" HPOS="740" VPOS="346" WIDTH="27" HEIGHT="22" WC="0.95" CONTENT="de"/><SP WIDTH="15" VPOS="346" HPOS="767"/>
							<String ID="string_57" HPOS="782" VPOS="345" WIDTH="92" HEIGHT="27" WC="0.93" CONTENT="följande"/><SP WIDTH="19" VPOS="345" HPOS="874"/>
							<String ID="string_58" HPOS="893" VPOS="345" WIDTH="141" HEIGHT="27" WC="0.92" CONTENT="petitionerna"/>
						</TextLine>
						<TextLine ID="line_7" HPOS="223" VPOS="373" WIDTH="810" HEIGHT="28">
							<String ID="string_59" HPOS="223" VPOS="375" WIDTH="50" HEIGHT="22" WC="0.90" CONTENT="n:ris"/><SP WIDTH="15" VPOS="375" HPOS="273"/>
							<String ID="string_60" HPOS="288" VPOS="375" WIDTH="20" HEIGHT="26" WC="0.96" CONTENT="6,"/><SP WIDTH="16" VPOS="375" HPOS="308"/>
							<String ID="string_61" HPOS="324" VPOS="375" WIDTH="12" HEIGHT="21" WC="0.96" CONTENT="7"/><SP WIDTH="16" VPOS="375" HPOS="336"/>
							<String ID="string_62" HPOS="352" VPOS="374" WIDTH="38" HEIGHT="22" WC="0.96" CONTENT="och"/><SP WIDTH="15" VPOS="374" HPOS="390"/>
							<String ID="string_63" HPOS="405" VPOS="375" WIDTH="19" HEIGHT="26" WC="0.93" CONTENT="8,"/><SP WIDTH="16" VPOS="375" HPOS="424"/>
							<String ID="string_64" HPOS="440" VPOS="375" WIDTH="90" HEIGHT="21" WC="0.96" CONTENT="rörande"/><SP WIDTH="16" VPOS="375" HPOS="530"/>
							<String ID="string_65" HPOS="546" VPOS="375" WIDTH="42" HEIGHT="21" WC="0.92" CONTENT="den"/><SP WIDTH="12" VPOS="375" HPOS="588"/>
							<String ID="string_66" HPOS="600" VPOS="374" WIDTH="99" HEIGHT="22" WC="0.96" CONTENT="karelska"/><SP WIDTH="19" VPOS="374" HPOS="699"/>
							<String ID="string_67" HPOS="718" VPOS="374" WIDTH="74" HEIGHT="25" WC="0.95" CONTENT="banan,"/><SP WIDTH="19" VPOS="374" HPOS="792"/>
							<String ID="string_68" HPOS="811" VPOS="373" WIDTH="91" HEIGHT="23" WC="0.95" CONTENT="föreslår"/><SP WIDTH="21" VPOS="373" HPOS="902"/>
							<String ID="string_69" HPOS="923" VPOS="375" WIDTH="31" HEIGHT="21" WC="0.93" CONTENT="att"/><SP WIDTH="22" VPOS="375" HPOS="954"/>
							<String ID="string_70" HPOS="976" VPOS="375" WIDTH="57" HEIGHT="22" WC="0.90" CONTENT="stän-"/>
						</TextLine>
						<TextLine ID="line_8" HPOS="224" VPOS="402" WIDTH="810" HEIGHT="27">
							<String ID="string_71" HPOS="224" VPOS="404" WIDTH="64" HEIGHT="21" WC="0.91" CONTENT="derna"/><SP WIDTH="18" VPOS="404" HPOS="288"/>
							<String ID="string_72" HPOS="306" VPOS="403" WIDTH="64" HEIGHT="21" WC="0.91" CONTENT="mätte"/><SP WIDTH="19" VPOS="403" HPOS="370"/>
							<String ID="string_73" HPOS="389" VPOS="403" WIDTH="119" HEIGHT="26" WC="0.92" CONTENT="föreläggas"/><SP WIDTH="19" VPOS="403" HPOS="508"/>
							<String ID="string_74" HPOS="527" VPOS="403" WIDTH="129" HEIGHT="26" WC="0.96" CONTENT="proposition"/><SP WIDTH="20" VPOS="403" HPOS="656"/>
							<String ID="string_75" HPOS="676" VPOS="409" WIDTH="34" HEIGHT="14" WC="0.95" CONTENT="om"/><SP WIDTH="23" VPOS="409" HPOS="710"/>
							<String ID="string_76" HPOS="733" VPOS="403" WIDTH="108" HEIGHT="26" WC="0.92" CONTENT="byggande"/><SP WIDTH="20" VPOS="403" HPOS="841"/>
							<String ID="string_77" HPOS="861" VPOS="402" WIDTH="23" HEIGHT="21" WC="0.96" CONTENT="af"/><SP WIDTH="20" VPOS="402" HPOS="884"/>
							<String ID="string_78" HPOS="904" VPOS="408" WIDTH="26" HEIGHT="16" WC="0.96" CONTENT="en"/><SP WIDTH="18" VPOS="408" HPOS="930"/>
							<String ID="string_79" HPOS="948" VPOS="402" WIDTH="86" HEIGHT="22" WC="0.96" CONTENT="karelsk"/>
						</TextLine>
						<TextLine ID="line_9" HPOS="224" VPOS="430" WIDTH="809" HEIGHT="27">
							<String ID="string_80" HPOS="224" VPOS="431" WIDTH="59" HEIGHT="26" WC="0.95" CONTENT="bana,"/><SP WIDTH="16" VPOS="431" HPOS="283"/>
							<String ID="string_81" HPOS="299" VPOS="437" WIDTH="46" HEIGHT="15" WC="0.93" CONTENT="men"/><SP WIDTH="17" VPOS="437" HPOS="345"/>
							<String ID="string_82" HPOS="362" VPOS="431" WIDTH="64" HEIGHT="21" WC="0.97" CONTENT="också"/><SP WIDTH="15" VPOS="431" HPOS="426"/>
							<String ID="string_83" HPOS="441" VPOS="431" WIDTH="37" HEIGHT="21" WC="0.96" CONTENT="der"/><SP WIDTH="18" VPOS="431" HPOS="478"/>
							<String ID="string_84" HPOS="496" VPOS="431" WIDTH="54" HEIGHT="21" WC="0.93" CONTENT="hade"/><SP WIDTH="15" VPOS="431" HPOS="550"/>
							<String ID="string_85" HPOS="565" VPOS="431" WIDTH="104" HEIGHT="26" WC="0.96" CONTENT="yrkandet"/><SP WIDTH="19" VPOS="431" HPOS="669"/>
							<String ID="string_86" HPOS="688" VPOS="431" WIDTH="27" HEIGHT="26" WC="0.96" CONTENT="pä"/><SP WIDTH="19" VPOS="431" HPOS="715"/>
							<String ID="string_87" HPOS="734" VPOS="430" WIDTH="130" HEIGHT="27" WC="0.96" CONTENT="proposition"/><SP WIDTH="19" VPOS="430" HPOS="864"/>
							<String ID="string_88" HPOS="883" VPOS="431" WIDTH="80" HEIGHT="21" WC="0.93" CONTENT="kunnat"/><SP WIDTH="18" VPOS="431" HPOS="963"/>
							<String ID="string_89" HPOS="981" VPOS="430" WIDTH="52" HEIGHT="24" WC="0.84" CONTENT="und+"/>
						</TextLine>
						<TextLine ID="line_10" HPOS="224" VPOS="458" WIDTH="809" HEIGHT="27">
							<String ID="string_90" HPOS="224" VPOS="465" WIDTH="68" HEIGHT="16" WC="0.89" CONTENT="varas."/><SP WIDTH="30" VPOS="465" HPOS="292"/>
							<String ID="string_91" HPOS="322" VPOS="459" WIDTH="152" HEIGHT="21" WC="0.89" CONTENT="Hufvudsaken"/><SP WIDTH="18" VPOS="459" HPOS="474"/>
							<String ID="string_92" HPOS="492" VPOS="461" WIDTH="24" HEIGHT="19" WC="0.93" CONTENT="är"/><SP WIDTH="19" VPOS="461" HPOS="516"/>
							<String ID="string_93" HPOS="535" VPOS="459" WIDTH="65" HEIGHT="21" WC="0.90" CONTENT="ocksä"/><SP WIDTH="18" VPOS="459" HPOS="600"/>
							<String ID="string_94" HPOS="618" VPOS="459" WIDTH="7" HEIGHT="21" WC="0.96" CONTENT="i"/><SP WIDTH="19" VPOS="459" HPOS="625"/>
							<String ID="string_95" HPOS="644" VPOS="459" WIDTH="59" HEIGHT="21" WC="0.96" CONTENT="detta"/><SP WIDTH="17" VPOS="459" HPOS="703"/>
							<String ID="string_96" HPOS="720" VPOS="459" WIDTH="38" HEIGHT="21" WC="0.96" CONTENT="fall"/><SP WIDTH="18" VPOS="459" HPOS="758"/>
							<String ID="string_97" HPOS="776" VPOS="460" WIDTH="33" HEIGHT="19" WC="0.96" CONTENT="att"/><SP WIDTH="14" VPOS="460" HPOS="809"/>
							<String ID="string_98" HPOS="823" VPOS="458" WIDTH="123" HEIGHT="27" WC="0.93" CONTENT="fullständig"/><SP WIDTH="15" VPOS="458" HPOS="946"/>
							<String ID="string_99" HPOS="961" VPOS="458" WIDTH="72" HEIGHT="23" WC="0.91" CONTENT="utred-"/>
						</TextLine>
						<TextLine ID="line_11" HPOS="224" VPOS="485" WIDTH="810" HEIGHT="28">
							<String ID="string_100" HPOS="224" VPOS="487" WIDTH="48" HEIGHT="26" WC="0.93" CONTENT="ning"/><SP WIDTH="12" VPOS="487" HPOS="272"/>
							<String ID="string_101" HPOS="284" VPOS="487" WIDTH="140" HEIGHT="21" WC="0.92" CONTENT="införskaffas."/><SP WIDTH="23" VPOS="487" HPOS="424"/>
							<String ID="string_102" HPOS="447" VPOS="487" WIDTH="49" HEIGHT="21" WC="0.96" CONTENT="Alla"/><SP WIDTH="11" VPOS="487" HPOS="496"/>
							<String ID="string_103" HPOS="507" VPOS="487" WIDTH="25" HEIGHT="21" WC="0.93" CONTENT="de"/><SP WIDTH="16" VPOS="487" HPOS="532"/>
							<String ID="string_104" HPOS="548" VPOS="487" WIDTH="132" HEIGHT="26" WC="0.92" CONTENT="handlingar,"/><SP WIDTH="15" VPOS="487" HPOS="680"/>
							<String ID="string_105" HPOS="695" VPOS="486" WIDTH="72" HEIGHT="23" WC="0.93" CONTENT="hvilka"/><SP WIDTH="14" VPOS="486" HPOS="767"/>
							<String ID="string_106" HPOS="781" VPOS="487" WIDTH="124" HEIGHT="26" WC="0.93" CONTENT="regeringen"/><SP WIDTH="15" VPOS="487" HPOS="905"/>
							<String ID="string_107" HPOS="920" VPOS="485" WIDTH="114" HEIGHT="24" WC="0.92" CONTENT="införskaf-"/>
						</TextLine>
						<TextLine ID="line_12" HPOS="223" VPOS="514" WIDTH="809" HEIGHT="28">
							<String ID="string_108" HPOS="223" VPOS="515" WIDTH="39" HEIGHT="26" WC="0.94" CONTENT="far,"/><SP WIDTH="22" VPOS="515" HPOS="262"/>
							<String ID="string_109" HPOS="284" VPOS="515" WIDTH="34" HEIGHT="21" WC="0.96" CONTENT="stä"/><SP WIDTH="18" VPOS="515" HPOS="318"/>
							<String ID="string_110" HPOS="336" VPOS="515" WIDTH="25" HEIGHT="27" WC="0.93" CONTENT="ju"/><SP WIDTH="18" VPOS="515" HPOS="361"/>
							<String ID="string_111" HPOS="379" VPOS="515" WIDTH="113" HEIGHT="22" WC="0.96" CONTENT="ständerna"/><SP WIDTH="18" VPOS="515" HPOS="492"/>
							<String ID="string_112" HPOS="510" VPOS="515" WIDTH="31" HEIGHT="21" WC="0.93" CONTENT="till"/><SP WIDTH="19" VPOS="515" HPOS="541"/>
							<String ID="string_113" HPOS="560" VPOS="515" WIDTH="54" HEIGHT="21" WC="0.96" CONTENT="buds"/><SP WIDTH="20" VPOS="515" HPOS="614"/>
							<String ID="string_114" HPOS="634" VPOS="515" WIDTH="38" HEIGHT="21" WC="0.96" CONTENT="och"/><SP WIDTH="18" VPOS="515" HPOS="672"/>
							<String ID="string_115" HPOS="690" VPOS="515" WIDTH="70" HEIGHT="22" WC="0.96" CONTENT="kunna"/><SP WIDTH="18" VPOS="515" HPOS="760"/>
							<String ID="string_116" HPOS="778" VPOS="514" WIDTH="23" HEIGHT="22" WC="0.96" CONTENT="af"/><SP WIDTH="16" VPOS="514" HPOS="801"/>
							<String ID="string_117" HPOS="817" VPOS="515" WIDTH="47" HEIGHT="21" WC="0.91" CONTENT="dem"/><SP WIDTH="20" VPOS="515" HPOS="864"/>
							<String ID="string_118" HPOS="884" VPOS="515" WIDTH="148" HEIGHT="26" WC="0.51" CONTENT="utregvireras."/>
						</TextLine>
						<TextLine ID="line_13" HPOS="222" VPOS="543" WIDTH="811" HEIGHT="28">
							<String ID="string_119" HPOS="222" VPOS="544" WIDTH="42" HEIGHT="21" WC="0.96" CONTENT="För"/><SP WIDTH="18" VPOS="544" HPOS="264"/>
							<String ID="string_120" HPOS="282" VPOS="544" WIDTH="42" HEIGHT="21" WC="0.96" CONTENT="min"/><SP WIDTH="19" VPOS="544" HPOS="324"/>
							<String ID="string_121" HPOS="343" VPOS="544" WIDTH="35" HEIGHT="21" WC="0.96" CONTENT="del"/><SP WIDTH="19" VPOS="544" HPOS="378"/>
							<String ID="string_122" HPOS="397" VPOS="544" WIDTH="67" HEIGHT="21" WC="0.96" CONTENT="skulle"/><SP WIDTH="17" VPOS="544" HPOS="464"/>
							<String ID="string_123" HPOS="481" VPOS="544" WIDTH="37" HEIGHT="27" WC="0.93" CONTENT="jag"/><SP WIDTH="18" VPOS="544" HPOS="518"/>
							<String ID="string_124" HPOS="536" VPOS="543" WIDTH="47" HEIGHT="22" WC="0.91" CONTENT="icke"/><SP WIDTH="19" VPOS="543" HPOS="583"/>
							<String ID="string_125" HPOS="602" VPOS="543" WIDTH="50" HEIGHT="28" WC="0.96" CONTENT="vilja"/><SP WIDTH="18" VPOS="543" HPOS="652"/>
							<String ID="string_126" HPOS="670" VPOS="543" WIDTH="7" HEIGHT="22" WC="0.93" CONTENT="i"/><SP WIDTH="19" VPOS="543" HPOS="677"/>
							<String ID="string_127" HPOS="696" VPOS="543" WIDTH="64" HEIGHT="27" WC="0.92" CONTENT="nägot"/><SP WIDTH="18" VPOS="543" HPOS="760"/>
							<String ID="string_128" HPOS="778" VPOS="543" WIDTH="99" HEIGHT="23" WC="0.92" CONTENT="afseende"/><SP WIDTH="20" VPOS="543" HPOS="877"/>
							<String ID="string_129" HPOS="897" VPOS="543" WIDTH="63" HEIGHT="22" WC="0.91" CONTENT="binda"/><SP WIDTH="14" VPOS="543" HPOS="960"/>
							<String ID="string_130" HPOS="974" VPOS="543" WIDTH="59" HEIGHT="23" WC="0.93" CONTENT="kom-"/>
						</TextLine>
						<TextLine ID="line_14" HPOS="223" VPOS="571" WIDTH="810" HEIGHT="28">
							<String ID="string_131" HPOS="223" VPOS="573" WIDTH="75" HEIGHT="21" WC="0.93" CONTENT="mande"/><SP WIDTH="16" VPOS="573" HPOS="298"/>
							<String ID="string_132" HPOS="314" VPOS="573" WIDTH="85" HEIGHT="20" WC="0.92" CONTENT="ständer"/><SP WIDTH="14" VPOS="573" HPOS="399"/>
							<String ID="string_133" HPOS="413" VPOS="573" WIDTH="6" HEIGHT="20" WC="0.96" CONTENT="i"/><SP WIDTH="16" VPOS="573" HPOS="419"/>
							<String ID="string_134" HPOS="435" VPOS="573" WIDTH="56" HEIGHT="21" WC="0.96" CONTENT="valet"/><SP WIDTH="14" VPOS="573" HPOS="491"/>
							<String ID="string_135" HPOS="505" VPOS="572" WIDTH="23" HEIGHT="21" WC="0.93" CONTENT="af"/><SP WIDTH="10" VPOS="572" HPOS="528"/>
							<String ID="string_136" HPOS="538" VPOS="571" WIDTH="223" HEIGHT="28" WC="0.92" CONTENT="jernvägsbyggnader"/><SP WIDTH="11" VPOS="571" HPOS="761"/>
							<String ID="string_137" HPOS="772" VPOS="571" WIDTH="38" HEIGHT="23" WC="0.93" CONTENT="och"/><SP WIDTH="15" VPOS="571" HPOS="810"/>
							<String ID="string_138" HPOS="825" VPOS="571" WIDTH="67" HEIGHT="24" WC="0.93" CONTENT="finner"/><SP WIDTH="11" VPOS="571" HPOS="892"/>
							<String ID="string_139" HPOS="903" VPOS="571" WIDTH="72" HEIGHT="23" WC="0.93" CONTENT="derför"/><SP WIDTH="11" VPOS="571" HPOS="975"/>
							<String ID="string_140" HPOS="986" VPOS="572" WIDTH="47" HEIGHT="23" WC="0.92" CONTENT="icke"/>
						</TextLine>
						<TextLine ID="line_15" HPOS="223" VPOS="601" WIDTH="810" HEIGHT="27">
							<String ID="string_141" HPOS="223" VPOS="603" WIDTH="31" HEIGHT="20" WC="0.96" CONTENT="att"/><SP WIDTH="18" VPOS="603" HPOS="254"/>
							<String ID="string_142" HPOS="272" VPOS="601" WIDTH="37" HEIGHT="22" WC="0.96" CONTENT="det"/><SP WIDTH="17" VPOS="601" HPOS="309"/>
							<String ID="string_143" HPOS="326" VPOS="603" WIDTH="24" HEIGHT="19" WC="0.93" CONTENT="är"/><SP WIDTH="18" VPOS="603" HPOS="350"/>
							<String ID="string_144" HPOS="368" VPOS="601" WIDTH="102" HEIGHT="27" WC="0.92" CONTENT="behöfligt"/><SP WIDTH="18" VPOS="601" HPOS="470"/>
							<String ID="string_145" HPOS="488" VPOS="603" WIDTH="31" HEIGHT="20" WC="0.93" CONTENT="att"/><SP WIDTH="18" VPOS="603" HPOS="519"/>
							<String ID="string_146" HPOS="537" VPOS="601" WIDTH="88" HEIGHT="27" WC="0.96" CONTENT="specielt"/><SP WIDTH="17" VPOS="601" HPOS="625"/>
							<String ID="string_147" HPOS="642" VPOS="601" WIDTH="81" HEIGHT="26" WC="0.96" CONTENT="begära"/><SP WIDTH="16" VPOS="601" HPOS="723"/>
							<String ID="string_148" HPOS="739" VPOS="601" WIDTH="130" HEIGHT="27" WC="0.96" CONTENT="proposition"/><SP WIDTH="19" VPOS="601" HPOS="869"/>
							<String ID="string_149" HPOS="888" VPOS="607" WIDTH="34" HEIGHT="16" WC="0.96" CONTENT="om"/><SP WIDTH="16" VPOS="607" HPOS="922"/>
							<String ID="string_150" HPOS="938" VPOS="601" WIDTH="40" HEIGHT="22" WC="0.96" CONTENT="den"/><SP WIDTH="15" VPOS="601" HPOS="978"/>
							<String ID="string_151" HPOS="993" VPOS="607" WIDTH="40" HEIGHT="17" WC="0.80" CONTENT="ena"/>
						</TextLine>
						<TextLine ID="line_16" HPOS="223" VPOS="629" WIDTH="809" HEIGHT="27">
							<String ID="string_152" HPOS="223" VPOS="630" WIDTH="52" HEIGHT="21" WC="0.96" CONTENT="eller"/><SP WIDTH="15" VPOS="630" HPOS="275"/>
							<String ID="string_153" HPOS="290" VPOS="630" WIDTH="66" HEIGHT="21" WC="0.93" CONTENT="andra"/><SP WIDTH="14" VPOS="630" HPOS="356"/>
							<String ID="string_154" HPOS="370" VPOS="630" WIDTH="75" HEIGHT="21" WC="0.92" CONTENT="banan."/><SP WIDTH="23" VPOS="630" HPOS="445"/>
							<String ID="string_155" HPOS="468" VPOS="629" WIDTH="102" HEIGHT="27" WC="0.92" CONTENT="Orsaken,"/><SP WIDTH="15" VPOS="629" HPOS="570"/>
							<String ID="string_156" HPOS="585" VPOS="629" WIDTH="86" HEIGHT="22" WC="0.92" CONTENT="hvarför"/><SP WIDTH="14" VPOS="629" HPOS="671"/>
							<String ID="string_157" HPOS="685" VPOS="629" WIDTH="104" HEIGHT="22" WC="0.92" CONTENT="utskottet"/><SP WIDTH="14" VPOS="629" HPOS="789"/>
							<String ID="string_158" HPOS="803" VPOS="629" WIDTH="117" HEIGHT="26" WC="0.92" CONTENT="föredragit"/><SP WIDTH="17" VPOS="629" HPOS="920"/>
							<String ID="string_159" HPOS="937" VPOS="629" WIDTH="40" HEIGHT="22" WC="0.93" CONTENT="den"/><SP WIDTH="19" VPOS="629" HPOS="977"/>
							<String ID="string_160" HPOS="996" VPOS="630" WIDTH="36" HEIGHT="22" WC="0.92" CONTENT="ka-"/>
						</TextLine>
						<TextLine ID="line_17" HPOS="223" VPOS="657" WIDTH="810" HEIGHT="28">
							<String ID="string_161" HPOS="223" VPOS="658" WIDTH="70" HEIGHT="24" WC="0.89" CONTENT="relska"/><SP WIDTH="18" VPOS="658" HPOS="293"/>
							<String ID="string_162" HPOS="311" VPOS="659" WIDTH="67" HEIGHT="20" WC="0.92" CONTENT="banan"/><SP WIDTH="19" VPOS="659" HPOS="378"/>
							<String ID="string_163" HPOS="397" VPOS="658" WIDTH="89" HEIGHT="21" WC="0.91" CONTENT="framför"/><SP WIDTH="17" VPOS="658" HPOS="486"/>
							<String ID="string_164" HPOS="503" VPOS="658" WIDTH="161" HEIGHT="27" WC="0.91" CONTENT="ifrägavarande"/><SP WIDTH="14" VPOS="658" HPOS="664"/>
							<String ID="string_165" HPOS="678" VPOS="657" WIDTH="268" HEIGHT="27" WC="0.88" CONTENT="sammanbindningsbana,"/><SP WIDTH="18" VPOS="657" HPOS="946"/>
							<String ID="string_166" HPOS="964" VPOS="658" WIDTH="69" HEIGHT="27" WC="0.96" CONTENT="ligger"/>
						</TextLine>
						<TextLine ID="line_18" HPOS="222" VPOS="686" WIDTH="811" HEIGHT="27">
							<String ID="string_167" HPOS="222" VPOS="687" WIDTH="52" HEIGHT="26" WC="0.93" CONTENT="deri,"/><SP WIDTH="15" VPOS="687" HPOS="274"/>
							<String ID="string_168" HPOS="289" VPOS="688" WIDTH="32" HEIGHT="20" WC="0.93" CONTENT="att"/><SP WIDTH="15" VPOS="688" HPOS="321"/>
							<String ID="string_169" HPOS="336" VPOS="687" WIDTH="112" HEIGHT="21" WC="0.88" CONTENT="ständerna"/><SP WIDTH="15" VPOS="687" HPOS="448"/>
							<String ID="string_170" HPOS="463" VPOS="693" WIDTH="28" HEIGHT="15" WC="0.96" CONTENT="nu"/><SP WIDTH="16" VPOS="693" HPOS="491"/>
							<String ID="string_171" HPOS="507" VPOS="687" WIDTH="64" HEIGHT="21" WC="0.93" CONTENT="redan"/><SP WIDTH="16" VPOS="687" HPOS="571"/>
							<String ID="string_172" HPOS="587" VPOS="686" WIDTH="87" HEIGHT="22" WC="0.92" CONTENT="beslutit"/><SP WIDTH="18" VPOS="686" HPOS="674"/>
							<String ID="string_173" HPOS="692" VPOS="688" WIDTH="31" HEIGHT="19" WC="0.95" CONTENT="att"/><SP WIDTH="15" VPOS="688" HPOS="723"/>
							<String ID="string_174" HPOS="738" VPOS="687" WIDTH="68" HEIGHT="26" WC="0.96" CONTENT="bygga"/><SP WIDTH="20" VPOS="687" HPOS="806"/>
							<String ID="string_175" HPOS="826" VPOS="692" WIDTH="25" HEIGHT="16" WC="0.92" CONTENT="en"/><SP WIDTH="24" VPOS="692" HPOS="851"/>
							<String ID="string_176" HPOS="875" VPOS="686" WIDTH="158" HEIGHT="23" WC="0.92" CONTENT="Savolaksbana"/>
						</TextLine>
						<TextLine ID="line_19" HPOS="222" VPOS="715" WIDTH="810" HEIGHT="26">
							<String ID="string_177" HPOS="222" VPOS="715" WIDTH="7" HEIGHT="21" WC="0.93" CONTENT="i"/><SP WIDTH="16" VPOS="715" HPOS="229"/>
							<String ID="string_178" HPOS="245" VPOS="715" WIDTH="121" HEIGHT="21" WC="0.92" CONTENT="landsdelen"/><SP WIDTH="17" VPOS="715" HPOS="366"/>
							<String ID="string_179" HPOS="383" VPOS="715" WIDTH="90" HEIGHT="21" WC="0.92" CONTENT="emellan"/><SP WIDTH="15" VPOS="715" HPOS="473"/>
							<String ID="string_180" HPOS="488" VPOS="715" WIDTH="101" HEIGHT="26" WC="0.96" CONTENT="Päijänne"/><SP WIDTH="19" VPOS="715" HPOS="589"/>
							<String ID="string_181" HPOS="608" VPOS="715" WIDTH="39" HEIGHT="21" WC="0.93" CONTENT="och"/><SP WIDTH="19" VPOS="715" HPOS="647"/>
							<String ID="string_182" HPOS="666" VPOS="715" WIDTH="91" HEIGHT="26" WC="0.91" CONTENT="Saimen,"/><SP WIDTH="18" VPOS="715" HPOS="757"/>
							<String ID="string_183" HPOS="775" VPOS="715" WIDTH="136" HEIGHT="26" WC="0.92" CONTENT="hvarigenom"/><SP WIDTH="15" VPOS="715" HPOS="911"/>
							<String ID="string_184" HPOS="926" VPOS="715" WIDTH="26" HEIGHT="21" WC="0.93" CONTENT="de"/><SP WIDTH="16" VPOS="715" HPOS="952"/>
							<String ID="string_185" HPOS="968" VPOS="717" WIDTH="64" HEIGHT="24" WC="0.92" CONTENT="orter,"/>
						</TextLine>
						<TextLine ID="line_20" HPOS="223" VPOS="743" WIDTH="809" HEIGHT="27">
							<String ID="string_186" HPOS="223" VPOS="749" WIDTH="44" HEIGHT="16" WC="0.96" CONTENT="som"/><SP WIDTH="18" VPOS="749" HPOS="267"/>
							<String ID="string_187" HPOS="285" VPOS="743" WIDTH="7" HEIGHT="21" WC="0.96" CONTENT="i"/><SP WIDTH="19" VPOS="743" HPOS="292"/>
							<String ID="string_188" HPOS="311" VPOS="743" WIDTH="113" HEIGHT="22" WC="0.93" CONTENT="framtiden"/><SP WIDTH="18" VPOS="743" HPOS="424"/>
							<String ID="string_189" HPOS="442" VPOS="744" WIDTH="82" HEIGHT="21" WC="0.93" CONTENT="komme"/><SP WIDTH="18" VPOS="744" HPOS="524"/>
							<String ID="string_190" HPOS="542" VPOS="745" WIDTH="33" HEIGHT="19" WC="0.93" CONTENT="att"/><SP WIDTH="18" VPOS="745" HPOS="575"/>
							<String ID="string_191" HPOS="593" VPOS="743" WIDTH="95" HEIGHT="27" WC="0.91" CONTENT="betjenas"/><SP WIDTH="18" VPOS="743" HPOS="688"/>
							<String ID="string_192" HPOS="706" VPOS="743" WIDTH="23" HEIGHT="21" WC="0.93" CONTENT="af"/><SP WIDTH="19" VPOS="743" HPOS="729"/>
							<String ID="string_193" HPOS="748" VPOS="743" WIDTH="284" HEIGHT="26" WC="0.88" CONTENT="sammanbindningsbanan,"/>
						</TextLine>
						<TextLine ID="line_21" HPOS="223" VPOS="771" WIDTH="809" HEIGHT="28">
							<String ID="string_194" HPOS="223" VPOS="771" WIDTH="65" HEIGHT="22" WC="0.95" CONTENT="redan"/><SP WIDTH="21" VPOS="771" HPOS="288"/>
							<String ID="string_195" HPOS="309" VPOS="778" WIDTH="28" HEIGHT="14" WC="0.85" CONTENT="nu"/><SP WIDTH="22" VPOS="778" HPOS="337"/>
							<String ID="string_196" HPOS="359" VPOS="774" WIDTH="83" HEIGHT="19" WC="0.62" CONTENT="närmäs"/><SP WIDTH="22" VPOS="774" HPOS="442"/>
							<String ID="string_197" HPOS="464" VPOS="772" WIDTH="33" HEIGHT="21" WC="0.96" CONTENT="till"/><SP WIDTH="22" VPOS="772" HPOS="497"/>
							<String ID="string_198" HPOS="519" VPOS="778" WIDTH="26" HEIGHT="15" WC="0.92" CONTENT="en"/><SP WIDTH="17" VPOS="778" HPOS="545"/>
							<String ID="string_199" HPOS="562" VPOS="771" WIDTH="94" HEIGHT="27" WC="0.92" CONTENT="jernväg."/><SP WIDTH="31" VPOS="771" HPOS="656"/>
							<String ID="string_200" HPOS="687" VPOS="771" WIDTH="107" HEIGHT="27" WC="0.92" CONTENT="Derjemte"/><SP WIDTH="20" VPOS="771" HPOS="794"/>
							<String ID="string_201" HPOS="814" VPOS="771" WIDTH="38" HEIGHT="22" WC="0.96" CONTENT="har"/><SP WIDTH="18" VPOS="771" HPOS="852"/>
							<String ID="string_202" HPOS="870" VPOS="771" WIDTH="114" HEIGHT="28" WC="0.96" CONTENT="Jyväskylä"/><SP WIDTH="22" VPOS="771" HPOS="984"/>
							<String ID="string_203" HPOS="1006" VPOS="777" WIDTH="26" HEIGHT="17" WC="0.96" CONTENT="en"/>
						</TextLine>
						<TextLine ID="line_22" HPOS="222" VPOS="800" WIDTH="810" HEIGHT="27">
							<String ID="string_204" HPOS="222" VPOS="800" WIDTH="81" HEIGHT="27" WC="0.96" CONTENT="ganska"/><SP WIDTH="14" VPOS="800" HPOS="303"/>
							<String ID="string_205" HPOS="317" VPOS="801" WIDTH="41" HEIGHT="26" WC="0.96" CONTENT="god"/><SP WIDTH="15" VPOS="801" HPOS="358"/>
							<String ID="string_206" HPOS="373" VPOS="800" WIDTH="178" HEIGHT="22" WC="0.93" CONTENT="kommunikation"/><SP WIDTH="16" VPOS="800" HPOS="551"/>
							<String ID="string_207" HPOS="567" VPOS="800" WIDTH="60" HEIGHT="27" WC="0.93" CONTENT="längs"/><SP WIDTH="15" VPOS="800" HPOS="627"/>
							<String ID="string_208" HPOS="642" VPOS="800" WIDTH="100" HEIGHT="26" WC="0.96" CONTENT="Päijänne"/><SP WIDTH="19" VPOS="800" HPOS="742"/>
							<String ID="string_209" HPOS="761" VPOS="800" WIDTH="32" HEIGHT="22" WC="0.93" CONTENT="till"/><SP WIDTH="14" VPOS="800" HPOS="793"/>
							<String ID="string_210" HPOS="807" VPOS="800" WIDTH="81" HEIGHT="22" WC="0.91" CONTENT="Lahtis."/><SP WIDTH="29" VPOS="800" HPOS="888"/>
							<String ID="string_211" HPOS="917" VPOS="800" WIDTH="64" HEIGHT="22" WC="0.96" CONTENT="Utom"/><SP WIDTH="15" VPOS="800" HPOS="981"/>
							<String ID="string_212" HPOS="996" VPOS="800" WIDTH="36" HEIGHT="22" WC="0.97" CONTENT="det"/>
						</TextLine>
						<TextLine ID="line_23" HPOS="222" VPOS="828" WIDTH="810" HEIGHT="28">
							<String ID="string_213" HPOS="222" VPOS="831" WIDTH="32" HEIGHT="19" WC="0.92" CONTENT="att"/><SP WIDTH="21" VPOS="831" HPOS="254"/>
							<String ID="string_214" HPOS="275" VPOS="829" WIDTH="74" HEIGHT="21" WC="0.96" CONTENT="staden"/><SP WIDTH="21" VPOS="829" HPOS="349"/>
							<String ID="string_215" HPOS="370" VPOS="828" WIDTH="114" HEIGHT="28" WC="0.96" CONTENT="Jyväskylä"/><SP WIDTH="22" VPOS="828" HPOS="484"/>
							<String ID="string_216" HPOS="506" VPOS="828" WIDTH="38" HEIGHT="22" WC="0.93" CONTENT="och"/><SP WIDTH="23" VPOS="828" HPOS="544"/>
							<String ID="string_217" HPOS="567" VPOS="829" WIDTH="84" HEIGHT="21" WC="0.91" CONTENT="trakten"/><SP WIDTH="19" VPOS="829" HPOS="651"/>
							<String ID="string_218" HPOS="670" VPOS="828" WIDTH="134" HEIGHT="27" WC="0.91" CONTENT="deromkring"/><SP WIDTH="17" VPOS="828" HPOS="804"/>
							<String ID="string_219" HPOS="821" VPOS="828" WIDTH="46" HEIGHT="22" WC="0.92" CONTENT="icke"/><SP WIDTH="19" VPOS="828" HPOS="867"/>
							<String ID="string_220" HPOS="886" VPOS="828" WIDTH="68" HEIGHT="27" WC="0.93" CONTENT="ligger"/><SP WIDTH="18" VPOS="828" HPOS="954"/>
							<String ID="string_221" HPOS="972" VPOS="828" WIDTH="60" HEIGHT="28" WC="0.93" CONTENT="längt"/>
						</TextLine>
						<TextLine ID="line_24" HPOS="222" VPOS="856" WIDTH="810" HEIGHT="27">
							<String ID="string_222" HPOS="222" VPOS="858" WIDTH="46" HEIGHT="20" WC="0.92" CONTENT="frän"/><SP WIDTH="15" VPOS="858" HPOS="268"/>
							<String ID="string_223" HPOS="283" VPOS="857" WIDTH="133" HEIGHT="26" WC="0.90" CONTENT="Vasabanan,"/><SP WIDTH="15" VPOS="857" HPOS="416"/>
							<String ID="string_224" HPOS="431" VPOS="858" WIDTH="24" HEIGHT="20" WC="0.96" CONTENT="sä"/><SP WIDTH="13" VPOS="858" HPOS="455"/>
							<String ID="string_225" HPOS="468" VPOS="857" WIDTH="96" HEIGHT="21" WC="0.96" CONTENT="kommer"/><SP WIDTH="14" VPOS="857" HPOS="564"/>
							<String ID="string_226" HPOS="578" VPOS="857" WIDTH="40" HEIGHT="21" WC="0.96" CONTENT="den"/><SP WIDTH="16" VPOS="857" HPOS="618"/>
							<String ID="string_227" HPOS="634" VPOS="857" WIDTH="37" HEIGHT="21" WC="0.96" CONTENT="och"/><SP WIDTH="16" VPOS="857" HPOS="671"/>
							<String ID="string_228" HPOS="687" VPOS="859" WIDTH="57" HEIGHT="19" WC="0.93" CONTENT="östra"/><SP WIDTH="14" VPOS="859" HPOS="744"/>
							<String ID="string_229" HPOS="758" VPOS="856" WIDTH="128" HEIGHT="22" WC="0.92" CONTENT="Tavastland"/><SP WIDTH="12" VPOS="856" HPOS="886"/>
							<String ID="string_230" HPOS="898" VPOS="856" WIDTH="66" HEIGHT="22" WC="0.96" CONTENT="delvis"/><SP WIDTH="15" VPOS="856" HPOS="964"/>
							<String ID="string_231" HPOS="979" VPOS="857" WIDTH="6" HEIGHT="21" WC="0.93" CONTENT="i"/><SP WIDTH="16" VPOS="857" HPOS="985"/>
							<String ID="string_232" HPOS="1001" VPOS="857" WIDTH="31" HEIGHT="21" WC="0.92" CONTENT="ät-"/>
						</TextLine>
						<TextLine ID="line_25" HPOS="222" VPOS="884" WIDTH="810" HEIGHT="28">
							<String ID="string_233" HPOS="222" VPOS="886" WIDTH="100" HEIGHT="26" WC="0.92" CONTENT="njutande"/><SP WIDTH="18" VPOS="886" HPOS="322"/>
							<String ID="string_234" HPOS="340" VPOS="886" WIDTH="24" HEIGHT="20" WC="0.93" CONTENT="af"/><SP WIDTH="14" VPOS="886" HPOS="364"/>
							<String ID="string_235" HPOS="378" VPOS="885" WIDTH="94" HEIGHT="21" WC="0.92" CONTENT="fördelar"/><SP WIDTH="17" VPOS="885" HPOS="472"/>
							<String ID="string_236" HPOS="489" VPOS="891" WIDTH="75" HEIGHT="21" WC="0.96" CONTENT="genom"/><SP WIDTH="20" VPOS="891" HPOS="564"/>
							<String ID="string_237" HPOS="584" VPOS="886" WIDTH="39" HEIGHT="21" WC="0.93" CONTENT="den"/><SP WIDTH="16" VPOS="886" HPOS="623"/>
							<String ID="string_238" HPOS="639" VPOS="885" WIDTH="126" HEIGHT="22" WC="0.92" CONTENT="savolakska"/><SP WIDTH="15" VPOS="885" HPOS="765"/>
							<String ID="string_239" HPOS="780" VPOS="885" WIDTH="74" HEIGHT="26" WC="0.92" CONTENT="banan,"/><SP WIDTH="16" VPOS="885" HPOS="854"/>
							<String ID="string_240" HPOS="870" VPOS="884" WIDTH="72" HEIGHT="23" WC="0.92" CONTENT="hvilka"/><SP WIDTH="14" VPOS="884" HPOS="942"/>
							<String ID="string_241" HPOS="956" VPOS="885" WIDTH="46" HEIGHT="24" WC="0.92" CONTENT="icke"/><SP WIDTH="22" VPOS="885" HPOS="1002"/>
							<String ID="string_242" HPOS="1024" VPOS="885" WIDTH="8" HEIGHT="21" WC="0.96" CONTENT="i"/>
						</TextLine>
						<TextLine ID="line_26" HPOS="222" VPOS="914" WIDTH="808" HEIGHT="28">
							<String ID="string_243" HPOS="222" VPOS="920" WIDTH="80" HEIGHT="16" WC="0.96" CONTENT="samma"/><SP WIDTH="14" VPOS="920" HPOS="302"/>
							<String ID="string_244" HPOS="316" VPOS="914" WIDTH="52" HEIGHT="28" WC="0.93" CONTENT="grad"/><SP WIDTH="19" VPOS="914" HPOS="368"/>
							<String ID="string_245" HPOS="387" VPOS="914" WIDTH="85" HEIGHT="22" WC="0.95" CONTENT="tillfalla"/><SP WIDTH="18" VPOS="914" HPOS="472"/>
							<String ID="string_246" HPOS="490" VPOS="914" WIDTH="98" HEIGHT="22" WC="0.94" CONTENT="Karelen."/><SP WIDTH="34" VPOS="914" HPOS="588"/>
							<String ID="string_247" HPOS="622" VPOS="914" WIDTH="42" HEIGHT="22" WC="0.96" CONTENT="Det"/><SP WIDTH="18" VPOS="914" HPOS="664"/>
							<String ID="string_248" HPOS="682" VPOS="916" WIDTH="24" HEIGHT="20" WC="0.96" CONTENT="är"/><SP WIDTH="16" VPOS="916" HPOS="706"/>
							<String ID="string_249" HPOS="722" VPOS="914" WIDTH="44" HEIGHT="27" WC="0.96" CONTENT="just"/><SP WIDTH="20" VPOS="914" HPOS="766"/>
							<String ID="string_250" HPOS="786" VPOS="914" WIDTH="25" HEIGHT="21" WC="0.93" CONTENT="de"/><SP WIDTH="19" VPOS="914" HPOS="811"/>
							<String ID="string_251" HPOS="830" VPOS="914" WIDTH="110" HEIGHT="27" WC="0.62" CONTENT="principer,"/><SP WIDTH="19" VPOS="914" HPOS="940"/>
							<String ID="string_252" HPOS="959" VPOS="914" WIDTH="71" HEIGHT="23" WC="0.96" CONTENT="hvilka"/>
						</TextLine>
						<TextLine ID="line_27" HPOS="222" VPOS="942" WIDTH="809" HEIGHT="28">
							<String ID="string_253" HPOS="222" VPOS="944" WIDTH="49" HEIGHT="21" WC="0.92" CONTENT="herr"/><SP WIDTH="17" VPOS="944" HPOS="271"/>
							<String ID="string_254" HPOS="288" VPOS="943" WIDTH="97" HEIGHT="27" WC="0.96" CONTENT="Högman"/><SP WIDTH="18" VPOS="943" HPOS="385"/>
							<String ID="string_255" HPOS="403" VPOS="943" WIDTH="38" HEIGHT="21" WC="0.93" CONTENT="här"/><SP WIDTH="15" VPOS="943" HPOS="441"/>
							<String ID="string_256" HPOS="456" VPOS="944" WIDTH="75" HEIGHT="26" WC="0.92" CONTENT="anfört,"/><SP WIDTH="15" VPOS="944" HPOS="531"/>
							<String ID="string_257" HPOS="546" VPOS="945" WIDTH="32" HEIGHT="20" WC="0.96" CONTENT="att"/><SP WIDTH="15" VPOS="945" HPOS="578"/>
							<String ID="string_258" HPOS="593" VPOS="944" WIDTH="39" HEIGHT="21" WC="0.93" CONTENT="den"/><SP WIDTH="16" VPOS="944" HPOS="632"/>
							<String ID="string_259" HPOS="648" VPOS="943" WIDTH="126" HEIGHT="22" WC="0.92" CONTENT="savolakska"/><SP WIDTH="14" VPOS="943" HPOS="774"/>
							<String ID="string_260" HPOS="788" VPOS="943" WIDTH="68" HEIGHT="22" WC="0.92" CONTENT="banan"/><SP WIDTH="15" VPOS="943" HPOS="856"/>
							<String ID="string_261" HPOS="871" VPOS="942" WIDTH="46" HEIGHT="23" WC="0.93" CONTENT="icke"/><SP WIDTH="15" VPOS="942" HPOS="917"/>
							<String ID="string_262" HPOS="932" VPOS="943" WIDTH="99" HEIGHT="23" WC="0.92" CONTENT="inverkar"/>
						</TextLine>
						<TextLine ID="line_28" HPOS="221" VPOS="972" WIDTH="809" HEIGHT="27">
							<String ID="string_263" HPOS="221" VPOS="972" WIDTH="27" HEIGHT="27" WC="0.96" CONTENT="pä"/><SP WIDTH="14" VPOS="972" HPOS="248"/>
							<String ID="string_264" HPOS="262" VPOS="972" WIDTH="41" HEIGHT="21" WC="0.93" CONTENT="den"/><SP WIDTH="15" VPOS="972" HPOS="303"/>
							<String ID="string_265" HPOS="318" VPOS="972" WIDTH="100" HEIGHT="21" WC="0.92" CONTENT="karelska"/><SP WIDTH="18" VPOS="972" HPOS="418"/>
							<String ID="string_266" HPOS="436" VPOS="972" WIDTH="39" HEIGHT="21" WC="0.96" CONTENT="och"/><SP WIDTH="18" VPOS="972" HPOS="475"/>
							<String ID="string_267" HPOS="493" VPOS="974" WIDTH="32" HEIGHT="19" WC="0.93" CONTENT="att"/><SP WIDTH="15" VPOS="974" HPOS="525"/>
							<String ID="string_268" HPOS="540" VPOS="972" WIDTH="116" HEIGHT="27" WC="0.91" CONTENT="jernvägen"/><SP WIDTH="19" VPOS="972" HPOS="656"/>
							<String ID="string_269" HPOS="675" VPOS="972" WIDTH="39" HEIGHT="21" WC="0.93" CONTENT="bör"/><SP WIDTH="18" VPOS="972" HPOS="714"/>
							<String ID="string_270" HPOS="732" VPOS="972" WIDTH="76" HEIGHT="26" WC="0.90" CONTENT="dragas"/><SP WIDTH="18" VPOS="972" HPOS="808"/>
							<String ID="string_271" HPOS="826" VPOS="972" WIDTH="24" HEIGHT="21" WC="0.96" CONTENT="sä"/><SP WIDTH="18" VPOS="972" HPOS="850"/>
							<String ID="string_272" HPOS="868" VPOS="973" WIDTH="32" HEIGHT="20" WC="0.96" CONTENT="att"/><SP WIDTH="13" VPOS="973" HPOS="900"/>
							<String ID="string_273" HPOS="913" VPOS="972" WIDTH="43" HEIGHT="21" WC="0.96" CONTENT="alla"/><SP WIDTH="14" VPOS="972" HPOS="956"/>
							<String ID="string_274" HPOS="970" VPOS="972" WIDTH="60" HEIGHT="22" WC="0.96" CONTENT="delar"/>
						</TextLine>
						<TextLine ID="line_29" HPOS="218" VPOS="1000" WIDTH="814" HEIGHT="28">
							<String ID="string_275" HPOS="218" VPOS="1001" WIDTH="102" HEIGHT="27" WC="0.86" CONTENT="jemsides"/><SP WIDTH="19" VPOS="1001" HPOS="320"/>
							<String ID="string_276" HPOS="339" VPOS="1001" WIDTH="71" HEIGHT="21" WC="0.96" CONTENT="kunna"/><SP WIDTH="18" VPOS="1001" HPOS="410"/>
							<String ID="string_277" HPOS="428" VPOS="1001" WIDTH="115" HEIGHT="26" WC="0.96" CONTENT="utvecklas,"/><SP WIDTH="21" VPOS="1001" HPOS="543"/>
							<String ID="string_278" HPOS="564" VPOS="1007" WIDTH="44" HEIGHT="15" WC="0.93" CONTENT="som"/><SP WIDTH="19" VPOS="1007" HPOS="608"/>
							<String ID="string_279" HPOS="627" VPOS="1000" WIDTH="105" HEIGHT="22" WC="0.93" CONTENT="föranledt"/><SP WIDTH="18" VPOS="1000" HPOS="732"/>
							<String ID="string_280" HPOS="750" VPOS="1000" WIDTH="104" HEIGHT="22" WC="0.96" CONTENT="utskottet"/><SP WIDTH="18" VPOS="1000" HPOS="854"/>
							<String ID="string_281" HPOS="872" VPOS="1002" WIDTH="32" HEIGHT="20" WC="0.93" CONTENT="att"/><SP WIDTH="14" VPOS="1002" HPOS="904"/>
							<String ID="string_282" HPOS="918" VPOS="1000" WIDTH="114" HEIGHT="28" WC="0.92" CONTENT="föredraga"/>
						</TextLine>
						<TextLine ID="line_30" HPOS="221" VPOS="1029" WIDTH="808" HEIGHT="27">
							<String ID="string_283" HPOS="221" VPOS="1030" WIDTH="39" HEIGHT="21" WC="0.93" CONTENT="den"/><SP WIDTH="11" VPOS="1030" HPOS="260"/>
							<String ID="string_284" HPOS="271" VPOS="1029" WIDTH="99" HEIGHT="21" WC="0.96" CONTENT="karelska"/><SP WIDTH="10" VPOS="1029" HPOS="370"/>
							<String ID="string_285" HPOS="380" VPOS="1029" WIDTH="68" HEIGHT="21" WC="0.96" CONTENT="banan"/><SP WIDTH="11" VPOS="1029" HPOS="448"/>
							<String ID="string_286" HPOS="459" VPOS="1029" WIDTH="88" HEIGHT="21" WC="0.93" CONTENT="framför"/><SP WIDTH="10" VPOS="1029" HPOS="547"/>
							<String ID="string_287" HPOS="557" VPOS="1029" WIDTH="207" HEIGHT="27" WC="0.77" CONTENT="sammanbindnings"/><SP WIDTH="10" VPOS="1029" HPOS="764"/>
							<String ID="string_288" HPOS="774" VPOS="1029" WIDTH="69" HEIGHT="22" WC="0.96" CONTENT="banan"/><SP WIDTH="11" VPOS="1029" HPOS="843"/>
							<String ID="string_289" HPOS="854" VPOS="1029" WIDTH="58" HEIGHT="22" WC="0.93" CONTENT="öfver"/><SP WIDTH="15" VPOS="1029" HPOS="912"/>
							<String ID="string_290" HPOS="927" VPOS="1029" WIDTH="102" HEIGHT="27" WC="0.90" CONTENT="Jyväsky-"/>
						</TextLine>
						<TextLine ID="line_31" HPOS="220" VPOS="1057" WIDTH="811" HEIGHT="27">
							<String ID="string_291" HPOS="220" VPOS="1058" WIDTH="27" HEIGHT="20" WC="0.91" CONTENT="lä."/><SP WIDTH="30" VPOS="1058" HPOS="247"/>
							<String ID="string_292" HPOS="277" VPOS="1057" WIDTH="49" HEIGHT="21" WC="0.95" CONTENT="Men"/><SP WIDTH="16" VPOS="1057" HPOS="326"/>
							<String ID="string_293" HPOS="342" VPOS="1064" WIDTH="43" HEIGHT="15" WC="0.93" CONTENT="som"/><SP WIDTH="17" VPOS="1064" HPOS="385"/>
							<String ID="string_294" HPOS="402" VPOS="1058" WIDTH="67" HEIGHT="25" WC="0.93" CONTENT="sagdt,"/><SP WIDTH="16" VPOS="1058" HPOS="469"/>
							<String ID="string_295" HPOS="485" VPOS="1058" WIDTH="35" HEIGHT="20" WC="0.95" CONTENT="det"/><SP WIDTH="15" VPOS="1058" HPOS="520"/>
							<String ID="string_296" HPOS="535" VPOS="1059" WIDTH="24" HEIGHT="19" WC="0.93" CONTENT="är"/><SP WIDTH="15" VPOS="1059" HPOS="559"/>
							<String ID="string_297" HPOS="574" VPOS="1058" WIDTH="107" HEIGHT="26" WC="0.92" CONTENT="likgiltigt,"/><SP WIDTH="13" VPOS="1058" HPOS="681"/>
							<String ID="string_298" HPOS="694" VPOS="1058" WIDTH="53" HEIGHT="21" WC="0.93" CONTENT="huru"/><SP WIDTH="10" VPOS="1058" HPOS="747"/>
							<String ID="string_299" HPOS="757" VPOS="1057" WIDTH="104" HEIGHT="22" WC="0.91" CONTENT="utskottet"/><SP WIDTH="10" VPOS="1057" HPOS="861"/>
							<String ID="string_300" HPOS="871" VPOS="1058" WIDTH="7" HEIGHT="21" WC="0.96" CONTENT="i"/><SP WIDTH="12" VPOS="1058" HPOS="878"/>
							<String ID="string_301" HPOS="890" VPOS="1057" WIDTH="68" HEIGHT="22" WC="0.93" CONTENT="denna"/><SP WIDTH="12" VPOS="1057" HPOS="958"/>
							<String ID="string_302" HPOS="970" VPOS="1057" WIDTH="61" HEIGHT="27" WC="0.92" CONTENT="fräga"/>
						</TextLine>
						<TextLine ID="line_32" HPOS="220" VPOS="1085" WIDTH="809" HEIGHT="27">
							<String ID="string_303" HPOS="220" VPOS="1085" WIDTH="61" HEIGHT="22" WC="0.96" CONTENT="tänkt"/><SP WIDTH="14" VPOS="1085" HPOS="281"/>
							<String ID="string_304" HPOS="295" VPOS="1086" WIDTH="32" HEIGHT="26" WC="0.96" CONTENT="sig"/><SP WIDTH="15" VPOS="1086" HPOS="327"/>
							<String ID="string_305" HPOS="342" VPOS="1086" WIDTH="71" HEIGHT="26" WC="0.93" CONTENT="saken,"/><SP WIDTH="16" VPOS="1086" HPOS="413"/>
							<String ID="string_306" HPOS="429" VPOS="1086" WIDTH="54" HEIGHT="20" WC="0.92" CONTENT="blott"/><SP WIDTH="14" VPOS="1086" HPOS="483"/>
							<String ID="string_307" HPOS="497" VPOS="1086" WIDTH="113" HEIGHT="26" WC="0.93" CONTENT="utredning"/><SP WIDTH="19" VPOS="1086" HPOS="610"/>
							<String ID="string_308" HPOS="629" VPOS="1085" WIDTH="107" HEIGHT="27" WC="0.91" CONTENT="angäende"/><SP WIDTH="19" VPOS="1085" HPOS="736"/>
							<String ID="string_309" HPOS="755" VPOS="1086" WIDTH="67" HEIGHT="26" WC="0.96" CONTENT="bägge"/><SP WIDTH="20" VPOS="1086" HPOS="822"/>
							<String ID="string_310" HPOS="842" VPOS="1086" WIDTH="61" HEIGHT="22" WC="0.93" CONTENT="dessa"/><SP WIDTH="15" VPOS="1086" HPOS="903"/>
							<String ID="string_311" HPOS="918" VPOS="1085" WIDTH="66" HEIGHT="22" WC="0.91" CONTENT="banor"/><SP WIDTH="15" VPOS="1085" HPOS="984"/>
							<String ID="string_312" HPOS="999" VPOS="1086" WIDTH="30" HEIGHT="21" WC="0.88" CONTENT="in-"/>
						</TextLine>
						<TextLine ID="line_33" HPOS="220" VPOS="1114" WIDTH="810" HEIGHT="26">
							<String ID="string_313" HPOS="220" VPOS="1114" WIDTH="110" HEIGHT="21" WC="0.92" CONTENT="förskaffas"/><SP WIDTH="16" VPOS="1114" HPOS="330"/>
							<String ID="string_314" HPOS="346" VPOS="1114" WIDTH="32" HEIGHT="21" WC="0.92" CONTENT="till"/><SP WIDTH="16" VPOS="1114" HPOS="378"/>
							<String ID="string_315" HPOS="394" VPOS="1114" WIDTH="172" HEIGHT="21" WC="0.93" CONTENT="nästkommande"/><SP WIDTH="15" VPOS="1114" HPOS="566"/>
							<String ID="string_316" HPOS="581" VPOS="1114" WIDTH="107" HEIGHT="26" WC="0.47" CONTENT="landtdag."/><SP WIDTH="29" VPOS="1114" HPOS="688"/>
							<String ID="string_317" HPOS="717" VPOS="1114" WIDTH="11" HEIGHT="21" WC="0.62" CONTENT="TI"/><SP WIDTH="15" VPOS="1114" HPOS="728"/>
							<String ID="string_318" HPOS="743" VPOS="1114" WIDTH="75" HEIGHT="21" WC="0.94" CONTENT="sådant"/><SP WIDTH="16" VPOS="1114" HPOS="818"/>
							<String ID="string_319" HPOS="834" VPOS="1114" WIDTH="38" HEIGHT="22" WC="0.96" CONTENT="fall"/><SP WIDTH="15" VPOS="1114" HPOS="872"/>
							<String ID="string_320" HPOS="887" VPOS="1114" WIDTH="71" HEIGHT="20" WC="0.93" CONTENT="kunna"/><SP WIDTH="15" VPOS="1114" HPOS="958"/>
							<String ID="string_321" HPOS="973" VPOS="1115" WIDTH="57" HEIGHT="21" WC="0.92" CONTENT="stän-"/>
						</TextLine>
						<TextLine ID="line_34" HPOS="220" VPOS="1142" WIDTH="810" HEIGHT="27">
							<String ID="string_322" HPOS="220" VPOS="1142" WIDTH="64" HEIGHT="22" WC="0.91" CONTENT="derna"/><SP WIDTH="16" VPOS="1142" HPOS="284"/>
							<String ID="string_323" HPOS="300" VPOS="1142" WIDTH="56" HEIGHT="27" WC="0.96" CONTENT="välja"/><SP WIDTH="16" VPOS="1142" HPOS="356"/>
							<String ID="string_324" HPOS="372" VPOS="1143" WIDTH="40" HEIGHT="20" WC="0.96" CONTENT="den"/><SP WIDTH="15" VPOS="1143" HPOS="412"/>
							<String ID="string_325" HPOS="427" VPOS="1148" WIDTH="39" HEIGHT="15" WC="0.96" CONTENT="ena"/><SP WIDTH="19" VPOS="1148" HPOS="466"/>
							<String ID="string_326" HPOS="485" VPOS="1142" WIDTH="52" HEIGHT="22" WC="0.95" CONTENT="eller"/><SP WIDTH="19" VPOS="1142" HPOS="537"/>
							<String ID="string_327" HPOS="556" VPOS="1142" WIDTH="65" HEIGHT="21" WC="0.92" CONTENT="andra"/><SP WIDTH="20" VPOS="1142" HPOS="621"/>
							<String ID="string_328" HPOS="641" VPOS="1142" WIDTH="70" HEIGHT="26" WC="0.92" CONTENT="linien,"/><SP WIDTH="19" VPOS="1142" HPOS="711"/>
							<String ID="string_329" HPOS="730" VPOS="1142" WIDTH="39" HEIGHT="22" WC="0.96" CONTENT="allt"/><SP WIDTH="15" VPOS="1142" HPOS="769"/>
							<String ID="string_330" HPOS="784" VPOS="1142" WIDTH="53" HEIGHT="22" WC="0.96" CONTENT="efter"/><SP WIDTH="16" VPOS="1142" HPOS="837"/>
							<String ID="string_331" HPOS="853" VPOS="1148" WIDTH="44" HEIGHT="17" WC="0.96" CONTENT="som"/><SP WIDTH="17" VPOS="1148" HPOS="897"/>
							<String ID="string_332" HPOS="914" VPOS="1142" WIDTH="25" HEIGHT="23" WC="0.95" CONTENT="de"/><SP WIDTH="16" VPOS="1142" HPOS="939"/>
							<String ID="string_333" HPOS="955" VPOS="1142" WIDTH="27" HEIGHT="21" WC="0.96" CONTENT="dä"/><SP WIDTH="14" VPOS="1142" HPOS="982"/>
							<String ID="string_334" HPOS="996" VPOS="1142" WIDTH="34" HEIGHT="22" WC="0.96" CONTENT="för"/>
						</TextLine>
						<TextLine ID="line_35" HPOS="220" VPOS="1170" WIDTH="810" HEIGHT="28">
							<String ID="string_335" HPOS="220" VPOS="1170" WIDTH="48" HEIGHT="22" WC="0.96" CONTENT="bäst"/><SP WIDTH="18" VPOS="1170" HPOS="268"/>
							<String ID="string_336" HPOS="286" VPOS="1170" WIDTH="62" HEIGHT="22" WC="0.96" CONTENT="finna."/><SP WIDTH="32" VPOS="1170" HPOS="348"/>
							<String ID="string_337" HPOS="380" VPOS="1170" WIDTH="42" HEIGHT="27" WC="0.96" CONTENT="Jag"/><SP WIDTH="18" VPOS="1170" HPOS="422"/>
							<String ID="string_338" HPOS="440" VPOS="1176" WIDTH="62" HEIGHT="16" WC="0.93" CONTENT="anser"/><SP WIDTH="18" VPOS="1176" HPOS="502"/>
							<String ID="string_339" HPOS="520" VPOS="1170" WIDTH="71" HEIGHT="22" WC="0.89" CONTENT="derför"/><SP WIDTH="19" VPOS="1170" HPOS="591"/>
							<String ID="string_340" HPOS="610" VPOS="1171" WIDTH="68" HEIGHT="21" WC="0.93" CONTENT="denna"/><SP WIDTH="19" VPOS="1171" HPOS="678"/>
							<String ID="string_341" HPOS="697" VPOS="1170" WIDTH="55" HEIGHT="22" WC="0.92" CONTENT="kläm"/><SP WIDTH="20" VPOS="1170" HPOS="752"/>
							<String ID="string_342" HPOS="772" VPOS="1176" WIDTH="50" HEIGHT="16" WC="0.96" CONTENT="vara"/><SP WIDTH="19" VPOS="1176" HPOS="822"/>
							<String ID="string_343" HPOS="841" VPOS="1170" WIDTH="7" HEIGHT="22" WC="0.93" CONTENT="i"/><SP WIDTH="19" VPOS="1170" HPOS="848"/>
							<String ID="string_344" HPOS="867" VPOS="1171" WIDTH="41" HEIGHT="22" WC="0.92" CONTENT="allo"/><SP WIDTH="15" VPOS="1171" HPOS="908"/>
							<String ID="string_345" HPOS="923" VPOS="1170" WIDTH="107" HEIGHT="28" WC="0.92" CONTENT="tilifyllest"/>
						</TextLine>
						<TextLine ID="line_36" HPOS="220" VPOS="1199" WIDTH="226" HEIGHT="27">
							<String ID="string_346" HPOS="220" VPOS="1202" WIDTH="49" HEIGHT="19" WC="0.93" CONTENT="utan"/><SP WIDTH="17" VPOS="1202" HPOS="269"/>
							<String ID="string_347" HPOS="286" VPOS="1199" WIDTH="65" HEIGHT="27" WC="0.88" CONTENT="nägra"/><SP WIDTH="15" VPOS="1199" HPOS="351"/>
							<String ID="string_348" HPOS="366" VPOS="1199" WIDTH="80" HEIGHT="27" WC="0.91" CONTENT="tillägg."/>
						</TextLine>
					</TextBlock>
					<TextBlock ID="block_2" HPOS="216" VPOS="1227" WIDTH="814" HEIGHT="340">
						<TextLine ID="line_37" HPOS="287" VPOS="1227" WIDTH="742" HEIGHT="27">
							<String ID="string_349" HPOS="287" VPOS="1228" WIDTH="55" HEIGHT="21" WC="0.96" CONTENT="Herr"/><SP WIDTH="15" VPOS="1228" HPOS="342"/>
							<String ID="string_350" HPOS="357" VPOS="1228" WIDTH="126" HEIGHT="26" WC="0.93" CONTENT="Högman:"/><SP WIDTH="22" VPOS="1228" HPOS="483"/>
							<String ID="string_351" HPOS="505" VPOS="1228" WIDTH="34" HEIGHT="21" WC="0.88" CONTENT="Dä"/><SP WIDTH="18" VPOS="1228" HPOS="539"/>
							<String ID="string_352" HPOS="557" VPOS="1227" WIDTH="49" HEIGHT="23" WC="0.91" CONTENT="herr"/><SP WIDTH="14" VPOS="1227" HPOS="606"/>
							<String ID="string_353" HPOS="620" VPOS="1227" WIDTH="104" HEIGHT="27" WC="0.91" CONTENT="Tallgvist"/><SP WIDTH="14" VPOS="1227" HPOS="724"/>
							<String ID="string_354" HPOS="738" VPOS="1228" WIDTH="38" HEIGHT="21" WC="0.93" CONTENT="här"/><SP WIDTH="15" VPOS="1228" HPOS="776"/>
							<String ID="string_355" HPOS="791" VPOS="1227" WIDTH="123" HEIGHT="27" WC="0.89" CONTENT="framhällit,"/><SP WIDTH="15" VPOS="1227" HPOS="914"/>
							<String ID="string_356" HPOS="929" VPOS="1227" WIDTH="100" HEIGHT="23" WC="0.91" CONTENT="hurusom"/>
						</TextLine>
						<TextLine ID="line_38" HPOS="219" VPOS="1256" WIDTH="810" HEIGHT="28">
							<String ID="string_357" HPOS="219" VPOS="1256" WIDTH="115" HEIGHT="28" WC="0.96" CONTENT="Jyväskylä"/><SP WIDTH="14" VPOS="1256" HPOS="334"/>
							<String ID="string_358" HPOS="348" VPOS="1257" WIDTH="38" HEIGHT="21" WC="0.96" CONTENT="har"/><SP WIDTH="16" VPOS="1257" HPOS="386"/>
							<String ID="string_359" HPOS="402" VPOS="1262" WIDTH="26" HEIGHT="16" WC="0.93" CONTENT="en"/><SP WIDTH="15" VPOS="1262" HPOS="428"/>
							<String ID="string_360" HPOS="443" VPOS="1256" WIDTH="93" HEIGHT="22" WC="0.91" CONTENT="utmärkt"/><SP WIDTH="18" VPOS="1256" HPOS="536"/>
							<String ID="string_361" HPOS="554" VPOS="1256" WIDTH="180" HEIGHT="22" WC="0.93" CONTENT="kommunikation"/><SP WIDTH="19" VPOS="1256" HPOS="734"/>
							<String ID="string_362" HPOS="753" VPOS="1256" WIDTH="59" HEIGHT="26" WC="0.92" CONTENT="längs"/><SP WIDTH="19" VPOS="1256" HPOS="812"/>
							<String ID="string_363" HPOS="831" VPOS="1256" WIDTH="107" HEIGHT="27" WC="0.97" CONTENT="Päijänne,"/><SP WIDTH="16" VPOS="1256" HPOS="938"/>
							<String ID="string_364" HPOS="954" VPOS="1256" WIDTH="24" HEIGHT="21" WC="0.96" CONTENT="sä"/><SP WIDTH="14" VPOS="1256" HPOS="978"/>
							<String ID="string_365" HPOS="992" VPOS="1256" WIDTH="37" HEIGHT="22" WC="0.96" CONTENT="vill"/>
						</TextLine>
						<TextLine ID="line_39" HPOS="216" VPOS="1284" WIDTH="813" HEIGHT="28">
							<String ID="string_366" HPOS="216" VPOS="1285" WIDTH="38" HEIGHT="27" WC="0.93" CONTENT="jag"/><SP WIDTH="23" VPOS="1285" HPOS="254"/>
							<String ID="string_367" HPOS="277" VPOS="1285" WIDTH="101" HEIGHT="21" WC="0.95" CONTENT="anmärka"/><SP WIDTH="18" VPOS="1285" HPOS="378"/>
							<String ID="string_368" HPOS="396" VPOS="1287" WIDTH="31" HEIGHT="19" WC="0.93" CONTENT="att"/><SP WIDTH="18" VPOS="1287" HPOS="427"/>
							<String ID="string_369" HPOS="445" VPOS="1285" WIDTH="92" HEIGHT="21" WC="0.96" CONTENT="Karelen"/><SP WIDTH="20" VPOS="1285" HPOS="537"/>
							<String ID="string_370" HPOS="557" VPOS="1285" WIDTH="39" HEIGHT="21" WC="0.96" CONTENT="har"/><SP WIDTH="18" VPOS="1285" HPOS="596"/>
							<String ID="string_371" HPOS="614" VPOS="1291" WIDTH="25" HEIGHT="16" WC="0.96" CONTENT="en"/><SP WIDTH="19" VPOS="1291" HPOS="639"/>
							<String ID="string_372" HPOS="658" VPOS="1286" WIDTH="56" HEIGHT="20" WC="0.96" CONTENT="ännu"/><SP WIDTH="18" VPOS="1286" HPOS="714"/>
							<String ID="string_373" HPOS="732" VPOS="1284" WIDTH="69" HEIGHT="22" WC="0.93" CONTENT="bättre"/><SP WIDTH="15" VPOS="1284" HPOS="801"/>
							<String ID="string_374" HPOS="816" VPOS="1284" WIDTH="213" HEIGHT="28" WC="0.92" CONTENT="sjökommunikation"/>
						</TextLine>
						<TextLine ID="line_40" HPOS="219" VPOS="1312" WIDTH="811" HEIGHT="29">
							<String ID="string_375" HPOS="219" VPOS="1314" WIDTH="93" HEIGHT="25" WC="0.89" CONTENT="söderut,"/><SP WIDTH="16" VPOS="1314" HPOS="312"/>
							<String ID="string_376" HPOS="328" VPOS="1314" WIDTH="27" HEIGHT="21" WC="0.93" CONTENT="dä"/><SP WIDTH="15" VPOS="1314" HPOS="355"/>
							<String ID="string_377" HPOS="370" VPOS="1314" WIDTH="121" HEIGHT="21" WC="0.93" CONTENT="densamma"/><SP WIDTH="12" VPOS="1314" HPOS="491"/>
							<String ID="string_378" HPOS="503" VPOS="1313" WIDTH="25" HEIGHT="28" WC="0.93" CONTENT="ju"/><SP WIDTH="14" VPOS="1313" HPOS="528"/>
							<String ID="string_379" HPOS="542" VPOS="1314" WIDTH="46" HEIGHT="21" WC="0.92" CONTENT="stär"/><SP WIDTH="13" VPOS="1314" HPOS="588"/>
							<String ID="string_380" HPOS="601" VPOS="1314" WIDTH="7" HEIGHT="20" WC="0.96" CONTENT="i"/><SP WIDTH="16" VPOS="1314" HPOS="608"/>
							<String ID="string_381" HPOS="624" VPOS="1313" WIDTH="70" HEIGHT="22" WC="0.93" CONTENT="direkt"/><SP WIDTH="14" VPOS="1313" HPOS="694"/>
							<String ID="string_382" HPOS="708" VPOS="1313" WIDTH="129" HEIGHT="22" WC="0.92" CONTENT="förbindelse"/><SP WIDTH="12" VPOS="1313" HPOS="837"/>
							<String ID="string_383" HPOS="849" VPOS="1313" WIDTH="47" HEIGHT="23" WC="0.93" CONTENT="med"/><SP WIDTH="11" VPOS="1313" HPOS="896"/>
							<String ID="string_384" HPOS="907" VPOS="1312" WIDTH="72" HEIGHT="23" WC="0.93" CONTENT="hafvet"/><SP WIDTH="15" VPOS="1312" HPOS="979"/>
							<String ID="string_385" HPOS="994" VPOS="1320" WIDTH="36" HEIGHT="20" WC="0.93" CONTENT="ge-"/>
						</TextLine>
						<TextLine ID="line_41" HPOS="216" VPOS="1341" WIDTH="813" HEIGHT="27">
							<String ID="string_386" HPOS="216" VPOS="1348" WIDTH="50" HEIGHT="18" WC="0.93" CONTENT="nom"/><SP WIDTH="17" VPOS="1348" HPOS="266"/>
							<String ID="string_387" HPOS="283" VPOS="1342" WIDTH="70" HEIGHT="22" WC="0.93" CONTENT="Saima"/><SP WIDTH="14" VPOS="1342" HPOS="353"/>
							<String ID="string_388" HPOS="367" VPOS="1342" WIDTH="70" HEIGHT="21" WC="0.96" CONTENT="kanal."/><SP WIDTH="27" VPOS="1342" HPOS="437"/>
							<String ID="string_389" HPOS="464" VPOS="1342" WIDTH="60" HEIGHT="21" WC="0.95" CONTENT="Hvad"/><SP WIDTH="16" VPOS="1342" HPOS="524"/>
							<String ID="string_390" HPOS="540" VPOS="1342" WIDTH="50" HEIGHT="21" WC="0.93" CONTENT="herr"/><SP WIDTH="15" VPOS="1342" HPOS="590"/>
							<String ID="string_391" HPOS="605" VPOS="1342" WIDTH="113" HEIGHT="26" WC="0.92" CONTENT="Tallgvists"/><SP WIDTH="16" VPOS="1342" HPOS="718"/>
							<String ID="string_392" HPOS="734" VPOS="1341" WIDTH="114" HEIGHT="23" WC="0.95" CONTENT="anförande"/><SP WIDTH="15" VPOS="1341" HPOS="848"/>
							<String ID="string_393" HPOS="863" VPOS="1342" WIDTH="33" HEIGHT="22" WC="0.93" CONTENT="för"/><SP WIDTH="19" VPOS="1342" HPOS="896"/>
							<String ID="string_394" HPOS="915" VPOS="1341" WIDTH="64" HEIGHT="27" WC="0.93" CONTENT="öfrigt"/><SP WIDTH="14" VPOS="1341" HPOS="979"/>
							<String ID="string_395" HPOS="993" VPOS="1342" WIDTH="36" HEIGHT="22" WC="0.92" CONTENT="be-"/>
						</TextLine>
						<TextLine ID="line_42" HPOS="220" VPOS="1370" WIDTH="809" HEIGHT="27">
							<String ID="string_396" HPOS="220" VPOS="1370" WIDTH="79" HEIGHT="26" WC="0.96" CONTENT="träffar,"/><SP WIDTH="16" VPOS="1370" HPOS="299"/>
							<String ID="string_397" HPOS="315" VPOS="1371" WIDTH="24" HEIGHT="21" WC="0.96" CONTENT="så"/><SP WIDTH="14" VPOS="1371" HPOS="339"/>
							<String ID="string_398" HPOS="353" VPOS="1370" WIDTH="37" HEIGHT="22" WC="0.96" CONTENT="vill"/><SP WIDTH="13" VPOS="1370" HPOS="390"/>
							<String ID="string_399" HPOS="403" VPOS="1370" WIDTH="37" HEIGHT="27" WC="0.96" CONTENT="jag"/><SP WIDTH="18" VPOS="1370" HPOS="440"/>
							<String ID="string_400" HPOS="458" VPOS="1371" WIDTH="76" HEIGHT="21" WC="0.96" CONTENT="endast"/><SP WIDTH="17" VPOS="1371" HPOS="534"/>
							<String ID="string_401" HPOS="551" VPOS="1370" WIDTH="107" HEIGHT="26" WC="0.96" CONTENT="anmärka,"/><SP WIDTH="22" VPOS="1370" HPOS="658"/>
							<String ID="string_402" HPOS="680" VPOS="1372" WIDTH="32" HEIGHT="20" WC="0.96" CONTENT="att"/><SP WIDTH="18" VPOS="1372" HPOS="712"/>
							<String ID="string_403" HPOS="730" VPOS="1370" WIDTH="50" HEIGHT="22" WC="0.93" CONTENT="herr"/><SP WIDTH="21" VPOS="1370" HPOS="780"/>
							<String ID="string_404" HPOS="801" VPOS="1370" WIDTH="102" HEIGHT="27" WC="0.86" CONTENT="Tallgvist"/><SP WIDTH="18" VPOS="1370" HPOS="903"/>
							<String ID="string_405" HPOS="921" VPOS="1370" WIDTH="55" HEIGHT="26" WC="0.95" CONTENT="sjelf,"/><SP WIDTH="18" VPOS="1370" HPOS="976"/>
							<String ID="string_406" HPOS="994" VPOS="1370" WIDTH="35" HEIGHT="23" WC="0.96" CONTENT="vid"/>
						</TextLine>
						<TextLine ID="line_43" HPOS="219" VPOS="1398" WIDTH="810" HEIGHT="28">
							<String ID="string_407" HPOS="219" VPOS="1401" WIDTH="31" HEIGHT="20" WC="0.96" CONTENT="ett"/><SP WIDTH="14" VPOS="1401" HPOS="250"/>
							<String ID="string_408" HPOS="264" VPOS="1399" WIDTH="155" HEIGHT="21" WC="0.95" CONTENT="sammanträde"/><SP WIDTH="16" VPOS="1399" HPOS="419"/>
							<String ID="string_409" HPOS="435" VPOS="1400" WIDTH="6" HEIGHT="20" WC="0.96" CONTENT="i"/><SP WIDTH="15" VPOS="1400" HPOS="441"/>
							<String ID="string_410" HPOS="456" VPOS="1399" WIDTH="110" HEIGHT="26" WC="0.96" CONTENT="utskottet,"/><SP WIDTH="16" VPOS="1399" HPOS="566"/>
							<String ID="string_411" HPOS="582" VPOS="1399" WIDTH="38" HEIGHT="21" WC="0.96" CONTENT="der"/><SP WIDTH="12" VPOS="1399" HPOS="620"/>
							<String ID="string_412" HPOS="632" VPOS="1398" WIDTH="38" HEIGHT="28" WC="0.96" CONTENT="jag"/><SP WIDTH="19" VPOS="1398" HPOS="670"/>
							<String ID="string_413" HPOS="689" VPOS="1398" WIDTH="77" HEIGHT="23" WC="0.96" CONTENT="råkade"/><SP WIDTH="20" VPOS="1398" HPOS="766"/>
							<String ID="string_414" HPOS="786" VPOS="1400" WIDTH="95" HEIGHT="26" WC="0.96" CONTENT="närvara,"/><SP WIDTH="16" VPOS="1400" HPOS="881"/>
							<String ID="string_415" HPOS="897" VPOS="1398" WIDTH="38" HEIGHT="22" WC="0.96" CONTENT="och"/><SP WIDTH="16" VPOS="1398" HPOS="935"/>
							<String ID="string_416" HPOS="951" VPOS="1399" WIDTH="26" HEIGHT="21" WC="0.96" CONTENT="då"/><SP WIDTH="16" VPOS="1399" HPOS="977"/>
							<String ID="string_417" HPOS="993" VPOS="1399" WIDTH="36" HEIGHT="23" WC="0.95" CONTENT="det"/>
						</TextLine>
						<TextLine ID="line_44" HPOS="218" VPOS="1426" WIDTH="810" HEIGHT="29">
							<String ID="string_418" HPOS="218" VPOS="1428" WIDTH="62" HEIGHT="27" WC="0.92" CONTENT="gälde"/><SP WIDTH="16" VPOS="1428" HPOS="280"/>
							<String ID="string_419" HPOS="296" VPOS="1429" WIDTH="30" HEIGHT="20" WC="0.96" CONTENT="att"/><SP WIDTH="15" VPOS="1429" HPOS="326"/>
							<String ID="string_420" HPOS="341" VPOS="1428" WIDTH="122" HEIGHT="25" WC="0.96" CONTENT="bestämma,"/><SP WIDTH="17" VPOS="1428" HPOS="463"/>
							<String ID="string_421" HPOS="480" VPOS="1434" WIDTH="32" HEIGHT="16" WC="0.96" CONTENT="om"/><SP WIDTH="16" VPOS="1434" HPOS="512"/>
							<String ID="string_422" HPOS="528" VPOS="1427" WIDTH="68" HEIGHT="22" WC="0.96" CONTENT="banan"/><SP WIDTH="16" VPOS="1427" HPOS="596"/>
							<String ID="string_423" HPOS="612" VPOS="1427" WIDTH="45" HEIGHT="22" WC="0.96" CONTENT="från"/><SP WIDTH="16" VPOS="1427" HPOS="657"/>
							<String ID="string_424" HPOS="673" VPOS="1426" WIDTH="31" HEIGHT="23" WC="0.92" CONTENT="S:t"/><SP WIDTH="12" VPOS="1426" HPOS="704"/>
							<String ID="string_425" HPOS="716" VPOS="1427" WIDTH="76" HEIGHT="22" WC="0.96" CONTENT="Michel"/><SP WIDTH="12" VPOS="1427" HPOS="792"/>
							<String ID="string_426" HPOS="804" VPOS="1427" WIDTH="65" HEIGHT="22" WC="0.93" CONTENT="borde"/><SP WIDTH="11" VPOS="1427" HPOS="869"/>
							<String ID="string_427" HPOS="880" VPOS="1428" WIDTH="76" HEIGHT="25" WC="0.92" CONTENT="dragas"/><SP WIDTH="12" VPOS="1428" HPOS="956"/>
							<String ID="string_428" HPOS="968" VPOS="1427" WIDTH="60" HEIGHT="23" WC="0.96" CONTENT="öfver"/>
						</TextLine>
						<TextLine ID="line_45" HPOS="218" VPOS="1455" WIDTH="809" HEIGHT="28">
							<String ID="string_429" HPOS="218" VPOS="1456" WIDTH="76" HEIGHT="27" WC="0.92" CONTENT="Kieppi"/><SP WIDTH="15" VPOS="1456" HPOS="294"/>
							<String ID="string_430" HPOS="309" VPOS="1457" WIDTH="40" HEIGHT="20" WC="0.95" CONTENT="ned"/><SP WIDTH="16" VPOS="1457" HPOS="349"/>
							<String ID="string_431" HPOS="365" VPOS="1456" WIDTH="31" HEIGHT="21" WC="0.95" CONTENT="till"/><SP WIDTH="16" VPOS="1456" HPOS="396"/>
							<String ID="string_432" HPOS="412" VPOS="1456" WIDTH="62" HEIGHT="21" WC="0.96" CONTENT="södra"/><SP WIDTH="15" VPOS="1456" HPOS="474"/>
							<String ID="string_433" HPOS="489" VPOS="1456" WIDTH="124" HEIGHT="21" WC="0.96" CONTENT="stambanan"/><SP WIDTH="16" VPOS="1456" HPOS="613"/>
							<String ID="string_434" HPOS="629" VPOS="1456" WIDTH="52" HEIGHT="21" WC="0.96" CONTENT="eller"/><SP WIDTH="15" VPOS="1456" HPOS="681"/>
							<String ID="string_435" HPOS="696" VPOS="1455" WIDTH="67" HEIGHT="27" WC="0.96" CONTENT="någon"/><SP WIDTH="16" VPOS="1455" HPOS="763"/>
							<String ID="string_436" HPOS="779" VPOS="1461" WIDTH="68" HEIGHT="17" WC="0.96" CONTENT="annan"/><SP WIDTH="19" VPOS="1461" HPOS="847"/>
							<String ID="string_437" HPOS="866" VPOS="1458" WIDTH="46" HEIGHT="23" WC="0.95" CONTENT="väg,"/><SP WIDTH="16" VPOS="1458" HPOS="912"/>
							<String ID="string_438" HPOS="928" VPOS="1455" WIDTH="99" HEIGHT="23" WC="0.95" CONTENT="framhöll"/>
						</TextLine>
						<TextLine ID="line_46" HPOS="218" VPOS="1483" WIDTH="809" HEIGHT="28">
							<String ID="string_439" HPOS="218" VPOS="1484" WIDTH="100" HEIGHT="21" WC="0.91" CONTENT="hurusom"/><SP WIDTH="15" VPOS="1484" HPOS="318"/>
							<String ID="string_440" HPOS="333" VPOS="1484" WIDTH="116" HEIGHT="27" WC="0.96" CONTENT="Jyväskylä"/><SP WIDTH="16" VPOS="1484" HPOS="449"/>
							<String ID="string_441" HPOS="465" VPOS="1484" WIDTH="39" HEIGHT="21" WC="0.97" CONTENT="och"/><SP WIDTH="15" VPOS="1484" HPOS="504"/>
							<String ID="string_442" HPOS="519" VPOS="1483" WIDTH="82" HEIGHT="28" WC="0.96" CONTENT="Kuopio"/><SP WIDTH="17" VPOS="1483" HPOS="601"/>
							<String ID="string_443" HPOS="618" VPOS="1484" WIDTH="103" HEIGHT="22" WC="0.96" CONTENT="hvardera"/><SP WIDTH="14" VPOS="1484" HPOS="721"/>
							<String ID="string_444" HPOS="735" VPOS="1483" WIDTH="48" HEIGHT="22" WC="0.96" CONTENT="med"/><SP WIDTH="15" VPOS="1483" HPOS="783"/>
							<String ID="string_445" HPOS="798" VPOS="1484" WIDTH="43" HEIGHT="21" WC="0.96" CONTENT="lika"/><SP WIDTH="11" VPOS="1484" HPOS="841"/>
							<String ID="string_446" HPOS="852" VPOS="1486" WIDTH="44" HEIGHT="19" WC="0.93" CONTENT="stor"/><SP WIDTH="11" VPOS="1486" HPOS="896"/>
							<String ID="string_447" HPOS="907" VPOS="1485" WIDTH="44" HEIGHT="21" WC="0.36" CONTENT="rätt"/><SP WIDTH="10" VPOS="1485" HPOS="951"/>
							<String ID="string_448" HPOS="961" VPOS="1484" WIDTH="66" HEIGHT="21" WC="0.36" CONTENT="borde"/>
						</TextLine>
						<TextLine ID="line_47" HPOS="218" VPOS="1512" WIDTH="810" HEIGHT="27">
							<String ID="string_449" HPOS="218" VPOS="1513" WIDTH="84" HEIGHT="21" WC="0.96" CONTENT="komma"/><SP WIDTH="15" VPOS="1513" HPOS="302"/>
							<String ID="string_450" HPOS="317" VPOS="1513" WIDTH="6" HEIGHT="20" WC="0.96" CONTENT="i"/><SP WIDTH="15" VPOS="1513" HPOS="323"/>
							<String ID="string_451" HPOS="338" VPOS="1513" WIDTH="96" HEIGHT="26" WC="0.95" CONTENT="förening"/><SP WIDTH="14" VPOS="1513" HPOS="434"/>
							<String ID="string_452" HPOS="448" VPOS="1513" WIDTH="48" HEIGHT="20" WC="0.92" CONTENT="med"/><SP WIDTH="17" VPOS="1513" HPOS="496"/>
							<String ID="string_453" HPOS="513" VPOS="1512" WIDTH="165" HEIGHT="27" WC="0.92" CONTENT="jernvägsnätet,"/><SP WIDTH="19" VPOS="1512" HPOS="678"/>
							<String ID="string_454" HPOS="697" VPOS="1512" WIDTH="27" HEIGHT="26" WC="0.96" CONTENT="på"/><SP WIDTH="19" VPOS="1512" HPOS="724"/>
							<String ID="string_455" HPOS="743" VPOS="1513" WIDTH="35" HEIGHT="20" WC="0.97" CONTENT="det"/><SP WIDTH="18" VPOS="1513" HPOS="778"/>
							<String ID="string_456" HPOS="796" VPOS="1514" WIDTH="32" HEIGHT="20" WC="0.96" CONTENT="att"/><SP WIDTH="19" VPOS="1514" HPOS="828"/>
							<String ID="string_457" HPOS="847" VPOS="1513" WIDTH="26" HEIGHT="22" WC="0.96" CONTENT="de"/><SP WIDTH="15" VPOS="1513" HPOS="873"/>
							<String ID="string_458" HPOS="888" VPOS="1512" WIDTH="54" HEIGHT="22" WC="0.96" CONTENT="båda"/><SP WIDTH="16" VPOS="1512" HPOS="942"/>
							<String ID="string_459" HPOS="958" VPOS="1513" WIDTH="70" HEIGHT="22" WC="0.96" CONTENT="skulle"/>
						</TextLine>
						<TextLine ID="line_48" HPOS="219" VPOS="1540" WIDTH="809" HEIGHT="27">
							<String ID="string_460" HPOS="219" VPOS="1541" WIDTH="69" HEIGHT="21" WC="0.93" CONTENT="kunna"/><SP WIDTH="13" VPOS="1541" HPOS="288"/>
							<String ID="string_461" HPOS="301" VPOS="1541" WIDTH="101" HEIGHT="26" WC="0.91" CONTENT="jemsides"/><SP WIDTH="15" VPOS="1541" HPOS="402"/>
							<String ID="string_462" HPOS="417" VPOS="1541" WIDTH="114" HEIGHT="25" WC="0.96" CONTENT="utvecklas,"/><SP WIDTH="16" VPOS="1541" HPOS="531"/>
							<String ID="string_463" HPOS="547" VPOS="1541" WIDTH="80" HEIGHT="21" WC="0.96" CONTENT="hvilket"/><SP WIDTH="19" VPOS="1541" HPOS="627"/>
							<String ID="string_464" HPOS="646" VPOS="1546" WIDTH="49" HEIGHT="16" WC="0.96" CONTENT="vore"/><SP WIDTH="19" VPOS="1546" HPOS="695"/>
							<String ID="string_465" HPOS="714" VPOS="1542" WIDTH="31" HEIGHT="19" WC="0.96" CONTENT="ett"/><SP WIDTH="18" VPOS="1542" HPOS="745"/>
							<String ID="string_466" HPOS="763" VPOS="1541" WIDTH="85" HEIGHT="22" WC="0.95" CONTENT="talande"/><SP WIDTH="21" VPOS="1541" HPOS="848"/>
							<String ID="string_467" HPOS="869" VPOS="1541" WIDTH="63" HEIGHT="22" WC="0.96" CONTENT="motiv"/><SP WIDTH="15" VPOS="1541" HPOS="932"/>
							<String ID="string_468" HPOS="947" VPOS="1540" WIDTH="33" HEIGHT="22" WC="0.96" CONTENT="för"/><SP WIDTH="16" VPOS="1540" HPOS="980"/>
							<String ID="string_469" HPOS="996" VPOS="1541" WIDTH="32" HEIGHT="20" WC="0.96" CONTENT="att"/>
						</TextLine>
					</TextBlock>
				</ComposedBlock>
				<GraphicalElement ID="cblock_2" HPOS="1103" VPOS="0" WIDTH="6" HEIGHT="606"></GraphicalElement >
			</PrintSpace>
		</Page>
	</Layout>
</alto>
