1111 1773
382 134 93 24 Borgarest.
487 136 44 18 1885.
554 136 10 18 5
577 135 38 23 Maj.
850 136 34 18 949

86 200 69 29 syssla
169 203 93 21 dermed.
292 203 50 21 Men
358 204 59 21 detta
431 204 154 26 lagstadgande
600 204 42 21 kan
658 206 78 25 ytterst
749 205 41 21 lätt
803 204 102 27 kringgäs

86 230 38 21 och
136 230 100 22 kommer
250 231 45 21 helt
310 231 73 21 säkert
398 234 32 18 att
444 232 112 26 kringgäs;
573 232 39 20 och
626 232 7 21 i
649 232 24 21 så
681 232 38 21 fall
730 232 41 21 blir
781 233 37 21 det
825 232 79 28 farligt.

153 258 49 22 Men
221 259 106 21 utskottet
344 260 38 20 vill
404 260 6 20 i
431 260 72 21 stället
522 260 34 20 för
574 260 102 26 gammalt
691 261 51 20 ondt
760 261 69 21 införa
848 263 57 19 ännu

84 286 65 27 något
164 289 68 24 värre,
256 287 27 21 då
302 288 36 20 det
350 287 98 22 förordar
463 288 140 27 uppkomsten
619 288 23 21 af
656 290 59 19 stora
729 288 176 27 försäljningsbo-

84 315 42 26 lag,
141 314 72 22 hvilka
228 316 26 27 så
266 316 85 26 mycket
366 316 77 21 lättare
453 316 86 21 komma
549 318 31 19 att
591 316 158 26 monopolisera
759 317 69 21 denna
838 318 66 20 vinst-

83 343 140 26 inbringande
239 343 53 21 affär
306 344 7 20 i
329 344 106 26 städerna,
451 350 45 15 som
513 345 26 19 de
554 344 77 26 uppstå
646 344 68 21 under
729 344 94 22 namn
794 339 23 36 af
829 347 32 18 att
868 345 37 21 be-

83 370 78 26 främja
180 371 141 26 nykterheten
336 373 55 19 samt
407 372 71 20 betala
493 372 64 26 ingen
572 372 58 20 skatt
645 372 34 20 till
694 374 69 19 staten
779 373 40 21 och
834 373 71 20 såsom

82 398 225 27 nykterhetssamfund
315 400 47 20 icke
370 406 37 14 ens
415 400 86 20 komma
511 401 32 19 att
553 400 23 20 så
584 406 56 20 noga
649 400 141 21 öfvervakas.
805 400 53 21 Häri
870 406 35 15 ser

81 427 38 26 jag
137 433 26 15 en
183 429 44 19 stor
246 428 52 25 fara,
320 428 80 26 hvarpå
415 428 20 21 vi
450 428 64 21 hafva
529 428 108 21 varnande
653 428 95 27 exempel
764 428 48 21 från
827 434 77 20 grann-

82 455 74 21 landet
173 455 94 27 Sverige.
297 456 29 21 Af
340 456 59 21 detta
414 458 78 25 system
508 458 75 19 väntar
596 456 37 27 jag
649 457 108 20 dessutom
768 457 54 20 intet
832 458 71 25 annat,

82 485 27 19 än
120 485 32 19 att
160 484 100 21 städerna
274 484 28 26 på
317 486 100 25 omvägar
432 485 85 20 komma
533 485 31 26 sig
574 485 33 20 till
619 491 26 14 en
659 484 133 27 obegränsad
803 485 100 20 konsum-

82 511 122 27 tionsskatt,
220 512 33 21 för
268 512 64 21 hvars
348 512 63 21 säkra
425 513 105 26 ingående
541 512 239 22 bränvinstillverkarne
791 519 44 20 nog.
843 513 61 20 skola

83 541 64 26 sörja,
165 541 39 21 och
225 547 45 15 som
294 541 39 20 lätt
356 541 54 20 skall
434 541 66 20 blifva
519 541 102 21 lockande
640 540 34 21 för
689 541 213 21 stadskommunerna

82 569 48 21 med
146 569 63 21 deras
224 569 98 26 stigande
339 569 156 21 skattebördor.

151 597 50 21 Man
221 597 55 21 skall
291 597 113 22 kanhända
418 598 99 26 invända,
533 599 31 20 att
579 597 72 27 dylika
666 598 188 26 nykterhetsbolag
869 604 33 15 re-

82 625 41 21 dan
146 625 90 26 fungera
258 625 40 21 hos
320 632 35 15 oss
378 626 133 26 sedligheten
535 627 39 20 och
595 626 141 26 nykterheten
755 626 34 20 till
805 625 97 24 fromma,

82 655 56 20 samt
152 653 88 21 hänvisa
255 654 33 20 till
303 654 52 21 vära
369 654 174 26 utminuterings-
558 654 38 21 och
612 654 226 25 utskänkningsbolag.
860 654 42 25 Jag

81 682 40 20 har
139 681 54 22 dock
214 683 74 25 tyvärr
303 688 34 15 om
354 683 47 20 dem
420 688 26 15 en
466 688 69 15 annan
558 682 65 21 tanke
646 682 39 21 och
700 682 39 21 har
754 681 41 22 fätt
810 682 91 21 rörande

82 710 48 21 dem
146 716 25 15 en
186 716 69 15 annan
270 710 128 21 erfarenhet.

149 738 94 21 Landets
262 738 138 26 hufvudstad,
419 739 80 20 härden
517 738 34 21 för
566 738 39 21 allt
620 739 52 26 godt
686 739 39 20 och
741 738 58 25 ondt,
814 738 38 20 har
866 738 35 20 väl

81 766 40 21 här
135 766 90 21 likasom
243 767 6 20 i
266 766 39 21 allt
320 768 65 19 annat
400 767 57 20 velat
472 766 75 21 föregä
561 766 210 21 landsortsstäderna
785 766 49 21 med
849 766 53 26 godt

80 795 116 21 föredöme.
226 795 50 21 Men
289 795 38 27 jag
341 797 46 19 tror
402 797 32 19 att
448 795 164 26 utskänknings-
628 794 38 21 och
677 794 225 26 utminuteringsbola-

81 830 41 20 gen
137 823 80 21 äfven
209 818 12 36 i
231 823 135 27 Helsingfors
381 824 28 26 pä
423 823 60 27 längt
497 825 39 18 när
551 823 47 21 icke
606 823 43 20 fört
656 823 33 21 till
702 822 199 22 kardinalmälet
884 818 21 36 —

80 852 106 27 superiets
208 852 40 20 och
270 852 43 20 alla
332 852 87 21 dermed
437 852 8 20 i
464 851 96 27 förening
580 851 88 21 stäende
685 851 76 21 lasters
777 851 39 21 och
831 851 69 20 brotts

79 880 134 26 hämmande,
229 882 51 19 utan
295 881 92 20 tvärtom
402 880 76 21 verkat
492 880 7 20 i
514 880 49 20 rakt
577 881 89 20 motsatt
682 880 100 26 rigtning,
797 881 31 19 att
839 879 63 21 döma

80 909 128 21 åtminstone
232 908 23 21 af
269 909 36 20 det
324 908 68 22 ökade
411 909 58 20 antal
489 908 93 21 druckne
601 914 109 20 personer,
726 914 45 14 som
787 908 114 26 poliskam-

79 936 169 22 marstatistiken
268 937 62 21 torde
348 936 71 21 kunna
438 936 95 27 uppvisa.
568 936 45 21 Och
631 936 65 20 likväl
712 938 24 18 är
751 942 48 14 man
815 936 34 20 väl
865 936 36 20 be-

79 964 93 26 rättigad
184 966 32 19 att
226 966 84 24 antaga,
322 966 32 19 att
362 964 44 21 lika
414 964 77 27 mänga
499 964 143 21 öfverlastade
650 964 90 26 undgätt
747 964 94 25 polisens
849 970 52 20 upp-

79 992 145 21 märksamhet
239 992 38 21 och
293 992 135 27 behandling,
445 998 44 15 som
506 992 32 25 de,
554 991 72 22 hvilka
636 992 90 21 kommit
740 991 7 21 i
763 992 49 21 dess
828 991 73 21 rullor.

147 1020 43 21 Det
204 1020 112 27 farligaste
330 1021 40 20 hos
386 1020 73 27 dylika
473 1021 70 26 bolag,
559 1026 45 15 som
620 1020 74 21 arbeta
709 1020 68 20 under
787 1019 114 27 nykterhe-

79 1050 48 20 tens
146 1048 56 26 fana,
219 1050 25 19 är
259 1048 39 21 och
312 1049 77 20 förblir
404 1048 68 26 alltid,
488 1050 31 19 att
535 1049 62 20 deras
612 1050 59 19 stora
685 1048 127 21 vinstmedel
828 1048 28 26 pä
871 1049 31 19 ett

79 1077 54 20 eller
147 1078 65 19 annat
226 1078 44 19 sätt
284 1077 84 20 ändock
383 1076 86 21 tillfalla
484 1077 40 20 den
540 1077 107 25 kommun,
663 1077 39 20 der
714 1077 27 20 de
756 1076 81 25 arbeta,
854 1075 46 22 dels

79 1110 45 15 som
144 1105 74 26 anslag
237 1105 33 20 till
290 1104 107 21 allmänna
416 1105 142 26 förströelser,
578 1105 46 20 dels
640 1110 76 21 genom
731 1104 131 21 tillkomsten
878 1103 24 22 af

78 1132 78 27 mänga
171 1133 105 20 mähända
291 1133 35 21 väl
341 1132 96 22 aflönade
449 1133 152 26 befattningar,
614 1139 45 15 som
670 1133 62 21 alltid
744 1133 75 26 ätfölja
830 1134 70 19 större

77 1161 151 26 anordningar.
262 1161 29 21 Af
308 1161 89 27 specielt
416 1161 91 21 intresse
527 1167 50 16 vore
596 1163 32 20 att
647 1161 22 20 få
687 1163 49 20 veta
750 1161 150 26 förvaltoings-

77 1189 145 21 kostnaderna
241 1189 34 21 för
293 1190 174 25 utminuterings-
486 1190 39 20 och
543 1189 252 26 utskänkningsrörelsen
814 1191 14 18 t.
845 1195 32 15 ex.
893 1189 8 20 i

77 1217 84 21 landets
179 1217 140 26 hufvudstad;
335 1218 54 21 huru
404 1217 77 27 många
495 1224 103 19 personer
612 1218 37 21 vid
663 1217 237 26 utskänkningbolagen

76 1247 38 19 äro
130 1245 83 21 fästade
228 1247 56 20 samt
299 1247 45 20 mot
353 1245 73 21 hvilka
438 1246 157 21 löneförmåner
610 1246 26 21 de
651 1245 90 27 fungera
756 1245 7 21 i
779 1245 62 22 dessa
856 1247 45 20 eta-

75 1273 133 22 blissement.

145 1301 42 26 Jag
206 1302 39 20 har
263 1302 86 27 nyligen
369 1303 42 20 sett
429 1303 32 19 att
479 1301 146 27 aflöningarna
644 1303 6 20 i
669 1297 47 26 Åbo
735 1302 70 27 uppgå
823 1302 77 21 inalles

76 1330 34 21 till
123 1329 77 26 18,000
212 1330 60 21 mark
283 1329 34 22 för
330 1330 55 21 1884
393 1342 27 3 —
429 1336 25 15 en
467 1332 43 19 stat
520 1336 45 15 som
575 1332 109 25 uppväger
695 1330 90 26 mången
794 1329 105 22 småstads

76 1357 122 27 årsbudget.
221 1358 42 26 Jag
273 1358 40 21 har
325 1359 109 20 dessutom
447 1358 47 21 från
505 1359 120 25 trovärdigt
636 1358 44 21 håll
691 1359 56 25 hört,
759 1360 32 19 att
810 1364 49 15 man
868 1358 32 20 uti

76 1391 27 16 en
117 1385 24 20 af
155 1385 83 22 landets
254 1387 70 20 större
340 1386 73 21 städer
422 1398 27 3 —
456 1387 38 26 jag
509 1386 41 21 kan
559 1386 65 21 också
631 1388 77 19 nämna
716 1387 32 20 att
756 1386 37 21 det
804 1388 24 18 är
838 1385 61 27 Björ-

75 1413 82 26 neborg
165 1425 25 3 —
200 1414 93 20 användt
301 1413 84 22 direkta
393 1414 134 26 vinstmedel,
537 1420 44 15 som
590 1414 79 21 utfallit
678 1413 48 22 från
734 1413 166 27 utskänknings-

75 1441 40 21 och
136 1441 259 26 utminuteringsbolaget,
414 1442 34 20 till
467 1443 32 20 att
517 1442 92 27 uppföra
628 1443 32 20 ett
677 1443 95 25 propert,
783 1442 116 21 teaterhus.

74 1468 42 27 Jag
131 1470 47 19 tror
192 1469 109 26 verkligen
318 1469 47 21 icke
381 1471 32 20 att
428 1469 37 21 det
479 1471 24 19 är
519 1470 113 25 meningen
647 1471 32 19 att
694 1470 63 21 dessa
771 1470 128 20 vinstmedel

75 1497 62 21 skola
145 1493 10 35 '
159 1497 90 21 sålunda
271 1498 115 20 användas.
424 1498 41 26 Jag
488 1497 82 26 tänker,
593 1499 33 19 att
648 1498 41 20 den
707 1497 192 21 teaterbesökande

74 1524 102 28 publiken
194 1526 7 20 i
216 1525 134 27 Björneborg
365 1526 48 20 icke
428 1526 93 20 besöker
535 1526 260 26 utskänkningsbolagens
810 1525 89 21 lokaler.
