1111 1725
228 128 34 33 760
486 131 92 23 Borgarest.
590 130 44 20 1885.
657 130 20 19 16
686 130 50 23 April.

203 202 26 20 är
244 202 76 20 tvenne
335 199 130 27 fullkomligt
480 198 69 22 skilda
564 198 69 26 saker,
652 204 46 16 som
713 198 113 21 afhandlas
841 198 7 21 i
864 200 77 20 tvenne
954 198 71 21 skilda

205 228 163 28 propositioner.

274 257 56 22 Herr
352 256 192 28 Schybergson:
563 256 42 27 Jag
623 256 42 22 kan
683 256 46 22 icke
750 256 68 22 förstå
837 257 62 21 ordet
918 256 107 28 ,anslä*i

207 286 69 22 denna
290 286 42 20 6:te
348 286 68 26 punkt
434 286 28 26 pä
476 291 81 15 samma
573 286 109 25 sätt,.som
698 286 41 20 den
755 284 88 22 senaste
856 285 65 21 ärade
935 284 91 26 talaren,

206 314 39 21 och
260 314 39 20 ber
315 314 72 20 derför
405 313 23 21 få
444 313 76 21 förena
540 313 42 26 mig
597 319 34 15 om
645 313 52 21 herr
712 312 127 28 Chydenius?
855 313 86 25 förslag,
958 318 45 15 som
1019 312 6 21 i

204 342 121 21 hufvudsak
341 342 200 20 öfverensstämmer
559 341 48 21 med
626 341 49 20 herr
694 340 103 27 Hovings,
816 343 52 19 utan
884 343 31 19 att
929 340 55 22 dock
998 340 29 27 på

206 370 90 20 förhand
312 370 68 20 uttala
394 369 44 26 mig
454 375 34 15 om
504 375 26 14 en
546 369 96 21 bestämd
658 375 88 15 summa.
769 369 110 21 Beroende
890 369 23 21 af
922 370 40 20 den
973 369 52 21 bud-

206 400 37 24 get
264 398 159 20 statsutskottet.
445 398 95 20 kommer
559 398 32 20 att
609 397 126 26 framlägga,
754 397 41 20 kan
814 397 86 21 ståndet
918 396 56 22 finna
993 397 33 25 sig

205 426 115 20 föranlåtet
335 427 32 19 att
382 425 78 26 bevilja
476 426 68 20 större
559 425 53 21 eller
626 425 82 20 mindre
723 430 94 15 summor
832 425 40 21 och
882 425 89 21 sålunda
983 424 42 21 låta

206 454 84 21 arbetet
304 454 28 26 gå
350 453 104 21 snabbare
473 453 53 20 eller
544 452 161 27 långsammare.
739 453 43 21 Det
799 454 25 19 är
838 453 28 26 på
880 454 69 25 grund
963 452 64 22 häraf

204 482 37 26 jag
257 481 96 21 anhåller
369 483 32 19 att
415 480 22 22 få
451 480 80 22 föreslå
546 481 129 25 antagandet
690 480 23 21 af
725 480 95 26 följande
835 481 68 20 kläm:
922 482 32 19 att
969 480 57 22 stån-

207 510 42 24 det,
260 514 46 16 som
318 509 87 20 beslutit
413 508 121 26 byggandet
546 508 23 20 af
579 514 26 15 en
618 509 54 19 bana
683 508 48 20 från
742 508 103 26 Kouvola,
857 509 108 20 eventuelt
975 508 51 21 Kai-

206 537 55 25 piais
276 537 78 20 station
366 536 32 20 till
414 536 92 26 Kuopio,
522 536 54 20 efter
591 542 26 14 en
635 536 107 20 beräknad
753 536 91 21 kostnad
861 536 23 21 af
899 536 127 26 16,400,000

206 564 68 27 mark,
290 564 142 21 öfverlemnar
447 564 22 21 åt
484 564 159 21 statsutskottet
657 565 32 20 att
703 565 7 20 i
726 564 153 27 sammanhang
894 564 48 22 med
958 564 69 27 öfriga

206 593 161 26 anslagsfrågor
382 592 86 27 föreslå,
484 592 105 21 huruvida
605 592 38 21 och
657 593 28 26 på
701 593 54 20 hvad
774 595 43 19 sätt
836 593 26 21 de
878 593 34 21 för
926 593 99 21 ändamå-

206 621 30 23 let
252 621 67 21 under
334 621 49 21 åren
401 621 140 21 1887—1888
557 620 142 27 erforderliga
714 621 68 21 medel
798 621 70 22 kunde
884 621 113 21 anskaffas.

276 649 56 22 Herr
350 649 163 21 Gummerus:
536 649 40 26 Jag
596 649 37 21 ber
651 649 22 21 få
687 649 131 21 understöda
832 650 51 21 herr
898 649 128 27 Chydenius”

207 677 87 27 förslag,
314 677 53 21 dock
387 677 47 21 med
453 677 40 21 den
512 677 95 26 ändring,
632 679 31 19 att
685 677 92 22 derifrån
801 678 69 21 skulle
892 678 51 27 utgå
966 678 62 21 ordet

208 705 132 28 yhuruvida*.
370 705 128 26 Derigenom
515 706 88 25 antydes
619 707 32 19 att
665 705 85 22 ståndet
764 706 39 21 har
818 706 88 21 beslutit
916 708 31 19 att
958 712 25 15 en
995 708 34 19 ut-

208 734 40 26 gift
262 733 34 21 för
310 733 148 26 ifrågakomna
473 733 98 21 ändamål
586 733 109 26 verkligen
711 733 55 21 skall
781 735 70 25 göras.
881 729 98 26 Återstår
995 733 33 22 så-

208 762 59 21 ledes
283 762 75 20 endast
373 763 31 19 att
419 761 159 21 statsutskottet
593 761 101 28 angifver,
711 762 26 25 på
752 762 54 21 hvad
817 764 43 19 sätt
871 763 39 20 den
922 762 105 21 erforder-

208 790 43 26 liga
266 795 95 15 summan
381 789 55 21 skall
455 789 114 21 anskaffas.
603 789 30 21 Ar
653 790 36 20 det
707 789 97 27 omöjligt
818 790 34 21 för
867 791 161 20 statsutskottet

208 820 32 19 att
255 817 73 21 anvisa
346 817 69 21 denna
434 823 88 19 summa,
540 817 24 20 så
581 817 43 21 kan
645 818 58 20 detta
717 817 47 21 icke
779 818 89 26 hjelpas.
898 818 82 21 Genom
996 819 32 20 att

208 845 94 21 utesluta
318 845 61 20 ordet
393 845 133 26 ,huruvida*,
543 845 50 20 ville
605 845 38 25 jag
658 845 84 26 antyda,
758 847 32 19 att
805 846 86 20 ståndet
901 847 46 19 icke
959 845 68 21 öfver-

209 873 81 21 lemnar
309 873 21 21 åt
349 872 159 22 statsutskottet
527 874 31 19 att
577 872 74 27 pröfva
671 878 32 15 om
724 873 68 21 denna
810 873 65 27 utgift
894 874 54 20 skall
964 875 64 25 göras

208 902 54 21 eller
277 901 53 22 icke.

277 930 57 21 Herr
351 930 130 26 Eneberg:
504 930 42 27 Jag
564 930 49 22 ville
632 932 76 19 nämna
727 932 31 19 att
776 930 50 22 herr
844 930 77 22 Heikel
936 932 7 19 i
959 931 68 26 någon

209 959 47 21 mån
276 958 139 22 missförstått
434 959 48 21 mitt
499 959 100 27 yrkande.
633 958 42 22 Det
693 965 38 15 var
748 959 114 26 ingalunda
881 960 42 20 min
943 960 85 26 mening

209 989 32 19 att
255 988 64 20 dessa
335 987 27 21 16
377 987 98 27 miljoner
490 988 60 20 mark
566 987 70 21 skulle
652 987 23 21 af
688 987 160 21 statsutskottet
867 988 74 20 ställas
957 988 71 26 dispo-

209 1015 58 21 nibla
282 1016 52 20 utan
348 1016 37 26 jag
400 1016 50 20 ville
466 1016 75 20 endast
556 1016 35 20 det
607 1017 31 19 att
654 1016 62 20 dessa
732 1016 26 21 16
774 1015 98 27 miljoner
888 1016 59 20 mark
963 1022 28 14 nu
1006 1015 25 22 af

210 1044 84 20 ståndet
310 1043 68 21 skulle
393 1042 34 22 för
442 1044 69 20 denna
524 1044 89 25 jernväg
629 1043 78 25 anslås,
726 1050 48 14 men
790 1046 30 18 att
831 1044 22 20 åt
868 1044 160 21 statsutskottet

209 1071 71 21 skulle
296 1071 141 21 öfverlemnas
453 1073 31 19 att
499 1071 80 21 föreslå
593 1072 7 19 i
616 1072 86 20 hvilken
718 1072 88 26 ordning
823 1072 39 20 och
877 1072 27 26 på
918 1072 55 20 hvad
985 1074 43 18 sätt

210 1099 68 21 denna
294 1104 81 16 summa
391 1099 68 21 skulle
475 1099 112 25 anskaffas,
603 1099 68 21 likaså
686 1102 32 18 att
733 1100 35 20 det
783 1100 69 20 skulle
868 1100 81 20 lemnas
965 1101 64 19 stats-

210 1127 106 20 utskottet
335 1128 63 25 öppet
416 1128 32 20 att
466 1127 117 20 bestämma
601 1127 55 20 huru
674 1127 83 26 mycket
777 1127 34 21 vid
835 1128 69 20 denna
926 1128 103 26 landtdag

210 1155 70 22 skulle
296 1155 75 21 ställas
390 1155 129 26 disponibelt
537 1155 40 21 och
595 1155 54 21 huru
667 1155 84 26 mycket
765 1156 36 21 vid
817 1156 40 21 den
872 1156 101 26 följande,
989 1156 40 21 lik-

210 1184 34 21 väl
261 1183 23 21 så
300 1185 31 19 att
346 1183 86 22 ståndet
447 1189 28 15 nu
490 1183 129 22 bestämmer
634 1184 53 20 huru
703 1184 83 26 mycket
800 1184 23 20 af
837 1184 85 21 ståndet
937 1184 33 21 för
980 1184 49 21 hela

208 1212 117 26 jernvägen
340 1211 91 22 anvisas.
460 1211 44 22 För
521 1213 71 20 resten
611 1211 67 22 finner
695 1212 38 26 jag
751 1212 45 21 icke
813 1212 64 26 något
892 1212 46 21 skäl
954 1214 32 19 att
1001 1218 29 15 nu

210 1239 80 27 bevilja
309 1246 25 15 en
353 1246 82 15 summa
453 1239 23 22 af
493 1241 12 20 7
524 1240 53 20 eller
595 1240 13 21 8
626 1241 98 25 miljoner
742 1240 70 26 märk;
832 1240 68 29 någon
917 1241 112 26 utredning

211 1268 101 21 behöfves
331 1268 32 21 till
383 1268 47 21 stöd
449 1268 34 21 för
502 1270 30 19 ett
553 1268 75 21 sådant
643 1268 126 26 beviljande.
798 1269 42 26 Jag
854 1269 69 20 skulle
937 1271 92 18 tvärtom

212 1297 50 26 vilja
278 1296 130 21 öfverlemna
423 1296 33 21 till
471 1296 158 21 statsutskottet
644 1299 31 18 att
690 1296 84 21 komma
787 1297 21 20 in
819 1297 47 20 med
878 1297 85 26 förslag,
976 1297 54 20 huru

212 1325 85 26 mycket
310 1325 35 20 vid
361 1325 69 20 denna
445 1325 101 25 landtdag
561 1325 39 20 bör
615 1325 33 20 för
663 1325 121 20 ändamålet
799 1324 96 26 beviljas,
909 1330 48 15 men
971 1324 60 21 kost-

212 1353 152 26 nadsanslaget
379 1359 63 14 anser
453 1353 37 26 jag
505 1353 7 20 i
528 1352 42 21 alla
584 1353 113 20 händelser
712 1358 27 15 nu
754 1353 52 20 böra
821 1353 136 20 bestämmas.

282 1381 57 20 Herr
360 1381 106 26 Nybom:
492 1380 45 26 Mig
556 1386 62 21 synes
641 1383 37 24 att,
698 1381 54 20 hvad
775 1381 73 20 herrar
870 1381 99 26 Eneberg
991 1380 39 21 och

213 1409 93 21 Neovius
324 1415 50 20 nyss
392 1411 50 24 sagt
459 1410 24 19 är
500 1409 45 26 just
563 1409 124 25 detsamma,
706 1415 44 14 som
768 1409 50 20 herr
834 1408 120 27 Chydenius
969 1408 63 26 gifvit

213 1437 54 22 form
284 1437 27 21 åt.
341 1437 38 21 Att
393 1437 26 21 de
434 1437 63 26 yrkat
511 1436 27 27 på
553 1437 64 26 något
633 1439 64 18 annat
712 1437 60 20 torde
787 1437 51 20 bero
854 1437 27 26 på
894 1439 33 18 ett
935 1436 95 21 missför-

213 1465 69 22 stånd.
312 1465 32 21 De
360 1465 96 21 använda
472 1466 65 19 orden
554 1465 95 26 ,anslag*
665 1465 39 20 och
719 1465 137 26 ,bevillning*
872 1465 5 20 i
894 1471 26 14 en
934 1465 45 20 helt
994 1470 36 15 an-

212 1499 42 15 nan
269 1493 109 26 betydelse
393 1495 26 19 än
436 1494 40 20 den
490 1493 36 26 jag
542 1499 62 15 anser
619 1493 48 20 dem
682 1493 70 20 hafva.
775 1493 40 20 Om
831 1493 20 20 vi
866 1493 60 20 anslå
941 1493 38 20 och
994 1493 38 21 be-

214 1521 56 26 vilja,
286 1521 24 21 så
325 1521 63 21 hafva
403 1521 20 21 vi
442 1522 28 25 på
487 1527 80 15 samma
585 1521 56 26 gång
659 1521 73 20 tillåtit
747 1521 125 26 regeringen
888 1523 31 18 att
934 1521 99 20 använda
