1109 1773
227 123 40 33 770.
487 126 91 22 Borgarest.
589 125 46 20 1885.
657 125 19 19 18
687 124 50 23 April.

205 197 106 25 hvardera.
326 196 115 26 förslagen.
472 194 65 22 Utom
552 194 64 21 dessa
631 194 57 21 salar
703 195 104 25 upptager
823 193 36 21 det
874 192 58 21 förra
943 192 87 26 projek-

205 227 33 23 tet
252 227 31 20 ett
298 224 83 22 förmak
400 223 39 21 och
458 224 31 20 ett
507 222 118 22 kanslirum
643 222 33 21 till
695 221 74 27 hvarje
787 220 98 27 plenisal,
901 220 35 21 det
952 226 78 15 senare

207 254 98 26 deremot
319 254 31 20 ett
364 252 84 22 förmak
467 251 39 22 och
521 251 36 21 tvä
572 250 124 22 kanslirum.
726 250 44 21 Det
785 250 67 21 andra
867 248 163 22 kanslirummet

207 283 39 25 har
264 281 123 22 tillkommit
405 280 28 27 pä
451 281 41 20 den
507 280 75 26 grund,
598 281 32 19 att
645 279 161 26 stenograferne
821 278 107 21 inkommo
943 278 33 20 till
993 278 36 20 de-

206 310 121 27 legationen
347 309 47 21 med
413 314 25 15 en
459 308 119 25 skrifvelse,
594 307 69 21 deruti
680 307 25 20 de
721 306 120 25 framhöllo,
857 308 32 18 att
904 306 26 20 de
945 305 31 21 uti
992 305 37 21 det

205 338 110 23 blifvande
334 336 212 27 representanthuset
564 335 33 21 för
615 334 74 27 hvarje
709 334 62 21 stånd
789 334 140 26 ovilkorligen
949 333 81 27 ansägo

207 367 32 26 sig
255 365 91 23 behöfva
361 366 31 20 ett
406 370 53 20 rum,
476 364 84 21 hvaruti
578 364 26 20 de
619 363 72 21 kunde
707 362 125 22 dechiffrera
843 362 46 21 sina
900 364 129 24 stenogram,

206 394 146 22 hvarförutom
369 393 26 21 de
410 392 86 21 anhöllo
511 398 34 14 om
561 398 26 14 en
602 393 69 19 större
687 391 38 25 sal,
741 391 38 20 der
794 391 26 20 de
834 390 43 21 alla
887 390 145 20 tillsammans

206 422 72 22 kunde
299 421 74 21 vidare
395 420 100 21 utarbeta
516 420 47 20 sina
585 419 159 26 anteckningar.
773 418 76 21 Denna
868 418 32 20 sal
919 418 37 20 har
975 418 54 20 dock

208 450 71 23 blifvit
300 448 123 22 utelemnad
446 447 39 22 och
503 448 7 21 i
533 447 73 22 stället
627 446 207 23 utskottslokalerna
856 446 75 21 ökade.
961 446 10 21 I
994 446 36 21 det

207 479 60 20 förra
281 477 105 26 förslaget
400 477 62 25 ingår
480 476 13 21 8
509 476 148 25 utskottsrum,
673 476 6 19 i
695 476 37 20 det
747 481 74 15 senare
837 476 13 20 9
866 474 12 21 å
894 475 32 25 10,
943 476 36 23 ett,
996 475 33 20 sä-

208 512 45 15 som
273 505 109 24 nämndes,
402 504 89 26 specielt
509 503 34 21 för
566 503 167 26 stenograferne.
764 503 10 20 I
793 503 105 20 hvardera
920 502 111 25 förslagen

208 533 50 27 ingå
269 532 107 21 arkivrum
389 532 48 20 med
449 531 116 27 åtföljande
576 531 127 21 arbetsrum.
727 531 10 20 I
749 531 36 20 det
795 530 58 21 förra
864 530 104 26 förslaget
978 535 54 21 upp-

208 564 61 24 tager
283 560 95 27 golfytan
392 559 34 21 för
440 559 83 22 arkivet
539 559 55 22 1134
608 559 145 26 gvadratfot,
748 554 14 38 i
769 559 35 20 det
820 565 75 14 senare
911 558 55 21 1200
980 564 50 20 gva-

209 590 87 25 dratfot,
307 589 84 20 således
402 594 26 15 en
440 588 83 27 mycket
534 588 52 21 liten
598 587 99 22 differens
709 587 64 21 också
785 587 44 21 här.
852 586 178 22 Biblioteksloka-

208 619 35 20 len
263 620 23 18 är
304 617 8 20 i
331 616 106 21 hvardera
451 621 149 21 programmen
619 616 132 26 fullkomligt
769 615 129 21 densamma.
929 615 39 20 Ett
983 621 46 14 rum

208 646 39 21 har
263 645 123 22 tillkommit
401 645 6 19 i
423 645 37 20 det
475 650 76 15 senare
566 644 107 26 projektet
689 643 32 21 för
736 643 219 26 tidningsreferenter.
981 643 50 20 Tid-

208 674 153 26 ningsmännen
377 672 76 26 gjorde
469 671 64 21 också
549 672 32 20 sin
596 671 141 27 pätryckning
749 671 27 27 pä
788 671 149 26 delegationen
946 671 39 20 och
994 677 38 14 an-

207 702 51 25 sägo
279 701 32 26 sig
330 699 92 22 behöfva
441 701 32 20 ett
491 706 47 14 rum
554 699 33 21 för
603 700 32 20 sin
650 699 97 26 räkning.
779 699 115 21 Dessutom
909 701 24 18 är
949 700 82 19 restau-

208 728 167 22 rationslokalen
387 727 120 27 föreslagen
523 727 106 27 betydligt
643 729 70 19 större
728 728 7 20 i
747 728 36 20 det
798 733 47 20 nya,
861 729 26 18 än
899 728 8 19 i
922 728 36 20 det
970 727 61 20 äldre

208 757 111 26 förslaget.
349 756 75 21 Skälet
439 755 72 21 dertill
527 761 37 15 var
580 755 64 20 bland
660 757 65 19 annat
744 754 62 21 äfven
826 755 42 24 det,
884 757 32 19 att
930 761 48 15 man
994 761 37 14 an-

209 785 37 26 såg
261 785 84 26 platsen
361 783 73 21 fordra
449 785 32 19 att
501 789 26 14 en
546 783 34 21 del
600 785 172 24 representanter
791 783 69 21 skulle
879 785 67 19 sättas
962 783 6 20 i
988 783 43 20 till-

208 813 52 20 fälle
275 813 32 20 att
327 812 38 20 der
384 811 73 26 intaga
475 811 62 21 äfven
557 811 46 21 sina
619 811 117 26 middagar,
752 811 28 21 dä
795 811 26 21 de
837 811 24 21 sä
875 811 101 25 önskade,
992 811 40 20 och

208 841 47 20 icke
270 840 73 21 städse
358 839 73 21 härför
447 839 91 21 behöfva
552 839 98 26 uppsöka
665 839 46 20 sina
727 841 86 24 gvarter
827 840 7 19 i
847 839 81 21 staden.
947 839 84 21 Beträf-

207 869 64 21 fande
291 868 26 20 de
337 867 68 27 öfriga
423 873 96 15 rummen
535 867 42 21 kan
593 867 38 27 jag
646 867 47 21 icke
711 867 57 21 finna
786 867 71 27 nägon
876 867 41 22 den
936 869 96 25 ringaste

209 897 107 22 differens.

277 924 70 22 Huset
365 925 38 20 der
421 930 56 20 uppe
495 924 28 26 på
542 924 221 26 Observatoriiberget
783 924 68 21 skulle
870 924 74 22 vidare
962 924 21 21 få
1005 930 27 15 en

208 954 68 20 bredd
292 952 23 21 af
329 952 42 22 258
387 952 38 21 och
441 958 26 15 en
483 952 64 26 längd
563 952 23 21 af
599 952 42 21 287
657 952 32 20 fot
704 952 40 21 och
759 952 49 21 dess
824 952 59 22 areal
894 952 91 21 sålunda
995 952 37 21 be-

207 982 50 26 löpa
272 981 32 26 sig
319 981 33 20 till
365 980 78 26 74,000
454 980 129 26 qvadratfot.
597 980 102 27 Längden
711 980 39 21 och
761 980 95 22 bredden
869 980 34 22 för
914 980 119 22 trestånds-

208 1010 63 22 huset
289 1009 28 26 pä
335 1010 108 25 qvarteret
464 1008 101 22 Servalen
584 1014 51 16 voro
655 1009 122 26 föreslagna
796 1009 33 20 till
848 1009 120 26 respektive
991 1009 46 22 282

209 1038 38 20 och
265 1038 40 20 162
320 1036 38 26 fot,
374 1036 84 21 således
473 1036 74 21 husets
562 1037 49 20 hela
626 1036 59 21 areal
700 1037 33 20 till
749 1036 79 26 45,700
843 1037 128 26 qvadratfot.
996 1036 38 22 Sä-

209 1072 46 15 som
268 1066 37 25 jag
320 1065 66 20 redan
401 1064 98 26 tidigare,
516 1064 27 21 då
559 1065 36 21 det
609 1065 64 25 gälde
688 1066 32 19 att
739 1065 110 21 remittera
867 1065 166 21 ständerhusde-

209 1094 134 25 legationens
359 1093 115 20 berättelse
489 1092 34 20 till
539 1092 110 26 utskottet,
665 1092 55 21 hade
731 1094 51 19 äran
794 1093 81 25 anföra,
886 1095 25 19 är
921 1093 114 21 kostnads-

210 1121 104 26 förslaget
333 1120 34 21 för
385 1120 36 20 det
440 1126 75 15 senare
534 1120 63 21 huset
615 1120 116 26 uppgjordt
749 1122 50 19 utan
820 1122 41 20 den
884 1121 93 26 ringaste
997 1121 37 27 på-

210 1148 112 28 tryckning
340 1149 28 25 på
387 1148 128 21 arkitekten.
548 1148 34 20 Då
601 1149 119 25 uppdraget
739 1150 32 19 att
789 1149 7 20 i
812 1149 94 25 enlighet
921 1149 48 21 med
984 1155 50 21 pro-

210 1179 105 24 grammet
330 1177 97 25 uppgöra
442 1176 79 26 ritning
536 1176 39 21 och
590 1176 186 26 kostnadsförslag
790 1177 110 21 lemnades
909 1177 125 26 arkitekter,

210 1205 91 23 utfästes
317 1204 47 22 icke
379 1204 65 26 något
459 1204 108 21 bestämdt
582 1204 83 27 belopp,
681 1204 32 21 till
731 1204 81 22 hvilket
823 1205 119 21 kostnaden
952 1204 34 22 för
996 1205 39 21 hu-

212 1235 33 21 set
259 1233 70 21 skulle
345 1233 22 21 få
381 1232 78 27 uppgå.
483 1232 81 21 Sådant
579 1238 62 15 anser
654 1233 38 27 jag
706 1233 34 21 för
755 1233 43 21 min
814 1234 34 20 del
863 1233 47 21 icke
921 1234 67 20 heller
1004 1233 32 21 öf-

211 1261 126 26 verhufvud
349 1261 104 26 lämpligt.
486 1260 43 22 Det
549 1263 24 19 är
589 1261 46 25 just
653 1262 69 20 denna
745 1262 162 26 omständighet,
931 1268 45 14 som
999 1263 36 19 vä-

213 1290 105 26 sentligen
340 1289 95 26 bidragit
456 1289 79 26 dertill,
558 1291 32 19 att
611 1290 38 20 vid
669 1289 43 21 alla
734 1290 27 20 de
783 1290 107 20 allmänna
904 1290 132 27 byggnader,

213 1324 45 15 som
281 1318 34 20 för
337 1317 141 21 statsverkets
497 1318 90 25 räkning
606 1317 70 21 blifvit
694 1317 111 27 uppförda,
825 1318 211 26 kostnadsförslagen

213 1346 36 21 vid
268 1346 123 21 utförandet
409 1345 24 21 så
450 1346 106 26 betydligt
571 1345 155 21 öfverskridits.
756 1345 52 21 Man
822 1346 40 23 har
876 1346 56 26 gjort
946 1352 43 20 upp
1005 1348 32 18 ett

213 1380 100 22 program
329 1374 38 21 och
384 1374 92 21 bestämt
491 1380 26 14 en
532 1380 90 20 summa,
637 1374 33 20 för
685 1374 86 21 hvilken
786 1374 60 21 detta
855 1380 99 21 program
965 1374 71 21 skulle

213 1403 122 25 realiseras,
355 1402 39 21 och
413 1402 146 21 arkitekterne
577 1401 64 21 hafva
660 1401 83 22 försökt
761 1402 74 26 trycka
853 1402 42 21 ned
917 1403 46 21 sina
978 1402 59 21 kost-

213 1431 137 25 nadsförslag
368 1430 33 21 till
421 1430 40 22 den
480 1430 111 22 bestämda
609 1436 103 20 summan,
731 1436 48 16 men
798 1431 35 20 vid
855 1430 123 22 utförandet
996 1430 41 21 har

215 1458 36 21 det
266 1458 61 21 alltid
347 1458 56 20 visat
422 1458 39 26 sig,
479 1459 33 19 att
531 1464 95 16 summan
643 1458 57 20 varit
717 1458 136 26 otillräcklig.
883 1458 45 26 Jag
938 1460 36 19 vet
988 1458 49 22 icke

214 1486 87 22 hvartill
317 1486 37 21 det
369 1486 69 26 tjenar
453 1487 32 20 att
500 1486 91 22 sålunda
604 1485 87 24 försöka
706 1486 96 26 bedraga
815 1487 33 25 sig
864 1486 54 26 sjelf.

283 1514 41 21 Vid
339 1514 151 26 uppgörandet
509 1513 23 22 af
548 1519 28 15 nu
595 1513 164 27 ifrågavarande
777 1514 81 26 förslag
880 1514 96 22 deremot
998 1514 41 21 bar
