1098 1773
343 127 96 35 Bergarast.
452 127 47 35 1905.
517 127 25 35 30
552 132 52 23 Aprid,
824 133 33 18 848

68 200 70 22 nande
153 201 106 27 egenskap
273 201 70 22 kunde
357 201 106 27 påräknas
477 207 76 21 genom
568 201 157 28 uppställandet
735 201 22 21 af
765 201 114 22 utskottets

67 229 140 27 grundsatser
228 229 30 22 uti
273 230 69 21 denna
358 229 194 28 kompetensfräga,
570 230 24 21 så
609 232 45 20 tror
665 230 38 27 jag
717 229 54 22 dock
785 232 35 19 att
831 236 47 15 man

67 257 126 27 obetingadt
214 258 41 21 kan
277 258 57 27 gifva
355 258 117 22 företrädet
494 259 24 20 åt
539 259 40 20 den
601 258 71 22 finska
686 258 192 27 tillförlitlighetem

69 285 64 22 Hvad
153 285 51 22 våra
225 286 109 21 inhemska
351 287 139 26 medborgare
508 286 107 27 beträffar,
633 289 24 19 är
672 287 35 20 det
721 293 26 14 en
763 286 24 22 så
801 287 78 20 allmän

70 313 59 27 regel
150 315 33 19 att
202 314 118 21 kännedom
338 315 6 20 i
363 315 104 21 hvardera
485 315 23 21 af
524 315 28 20 de
565 315 111 21 inhemska
689 314 91 27 språken
795 315 83 21 fordras

70 341 35 22 för
126 341 123 26 kompetens
267 343 32 20 till
318 342 89 27 tjenster
423 343 38 21 och
476 343 33 20 för
523 343 65 26 öfrigt
602 345 25 18 är
641 343 68 21 denna
723 343 118 21 kännedom
855 343 24 21 så

67 369 121 27 nödvändig
209 370 39 21 hos
267 376 28 15 en
310 370 59 26 hvar,
385 377 44 15 som
445 371 139 21 öfverhufvud
599 370 77 22 önskar
692 376 53 21 egna
759 371 33 26 sig
807 371 22 20 åt
843 371 36 20 nå-

67 403 43 22 gon
132 397 134 23 verksamhet
285 399 9 21 i
311 398 47 22 vårt
372 399 109 27 samhälle,
496 401 31 20 att
541 399 50 26 inga
605 399 83 26 rimliga
703 399 47 21 skäl
765 399 114 22 förefinnas

69 428 31 20 att
114 426 35 22 för
163 426 93 23 bankens
272 427 125 27 tjenstemän
413 429 52 26 göra
480 428 63 27 någet
558 428 113 26 undantag.
701 427 97 22 Tvärtom
809 427 69 22 skulle

67 457 33 20 ett
110 455 70 22 beslut
190 455 7 22 i
208 456 66 21 sådan
285 456 93 27 rigtning
390 457 49 22 med
449 457 39 21 allt
499 456 47 22 skäl
556 456 71 22 kunna
637 456 106 27 uppfattas
758 457 71 21 såsom
842 456 36 22 be-

67 484 33 21 vis
112 484 29 27 på
150 490 27 15 en
188 485 109 27 uppenbar
307 485 134 27 ringaktning
453 485 33 22 för
496 485 135 22 sträfvanden
644 487 32 19 att
686 485 28 27 på
726 485 42 21 alla
778 485 100 22 områden

66 512 150 23 åstådkomma
226 520 25 15 en
263 513 123 26 fullständig
398 514 139 26 likställighet
548 513 34 22 för
592 514 104 21 hvardera
703 513 23 22 af
732 513 26 21 de
769 513 109 22 inhemska

67 541 101 27 språken.
194 542 41 27 Jag
250 541 71 22 skulle
334 542 71 21 derför
420 542 86 22 förorda
521 544 31 19 att
566 542 7 21 i
588 543 139 26 reglementet
740 542 65 21 måtte
825 542 53 21 inta-

67 575 39 21 gas
122 570 115 26 stadgande
253 571 78 25 derom,
350 572 31 19 att
393 571 69 21 såsom
481 571 193 26 kompetensvilkor
689 571 32 20 för
736 570 93 21 tillträde
844 570 33 21 till

68 597 95 22 bankens
174 598 89 27 tjenster
273 598 108 22 erfordras
392 599 95 26 kunskap
499 599 8 21 i
518 599 85 21 landets
612 599 68 26 bägge
690 598 111 22 inhemska
807 599 70 26 språk.

136 626 56 21 Herr
208 627 111 26 Hoving:
337 627 41 26 Jag
393 627 50 21 ville
457 627 161 21 vidkommande
633 627 43 21 den
688 627 59 21 2:dra
762 627 93 26 punkten
870 627 7 20 i

67 654 70 22 denna
147 655 100 27 paragraf
255 655 88 21 förorda
352 655 103 22 komiténs
466 655 86 26 förslag,
563 661 44 15 som
616 655 68 26 lyder:
696 654 181 27 ,direktionen
846 650 34 36 ut-

66 684 67 25 göres
146 683 22 20 af
182 689 26 15 en
223 683 128 21 ordförande
365 684 38 21 och
413 683 36 21 två
458 683 136 26 ledamöter”,
602 683 38 21 och
652 685 33 19 att
694 683 82 21 således
787 683 89 21 bestäm-

68 711 78 26 ningen
162 717 33 16 om
211 714 30 19 att
256 712 39 21 den
311 718 41 15 ena
366 712 23 21 af
401 712 145 21 ledamöterne
562 711 38 22 bör
613 711 65 22 hafva
691 711 113 26 ådagalagt
813 711 64 26 insigt

69 739 11 22 i
100 739 84 22 landets
200 740 59 27 lagar
274 739 38 22 och
327 740 214 27 rättegängsväsende
557 739 23 28 ej
592 739 68 22 skulle
675 739 48 28 ingå
737 739 8 21 i
759 740 62 21 detta.
834 744 43 17 mo-

70 771 65 19 ment.
150 768 42 28 Jag
201 775 62 16 anser
273 771 32 20 att
315 769 28 22 de
351 769 72 27 motiv,
432 769 92 22 komiten
533 769 27 27 pä
568 775 61 21 pagg.
637 769 83 22 52—53
728 767 76 29 anfört,
812 768 33 22 för
851 775 26 15 en

67 798 132 27 uteslutning
220 798 23 22 af
260 805 25 15 en
304 798 68 22 sådan
387 798 133 27 bestämning
535 800 37 19 äro
586 798 96 27 tillfylles
697 797 39 22 och
750 798 37 21 ber
802 798 76 21 endast

67 828 33 20 att.
114 826 24 21 få
150 826 87 22 hänvisa
253 827 36 21 dit.
318 826 46 22 Mot
378 826 57 22 herr
450 822 84 35 Högman
554 826 36 22 vill
603 826 37 27 jag
655 826 75 21 endast
743 826 88 21 hänvisa
843 826 35 22 till

69 855 43 21 den
126 854 22 22 af
162 854 73 23 herrar
253 855 114 27 Stjernvall
383 855 37 22 och
435 854 99 22 Lindelöf
547 855 33 21 till.
595 854 197 27 bankfullmägtiges
807 854 71 22 berät-

66 883 56 22 telse
137 884 33 21 för
184 883 50 23 åren
251 884 139 23 1882—1884
406 884 77 27 fogade
493 884 139 21 reservation.
660 883 69 22 Slutet
738 883 61 21 deraf
807 882 71 28 lyder:

67 912 50 27 »Ett
132 912 67 27 dylikt
217 913 116 26 stadgande
350 913 69 21 kunde
434 913 36 21 till:
482 912 42 21 och.
537 913 50 20 med:
599 911 64 22 blifva
678 911 87 27 menligt
778 911 33 22 för
825 911 52 22 baar

68 941 48 25 ken,
135 947 35 14 om
188 941 121 26 derigenom
324 941 74 21 hinder
412 941 60 21 lades
486 941 7 20 i
508 942 69 25 vägen
591 943 31 18 att
636 941 35 20 vid
686 940 121 21 densamma
822 939 57 22 fästa

67 975 107 21 personer,
194 970 81 21 hvilkas
294 970 65 26 insigt
376 969 7 21 i
398 969 65 22 bank-
479 969 38 21 och
532 968 166 22 affärsväsendet
713 970 55 20 samt
782 968 96 27 lämplig-

67 997 37 22 het
126 998 6 20 i
154 997 66 28 öfrigt
238 1004 52 15 vore
303 998 55 21 känd
373 998 38 21 och
427 998 85 25 erkänd,
528 1003 51 15 men.
592 1003 44 15 som
651 997 99 26 möjligen
765 997 47 21 icke:
827 1002 53 15 vore

67 1025 84 27 hugade
166 1027 31 20 att
210 1026 131 21 underkasta
354 1026 33 26 sig
401 1025 90 22 formela
504 1025 157 27 kunskapsprof
669 1025 55 21 inför
734 1025 145 21 universitete-

67 1054 54 22 eller
135 1054 129 27 lyceilärare.
293 1054 36 22 Då
342 1054 83 22 banken
438 1056 24 19 är
477 1061 28 14 em
517 1054 115 27 inrättning
648 1053 50 22 med
708 1053 45 22 helt
763 1053 38 22 och
812 1053 67 22 hållet

66 1083 108 26 praktiskt
192 1083 103 27 syftemäl,
311 1083 64 21 borde
391 1083 45 26 ock,
453 1083 66 26 enligt
533 1082 47 22 vårt
594 1082 141 26 förmenande;
751 1081 128 28 lagstiftnin-

66 1117 43 20 gen
131 1111 108 26 angående
261 1112 121 21 densamma
404 1111 46 22 icke.
472 1111 51 26 ingå
539 1111 6 21 i
564 1111 96 26 detaljer,
678 1117 59 15 mera
751 1111 80 26 egnade
845 1112 32 19 att

68 1139 77 22 hindra
165 1141 27 19 än
214 1142 31 19 att
266 1139 102 22 befordra
388 1146 25 15 en
432 1139 166 28 ändamålsenlig
616 1138 145 28 förvaltning.
790 1139 41 27 Jag
845 1139 33 21 ia

66 1169 102 20 stämmer
189 1168 6 21 i
215 1169 44 20 allo
275 1169 7 20 i
300 1169 59 20 detta
372 1168 109 21 uttalande
497 1174 32 15 om
546 1168 162 27 olämpligheten
723 1167 24 22 af
760 1169 31 20 att
805 1169 74 25 intaga

66 1196 70 27 några.
150 1197 155 26 bestämningar
321 1203 36 15 om:
369 1196 96 27 kunskap
480 1197 9 21 i
502 1196 70 27 språk.

135 1225 55 21 Herr
204 1225 136 22 Rosenius:
356 1225 56 22 Herr
426 1225 98 27 Högman
539 1225 38 21 har
591 1225 49 22 sökt
649 1225 111 26 gendrifva
768 1225 26 22 de
805 1225 74 26 motiv,

69 1260 45 15 som
130 1253 23 22 af
166 1253 60 22 såväl
239 1254 96 21 komitén,
347 1253 42 22 och
401 1256 76 19 tvenne:
496 1256 133 19 reservanter
644 1254 64 21 bland
723 1253 153 27 bankfullmäg-

65 1283 51 26 tige,
132 1288 47 15 som.
192 1283 64 21 också
270 1283 23 20 af
306 1282 105 22 utskottet
425 1282 80 21 anförts
520 1282 33 21 för
568 1282 168 22 bortlemnandet
750 1282 25 21 af.
787 1284 30 19 ett
832 1284 47 19 sär-

66 1311 66 21 skildt
147 1311 115 27 stadgande
278 1311 71 21 derom
366 1313 31 19 att
411 1311 126 27 tjenstemän
553 1311 9 20 i
576 1311 81 21 banken
673 1311 64 20 borde
748 1317 51 15 vara
809 1311 70 21 skick-

66 1339 45 27 liga
124 1339 6 21 i
146 1339 82 22 landets
244 1339 67 27 bägge
327 1339 70 27 språk.
427 1339 40 26 Jag
482 1341 45 19 tror
542 1339 22 26 ej
576 1342 32 18 att
622 1339 41 21 han
681 1339 79 20 kunnat
775 1339 104 27 synnerli--

65 1373 42 21 gen
123 1367 101 27 försvaga
237 1368 26 21 de
278 1367 76 27 många
369 1367 53 26 skäl,
438 1373 45 15 som
498 1367 70 21 blifvit
582 1367 94 22 anförda.
699 1367 64 21 Hvad
775 1367 105 21 särskildt

66 1395 101 22 beträffar
180 1395 126 26 påståendet
320 1396 7 20 i
343 1395 65 22 slutet
422 1395 23 22 af
459 1395 49 22 herr
522 1395 108 26 Högmans
640 1395 134 27 andragande
785 1397 32 20 att
827 1400 50 17 man

65 1423 123 27 derigenom
200 1424 68 21 skulle
280 1423 78 22 liksom:
367 1424 48 21 visa:
423 1430 25 15 en
460 1423 135 27 ringaktning
606 1423 33 22 för
650 1424 131 22 sträfvandet
792 1423 33 22 för
840 1423 39 22 det:

65 1451 69 23 finska
142 1452 99 26 språkets
246 1452 140 27 likställighet
393 1452 52 22 med.
450 1452 36 22 det
494 1452 97 26 svenska,
600 1452 24 22 sä
631 1452 37 22 ber
677 1452 36 27 jag
721 1452 49 21 herr
778 1452 101 27 Högman:

66 1480 183 28 uppmärksamma
267 1482 32 20 att
317 1480 66 27 enligt
400 1480 115 22 utskottets
533 1480 81 28 förslag
632 1480 41 22 full
690 1480 139 28 likställighet
843 1480 33 21 för

67 1509 57 22 båda.
137 1509 95 27 språken.
243 1510 11 20 i
265 1510 58 20 detta
335 1509 104 22 afseende:
445 1509 103 21 förordas.
574 1509 110 22 Utskottet
694 1509 38 21 har
739 1509 58 21 velat
807 1509 72 21 lemna:

67 1544 43 20 ner,
133 1544 47 16 men
199 1538 74 22 endast
291 1538 66 27 några
375 1537 24 23 få
411 1540 36 19 äro
463 1538 6 20 i
485 1538 83 26 ständig
583 1538 140 26 tjenstgöring
737 1540 55 19 samt
807 1537 68 22 direk-
