1111 1756
384 128 96 22 -Borgarest:
491 127 44 19 1885.
559 127 14 19 2
580 128 41 22 Maj.
851 128 37 20 921:

90 196 110 26 turligare,
216 198 38 23 att,
270 202 33 15 om
322 196 110 26 verkligen
451 196 70 21 denna
539 196 55 21 bana
613 198 25 19 är
656 196 24 21 sä
695 196 99 22 löftesrik
809 203 47 15 man
871 198 38 20 vill

90 224 68 26 pästä,
175 224 6 20 i
197 224 67 21 sädan
280 224 101 21 händelse
401 224 63 26 lägga
482 224 67 26 nägra
567 224 146 22 hundratusen
731 225 62 21 mark
809 225 34 21 till
862 226 47 20 frän

91 252 139 22 statsverkets
246 252 49 21 sida
308 252 40 21 och
363 252 71 21 utföra
450 252 122 21 densamma
588 252 33 21 för
636 254 81 20 statens
732 252 97 28 räkning.

159 280 42 22 Det
215 286 39 15 var
268 280 54 21 dock
333 280 126 26 .egentligen
473 280 47 22 icke
535 280 34 21 för
583 282 32 19 att
630 280 113 21 framhålla
759 281 59 21 detta
826 282 37 26 jag
873 288 37 14 an-

90 308 43 22 höll
150 314 33 16 om
200 309 66 25 ordet,
282 311 53 18 utan
349 308 34 21 för
397 310 34 20 att
445 308 162 26 tillkännagifva
621 310 33 19 att
666 308 38 27 jag
722 314 51 16 vore
789 309 71 27 färdig
877 311 35 20 att

89 336 75 22 förena
179 337 43 26 mig
238 343 33 14 om
292 337 50 21 herr
361 336 124 22 Snellmans
500 337 86 25 förslag,
606 337 66 20 sedan
688 337 38 26 jag
742 337 50 21 hört
810 339 32 19 att
860 338 51 21 herr

91 364 128 26 Serlachius,
234 370 46 15 som
296 364 55 21 först
366 364 101 22 förenade
482 365 33 25 sig
531 365 47 20 med
594 365 49 25 mig,
659 364 68 22 hellre
745 366 72 25 tyckes
836 365 74 22 förena

91 393 32 27 sig
139 392 48 22 med
202 393 76 21 herrar
293 392 77 21 Heikel
385 392 40 21 och
441 392 115 21 Snellman.

157 420 57 22 Herr
227 420 146 22 Wasenius:
389 420 43 22 För
447 421 43 21 min
507 420 34 22 del
557 420 37 23 ber
608 420 37 27 jag
655 422 33 20 att
698 420 24 22 fä
735 421 75 26 uttala,
826 422 32 20 att
874 427 35 15 om

87 449 207 27 jernvägsutskottet
309 449 56 21 hade
380 448 111 28 föreslagit
507 450 31 20 att
553 449 115 21 ständerna
682 449 50 22 ville
744 449 50 27 ingä
805 450 33 21 till
849 449 61 22 Hans

89 478 122 27 Kejserliga
226 477 101 27 Majestät
342 477 47 22 med
405 484 26 15 en
446 478 90 26 petition
551 483 35 16 om
601 479 31 20 att
643 477 33 22 för
688 479 81 20 statens
782 478 90 27 räkning
883 485 26 14 en

89 506 56 21 bana
161 506 69 21 skulle
245 506 82 21 utföras
342 505 48 22 frän
404 506 99 21 Kouvola
515 506 32 21 till
558 505 78 26 Kotka,
645 506 24 21 sä
680 506 56 21 hade
745 506 38 27 jag
793 508 42 19 sett
851 507 59 21 detta

89 534 82 27 förslag
181 535 49 20 vida
240 534 75 26 hellre,
326 536 27 19 än
368 534 37 21 det
420 534 88 27 förslag,
524 540 45 15 som
585 541 28 14 nu
628 534 122 27 föreligger.
769 535 42 26 Jag
821 535 40 20 har
875 535 35 20 för

89 563 44 21 min
149 563 34 20 del
199 565 55 19 stort
269 563 91 20 intresse
374 562 34 21 för
424 564 31 19 att
469 562 138 27 privatbanor
618 562 71 21 kunde
700 563 85 21 komma
796 563 31 20 till
840 563 70 25 ständ,

89 593 24 25 ty
132 591 26 21 de
177 591 70 21 skulle
266 591 86 20 komma
370 592 32 19 att
417 597 70 20 gagna
505 591 49 20 hela
569 591 47 20 värt
628 591 201 26 jernvägsväsende.
859 590 50 22 Men

89 621 32 19 att
137 621 69 18 staten
218 619 80 25 skulle,
314 619 34 20 för
360 620 33 19 att
408 619 92 26 bespara
515 619 33 25 sig
566 624 26 15 en
611 618 65 27 utgift
694 619 23 20 af
734 619 93 25 355,000
842 619 67 26 mark,

90 647 22 21 åt
128 648 31 20 ett
173 646 135 27 privatbolag
323 646 131 21 öfverlemna
469 652 25 15 en
511 646 38 21 och
566 652 25 15 en
610 646 47 21 half
674 647 79 26 miljon,
773 646 39 21 och
830 646 28 27 pä
876 647 34 20 sä-

91 675 51 21 dant
157 677 43 19 sätt
215 675 56 26 köpa
286 675 97 20 fördelen
398 675 23 20 af
435 676 32 19 att
482 676 31 19 ett
528 675 70 26 privat
612 675 64 26 bolag
692 675 69 21 skulle
777 675 85 20 komma
876 675 34 20 till

90 703 70 24 ständ,
176 703 81 21 hvilket
272 702 70 21 skulle
358 703 69 21 införa
441 703 155 26 förbättringar
610 703 6 20 i
633 703 83 20 landets
733 703 176 26 jernvägsväsen-

91 731 33 26 de,
140 732 58 19 detta
213 737 63 15 anser
292 731 38 26 jag
349 730 33 21 för
401 731 42 20 min
464 731 34 21 del
517 731 47 20 icke
583 731 44 20 läta
646 730 96 21 försvara
757 731 40 26 sig.
825 731 84 24 Väckes

91 759 39 21 här
145 759 6 20 i
167 759 85 21 ständet
266 760 31 20 ett
311 759 81 26 förslag
408 765 34 15 om
457 760 32 20 att
507 760 75 25 genast
602 759 69 26 bygga
688 759 70 20 banan
776 759 33 21 för
828 761 82 19 statens

90 787 97 27 räkning,
203 787 24 22 sä
242 787 55 21 skall
310 787 39 26 jag
363 787 130 22 understöda
509 787 42 26 det,
566 793 47 15 men
627 787 38 27 jag
684 787 36 21 vill
735 787 48 21 icke.
797 787 67 21 väcka
880 788 31 20 ett

91 816 76 21 sådant.
181 815 87 27 förslag.

159 844 60 21 Herr.
230 844 201 27 Neppenström:
450 843 99 22 Likasom
564 843 51 22 herr
630 843 104 27 Tallgvist
749 843 109 22 förefaller
874 844 36 21 det

91 873 61 21 äfven
168 873 42 26 mig
224 873 64 26 högst
303 872 144 27 besynnerligt
461 873 33 20 att
509 872 26 21 de
551 871 80 26 herrar,
648 877 46 16 som
705 878 52 15 anse
768 871 142 22 Kotkabanan

90 906 52 16 vara
161 900 22 21 af
200 901 25 20 sä
243 903 45 18 stor
305 901 118 26 betydelse,
442 902 120 19 att:staten
581 906 72 15 ensam
673 900 65 21 borde
757 899 69 28 bygga
841 899 69 22 denna

90 928 63 27 bana,
171 928 48 21 icke
238 929 51 26 vilja
306 928 115 27 tillstyrka,
441 930 32 19 att
491 928 71 21 Kotka
581 928 48 21 stad
647 927 34 22 får
699 928 89 26 bidraga.
805 928 34 20 till
861 928 50 21 dess

90 957 119 27 byggande.
239 957 42 26 Jag
296 957 69 20 mäste
379 956 110 27 verkligen
504 955 68 22 tillstä
588 957 32 20 att
636 956 38 26 jag
692 955 42 22 fätt
747 956 38 21 det
799 955 112 27 intrycket,

91 987 32 19 att
138 991 48 15 man
202 985 76 21 endast
292 985 38 21 vill
346 990 101 15 resonera
462 984 48 21 bort
525 990 26 15 en
568 984 78 21 rättvis
660 984 44 21 sak.
720 984 42 26 Jag
772 986 25 19 är
811 983 100 22 fullkom-

90 1013 40 27 ligt
145 1013 125 26 öfvertygad
286 1019 33 15 om
339 1014 32 19 att
389 1012 144 22 Kotkabanan
550 1013 24 20 är
592 1012 44 21 lika
655 1012 120 27 nödvändig
794 1011 34 22 för
846 1011 66 22 Savo-

90 1041 126 26 laksbanan,
238 1047 46 14 som
304 1040 174 22 Savolaksbanan
499 1040 51 27 sjelf
566 1042 24 20 är
608 1040 122 27 nödvändig
748 1040 35 21 för
801 1040 111 21 Savolaks.

91 1069 57 22 Herr
168 1069 79 27 Elving
269 1069 39 22 har
330 1069 66 21 redan
413 1069 30 27 pä
460 1070 31 20 ett
510 1075 45 15 mer
573 1071 27 19 än
619 1069 126 26 tillräckligt
759 1068 153 27 öfvertygande

91 1100 44 19 sätt
149 1098 118 21 framhällit
280 1097 155 22 Kotkabanans
450 1097 117 27 betydelse,
582 1097 24 21 sä
621 1099 32 19 att
665 1097 37 27 jag
721 1103 63 16 anser
802 1097 43 26 mig
864 1097 48 21 der-

91 1127 33 20 till
139 1126 110 27 ingenting
264 1126 92 23 behöfva
369 1126 95 27 tillägga.
490 1126 42 26 Jag
547 1125 38 22 ber
600 1126 76 21 endast
691 1127 32 20 att
736 1125 29 27 pä
779 1126 36 21 det
829 1131 83 16 varma-

92 1157 32 19 ste
139 1154 22 21 fä
176 1154 130 22 understöda
321 1154 116 21 utskottets
452 1154 88 27 förslag.
562 1154 41 27 Jag
618 1155 39 26 gör
672 1154 37 21 det
723 1154 24 21 sä
761 1154 85 27 mycket
860 1154 52 21 hell-

91 1188 30 21 re,
137 1189 44 14 som
195 1183 37 26 jag
248 1183 62 21 äfven
326 1183 68 21 röstat
408 1182 34 21 för
457 1182 181 21 Savolaksbanan.
662 1181 74 22 Skulle
750 1182 110 27 verkligen
876 1182 38 21 det

90 1211 85 27 intryck
188 1211 38 26 jag
241 1211 41 21 fätt
297 1211 24 21 af
334 1211 70 21 denna
419 1210 122 22 diskussion
557 1217 52 15 vara
623 1211 81 26 rigtigt,
721 1210 24 22 sä
759 1210 103 27 beklagar
875 1211 38 26 jag

91 1241 32 19 att
138 1245 48 15 man
202 1239 49 21 med
266 1239 123 22 densamma
404 1239 76 21 endast
495 1239 49 21 sökt
558 1238 22 22 fä
595 1245 27 15 en
636 1239 76 21 rättvis
728 1238 38 22 sak
773 1241 37 19 att
819 1239 93 21 förfalla.

160 1267 56 21 Herr
231 1267 166 21 Gummerus:
412 1267 43 26 Jag
469 1267 51 21 ville
535 1267 61 26 fråga
606 1267 55 21 herr
676 1267 112 21 Wasenius
800 1267 55 21 huru
870 1267 43 22 han

91 1295 39 21 har
145 1295 89 21 kommit
250 1295 34 21 till
300 1295 40 21 den
356 1301 82 15 summa
453 1295 42 21 han
511 1295 85 26 uppgaf,
611 1295 29 21 dä
656 1295 41 21 han
712 1295 77 26 påstod
811 1297 38 24 att,
866 1295 46 22 ifall

93 1325 69 20 staten
179 1323 70 21 skulle
264 1323 78 27 bevilja
357 1323 93 26 600,000
465 1323 60 21 mark
540 1324 7 19 i
559 1323 127 21 subvention
699 1323 39 21 och
749 1323 92 26 900,000
852 1323 62 22 mark

93 1357 45 16 som
153 1351 43 27 län,
212 1352 40 21 den
269 1351 27 22 dä
311 1350 70 22 skulle
391 1352 97 26 :bespara
502 1352 33 26 sig
553 1357 26 15 en
598 1357 83 16 summa
700 1351 22 22 af
739 1351 92 26 355,000
846 1351 67 22 mark.

91 1379 56 22 Hela
167 1379 209 27 kostnadsförslaget
398 1379 83 27 uppgår
505 1380 34 21 till
564 1380 114 26 2,355,000
704 1379 67 22 mark.
801 1379 40 22 Om
864 1386 49 15 man

91 1407 66 22 också
172 1407 69 22 skulle
256 1413 52 16 anse
323 1409 32 20 att
373 1407 37 22 det
427 1407 124 27 föreslagna
569 1408 59 21 lånet
642 1407 42 22 blir
700 1414 26 15 en
741 1408 133 25 subvention,
889 1407 25 22 sä

92 1434 92 23 återstår
199 1436 56 21 ändå
269 1435 93 27 855,000
377 1435 68 22 mark.
467 1436 43 26 Jag
523 1436 39 20 har
578 1436 18 26 ej
613 1435 65 21 velat.
685 1430 46 37 låta
741 1436 69 21 denna
821 1437 93 20 omstän-

91 1464 75 26 dighet
180 1470 88 20 passera
284 1463 117 22 oanmärkt.
432 1463 107 22 Måhända
557 1463 42 22 kan
618 1463 51 22 herr
687 1463 112 22 Wasenius
815 1465 98 21 närmare

92 1492 96 21 förklara
203 1493 33 20 sin
251 1492 157 27 framställning
423 1492 7 21 i
446 1492 59 21 detta
520 1492 109 21 afseende.

161 1521 56 20 Herr
232 1527 19 14 v.
266 1520 98 22 Pfaler:
383 1521 43 20 För
441 1520 42 21 min
500 1520 34 22 del
545 1520 69 22 skulle
623 1520 38 27 jag
671 1521 27 20 be
709 1521 32 20 att
751 1519 22 22 få
784 1520 131 23 understöda
