1111 1767
236 138 36 19 752
500 138 92 22 Borgarest.
604 133 43 22 1855.
667 136 22 18 16
701 136 49 22 April.

215 208 35 26 pio
266 207 47 21 stad
330 206 47 22 med
393 206 78 21 bibana
486 206 31 20 till
534 206 86 20 stadens
639 205 70 25 hamn,
725 204 107 21 äfvensom
848 205 32 19 att
894 202 33 22 för
943 202 92 21 bestäm-

216 236 76 21 mande
316 235 23 21 af
356 236 39 20 den
412 237 98 19 närmare
529 234 215 26 detaljsträckningen
760 238 122 22 noggranna
898 230 141 23 ekonomiska

215 265 39 21 och
276 264 98 22 tekniska
395 263 183 26 undersökningar
600 262 127 22 verkställas
750 263 54 20 samt
826 263 32 19 att
873 262 21 20 ät
910 260 125 27 regeringen

216 292 142 22 Ofverlemnas
374 294 31 18 att
419 291 109 21 fastställa
543 291 76 21 liniens
635 290 108 21 definitiva
758 290 53 26 läge.

284 320 58 26 3:dje
357 321 117 19 momentet
488 320 7 20 i
510 319 116 21 utskottets
635 318 210 25 resolutionsförslag
852 316 124 27 godkändes
985 318 50 19 utan

215 348 129 22 diskussion.

284 376 135 21 Beträffande
435 375 49 21 4:de
498 376 115 20 momentet
627 374 84 27 yttrade
727 374 32 26 sig
774 374 94 26 följande
883 373 77 21 talare:

283 404 56 21 Hert
362 404 162 20 Serlachius:
546 403 43 20 För
604 402 42 21 min
663 403 32 20 del
713 402 68 20 skulle
794 402 38 26 jag
846 401 80 21 föreslå
941 402 30 20 att
986 400 49 22 4:de

216 434 116 19 momentet
348 432 68 20 skulle
432 431 82 21 erhålla
529 431 64 20 sådan
610 430 87 27 lydelse,
713 432 32 18 att
760 436 26 13 en
797 429 132 26 bestämning
942 434 33 15 om
984 429 51 25 hög-

216 462 33 19 sta
272 459 206 26 medelhastigheten
500 458 23 21 af
544 459 13 21 2
580 459 35 20 mil
638 458 7 21 i
660 458 87 21 timmen
763 457 69 21 skulle
848 457 85 26 införas,
950 456 38 21 och
1004 457 32 20 att

216 489 80 20 största
318 487 206 26 medelhastigheten
542 487 28 26 på
585 487 62 26 ingen
665 486 33 21 del
714 485 23 21 af
750 486 68 20 banan
835 485 69 20 skulle
920 485 116 25 öfverstiga

216 517 48 24 21/2
279 516 36 20 mil
331 516 6 19 i
352 516 94 21 timmen.

285 543 55 21 Herr
355 543 123 21 Neovius:
494 543 40 25 Jag
550 543 70 20 skulle
635 542 46 20 åter
697 547 57 20 anse,
770 543 32 18 att
816 541 74 26 frågan
907 547 34 14 om
956 541 80 26 hastig-

216 572 63 21 heten
302 573 24 19 är
348 571 23 21 af
391 571 24 20 så
430 571 78 26 speciel
524 573 68 23 natur,
608 571 32 20 att
655 571 40 20 den
711 570 46 21 med
774 569 46 21 skäl
836 569 66 21 borde
917 569 80 21 lemnas
1014 569 22 21 åt

215 600 138 27 regeringens
375 601 98 19 närmare
496 599 166 21 bestämmande.
691 598 42 26 Jag
751 597 67 22 finner
833 597 62 22 äfven
911 599 32 19 att
956 599 79 26 uttryc-

215 628 43 26 ket,
274 634 45 15 som
336 627 37 21 här
388 628 124 26 begagnats,
522 633 35 21 ,en
573 627 76 26 högsta
665 626 188 27 medelhastighet"
867 628 24 19 är
901 626 38 21 bra
950 627 86 25 oegent-

215 657 46 26 ligt,
278 657 38 20 och
332 656 69 20 skulle
418 656 38 25 jag
474 656 33 20 för
523 656 38 20 den
579 655 54 21 skull
649 655 85 25 föreslå,
750 656 32 19 att
798 654 176 26 borgareståndet
985 654 50 21 ville

215 685 75 20 förena
305 684 32 26 sig
354 690 32 15 om
403 684 41 21 den
460 684 76 25 nådiga
551 683 170 27 propositionens
737 683 148 20 motsvarande
900 683 73 26 punkt.

284 712 56 21 Herr
363 712 192 26 Schybergson:
577 711 11 20 I
603 711 68 20 likhet
686 711 48 20 med
750 711 49 20 herr
813 710 94 21 Neovius
922 716 63 15 anser
998 711 37 26 jag

216 740 107 26 uttrycket
338 740 88 25 ,högsta
441 739 188 26 medelhastighet"
645 745 50 14 vara
710 739 99 26 temligen
825 739 37 20 illa
879 739 64 25 valdt,
958 738 77 21 liksom

216 769 49 20 hela
281 769 69 20 denna
365 768 64 25 kläm,
446 767 66 21 ehuru
528 768 105 20 utskottet
641 767 82 21 försökt
731 767 131 26 ådagalägga
878 768 31 19 att
917 767 40 20 den
966 766 69 21 skulle

216 796 104 21 innefatta
343 796 119 21 detsamma
484 801 44 15 som
553 795 140 21 1877—1878
715 795 35 20 års
768 795 86 20 ständer
870 795 94 25 beslutit,
979 795 57 20 före-

216 824 63 21 faller
295 824 43 25 mig
353 823 146 26 väsendtligen
516 823 113 21 afvikande
647 823 101 21 derifrån.
777 823 42 26 Jag
834 825 24 18 är
873 823 70 20 tillika
958 822 23 21 af
995 823 40 20 den

216 852 89 25 äsigten,
328 854 38 23 att,
390 851 27 20 då
439 857 47 15 man
510 851 93 20 besluter
619 851 32 26 sig
666 851 33 20 för
714 851 73 25 banor,
803 851 23 20 af
839 851 71 20 hvilka
925 856 48 15 man
989 851 47 20 icke

216 885 38 16 ens
269 880 42 20 kan
326 879 95 21 beräkna
436 885 26 15 en
477 879 93 21 inkomst
578 879 148 21 motsvarande
735 878 300 27 exploitationskostnaderna,

216 910 26 19 än
265 908 82 21 mindre
370 909 61 20 ränta
453 907 28 27 på
496 907 249 28 anläggningskapitalet,
761 909 32 19 att
808 914 48 14 man
872 907 26 21 då
913 913 66 20 gerna
994 907 41 22 kan

215 937 45 20 låta
276 936 133 26 hastigheten
426 942 51 15 vara
495 936 65 26 något
575 936 88 26 mindre,
680 935 27 22 då
721 936 52 21 hvar
788 936 39 21 och
843 942 32 20 en,
891 941 44 15 som
951 942 85 20 genom-

216 965 42 20 läst
270 964 278 26 jernvägskommissionens
563 964 87 26 förslag,
666 964 81 21 känner
762 965 32 19 att
808 965 59 20 detta
882 965 6 19 i
897 963 76 27 högsta
983 964 53 26 grad

215 993 100 20 inverkar
333 992 47 21 icke
394 992 56 21 blott
465 993 27 25 på
507 992 80 21 banans
602 995 52 18 utan
670 992 64 21 också
748 992 28 27 på
792 992 133 21 materielens
942 992 93 26 slitning,

216 1020 146 27 vedåtgången
379 1026 72 15 o.s.v.
481 1021 41 24 Jag
534 1021 41 20 kan
589 1020 54 21 dock
654 1020 46 21 icke
716 1020 74 21 förena
805 1020 43 26 mig
860 1020 47 21 med
923 1020 50 21 herr
989 1020 47 21 Ser-

215 1048 82 21 lachius
320 1055 34 14 om
370 1049 52 20 hans
437 1048 87 26 förslag,
541 1050 51 19 utan
607 1049 70 20 skulle
690 1049 37 26 jag
742 1048 80 21 föreslå
838 1050 37 24 att,
890 1049 49 20 med
954 1048 83 21 vidhäl-

214 1077 64 20 lande
300 1076 23 21 af
344 1077 162 25 bestämningen
521 1076 47 21 från
585 1076 141 21 1877—1878
743 1077 35 20 års
793 1076 109 27 landtdag,
920 1083 24 14 en
961 1076 76 27 högsta

215 1104 109 26 hastighet
338 1104 24 20 af
375 1105 13 20 2
400 1103 22 24 !/2
437 1104 37 21 mil
489 1105 8 20 i
512 1105 85 20 timmen
614 1104 69 21 blefve
699 1104 107 21 faststäld.

283 1132 57 21 Herr
355 1132 152 21 Rönnbäck:
530 1132 39 21 Om
585 1138 48 15 man
649 1133 81 26 bygger
742 1132 115 27 jernvägar
872 1133 33 21 för
920 1135 31 20 att
966 1133 71 21 befor-

215 1160 39 21 dra
276 1160 210 26 framätskridandet,
509 1160 24 21 så
552 1163 24 18 är
591 1161 42 25 det,
649 1160 61 21 äfven
727 1167 33 14 om
776 1161 63 21 dessa
855 1161 66 20 banor
935 1161 47 21 icke
999 1162 37 20 un-

216 1189 38 20 der
273 1189 25 20 de
314 1188 68 21 första
397 1189 52 20 åren
464 1189 97 26 inbringa
576 1189 24 20 så
615 1191 45 19 stor
675 1189 70 20 direkt
760 1189 61 25 vinst,
838 1189 53 21 dock
906 1190 131 25 nödvändigt

215 1218 32 19 att
261 1223 49 14 man
325 1217 28 26 på
368 1217 47 20 dem
432 1217 54 21 skall
502 1217 83 20 komma
600 1217 54 20 fram
670 1217 80 21 fortare
765 1219 27 18 än
800 1217 48 21 med
856 1223 26 15 en
891 1217 147 27 medelmåttig

215 1245 125 26 skjutshäst.
370 1245 55 20 Herr
449 1245 126 21 Serlachius'
598 1245 81 26 förslag
702 1245 85 26 åsyftar,
804 1245 66 26 enligt
885 1246 42 20 min
942 1245 95 27 uppfatt-

215 1273 57 26 ning,
296 1274 32 19 att
342 1275 53 24 göra
410 1273 51 20 vära
477 1273 66 20 banor
558 1273 100 26 temligen
675 1273 108 26 gagnlösa.
813 1274 43 20 Det
870 1273 63 21 bästa
948 1275 43 19 sätt
1005 1275 32 20 att

215 1301 41 21 öka
271 1301 90 21 trafiken
376 1301 29 26 pä
419 1301 55 25 dem,
490 1303 24 18 är
529 1303 32 19 att
575 1303 52 23 göra
641 1301 169 26 farhastigheten
825 1301 24 20 sä
864 1304 44 18 stor
924 1307 45 15 som
984 1301 53 26 möj-

218 1329 48 26 ligt,
290 1329 23 21 sä
336 1331 32 19 att
390 1335 47 15 man
452 1328 42 22 kan
510 1328 63 22 hafva
588 1329 83 26 verklig
686 1331 59 24 nyttä
760 1329 24 21 af
796 1331 32 19 att
843 1329 96 26 begagna
951 1329 86 26 jernvä-

216 1363 73 20 garne.
319 1357 73 26 Enligt
415 1358 43 20 min
481 1357 64 21 tanke
567 1358 24 19 är
605 1356 168 26 farhastigheten
788 1357 28 26 pä
831 1357 43 20 alla
888 1357 51 20 vära
952 1357 85 25 jernvä-

216 1391 40 20 gar
278 1384 73 22 alltför
373 1385 57 21 liten.
460 1384 42 27 Jag
524 1385 36 20 vill
584 1385 53 20 dock
660 1385 19 26 ej
703 1391 27 14 nu
744 1384 53 28 yrka
812 1384 28 27 pä
854 1391 27 14 en
895 1384 142 27 farhastighet

216 1415 69 19 större
300 1415 27 18 än
343 1413 40 20 den
399 1413 77 26 nädiga
491 1413 158 26 propositionen
665 1413 91 21 föreslär
770 1415 51 18 utan
837 1412 85 21 förenar
937 1413 42 26 mig
988 1413 48 21 med

214 1440 52 22 herr
285 1441 100 21 Neovius.
415 1441 33 21 De
468 1443 68 19 större
552 1441 178 21 omkostnaderna
746 1440 40 22 och
802 1441 39 21 den
858 1442 68 20 större
942 1441 93 27 slitning,

215 1474 46 17 som
277 1468 157 22 ästadkommes
450 1475 75 19 genom
542 1469 55 20 ökad
611 1469 115 26 hastighet,
741 1471 25 18 är
780 1468 82 26 ganska
878 1468 113 28 obetydlig,
1009 1468 32 22 då

215 1497 40 20 det:
266 1497 70 25 gäller
350 1497 24 20 sä
388 1497 46 20 små
450 1496 123 21 differenser
588 1496 7 20 i
610 1497 141 25 hastigheten,
766 1502 46 15 som
827 1496 39 20 här
882 1499 25 18 är
919 1497 61 25 fråga
992 1499 43 23 om;

215 1524 129 22 ätmiristöne
366 1524 66 21 finnes
456 1524 38 21 det
513 1524 80 26 ganska
617 1524 56 21 olika
689 1523 80 27 äsigter
783 1523 109 28 argäende
909 1525 70 20 denna
992 1527 47 19 om:
