1095 1773
180 126 40 20 128
458 133 24 16 R.
495 137 18 12 o.
525 133 25 16 A.
563 133 60 16 1904.
647 133 23 17 17
682 134 50 16 Dec.

345 217 42 19 Till
405 217 114 29 höglofliga
536 218 160 29 Ridderskapet
712 218 41 21 och
769 218 76 21 Adeln.

725 269 102 19 Vördsamt
840 269 98 19 memorial.

248 314 11 21 I
280 314 47 21 värt
344 314 61 22 lands
421 314 263 29 undervisningsväsende
701 316 84 27 intager
800 316 41 20 den
873 316 68 20 privata
956 315 50 21 sko-

178 342 35 21 lan
238 350 26 14 en
288 343 62 27 plats,
368 343 63 21 hvars
448 344 110 28 betydelse
574 344 48 21 icke
637 344 62 21 torde
716 344 71 21 kunna
803 344 72 21 anslås
891 351 42 21 nog:
948 344 58 28 högt.

178 371 44 21 Till
246 371 87 21 hvilken
357 372 53 27 grad
427 372 70 22 denna
513 374 122 20 institution
652 372 68 22 under
736 373 26 21 de
779 376 84 18 senaste
879 372 127 22 ärtiondena

179 400 115 27 uppburits
311 400 22 21 af
349 400 154 22 allmänhetens
520 401 97 28 ständigt
632 402 101 20 växande
746 402 116 28 sympatier
873 401 40 21 och
925 401 81 21 kunnat

179 428 97 29 päräkna
300 428 49 22 dess
374 430 139 28 beredvilliga
536 430 123 26 understöd,
676 430 95 28 framgär
787 430 55 21 klart
857 430 66 20 redan
940 438 24 13 ur
980 437 26 13 en

178 457 79 28 flyktig
274 457 57 22 blick
347 457 28 29 pä
390 458 26 21 de
433 458 80 28 årligen
531 459 139 28 publicerade
686 459 120 21 statistiska
830 459 176 28 redogörelserna

179 486 36 21 för
231 486 256 22 elementarläroverkens
502 487 97 22 tillstånd
617 487 41 22 och
674 487 144 22 verksamhet.
838 487 43 21 Det
897 489 24 19 är
930 487 76 21 främst

179 522 27 13 en
230 518 39 25 typ
285 515 23 20 af
323 515 71 21 skola:
410 515 42 22 den
468 515 145 28 fullständiga,
631 516 31 21 till
679 517 149 20 universitetet
844 515 91 22 ledande
951 523 55 14 sam-

179 543 85 26 skolan,
282 551 52 20 som,
349 547 54 18 trots
420 544 40 21 alla
476 545 6 20 i
499 545 73 28 början
587 545 147 21 framkastade
751 545 176 26 betänkligheter,
938 545 68 20 under

179 579 27 14 en
231 572 158 27 jämförelsevis
413 573 47 20 kort
479 573 30 21 tid
526 573 109 21 utvecklat
651 574 33 27 sig
700 574 32 21 till
748 573 48 21 vårt
811 573 60 21 lands
888 576 50 18 utan
954 581 52 20 gen-

180 601 84 26 sägelse
288 604 54 18 mest
358 601 102 28 populära
476 602 172 21 läroverksform.
678 602 44 21 För
738 601 133 22 närvarande
886 603 23 19 är
925 602 79 20 antalet

180 629 141 28 fullständiga
347 630 61 27 (eller
433 631 6 20 i
462 630 37 21 det
521 632 106 19 närmaste
651 630 148 28 fullständiga)
826 630 65 28 högre
921 631 83 27 privata

180 665 61 20 goss-
265 659 40 20 och
328 659 120 21 samskolor
471 661 5 18 i
498 659 75 21 landet
595 659 97 28 omkring
716 661 26 20 30
759 659 40 21 och
815 659 82 21 antalet
912 659 92 21 elever
992 655 15 36 i

180 686 110 21 desamma
312 695 18 13 c.
354 688 62 25 5,000
439 700 27 3 —
482 690 31 18 ett
527 688 36 26 tal,
579 695 45 14 som
641 689 48 20 icke
706 689 5 20 i
728 687 117 22 nämnvärd
862 687 48 21 män
928 687 76 21 under-

180 715 67 28 stiger
274 715 130 22 elevantalet
426 717 7 20 i
456 719 80 18 statens
559 717 99 27 samtliga
685 717 106 21 klassiska
817 716 40 21 och
883 716 121 28 reallyceer.

180 743 82 28 Villigt
284 744 67 21 måste
375 745 110 26 erkännas,
503 748 31 18 att
549 748 70 18 staten
635 753 77 20 genom
730 745 117 28 pekuniära
864 745 81 27 bidrag,
961 747 43 18 mot

180 771 86 22 hvilkas
285 773 123 28 fördelning
424 773 128 22 åtminstone
568 774 55 21 ända
639 774 32 21 till
688 777 85 18 senaste
788 773 30 21 tid
835 773 65 28 några
916 773 89 21 invänd-

180 801 77 28 ningar
280 809 25 13 ur
328 801 135 28 billighetens
486 802 40 21 och
547 802 172 28 opartiskhetens
735 802 109 28 synpunkt
859 802 49 21 icke
925 802 81 20 kunnat

180 831 70 26 göras,
274 831 134 27 väsentligen
430 831 130 21 underlättat
583 831 69 21 denna
676 831 119 21 storartade
811 831 84 28 privata
911 830 94 27 företag-

180 858 86 21 samhet
282 859 28 28 på
324 859 193 29 undervisningens
533 859 88 22 omräde
638 873 24 2 —
680 859 76 22 därvid
772 859 65 21 äfven
849 859 48 21 med
909 859 95 28 praktisk

180 887 59 21 blick
262 888 173 27 tillgodoseende
458 889 37 20 sitt
517 892 50 24 eget
589 888 124 28 uppenbara
737 890 96 23 intresse,
850 889 30 27 ity
895 891 32 17 att
942 889 63 26 ingen

180 916 56 20 form
254 916 24 21 af
292 917 65 27 högre
374 916 153 28 undervisning
542 917 73 21 ställer
630 918 33 27 sig
678 917 34 21 för
728 917 131 21 statsverket
873 916 95 28 billigare
978 918 26 19 än

180 944 43 21 den
247 945 5 20 i
277 946 147 27 privatskolan
447 946 130 21 meddelade.
608 946 82 28 Hvarje
714 946 47 20 elev
784 946 6 20 i
814 949 31 17 ett
868 945 137 27 statslyceum

180 972 101 22 äsamkar
303 977 69 18 staten
397 982 26 13 en
447 974 97 28 omkring
567 978 32 17 tre
614 974 81 28 gånger
710 974 25 21 sä
750 978 45 17 stor
811 974 54 27 årlig
880 974 65 27 utgift
961 981 44 13 som

180 1008 27 14 en
224 1002 48 21 elev
290 1003 5 20 i
311 1010 26 14 en
354 1002 23 21 af
392 1006 70 18 staten
477 1003 181 21 subventionerad
676 1004 71 27 privat
763 1002 130 22 läroanstalt.

251 1030 35 22 De
308 1034 85 18 senaste
412 1031 61 21 årens
489 1032 101 28 politiska
606 1035 80 25 system
702 1032 38 20 har
757 1031 117 21 emellertid
891 1031 47 21 icke
954 1031 51 21 lem-

180 1061 38 19 nat
234 1059 48 21 vårt
298 1059 261 29 undervisningsväsende
575 1060 133 26 oantastadt;
724 1060 37 21 det
777 1060 44 21 blef
834 1060 102 21 fastmera
946 1062 59 18 snart

180 1094 44 21 nog
247 1088 128 29 uppenbart,
398 1092 32 18 att
452 1088 73 22 skolan
549 1089 69 21 skulle
641 1089 109 27 begagnas
774 1088 34 21 för
831 1088 100 28 syftemål
956 1088 49 50 föga

180 1116 109 28 förenliga
305 1117 48 21 med
370 1117 50 21 dess
436 1118 105 27 egentliga
557 1118 90 28 uppgift.
667 1118 48 28 Nya
731 1117 127 28 läroplaner,
869 1119 136 26 upptagande

180 1144 42 22 den
238 1146 59 21 förra
313 1147 26 20 30
356 1146 41 21 och
413 1146 41 21 den
470 1154 74 13 senare
560 1147 27 21 40
604 1146 156 21 veckotimmar
774 1146 35 20 för
824 1146 181 27 undervisningen

180 1174 6 20 i
209 1174 66 28 ryska
298 1174 93 28 språket,
414 1174 102 29 påbjödos
539 1182 77 20 genom
632 1174 50 22 nåd.
698 1174 168 28 kungörelserna
883 1174 23 20 af
921 1174 41 21 den
978 1175 28 20 25

178 1202 38 28 juli
234 1204 55 20 1901
307 1203 39 21 och
363 1203 42 23 den
421 1204 26 20 26
463 1203 36 28 juli
517 1204 54 21 1903
587 1203 40 21 och
644 1203 153 28 genomfördes
810 1202 146 22 brådstörtadt
966 1202 40 22 och

179 1231 49 21 med
252 1232 62 27 ringa
335 1232 82 28 hänsyn
434 1232 33 20 för
482 1232 145 28 pedagogiska
642 1232 136 28 möjligheter
793 1232 51 20 eller
860 1231 34 21 för
910 1231 97 27 billighe-

178 1262 49 18 tens
251 1260 128 28 fordringar.
415 1260 43 21 För
480 1261 165 21 statsskolornas
669 1260 167 22 vidkommande
859 1259 62 22 torde
936 1260 70 20 denna

179 1288 114 28 allvarliga
311 1289 62 27 fråga
388 1289 48 21 från
453 1292 64 18 annat
532 1289 43 21 håll
591 1291 62 26 göras
669 1289 33 21 till
717 1289 91 21 föremål
825 1288 34 21 för
875 1288 131 22 Ständernas

180 1316 138 30 behandling.
349 1318 49 20 Den
414 1318 62 21 berör
491 1318 117 21 emellertid
624 1318 28 28 på
668 1320 31 18 ett
714 1317 83 22 kanske
809 1319 56 19 ännu
875 1317 132 21 kännbarare

178 1347 44 19 sätt
245 1346 84 22 landets
354 1346 149 28 privatskolor.
534 1346 33 21 De
591 1354 41 20 nya
655 1346 161 28 läroplanernas
837 1346 34 20 för
886 1345 41 21 den
943 1346 65 27 ryska

178 1374 252 28 spräkundervisningen
450 1375 113 21 faststälda
579 1375 96 21 timantal
690 1375 121 21 föreskrefs
826 1374 33 21 till
876 1374 133 21 omedelbart

178 1402 116 22 införande
317 1404 7 21 i
347 1404 99 28 samtliga
470 1404 194 21 subventionerade
688 1404 86 28 privata
795 1403 107 27 läroverk,
923 1402 84 22 hvilkas

178 1431 108 22 allmänna
310 1432 101 22 karaktär
434 1440 37 14 var
488 1432 107 28 jämförlig
611 1432 48 21 med
674 1432 163 28 reallyceernas,
853 1432 40 20 och
911 1431 97 21 besvärs-

178 1459 128 23 akrifvelser
322 1461 48 21 från
386 1461 105 21 särskilda
507 1461 155 28 privatskolors
678 1461 139 26 direktioner,
831 1460 61 22 hvari
909 1460 98 21 anhållan

177 1488 95 28 gjordes,
295 1493 31 18 att
349 1489 129 21 åtminstone
501 1490 48 21 icke
571 1489 69 22 under
664 1489 40 21 den
728 1489 76 29 period
820 1489 23 21 af
859 1488 66 28 några
940 1488 23 21 få
979 1488 29 27 är,

177 1517 35 21 för
227 1517 90 23 hvilken
333 1518 130 22 subvention
479 1518 73 21 blifvit
568 1518 27 29 pä
609 1518 135 28 grundvalen
762 1518 22 21 af
800 1526 25 13 en
843 1518 44 21 viss
903 1517 32 21 till
951 1518 58 20 skol-
