1095 1773
358 136 292 16 Landtmarskalksembetet.
870 131 42 20 429

84 212 49 14 nom
149 204 74 21 halfva
239 204 41 21 och
296 203 122 28 derigenom
435 204 148 21 vilseledande
600 204 108 28 uppgifter
723 204 123 21 vanställas.
869 204 43 21 Det

84 234 23 20 är
123 235 44 19 mot
183 235 31 18 ett
229 232 77 21 sädant
321 232 124 21 förfarande
461 233 36 27 jag
512 232 68 22 mäste
596 232 84 28 inlägga
696 233 42 20 min
756 235 87 25 protest.

154 289 31 21 Pä
208 289 33 21 Hr
265 289 267 22 Vicelandtmarskalkens
553 290 158 28 framställning
726 289 69 21 beslöt
810 290 26 20 R.
851 297 19 13 o.
885 290 27 21 A.

84 319 109 20 remittera
208 318 57 21 Frih.
282 325 40 14 von
339 318 68 21 Borns
425 318 165 28 ifrägavarande
606 318 81 28 förslag
701 318 33 21 till
750 318 109 21 Särskilda
869 318 43 21 Be-

84 346 173 22 svärsutskottet.

353 461 290 23 Landtmarskalksembetet.

153 519 58 21 Frän
228 519 229 21 Riddarhusutskottet
472 518 55 22 hade
543 519 69 28 ingätt
627 519 95 28 följande
738 519 113 21 skrifvelse
862 519 48 20 med

85 547 116 28 anledning
219 547 23 22 af
262 547 34 21 Hr
314 547 29 22 V.
364 555 56 14 von
442 547 143 28 Wrights
605 548 36 20 vid
663 547 84 28 plenum
764 547 40 22 den
819 549 28 20 24
863 548 48 21 sist-

85 576 58 22 lidne
172 576 89 21 Januari
290 576 75 28 gjorda
396 576 158 28 interpellation
583 575 111 29 angäende
721 576 190 21 landtmarskalks-

85 605 103 21 embetet:

85 675 404 21 RIDDARHUSUTSKOTTET.

199 749 178 16 HELSINGFORS

175 794 35 17 den
225 794 10 17 7
247 793 93 18 Februari
351 794 54 17 1905.
555 794 42 21 Till
614 794 122 28 Höglofliga
751 794 159 28 Ridderskapet

254 841 69 3 —
526 823 40 21 och
582 823 78 21 Adeln.

255 874 27 19 M
296 874 27 19 10.

152 920 160 29 Ridderskapet
331 920 41 22 och
387 920 72 21 Adeln
475 920 38 21 har
527 928 77 20 genom
620 920 194 29 protokollsutdrag
829 920 23 21 af
867 920 42 21 den

83 950 26 20 31
134 948 98 22 sistlidne
254 949 94 26 Januari,
371 950 7 20 i
401 949 117 27 anledning
541 949 22 21 af
585 952 32 18 ett
635 949 48 21 utaf
697 948 57 22 Herr
772 948 79 23 Viktor
866 956 43 14 von

83 977 87 28 Wright
193 977 73 21 derom
286 978 64 21 väckt
365 978 87 27 förslag,
467 978 22 20 ät
504 978 230 21 Riddarhusutskottet
749 978 114 27 uppdragit
878 980 31 18 att

83 1009 49 25 taga
155 1006 69 21 under
246 1006 137 28 ompröfning
398 1006 73 21 hvilka
487 1006 100 28 ätgärder
603 1014 45 13 som
664 1006 66 21 borde
747 1006 97 27 vidtagas
860 1006 47 20 med

83 1034 116 28 anledning
222 1034 62 22 deraf
306 1038 39 23 att,
367 1034 66 22 sedan
455 1034 58 22 Herr
535 1034 210 22 Landtmarskalken
768 1036 6 19 i
798 1034 73 28 början
887 1034 22 21 af

83 1063 130 28 landtdagen
236 1063 48 21 lätit
306 1064 82 20 anmäla
411 1066 32 18 att
468 1063 41 21 han
526 1063 23 21 af
563 1063 127 21 illamäende
705 1070 51 14 vore
772 1062 90 22 hindrad
878 1066 31 18 att

83 1092 46 20 föra
153 1092 61 21 ordet
237 1092 6 20 i
259 1092 159 28 Ridderskapet
433 1092 42 21 och
491 1092 70 21 Adeln
578 1092 41 21 och
634 1092 65 21 sedan
716 1092 48 20 dess
781 1093 55 20 varit
851 1091 58 21 frän-

83 1120 99 27 varande,
206 1120 277 22 landtmarskalksembetet
499 1120 115 22 handhafts
630 1120 23 21 af
668 1121 88 25 vikarie,
771 1120 65 21 ehuru
851 1120 58 21 Herr

83 1148 207 22 Landtmarskalken
306 1149 117 21 emellertid
440 1152 43 18 sett
498 1150 33 27 sig
546 1149 72 21 kunna
634 1152 106 25 emottaga
756 1152 30 18 ett
796 1148 57 28 högt,
864 1151 45 18 stor

81 1177 170 29 arbetsförmäga
266 1178 120 21 kräfvande
402 1178 90 20 embete.

151 1205 71 22 Sedan
246 1206 160 29 Ridderskapet
424 1206 42 22 och
482 1206 71 21 Adeln
570 1214 87 13 numera
673 1207 110 27 emottagit
798 1205 110 21 underrät-

81 1235 54 21 telse
164 1237 32 19 att
222 1234 58 22 Herr
302 1235 215 26 Landtmarskalken,
540 1234 27 29 pä
590 1235 72 21 derom
688 1234 60 29 gjord
775 1234 133 28 underdänig

81 1263 102 26 ansökan,
206 1263 89 22 befriats
317 1264 48 20 från
388 1263 280 27 landtmarskalksembetet,
692 1264 65 20 finner
775 1262 133 22 Riddarhus-

81 1292 106 21 utskottet
209 1292 75 28 frågan
307 1293 7 20 i
335 1292 50 22 dess
407 1292 135 21 närvarande
565 1292 67 21 skede
654 1293 18 20 ej
691 1292 83 28 påkalla
791 1291 69 28 någon
875 1290 32 22 ät-

81 1320 58 28 gärd,
155 1320 88 22 hvarom
257 1320 114 22 Utskottet
381 1321 125 28 härigenom
519 1320 34 22 får
564 1321 38 21 hos
615 1300 159 49 Ridderskapet
784 1320 41 22 och
835 1319 72 21 Adeln

82 1349 111 21 vördsamt
208 1350 88 21 anmäla.

298 1412 32 22 På
344 1412 245 22 Riddarhusutskottets
605 1414 89 26 vägnar:

385 1470 56 22 Axel
458 1470 146 22 Cedercreutx.

685 1526 43 18 Clas
740 1532 17 13 v.
770 1526 68 19 Collan.
