1095 1773
177 122 40 20 158
448 129 24 15 R.
485 133 18 12 o.
515 129 25 15 A.
552 128 60 17 1904.
636 128 29 16 20
678 128 50 16 Dec.

176 195 173 28 ändamålsenlig,
369 198 57 18 utom
442 198 31 18 att
488 195 107 21 saknaden
611 195 23 21 af
649 194 126 30 lagstadgad
789 194 144 29 bidragsplikt
946 194 58 22 med-

176 223 45 23 fört
240 224 43 21 dem
342 224 104 28 vepentlighet
464 226 32 19 att
513 223 66 29 några
593 224 82 21 städers
689 224 188 28 yrkesföreningar
892 224 5 18 i
915 223 53 29 följd
982 222 23 22 af

176 252 56 21 brist
252 252 29 29 pä
298 230 207 55 solidaritetskänsla
525 252 80 21 kunnat
625 252 137 28 undandraga
779 252 34 28 sig
827 251 177 29 betalningsskyl-

176 280 81 28 dighet,
280 281 136 27 hvarigenom
439 281 47 21 icke
507 281 90 21 allenast
619 281 27 21 de
668 280 70 29 öfriga
757 284 94 18 orternas
866 280 138 29 yrkesidkare

176 310 100 20 orättvist
296 309 113 28 betungats
427 312 50 19 utan
498 310 64 21 äfven
581 310 180 27 organisationens
780 309 174 28 värkningskrets
972 310 31 20 in-

176 338 100 21 skränkts
292 338 39 21 och
347 338 48 21 dess
411 338 57 22 kraft
483 338 125 28 försvagats.

246 366 152 28 Stadgandena
416 374 33 14 om
467 367 120 28 anslutning
601 367 33 21 till
650 367 250 27 centralorganisationen
915 366 38 21 har
968 374 36 13 an-

176 398 54 18 setts
246 395 70 21 kunna
330 395 92 27 grundas
437 395 28 29 på
480 403 25 13 en
521 395 108 21 enahanda
645 395 214 29 bidragsskyldighet,
869 402 45 14 som
925 394 79 22 beträf-

176 423 65 21 fande
258 423 209 29 bidragsskyldighet
480 424 33 21 till
528 424 149 27 fackförening
692 424 126 28 föreslagits.

247 452 83 21 Genom
351 455 33 19 att
401 452 23 22 åt
440 452 196 29 yrkesfullmäktige
652 452 131 22 öfverlämna
798 455 32 18 att
845 452 66 21 under
926 452 77 21 iaktta-

176 481 70 28 gande
262 481 23 21 af
300 482 7 20 i
322 481 35 28 lag
372 481 86 28 angifna
472 481 78 22 former
565 481 83 22 besluta
662 489 34 14 om
712 481 134 22 anordnande
862 481 23 21 af
900 481 104 21 allmänna

176 509 211 28 yrkesidkaremöten
412 510 34 21 för
469 510 162 29 öfverläggning
655 518 34 13 om
714 517 157 21 gemensamma
895 510 109 25 intressen,

177 537 68 22 skulle
263 538 153 28 yrkesidkarne
435 539 77 21 erhålla
531 546 24 13 en
574 539 76 21 naturlig
680 539 227 28 representationsrätt,
921 537 40 22 och
978 545 25 13 en

177 567 84 28 garanti
276 567 77 28 skapas
369 567 34 21 för
418 567 60 22 deras
492 567 207 28 församlingsfrihet.

247 595 102 21 Afsikten
368 603 37 14 var
423 596 45 21 frän
487 596 73 27 början
578 599 32 18 att
624 596 27 21 de
666 596 24 21 af
704 595 212 29 yrkesföreningarna
931 595 30 20 uti
976 602 27 13 nu

177 623 163 28 ifrägavarande
356 624 99 21 afseende
471 625 116 20 omfattade
603 625 106 20 äsikterna
726 624 68 21 skulle
809 624 106 28 delgifvas
929 623 75 22 veder-

177 651 95 22 börande
291 653 193 28 landtdagsutskott
501 653 34 21 för
554 656 33 18 att
607 653 23 21 af
645 653 118 21 detsamma
777 656 60 25 tagas
854 653 66 20 under
935 652 68 21 öfver-

178 681 97 27 vägande
290 682 8 19 i
313 681 151 29 sammanhang
478 681 48 22 med
538 681 248 29 industridelegationens
797 681 206 28 näringslagförslag,

178 709 84 21 hvilket
280 710 104 27 styrelsen
403 710 47 21 haft
467 710 33 21 för
515 711 67 20 afsikt
597 713 32 18 att
644 711 32 20 till
692 710 113 21 ständerna
820 710 77 25 utdela,
914 717 47 13 men
976 709 28 21 dä

177 737 38 22 det
230 738 38 21 vid
283 738 58 21 tiden
357 739 34 20 för
405 739 138 28 landtdagens
558 739 74 28 början
647 739 122 28 förspordes
783 741 33 18 att
831 738 64 28 nädig
910 739 94 28 proposi-

177 767 45 20 tion
238 767 7 20 i
260 767 204 28 näringslagsfrägan
479 770 54 19 ännu
551 767 48 22 icke
618 768 123 25 utarbetats,
755 767 40 21 och
810 767 28 21 dä
853 767 36 21 det
904 769 23 18 är
938 767 66 21 ovisst

178 802 35 13 om
228 795 103 28 styrelsen
346 796 39 21 alls
400 796 94 21 kommer
508 799 32 18 att
555 796 36 21 vid
607 796 59 21 detta
681 796 143 21 ständermöte
839 795 109 28 förelägga
956 803 48 21 pro-

178 824 94 27 position
291 825 7 20 i
316 824 71 27 saken,
407 825 23 20 sä
448 825 68 21 beslöt
535 825 248 28 industridelegationens
806 824 198 21 Centralkommitte6

179 852 43 21 den
238 854 12 19 7
267 853 142 21 innevarande
425 853 112 22 december
552 857 33 18 att
598 854 8 20 i
622 853 139 22 betraktande
772 853 22 21 af
804 856 32 18 att
846 856 32 16 ett
887 852 117 29 trängande

178 880 147 22 reformbehof
346 881 28 29 pä
399 882 254 28 näringslagstiftningens
676 881 86 23 omräde
783 881 121 29 föreligger,
921 881 83 21 anhälla

178 909 38 21 hos
235 910 159 22 undertecknad
413 914 32 18 att
463 912 34 27 jag
512 910 66 22 måtte
593 911 37 21 vid
646 910 108 30 pågående
770 910 102 28 landtdag
887 910 117 28 framlägga

178 939 81 20 motion
274 939 146 21 innefattande
436 940 78 27 förslag
529 940 32 21 till
577 948 28 20 ny
620 939 125 29 näringslag,
755 940 131 28 uppgjordt
880 935 10 37 i
897 939 107 21 öfverens-

178 967 122 21 stämmelse
319 968 49 20 med
385 968 39 21 det
442 968 23 21 af
478 968 238 28 industridelegationen
732 971 91 25 antagna
838 968 103 28 förslaget
956 967 48 21 med

178 995 76 29 tillägg
274 996 23 21 af
315 996 80 29 förslag
413 997 33 21 till
466 997 155 28 bestämningar
638 1005 35 13 om
692 996 127 28 lagstadgad
837 996 121 28 anslutning
972 996 32 21 till

178 1023 173 30 fackföreningar
369 1025 40 21 och
429 1029 31 18 ett
477 1026 146 28 centralorgan
642 1026 34 20 för
690 1025 187 28 tillvaratagandet
892 1025 23 21 af
929 1024 75 22 handt-

178 1053 74 21 värks-
267 1053 40 21 och
323 1054 193 21 fabriksidkarenas
531 1055 8 20 i
554 1054 99 22 städerna
668 1054 106 21 allmänna
788 1054 109 21 intressen.

248 1082 73 21 Ehuru
340 1083 35 27 jag
390 1086 96 25 nogsamt
500 1084 56 20 inser
571 1083 26 21 de
613 1086 58 18 stora
686 1082 137 29 svärigheter,
838 1090 45 14 som
898 1084 36 19 äro
949 1082 56 21 före-

178 1110 55 21 nade
252 1110 50 22 med
321 1114 32 18 att
372 1112 6 20 i
399 1112 130 28 motionsväg
547 1112 117 28 framlägga
685 1115 32 17 ett
734 1111 116 28 lagförslag
867 1111 24 21 af
905 1111 40 21 den
961 1118 43 14 om-

178 1138 95 29 fattning
292 1140 39 20 och
353 1140 115 28 betydelse,
488 1148 44 13 som
551 1148 26 13 en
596 1140 34 28 lag
651 1148 34 13 om
701 1141 131 27 näringarna,
848 1140 38 20 har
899 1140 36 28 jag
950 1139 54 21 dock

177 1167 19 49 E
217 1171 71 18 ansett
308 1169 43 27 mig
367 1168 70 22 kunna
452 1169 109 21 underläta
576 1172 32 18 att
623 1169 91 28 fullgöra
729 1169 38 21 det
781 1169 44 27 mig
840 1168 96 22 lämnade
952 1176 53 20 upp-

193 1198 66 26 raget.

248 1224 42 28 Jag
305 1227 24 19 är
344 1226 104 27 nämligen
463 1226 64 49 Tiit
544 1226 126 28 Ofvertygad
686 1233 34 14 om
735 1228 33 18 att
782 1225 38 21 vär
829 1225 176 29 näringslagstift-

177 1253 52 28 ning
244 1255 24 19 är
283 1254 7 20 i
305 1254 24 20 sä
343 1257 54 18 stort
411 1254 65 21 behof
490 1262 12 13 af
527 1254 144 28 reformering,
688 1257 32 18 att
734 1254 38 21 det
787 1261 50 14 vore
847 1254 112 28 högeligen
968 1254 37 21 be-

178 1281 93 28 klagligt
286 1283 5 20 i
308 1282 99 22 händelse
423 1282 192 29 förhoppningarna
630 1290 33 14 om
680 1286 32 16 att
727 1282 38 21 vid
783 1282 69 22 denna
867 1282 102 28 landtdag
984 1282 22 21 fä

178 1309 154 29 förbättringar
353 1311 32 21 till
408 1311 61 21 stånd
491 1320 27 12 nu
539 1312 46 21 åter
607 1312 67 20 skulle
694 1311 86 28 gäckas.
809 1311 45 21 Det
878 1313 23 19 är
919 1311 87 21 allmänt

178 1338 74 27 kändt,
273 1342 33 18 att
323 1340 232 28 lärlingsutbildningen
573 1340 38 21 hos
630 1348 34 13 oss
684 1342 23 19 är
725 1340 86 28 mycket
830 1340 120 26 bristfällig,
966 1339 40 21 och

177 1370 33 18 att
230 1368 220 28 yrkesskickligheten
468 1370 7 20 i
493 1368 53 28 följd
564 1368 61 22 häraf
640 1368 44 22 stär
698 1368 28 29 pä
741 1368 24 22 sä
780 1368 34 28 läg
829 1368 131 28 ständpunkt
974 1371 33 18 att

178 1396 38 20 vär
235 1396 101 22 industris
355 1396 225 30 konkurrensförmäga
595 1397 69 21 starkt
678 1397 129 28 nedtryckes
822 1397 33 21 till
870 1396 136 28 oberäknelig

178 1424 68 22 skada
269 1425 34 21 för
324 1425 77 21 landet.
432 1426 78 21 Likasä
532 1428 23 18 är
573 1426 37 21 det
632 1426 88 21 allmänt
743 1426 78 21 bekant
840 1426 34 20 för
892 1425 42 21 alla
951 1425 55 26 dem,

177 1452 75 22 hvilka
271 1456 95 20 närmare
384 1454 55 28 gjort
458 1455 32 27 sie
505 1454 106 29 förtrogna
629 1454 48 20 med
692 1455 169 28 organisationen
877 1454 22 21 af
914 1454 27 21 de
956 1454 50 20 offi-

177 1481 64 21 ciella
264 1482 126 28 föreningar,
411 1490 44 14 som
476 1482 86 29 skapats
582 1483 35 21 för
634 1482 80 22 vården
734 1490 36 14 om
789 1482 164 29 yrkesidkarnes
968 1482 38 22 all-

177 1512 79 19 männa
270 1511 109 27 intressen,
395 1514 31 19 att
441 1512 61 21 dessa
517 1512 121 28 föreningar
652 1512 49 21 icke
716 1514 108 19 motsvara
840 1512 26 21 de
881 1511 125 28 fordringar,
