1095 1773
196 135 42 20 228
470 141 25 16 R.
509 145 17 12 o.
539 141 26 17 A.
577 141 60 17 1904.
662 141 27 17 23
701 142 50 16 Dec.

197 208 101 50 i
308 204 61 58 sin
379 204 58 66 idiga
453 204 34 66 för
471 204 55 58 vin
540 208 142 22 omförmälda
696 211 44 19 sätt
754 208 168 22 värkställandet
936 208 22 22 af
973 216 55 14 mer-

225 238 73 20 mälda
380 237 29 5 idiga
462 238 13 20 fö
544 238 5 4 i
617 238 42 21 och.
689 237 103 22 päbud
747 233 10 37 :
764 237 58 22 främj
887 237 13 22 å
909 237 119 22 bekostnad.

193 261 27 37 af
239 236 197 69 samhällsordning,
450 236 87 63 allmänt
552 236 56 63 laga
613 262 45 37 och
674 241 83 58 enskild
772 238 85 61 ätt
872 244 14 22 p

268 294 12 21 I
295 294 38 22 det
355 294 128 28 föregäende
497 294 39 22 har
550 294 39 22 det
603 294 48 22 icke
667 295 56 21 varit
737 294 84 29 möjligt
835 297 32 19 att
882 302 23 14 ur
921 294 107 29 synpunk-

197 326 37 18 ten
249 323 25 21 af
288 322 41 22 den
344 323 106 21 allmänna
471 323 65 21 civila
557 323 41 21 och
620 323 120 21 kriminella
761 323 132 21 rättsvärden
912 323 116 21 skärskäda

198 351 243 29 prokuratorsembetets
456 351 133 22 förhällande
605 352 67 21 under
685 360 28 13 nu
728 351 163 29 ifrägavarande
905 352 39 21 tid.

271 380 127 22 Emellertid
413 380 40 22 och
468 380 49 22 med
532 380 81 29 hänsyn
628 380 33 21 till
671 380 58 22 hvad
739 381 21 21 vi
771 380 64 22 ofvan
845 380 72 22 anfört
927 383 55 19 samt
991 388 37 13 un-

198 408 39 22 der
252 409 83 21 erinran
351 416 34 14 om
400 408 240 29 prokuratorsembetets
655 410 9 20 i
678 408 122 30 Kejserliga
815 408 93 22 Senaten
918 408 110 29 betydelse

198 437 41 22 och
265 437 65 22 värde
353 437 68 22 under
432 440 32 19 ett
477 437 92 29 tidigare
584 437 73 28 skede,
668 438 18 21 ej
702 438 83 21 mindre
800 440 26 19 än
841 438 38 21 det
894 437 134 22 erkännande

199 466 23 21 af
236 466 153 29 prokuratoros
412 466 136 29 ansvarighet
569 466 57 21 inför
648 467 247 28 folkrepresentationen,
910 473 44 14 som
970 467 58 20 inne-

200 495 48 21 bars
264 495 8 21 i
286 495 42 21 den
343 495 77 21 honom
435 495 76 28 älagda
525 495 149 28 skyldigheten
694 498 32 19 att
740 495 34 22 till
788 495 119 22 Ständerna
921 495 108 21 inkomma

199 523 50 22 med
271 523 114 22 berättelse
408 531 34 14 om
465 524 180 28 rättsskipningen
661 523 40 22 och
723 524 96 27 lagarnes
841 523 187 22 handhafvande
1015 519 16 37 i

200 552 80 26 landet,
295 552 88 28 utbedja
405 553 21 20 vi
449 560 34 14 oss
505 554 110 19 vördsamt
629 555 33 19 att
676 552 38 22 hos
730 552 126 28 Höglofliga
870 552 159 28 Ridderskapet

199 581 40 21 och
256 581 70 21 Adeln
342 580 23 21 fä
379 581 79 21 föreslä

477 640 33 19 att
533 638 92 21 Ständet
644 638 52 21 ville
720 639 84 21 besluta
826 641 33 18 att
868 639 72 27 jämte
956 638 72 28 öfriga

411 667 72 21 Stånd
497 667 36 21 till
548 667 65 21 Hans
628 667 107 28 Majestät
749 667 109 27 Kejsaren
874 667 39 22 och
929 667 99 24 Storfur-

407 697 48 20 sten
469 695 54 28 ingä
538 696 50 21 med
602 703 27 14 en
644 696 140 27 underdänig
799 696 94 27 petition
908 696 77 21 därom
995 697 35 19 att

405 724 236 27 prokuratorsembetet
656 724 9 21 i
682 725 124 27 Kejserliga
817 724 96 21 Senaten
923 724 36 27 för
969 723 57 22 Fin-

409 753 53 21 land
477 753 66 21 mätte
557 753 166 28 äterupprättas
737 753 10 20 i
762 755 30 19 ett
805 753 60 21 skick
875 753 154 21 motsvarande

408 781 48 22 dess
470 781 160 28 ursprungliga
644 781 109 22 ändamäl
767 783 59 20 samt
839 783 33 20 att
879 781 151 28 prokuratorn

409 810 67 21 måtte
498 810 119 28 förpliktas
640 810 36 21 till
700 810 125 21 Ständerna
841 810 87 28 afgifva
943 810 87 27 redogö-

409 839 55 21 relse
479 839 36 27 för
529 839 139 21 rättsvärden
684 839 39 21 och
740 839 102 27 layarnes
857 839 173 27 handhafvande

408 867 10 21 i
434 867 76 22 landet.

274 924 138 29 Helsingfors,
428 924 41 22 den
484 926 27 20 23
526 925 121 21 December
664 926 61 20 1904.

306 982 24 20 P.
346 982 25 20 E.
389 981 148 29 Svinhufvud.
720 982 36 21 Th.
772 982 63 21 Rein.

305 1011 76 21 Alexis
400 1010 141 28 Gripenberg.
719 1010 25 21 F.
761 1010 128 28 Stjernvall.

305 1039 63 21 Emil
382 1039 29 27 af
424 1039 127 21 Hällström.
717 1040 26 20 A.
764 1039 29 22 W.
813 1040 103 21 Gadolin.

305 1068 60 21 Arne
383 1067 130 22 Cederholm.
717 1068 70 21 Ernst
802 1068 125 21 Estlander.

308 1096 37 22 Ch.
360 1096 51 22 Em.
428 1096 30 28 af
469 1096 121 22 Frosterus.
719 1096 26 22 E.
760 1096 137 28 Furuhjelm.

270 1154 62 21 Efter
355 1154 142 28 uppläsandet
521 1154 23 21 af
569 1154 61 22 detta
651 1154 213 28 petitionsmemoria]
887 1154 94 28 föreslog
996 1154 35 21 Hr

200 1182 203 22 Svinhufvud
428 1185 31 18 att
481 1182 118 22 detsamma
614 1182 69 22 skulle
706 1183 119 21 remitteras
848 1182 32 22 till
899 1182 131 22 Ständernas

200 1211 112 21 Särskilda
330 1211 181 21 Besvärsutskott.

271 1268 35 20 Hr
320 1268 61 21 Arne
397 1267 184 22 Cederholm
598 1268 72 21 anhöll
686 1268 52 21 härä
753 1276 34 13 om
804 1268 61 21 ordet
881 1268 41 21 och
931 1268 98 28 yttrade:

200 1296 37 22 Då
252 1297 36 28 jag
303 1296 39 21 hör
357 1297 33 21 till
405 1297 56 27 dem,
475 1297 74 21 hvilka
566 1297 92 28 bidragit
672 1297 33 21 till
721 1296 132 22 tillkomsten
870 1297 41 21 och
922 1296 108 21 affattnin-

200 1332 42 21 gen
258 1325 24 21 af
298 1324 37 22 det
349 1332 52 21 nyss
417 1326 98 28 upplästa
533 1325 242 29 petitionsmemorialet,
791 1332 63 14 anser
868 1326 36 27 jag
920 1326 43 26 mig
977 1324 53 22 böra

199 1354 96 28 tillägga,
315 1356 32 18 att
370 1354 36 28 jag
421 1354 35 21 för
478 1355 43 20 min
537 1354 35 21 del
588 1354 48 22 icke
652 1354 82 21 känner
750 1355 43 27 mig
809 1354 49 20 fullt
880 1353 150 21 tillfredsstäld

200 1382 50 22 med
262 1361 42 43 den
319 1382 64 27 kläm,
397 1382 62 22 hvari
474 1382 236 29 petitiopsmemorialet
720 1385 120 25 utmynnar,
851 1383 7 20 i
869 1382 37 21 det
920 1383 36 27 jag
967 1389 64 14 anser

200 1414 32 19 att
253 1411 71 21 denna
339 1412 56 20 kläm
411 1412 48 20 icke
474 1413 63 26 utgör
552 1414 31 18 ett
600 1411 51 21 fullt
666 1411 93 28 adeqvat
774 1411 87 28 uttryck
877 1411 34 21 för
927 1410 41 26 det,
984 1418 46 14 som

199 1440 37 26 jag
257 1440 36 21 för
308 1440 43 21 min
373 1439 35 21 del
431 1440 67 21 finner
513 1443 31 18 att
563 1440 85 21 landets
664 1439 94 22 Ständer
772 1440 7 21 i
795 1440 71 20 denna
881 1440 149 21 allvarsamma

200 1469 39 21 sak
255 1468 74 22 kunna
343 1470 43 20 och
402 1471 51 19 böra
468 1472 80 25 utsäga.

270 1497 65 21 Snart
350 1497 64 28 sagdt
434 1497 78 28 otaliga
533 1499 37 19 äro
585 1497 28 21 de
628 1497 114 28 klagomål,
758 1504 45 14 som
819 1496 68 22 under
902 1496 27 22 de
944 1499 86 19 senaste

201 1525 52 21 åren
270 1526 113 21 inlemnats
406 1526 33 21 till
461 1525 237 29 prokuratorsembetet,
714 1526 46 22 dels
776 1525 23 22 af
814 1525 99 21 enskilda
928 1532 104 21 personer
