1095 1773
180 119 42 20 240
456 126 23 16 R.
494 130 17 11 o.
525 127 24 15 A.
562 126 59 16 1904.
646 126 28 16 28
685 125 51 17 Dec.

181 192 153 22 äterställande
350 194 6 20 i
372 192 79 27 landet,
466 192 115 29 föreligger
597 200 27 14 nu
640 193 82 28 färdigt
736 193 32 21 till
784 192 103 29 pröfning
895 192 41 22 och
950 192 62 28 afgö-

180 228 75 15 rande.
284 221 37 21 Då
345 229 48 14 man
417 222 133 24 gonomläser
574 217 117 35 detsamma
707 229 60 19 erfar
785 228 49 16 man
849 224 46 19 stor
909 221 103 22 tillfreds-

181 249 95 22 ställelse
298 249 63 22 öfver
381 252 33 19 att
428 249 113 23 Utskottet
556 250 57 28 gjort
635 250 33 28 sig
683 250 33 21 till
731 258 25 14 en
774 258 53 13 sann
843 249 41 22 och
899 249 111 29 uppriktig

181 278 46 22 tolk
243 278 35 22 för
293 278 27 22 de
336 278 87 22 känslor
443 279 40 21 och
498 278 38 22 det
551 279 64 28 hopp,
632 286 46 14 som
694 279 88 21 allmänt
798 279 5 20 i
820 278 75 22 landet
910 278 62 28 hyses
988 278 24 22 af

181 307 49 21 hela
246 307 161 28 befolkningen.

253 336 57 27 Olag
325 336 39 21 har
378 336 47 28 gätt
440 336 63 21 öfver
517 336 74 21 landet
606 336 38 21 allt
659 336 66 21 sedan
737 336 24 21 är
773 336 54 21 1899
839 336 42 21 och
893 335 38 21 har
940 335 71 29 spridt

182 372 44 18 oro,
250 364 62 28 djupt
333 364 123 28 bekymmer
477 365 41 21 och
539 368 44 18 stor
605 365 138 21 samvetsnöd
767 364 40 21 hos
822 364 85 22 landets
922 364 90 21 innevä-

182 400 57 14 nare.
277 392 170 29 —Grundlagarne,
469 400 45 14 som
537 393 84 21 skänka
643 393 113 21 samhället
778 394 7 20 i
801 392 50 22 dess
873 392 73 22 helhet
969 392 42 22 och

182 422 75 28 hvarje
282 421 50 21 dess
358 422 97 21 enskilda
480 422 140 28 medborgare
635 422 37 21 det
689 422 60 21 bästa
765 421 41 22 och
821 422 96 21 säkraste
933 421 77 29 skydd,

183 450 66 21 hafva
265 450 86 28 skjutits
367 450 24 22 ät
405 450 60 22 sidan
481 450 41 22 och
537 450 138 27 öfverträdts,
690 450 139 28 hvarigenom
845 450 122 28 grunderna
977 450 33 21 för

182 479 50 21 hela
242 479 231 28 samhällsbyggnaden
489 479 70 29 börjat
569 479 82 22 vackla.
666 479 56 22 Väld
734 479 41 22 och
784 479 109 28 godtycke
904 479 38 20 har
952 478 57 21 trädt

184 509 5 19 i
206 507 75 28 lagens
308 508 61 20 ställe
391 507 42 22 och
455 508 62 28 djupt
534 508 78 21 kränkt
627 508 78 21 allmän
722 508 40 21 och
778 507 86 22 enskild
879 509 48 20 rätt.
960 507 50 22 Och

184 536 28 21 dä
228 536 62 28 lagen
307 536 88 21 försatts
411 544 25 13 ur
449 537 99 27 gällande
564 537 59 20 kraft
637 536 42 21 och
694 539 78 19 ersatts
792 536 23 21 af
829 536 124 28 godtycket,
963 543 45 14 som

184 565 155 27 proklamerats
363 565 70 21 säsom
459 565 34 28 lag
516 565 40 21 och
578 565 109 28 päbjudits
703 565 32 21 till
750 565 137 26 efterlefnad,
902 565 38 20 har
954 571 55 14 sam-

183 593 67 21 hället
262 593 53 21 känt
329 594 34 27 sig
377 601 47 14 som
439 593 117 28 lamslaget,
570 597 23 25 ty
605 594 49 21 dess
667 593 55 22 enda
737 601 70 21 vapen
824 593 31 21 till
873 593 136 28 sjelftörsvar,

184 622 49 21 dess
250 623 52 20 värn
317 626 46 17 mot
377 622 50 28 olag
442 622 40 21 och
497 622 103 28 förtryck,
616 622 38 21 har
669 622 76 21 vridits
762 630 24 13 ur
801 621 50 22 dess
866 621 86 22 händer.

256 650 145 29 Uppfostradt
416 651 67 21 under
497 651 98 28 lagarnes
611 651 70 28 skydd
697 651 41 21 och
754 651 86 21 derföre
856 650 99 21 hällande
972 649 38 22 de-

184 687 82 13 samma
282 680 6 19 i
305 681 78 19 största
398 679 71 28 helgd,
483 679 39 22 har
536 679 71 22 folket
621 679 41 22 och
685 679 99 22 enskilda
807 678 203 22 samhällsmedlem-

184 715 52 19 mar,
262 715 45 14 som
329 711 74 25 tyngst
418 707 101 22 drabbats
535 708 23 21 af
572 708 124 28 godtycket,
712 708 69 21 vändt
795 709 34 26 sig
843 707 33 22 till
891 707 42 21 den
950 715 59 20 myn-

184 736 81 28 dighet,
278 743 45 14 som
340 738 94 20 närmast
448 736 38 22 har
501 737 17 21 sig
549 736 123 22 ombetrodt
686 739 32 18 att
733 737 120 21 öfvervaka
869 735 38 22 det
923 736 87 27 lagarne

184 765 126 21 efterlefvas
334 765 40 21 och
397 765 41 21 den
461 765 98 22 enskilda
579 766 59 27 njuta
654 765 36 21 det
706 765 70 28 skydd
793 765 32 21 till
841 765 32 26 lif,
888 764 65 21 frihet
968 764 40 21 och

185 793 111 28 egendom,
319 801 45 14 som
383 793 86 28 lagarne
484 794 97 21 försäkra
597 794 47 21 dem
661 801 41 19 om,
717 796 56 19 samt
788 793 136 28 öfverklagat
938 792 73 22 väldet

184 821 42 22 och
242 822 50 21 sökt
307 821 36 22 det
359 823 121 28 personliga
495 822 77 28 skydd,
587 830 45 13 som
648 822 94 21 nämnda
752 822 127 29 myndighet
888 829 76 20 genom
976 821 35 28 lag

184 852 24 19 är
226 850 117 29 förpligtad
359 853 32 19 att
406 851 81 21 skänka
503 851 42 21 den
561 852 100 21 orättvist
682 851 95 26 lidande,
799 858 49 14 men
866 850 85 27 sävidt
960 857 49 14 man

184 879 39 22 har
248 880 33 27 sig
303 879 85 27 bekant,
403 879 39 22 har
455 879 74 29 hvarje
544 879 67 22 sädan
628 879 78 29 vädjan
721 880 57 22 varit
793 879 114 28 förgäfves.
936 879 74 21 Afven

183 908 70 28 öfriga
269 908 111 21 inhemska
396 908 153 28 myndigheter,
565 908 84 22 hvilkas
666 908 114 28 oafvisliga
797 908 53 28 pligt
865 908 38 21 det
914 908 55 21 varit
979 911 32 17 att

184 936 54 22 söka
253 936 128 22 hämmande
397 938 88 27 ingripa,
501 937 28 21 dä
545 938 48 27 olag
609 937 43 21 höll
668 938 38 20 sitt
716 936 113 29 triumftäg
839 938 7 20 i
857 936 79 26 landet,
944 936 67 21 hafva

183 965 128 21 försummat
325 968 32 18 att
371 967 53 26 göra
439 966 64 21 detta.

252 994 77 22 Under
344 994 81 21 sädana
440 994 136 28 olycksdigra
591 994 150 22 förhällanden
757 994 40 21 har
813 994 37 21 det
861 994 56 21 varit
927 994 83 28 möjligt

183 1025 32 19 att
234 1022 100 28 bibringa
349 1022 120 22 Monarken
485 1023 42 21 den
543 1023 130 28 fullkomligt
688 1023 70 21 falska
767 1022 150 28 föreställning
932 1025 31 18 att
973 1022 37 21 det

182 1051 70 21 finska
266 1051 71 21 folket
351 1051 97 28 godkänt
463 1051 37 22 det
515 1060 41 20 nya
571 1052 214 28 regeringssystemet
801 1051 40 21 och
853 1051 70 27 villigt
933 1051 76 21 under-

183 1080 73 21 kastat
280 1080 32 28 sig
328 1079 118 22 detsamma
461 1084 54 17 samt
531 1083 31 19 att
577 1081 37 21 det
630 1080 54 21 blott
699 1081 56 20 varit
773 1083 32 18 ett
819 1080 48 21 litet
881 1080 54 28 parti
951 1080 58 20 inom

182 1108 80 26 landet,
278 1116 45 14 som
340 1108 45 21 förr
400 1109 84 21 utöfvat
499 1109 37 21 det
551 1110 78 20 största
644 1109 128 28 inflytandet
783 1108 28 28 pä
821 1108 84 22 landets
921 1108 89 21 utveck-

183 1138 50 26 ling,
249 1144 49 14 men
314 1145 46 13 som
375 1144 88 14 numera
478 1137 73 21 blifvit
565 1137 161 29 undanträngdt
741 1136 42 22 och
799 1137 90 21 förlorat
898 1138 33 19 sin
942 1137 67 20 makt-

182 1166 109 27 ställning,
313 1166 84 21 hvilket
415 1166 49 21 sökt
479 1168 100 19 motsätta
595 1167 33 27 sig
644 1166 37 21 det
696 1174 41 20 nya
762 1168 114 26 systemets
898 1165 111 28 genomfö-

182 1194 68 21 rande
266 1194 41 22 och
321 1194 123 28 härigenom
460 1194 69 28 spridt
543 1202 38 14 oro
596 1194 41 22 och
652 1194 132 22 underhällit
799 1195 116 27 missnöjet.

252 1222 151 28 Enstämmigt,
415 1223 88 28 kraftigt
511 1224 41 20 och
563 1223 48 21 med
623 1224 39 20 full
672 1224 108 28 tydlighet
788 1222 39 22 har
835 1222 113 22 Utskottet
958 1223 6 20 i
976 1223 33 20 sin

182 1251 75 21 helhet
282 1251 117 21 framhållit
421 1252 39 21 här
475 1252 88 21 berörda
579 1252 148 21 förhållanden
744 1252 42 21 och
801 1252 50 20 sökt
866 1252 87 27 skingra
967 1251 42 21 den

182 1279 94 29 oriktiga
299 1280 159 28 framställning
472 1280 23 21 af
509 1281 103 27 sakläget,
627 1288 45 14 som
689 1288 48 14 man
753 1280 84 28 lyckats
854 1280 107 21 frambära
976 1279 34 21 för

182 1308 129 27 Monarken,
333 1313 56 17 samt
411 1309 123 28 derigenom
553 1309 70 21 förmå
646 1309 79 21 honom
748 1312 33 18 att
799 1308 73 28 fortgå
886 1308 29 29 på
929 1308 42 22 den
986 1308 24 20 år

184 1338 55 20 1899
255 1338 98 26 inslagna
373 1339 75 26 vägen.

252 1366 139 21 Bevarandet
415 1366 23 21 af
452 1366 167 28 grundlagarnes
635 1366 65 28 helgd
716 1366 41 22 och
774 1373 27 14 en
816 1365 104 29 återgång
934 1365 33 22 till
982 1364 28 22 de

182 1394 80 28 lagliga
278 1394 156 26 förhållanden,
449 1402 45 14 som
510 1395 67 21 rådde
600 1395 46 21 före
662 1394 24 22 år
701 1395 63 26 1899,
781 1394 39 22 har
830 1394 65 22 äfven
918 1395 92 20 enstäm-

182 1424 54 26 migt
250 1423 24 21 af
289 1422 114 22 Utskottet
418 1423 126 22 framhållits
560 1431 45 14 som
620 1423 231 29 grundbetingelserna
867 1423 34 21 för
916 1426 32 18 att
958 1430 51 13 oron

182 1451 39 19 och
239 1452 111 28 missnöjet
373 1452 6 18 i
396 1452 72 21 landet
484 1452 65 21 måtte
565 1452 72 21 kunna
653 1452 98 28 skingras
768 1452 41 21 och
824 1452 51 28 lugn
891 1451 41 21 och
947 1451 62 28 Iycka

182 1479 47 22 åter
252 1480 73 28 sprida
347 1481 32 21 sin
403 1480 128 28 välsignelse
548 1480 63 22 öfver
629 1480 49 22 land
694 1480 40 22 och
750 1480 48 21 folk
815 1483 55 18 samt
885 1479 125 29 möjliggöra

182 1511 32 18 att
236 1508 146 22 förhållandet
405 1509 77 21 mellan
505 1509 120 21 Monarken
648 1509 41 22 och
709 1509 71 21 folket
795 1508 69 22 skulle
880 1508 47 22 åter
942 1508 68 22 blifva
