1095 1773
410 135 163 33 Bevillningen.
863 136 42 20 339

305 244 114 27 Samma
437 244 56 34 dag
510 244 40 26 kl.
568 244 19 26 8
605 252 21 18 e.
645 252 36 18 m.

146 313 109 21 Protokoll
272 313 61 21 öfver
349 312 27 22 de
392 313 76 26 beslut,
485 313 25 21 R.
527 320 18 14 o.
561 314 26 20 A.
603 313 36 21 vid
650 312 38 22 det
698 312 90 29 tidigare
799 313 28 28 på
837 312 66 22 efter-

78 341 114 28 middagen
208 341 70 21 denna
294 341 41 28 dag
350 341 72 21 hållna
438 342 85 28 plenum
539 342 71 26 fattat,
625 341 110 29 upplästes
752 342 31 20 till
799 342 104 28 justering

79 370 40 21 och
134 370 132 28 godkändes.

419 485 146 27 Bevillningen.

149 542 56 21 Från
229 542 240 28 Bevillningsutskottet
493 542 56 21 hade
569 542 69 28 ingått
654 550 25 13 en
696 543 113 20 skrifvelse
825 542 22 21 af
862 542 41 21 föl-

77 571 64 28 jande
157 571 105 21 innehåll:

127 650 116 21 FINLANDS
256 647 119 24 STÄNDERS

88 691 324 24 BEVILLNINGSUTSKOTT.

137 757 228 20 HELSINGFORS

123 795 34 16 den
172 795 23 17 31
211 795 95 17 December
321 795 54 17 1904.

493 732 42 21 Till
554 732 122 28 Höglofliga
693 732 159 28 Ridderskapet
865 732 40 21 och

663 761 77 21 Adeln.

216 853 26 18 M
258 853 27 18 10.

147 899 75 27 Enligt
237 899 32 20 till
284 899 241 27 Bevillningsutskottet
541 899 91 21 anlända
648 899 196 28 protokollsutdrag
855 898 48 21 frän

77 927 27 21 de
127 927 104 21 särskilda
254 927 101 26 Ständen,
379 928 68 20 hafva
463 928 161 28 Ridderskapet
638 928 40 21 och
694 928 71 21 Adeln
781 931 56 18 samt
851 928 53 20 Bor-

78 956 138 27 gareständet
230 956 96 27 godkänt
341 956 254 28 Bevillningsutskottets
612 956 133 21 betänkande
760 956 42 22 N:o
818 957 11 20 1
849 958 6 19 i
867 964 38 12 an-

78 984 88 28 ledning
190 984 23 21 af
227 984 63 21 Hans
305 984 122 29 Kejserliga
443 985 114 28 Majestäts
573 984 79 28 nädiga
666 986 132 27 proposition
814 985 41 21 N:o
872 986 33 24 12,

79 1020 34 14 om
136 1013 59 21 skatt
217 1013 34 21 för
273 1013 139 28 tillverkning
431 1013 24 21 af
471 1014 97 25 bränvin,
584 1014 117 28 bevillning
716 1014 34 20 för
765 1014 139 27 tillverkning

79 1042 23 20 af
131 1041 149 29 maltdrycker,
304 1042 118 28 bevillning
444 1042 36 21 för
502 1042 97 28 spelkort
619 1045 55 18 samt
696 1042 209 28 stämpelbevillning

79 1070 68 21 under
162 1070 23 21 är
202 1070 60 26 1905,
278 1070 112 21 äfvensom
405 1070 114 28 angående
535 1071 130 27 provisionel
676 1071 107 28 reglering
793 1070 23 22 af
825 1070 78 22 bevill-

79 1098 178 28 ningsbudgeten,
279 1099 112 21 hvaremot
412 1099 87 21 Preste-
522 1099 41 21 och
589 1099 168 27 Bondeständet,
780 1099 49 21 med
851 1099 54 27 god-

79 1127 113 21 kännande
214 1128 8 20 i
244 1128 66 27 öfrigt
325 1128 23 20 af
363 1128 153 25 betänkandet,
532 1128 89 21 beslutit
636 1135 34 14 om
686 1128 66 21 sädan
768 1128 90 27 ändring
873 1128 31 20 uti

79 1155 41 21 den
144 1156 22 20 af
183 1156 113 22 Utskottet
317 1156 122 28 föreslagna
456 1156 57 21 kläm
528 1160 32 17 att
575 1156 59 21 tiden
650 1156 34 21 för
700 1156 41 22 den
757 1158 30 20 uti
807 1156 98 28 proposi-

79 1185 73 20 tionen
176 1184 80 22 äskade
278 1185 146 28 provisoriska
446 1185 119 27 bevillning
587 1186 7 20 i
615 1185 222 21 öfverensstämmelse
856 1184 48 22 med

78 1214 162 48 ooonen
260 1213 113 21 fastställts
388 1213 34 21 till
438 1216 32 18 ett
485 1213 28 27 är,
529 1213 92 21 räknadt
635 1214 48 20 från
698 1216 61 19 nästa
774 1214 33 20 års
823 1213 81 28 början.

95 1241 87 28 samtliga
205 1242 79 21 Ständs
307 1242 71 22 beslut
401 1242 107 21 innefatta
531 1242 90 21 sålunda
636 1242 121 28 antagande
773 1242 22 21 af
811 1242 41 21 den
868 1242 37 21 be-

78 1270 67 28 gärda
168 1270 144 28 bevillningen
335 1270 34 21 för
387 1278 27 14 en
430 1270 31 22 tid
479 1271 23 21 af
517 1278 38 14 sex
570 1270 108 25 mänader,
693 1271 91 21 räknadt
799 1270 47 22 frän
862 1270 42 22 den

79 1300 10 20 1
106 1298 88 22 Januari
211 1300 60 20 1905.

146 1327 82 21 Härom
245 1328 37 20 har
294 1328 246 28 Bevillningsutskottet
549 1330 51 19 äran
612 1328 121 28 Höglofliga
742 1328 160 28 Ridderskapet

78 1356 41 21 och
134 1356 71 21 Adeln
223 1356 129 22 underrätta.

289 1419 32 21 På
335 1420 253 28 Bevillningsutskottets
604 1422 90 26 vägnar:

364 1483 26 21 R.
406 1483 24 21 F.
448 1491 19 13 v.
483 1483 140 21 Willebrand.

709 1535 49 18 John
771 1535 65 23 Uggla.
