1095 1773
188 122 40 20 192
459 129 24 16 R.
497 133 18 11 o.
527 128 25 17 A.
565 128 59 17 1904.
650 128 26 17 22
688 128 51 17 Dec.

188 194 50 22 med
262 195 36 21 det
320 195 131 28 föregående
474 196 93 20 beslutet
585 195 73 21 blifvit
673 195 111 28 iakttaget,
799 196 52 20 eller
865 198 32 19 att
911 196 66 28 inköp
993 194 23 22 af

187 223 83 22 godsen
294 224 43 21 »för
359 224 142 22 landboarnes
523 224 103 22 räkning»
647 224 66 22 giorte
730 224 107 22 beroende
853 224 22 22 af
893 224 39 22 sde
948 224 68 21 frivil-

186 239 48 46 liga
246 252 235 27 öfverenskommelser,
496 260 46 14 som
563 253 6 20 i
580 252 59 22 detta
650 252 103 22 afseende
764 252 90 22 emellan
865 252 150 22 donatarierne

187 280 13 21 å
220 288 48 19 ena,
290 284 55 18 samt
363 281 81 21 kronan
460 281 40 21 och
519 281 131 22 landboarne
673 281 13 21 å
708 281 67 21 andra
789 281 61 21 sidan
868 282 81 20 kunnat
964 280 52 22 träf-

188 309 55 25 fas»,
266 312 73 25 syntes
364 310 79 27 egnadt
465 313 32 17 att
519 310 56 21 efter
598 310 57 21 hand
670 310 49 21 leda
735 310 31 21 till
782 310 37 21 det
834 310 99 28 åsyftade
949 309 65 21 ända-

188 338 72 26 målet,
274 338 101 21 hvarföre
390 338 111 28 föreslogs,
517 342 31 17 att
567 338 84 22 inlösen
666 338 24 21 af
705 338 27 22 de
747 338 61 28 gods,
823 338 73 22 hvilka
911 340 57 20 ännu
984 338 31 21 in-

188 366 95 21 nehades
299 366 23 21 af
337 366 127 27 donatarier,
479 367 65 21 måtte
561 367 72 28 fortgå
650 368 18 20 »i
684 367 42 21 den
742 367 92 28 ordning
849 367 40 21 och
907 367 66 28 enligt
988 366 26 22 de

188 394 100 28 grunder,
311 394 28 22 H.
358 395 28 22 K.
404 395 31 21 M.
452 396 41 21 och
508 395 120 22 Ständerna
644 396 6 20 i
666 396 77 21 sådant
758 396 104 21 afseende
877 395 137 22 härförinnan

188 424 118 26 faststält»;
327 424 41 21 och
387 424 126 27 godkändes
533 424 71 21 denna
620 425 134 27 proposition
770 425 6 20 i
792 424 41 22 allo
849 424 24 21 af
889 424 125 22 Ständerna.

189 452 103 21 Derefter
313 452 136 22 framstäldes
471 453 124 28 ytterligare
617 453 33 21 till
674 454 54 21 1882
744 453 34 22 ärs
795 452 92 23 Ständer
902 461 20 13 n.
937 460 78 21 propo-

187 482 73 25 sition,
283 481 148 22 innefattande
454 482 86 28 förslag,
563 485 31 18 att
616 482 135 28 inlösningen
775 482 23 21 af
818 482 195 27 donationsgodsen

188 509 71 22 skulle
283 510 109 21 fortsättas
416 510 27 28 pä
465 510 36 21 det
523 512 43 19 sätt
589 510 40 21 och
651 511 6 20 i
674 510 41 21 den
732 510 96 28 ordning,
843 518 46 13 som
905 511 58 20 förut
979 510 37 21 be-

189 540 87 25 stämts;
292 539 40 20 och
349 539 44 20 blef
407 539 78 28 jemväl
501 539 58 21 detta
576 539 80 28 förslag
672 539 24 21 af
710 539 121 22 Ständerna
842 542 93 18 antaget.
957 538 58 21 Ena-

189 567 72 21 handa
278 567 69 22 beslut
361 567 94 22 fattades
476 567 133 22 beträffande
624 567 28 22 de
668 569 56 20 ännu
740 567 135 22 återstående
907 568 108 21 donations-

188 595 92 28 godsen,
302 596 55 20 efter
379 604 19 13 n.
414 597 132 27 proposition
569 596 80 26 derom,
672 596 64 21 äfven
753 596 23 21 af
792 597 54 20 1885
863 596 34 21 ärs
913 595 101 26 Ständer;

189 624 103 28 derjemte
315 624 114 28 godkände
452 625 26 20 de
501 625 57 21 vissa
574 625 106 21 lättnader
695 625 5 20 i
717 625 215 21 hemmansäboarnes
949 624 66 21 betal-

188 653 140 27 ningsvilkor,
344 653 5 20 i
366 653 115 28 anledning
496 653 77 21 hvaraf
588 661 20 13 n.
625 653 127 28 kungörelse
768 653 95 21 derefter
878 653 41 21 den
936 654 26 20 25
978 652 37 21 Ja-

189 682 61 20 nuari
268 682 54 21 1886
339 681 129 22 utfärdades.

259 709 46 22 Vid
327 710 129 28 landtdagen
481 711 54 20 1885
559 710 145 21 behandlades
726 711 40 20 ock
783 713 30 18 ett
829 710 81 28 förslag
925 717 33 14 om
976 709 39 21 bil-

190 738 71 21 dande
277 739 23 20 af
315 746 16 14 s.
348 739 19 20 k.
383 739 200 28 kommunalskogar
602 739 2 21 i
620 739 102 28 Wiborgs
738 739 40 26 län,
794 739 33 20 för
837 738 84 21 hvilket
934 738 80 28 förslag

189 767 144 28 landtdagens
348 767 45 28 lag-
408 767 40 22 och
464 767 184 22 ekonomiutskott
660 767 51 21 fann
723 767 172 22 beaktansvärda
906 767 46 21 skäl
963 774 51 14 vara

189 795 98 22 anförda.
302 795 51 22 Med
370 796 111 21 erinrande
497 803 33 14 om
546 796 42 21 den
604 795 105 22 särskilda
725 797 46 27 vigt
786 797 39 20 och
838 795 115 29 betydelse,
968 803 46 14 som

190 825 82 27 skogen
296 824 66 21 mäste
385 824 65 21 hafva
473 825 33 20 för
529 828 30 18 ett
582 825 56 26 land,
661 825 78 21 sädant
759 832 44 13 som
820 824 99 26 Finland,
935 824 37 21 der
988 831 25 14 en

188 853 157 28 jemförelsevis
361 853 25 20 sä
401 853 97 28 ansenlig
513 853 34 21 del
563 853 23 21 af
601 853 84 21 arealen
701 856 106 25 upptages
823 853 23 21 af
861 853 91 26 absolut,
963 853 52 20 eller

189 881 31 21 till
238 881 75 28 odling
329 882 88 28 otjenlig
432 882 133 28 skogsmark,
583 881 55 23 hade
655 881 36 22 det
706 881 134 27 framhällits,
855 881 101 22 hurusom
972 881 43 21 för-

189 910 129 21 hällandena
334 910 13 21 å
361 910 195 28 donationsgodsen
576 918 51 14 vore
642 911 137 27 synnerligen
794 918 125 20 gynsamma
935 910 33 21 för
983 911 32 20 in-

189 938 91 22 förande
296 939 23 21 af
334 942 31 18 ett
379 939 92 21 ordnadt
485 939 126 28 skogsbruk.
641 939 86 28 Skogen
744 940 12 20 å
772 939 48 21 dem
835 939 56 21 hade
907 940 6 20 i
927 939 88 21 allmän-

189 967 38 21 het
243 967 72 21 blifvit
330 967 23 21 af
367 967 150 22 donatarierne
529 968 77 28 sparad
619 968 39 22 och
671 968 34 21 väl
716 968 59 21 skött
785 971 55 18 samt
851 967 164 28 mängenstädes

189 996 67 20 redan
274 996 68 21 under
357 1004 26 13 en
399 996 73 28 längre
487 996 30 22 tid
533 996 52 22 stätt
601 996 68 22 under
684 997 125 27 forstnärlig
824 996 59 21 värd.
902 996 49 21 Och
966 996 50 21 sko-

188 1031 54 21 gens
268 1024 121 22 bevarande
411 1028 55 18 samt
488 1025 184 28 tillyodogörande
696 1032 51 14 vore
770 1024 149 22 öfverhufvud
934 1027 31 19 ett
980 1026 37 19 vä-

189 1053 91 28 sentligt
303 1053 70 21 vilkor
395 1054 35 20 för
448 1054 163 21 befolkningens
626 1055 7 20 i
649 1054 58 21 länet
722 1054 101 21 framtida
838 1053 112 21 förkofran
966 1053 52 21 eller

189 1082 33 20 till
238 1082 41 21 och
295 1081 48 22 med
359 1083 100 25 existens,
474 1062 122 48 synnerhet
611 1084 6 20 i
634 1082 68 22 länets
718 1082 133 28 nordostliga
861 1082 35 21 del
907 1082 53 21 eller
970 1081 47 21 Sal-

189 1111 41 20 mis
241 1110 72 27 härad,
326 1110 38 22 der
373 1111 136 28 jordmånens
526 1111 148 21 beskaffenhet
688 1111 68 21 tilläte
772 1110 95 22 idkande
880 1110 23 22 af
914 1110 102 28 jordbruk

190 1138 56 22 blott
268 1139 70 21 såsom
362 1139 103 29 binäring,
487 1147 48 13 men
558 1140 65 21 äfven
646 1140 5 20 i
675 1140 50 21 flere
744 1139 67 21 andra
825 1139 88 26 trakter,
928 1139 88 21 hvarest

189 1167 128 28 jordbruket
338 1168 64 21 äfven
426 1168 61 21 stode
505 1168 13 21 å
533 1176 26 13 en
575 1168 36 28 låg
625 1168 141 28 ståndpunkt,
780 1175 48 14 men
845 1168 105 28 skogarne
967 1175 51 14 vore

190 1197 113 20 utmärkta.
333 1196 74 22 Skulle
423 1210 27 2 —
466 1197 53 21 utlät
536 1198 33 27 sig
584 1197 106 21 utskottet
704 1210 28 2 —
748 1196 210 28 donationsgodsens
968 1197 50 20 sko-

189 1232 46 20 gar,
258 1225 55 21 efter
335 1225 129 28 afskiljande
486 1226 23 20 af
530 1226 58 21 hvad
606 1225 62 21 däraf
682 1226 33 20 till
731 1225 164 28 lägenheternas
911 1224 107 22 husbehof

190 1253 144 27 erfordrades,
349 1254 7 21 i
371 1254 101 28 lämpliga
494 1254 80 21 skiften
597 1254 73 21 ställas
694 1254 68 21 under
784 1261 129 21 gemensam,
935 1253 83 21 ordnad

190 1281 142 29 förvaltning,
357 1282 24 21 så
404 1282 83 22 komme
510 1282 61 22 dessa
585 1282 32 22 till
632 1282 105 22 åboarnes
753 1282 102 21 framtida
870 1282 97 21 utkomst
982 1283 38 19 nö-

190 1310 52 28 diga
266 1310 78 28 skogar
366 1310 48 22 icke
438 1311 54 21 blott
514 1314 31 18 att
569 1311 95 27 bevaras,
687 1314 51 18 utan
755 1311 40 21 ock
812 1314 31 18 att
859 1310 37 21 allt
915 1310 105 28 framgent

190 1339 86 21 skänka
291 1340 46 20 sina
353 1339 99 28 delegare
467 1348 26 13 en
509 1340 62 21 säker
586 1340 41 21 och
643 1340 48 21 icke
706 1340 25 21 så
746 1341 61 26 ringa
822 1339 130 28 afkastning.
981 1338 39 22 Sä-

190 1367 44 21 dan
258 1368 55 21 hade
335 1368 107 28 nämligen
464 1368 91 22 effekten
571 1368 24 22 af
609 1368 73 29 dylika
696 1368 253 28 gemensamhetsskogar
964 1368 56 20 visat

190 1397 35 27 sig
246 1396 80 28 jemväl
341 1398 6 20 i
364 1396 66 22 andra
452 1397 85 26 länder;
560 1404 48 14 man
630 1397 56 21 hade
702 1396 39 22 der
756 1397 72 21 funnit
843 1396 49 21 dem
908 1396 70 22 lemna
994 1403 25 14 en

191 1425 100 28 ansenlig
313 1425 40 22 och
369 1425 48 21 med
434 1426 58 21 tiden
508 1426 37 20 allt
561 1433 57 14 mera
633 1425 99 22 växande
748 1426 59 20 vinst
823 1425 55 21 både
895 1425 34 21 för
944 1426 76 20 intres-

191 1456 101 18 senterne
308 1454 40 21 och
363 1454 7 20 i
386 1454 231 22 nationalekonomiskt
635 1454 108 22 afseende.

262 1482 52 21 Men
337 1490 157 21 gemensamma
516 1483 78 27 skogar
616 1482 24 22 af
661 1482 165 28 ifrågavarande
845 1482 47 28 slag
907 1481 66 28 ansåg
988 1484 34 19 ut-

191 1510 83 22 skottet
290 1511 77 26 kunna,
383 1511 103 22 ehuruväl
502 1512 77 21 sådant
594 1519 51 14 vore
658 1512 137 28 synnerligen
815 1511 102 28 önskligt,
936 1511 85 27 bringas
