1095 1773
186 122 42 21 378
466 130 24 16 R.
503 133 18 13 o.
533 129 26 17 A.
571 129 59 17 1905.
654 130 24 16 31
689 130 48 16 Jan

377 231 441 30 Omrösiningspruposition

256 288 41 26 De,
312 296 47 14 som
375 288 32 21 till
424 288 210 29 kontraproposition
652 293 44 17 mot
714 289 124 22 Utskottets
860 289 156 28 framställning

186 317 69 21 önska
271 317 108 28 uppställa
394 317 34 21 Hr
441 317 106 21 Gadolins
563 318 87 28 förslag,
665 319 58 20 rösta
738 318 30 28 ja;

256 375 77 21 vinner
353 375 40 27 nej,
409 374 37 22 har
461 375 26 21 R.
503 382 18 14 o.
536 375 27 21 A.
579 374 88 22 beslutit
682 382 45 14 som
744 375 211 49 Könbrspropositiön
973 378 43 18 mot

186 403 127 21 Utskottets
329 403 158 28 framställning
502 403 91 21 omfatta
608 403 34 21 Hr
658 403 68 22 Adolf
741 404 107 21 Aminoffs
865 404 87 27 förslag.

256 460 36 22 Då
307 460 70 21 denna
389 461 132 28 proposition
533 461 130 21 besvarades
676 461 47 21 med
734 461 162 27 öfvervägande
907 461 27 28 ja,
944 461 72 21 öfver-

185 489 101 21 lemnade
301 489 34 21 Hr
353 489 252 22 Vicelandtmarskalken
628 489 32 21 till
683 490 26 21 R.
725 497 19 14 o.
760 491 38 20 A:s
822 489 132 22 besvarande
977 489 39 21 föl-

184 517 64 28 jande
264 517 111 22 definitiva

377 587 448 28 Omröstningsproposition:

255 644 40 27 De,
310 652 45 13 som
371 644 115 28 godkänna
502 644 124 22 Utskottets
642 644 164 28 framställning,
821 646 58 19 rösta
894 645 30 28 ja;

256 703 75 20 vinner
346 702 41 28 nej,
402 701 38 22 har
454 701 26 22 R.
491 709 19 14 o.
523 702 26 21 A.
561 701 87 22 beslutit
664 702 88 21 omfatta
765 701 34 21 Hr
810 701 105 22 Gadolins
928 701 86 27 förslag.

254 759 166 28 Propositionen
444 759 128 21 besvarades
589 759 35 21 vid
648 759 73 21 derom
742 760 109 22 verkstäld
867 759 70 22 sluten
953 761 61 19 vote-

184 789 49 27 ring
248 788 48 21 med
313 789 26 20 52
355 788 21 28 ja
390 787 41 22 och
446 789 27 20 64
486 788 41 27 nej,
539 787 32 21 till
583 787 53 28 följd
648 787 76 22 hvaraf
734 789 26 21 R.
772 797 19 13 v.
804 790 27 20 A.
842 790 6 20 i
860 787 94 29 enlighet
964 787 49 21 med

184 817 35 21 Hr
242 816 106 22 Gadolins
371 816 81 27 förslag
475 815 88 22 beslutit
586 816 71 29 afböja
676 816 111 23 Särskilda
803 816 210 23 Besvärsutskottets

185 845 165 28 ifrågavarande
366 845 132 22 hemställan.

253 978 35 20 Hr
305 976 253 23 Vicelandtmarskalken
575 976 126 22 meddelade
717 981 31 18 att
764 978 41 21 den
821 978 69 28 tredje
906 978 32 21 till
948 978 64 22 Stån-

184 1006 37 22 det
244 1007 101 21 inkomna
361 1006 128 21 skrifvelsen
506 1013 37 13 var
558 1005 47 21 från
623 1005 232 29 Grundlagsutskottet
870 1007 41 21 och
927 1010 36 22 att,
978 1014 35 14 se-

184 1035 42 21 dan
243 1035 34 21 Hr
287 1034 255 23 Vicelandtmarskalken
553 1041 87 14 numera
650 1035 54 27 tagit
714 1035 122 21 kännedom
847 1043 34 13 om
892 1036 50 20 dess
953 1036 60 20 inne-

184 1064 50 26 håll,
250 1064 41 21 han
309 1064 47 21 icke
371 1064 53 20 fann
440 1063 65 28 några
521 1062 133 28 svårigheter
667 1063 37 21 vid
719 1067 32 17 att
766 1064 131 28 tillmötesgå
908 1064 25 21 R.
944 1072 19 13 o.
974 1064 38 21 A:s

183 1092 83 22 önskan
282 1093 6 20 i
305 1092 102 21 afseende
423 1092 13 21 å
450 1092 49 20 dess
512 1091 136 21 omedelbara
660 1091 136 29 behandling.
811 1092 141 26 Skrifvelsen,
965 1100 46 14 som

183 1121 23 21 af
220 1121 35 21 Hr
270 1120 253 23 Vicelandtmarskalken
540 1120 115 28 upplästes,
671 1128 38 13 var
724 1121 23 21 af
762 1121 97 28 följande
874 1121 103 21 innehåll:

313 1195 85 20 FINLANDS
411 1192 90 22 STÄNDERS

183 1231 438 26 GRUNDLAGSUTSKOTT.

372 1277 63 5 omar
649 1281 42 21 Till
708 1281 127 28 Höglofliga
851 1282 161 21 Ridderskapet

318 1301 179 16 HELSINGFORS
581 1307 40 22 och
637 1299 76 36 Adeln.
745 1289 15 21 g
812 1307 2 2 -
976 1290 6 20 b

291 1340 34 17 den
338 1340 23 17 31
373 1340 87 17 Januari
473 1340 53 17 1905.

379 1403 33 18 N:o
426 1404 15 16 5.

251 1454 53 22 Med
321 1455 116 28 anledning
453 1456 22 18 af
490 1459 31 15 att
537 1456 56 20 inom
609 1455 233 29 Grundlagsutskottet
857 1456 58 20 olika
931 1456 81 20 menin-

182 1490 38 20 gar
227 1486 79 26 yppats
317 1483 79 27 derom,
406 1484 105 21 huruvida
518 1484 41 22 och
570 1485 6 20 i
591 1484 57 22 hvad
659 1484 47 21 män
718 1487 32 18 ett
761 1484 170 21 utskottsarbete
941 1485 6 19 i
959 1491 53 14 van-

182 1511 29 28 lig
234 1512 91 28 ordning
347 1512 34 21 för
404 1512 132 22 närvarande
554 1513 72 21 kunde
649 1513 40 21 och
713 1513 68 21 borde
797 1514 40 26 äga
853 1520 52 18 rum,
921 1512 37 21 har
974 1512 37 22 vid
