1095 1773
250 135 34 16 Hr
295 134 220 17 Landtmarskalkens
527 135 31 16 tal
571 134 12 17 å
595 135 115 16 tronsalen.
870 128 27 21 51

140 202 34 22 Hr
197 203 66 28 Björn
282 202 152 22 Schauman:
465 202 42 28 Jag
522 203 37 21 vill
574 203 49 21 icke
638 206 94 25 upptaga
747 202 100 22 Ståndets
862 202 33 22 tid

70 231 50 21 med
134 234 33 18 att
180 234 58 25 yttra
252 230 65 29 något
331 230 73 22 vidare
419 233 26 19 än
460 234 33 18 att
507 232 36 28 jag
557 231 62 21 utber
635 232 43 27 mig
692 231 24 21 få
724 231 34 21 till
769 231 127 28 protokollet

70 260 136 26 antecknadt,
225 263 33 18 att
279 260 35 28 jag
335 259 34 21 till
388 259 52 21 fullo
458 259 85 22 förenar
558 260 43 27 mig
616 267 35 14 om
665 259 27 22 de
708 260 127 26 uttalanden,
850 268 45 14 som

70 288 39 21 här
122 288 24 22 af
160 288 34 21 Hr
210 288 135 28 Gripenberg
360 288 74 21 blifvit
447 288 80 28 gjorda.

139 340 34 21 Hr
187 340 144 28 Stjernvall
347 339 70 21 anhöll
433 343 33 18 att
480 340 62 21 äfven
559 340 22 20 få
596 340 32 21 till
639 340 128 28 protokollet
776 340 120 22 antecknad

70 370 31 20 sin
117 369 135 21 reservation.

139 420 58 21 Frih.
220 428 40 13 von
283 420 111 21 Kothen:
426 420 72 21 Afven
519 421 36 27 jag
574 420 94 21 anhåller
683 420 22 21 få
719 420 33 21 till
768 420 127 28 protokollet

70 448 135 27 antecknadt,
227 452 33 18 att
280 449 35 28 jag
334 450 7 19 i
360 448 42 22 allo
417 449 101 21 omfattar
533 449 37 21 det
584 448 23 22 af
621 448 35 22 Hr
670 448 75 22 Alexis
762 448 133 29 Gripenberg

70 478 39 21 här
128 477 71 22 hållna
221 477 150 29 andragandet.
400 477 42 29 Jag
464 485 67 19 anser,
551 481 32 18 att
597 477 37 22 det
653 478 3 21 i
671 477 34 22 Hr
720 477 174 22 Landtmarskal-

70 507 52 20 kens
143 506 29 21 tal
193 506 126 21 åtminstone
342 506 55 21 hade
421 507 48 20 bort
483 506 50 28 ingå
547 509 32 18 ett
593 506 86 28 uttryck
694 506 34 21 för
742 506 100 22 Ståndets
858 506 36 21 be-

71 535 95 28 kymmer
181 535 61 21 öfver
256 535 38 21 det
308 535 83 28 vidriga
406 535 81 28 laglösa
501 535 120 21 tillståndet
635 536 7 20 i
657 535 77 21 landet.

139 592 34 21 Hr
188 592 193 21 Svinhufvud:
411 592 61 21 Minä
487 588 85 57 pyydän
588 592 65 21 saada
668 592 115 22 Ritariston
798 593 21 28 ja
828 593 65 20 Aate-

70 621 29 21 lin
113 621 148 28 pöytäkirjaan
269 621 123 26 lausutuksi,
403 623 44 19 että
457 621 94 21 minäkin
561 621 73 28 yhdyn
644 621 66 21 niihin
722 621 173 26 vastalauseisiin,

69 650 52 27 joita
135 649 63 22 täällä
214 657 26 14 on
256 649 92 22 lausuttu
364 649 172 22 Maamarsalkan
551 649 83 29 puheen
648 649 104 28 johdosta.

138 706 58 21 Frih.
211 706 254 28 Standertskjöld:
484 706 73 21 Afven
572 707 36 28 jag
622 706 94 21 anhäller
729 709 33 18 att
771 706 22 21 fä
803 707 32 20 till
847 714 48 21 pro-

68 735 90 21 tokollet
175 735 131 21 antecknadt
323 737 32 19 att
369 735 35 28 jag
419 735 86 21 tillfullo
520 735 123 28 godkänner
656 735 28 21 de
699 735 83 28 äsigter,
798 742 44 14 som
858 735 38 21 här

69 763 73 22 blifvit
156 763 94 22 uttalade
266 763 23 21 af
303 763 104 22 särskilda
422 771 100 21 personer
537 763 49 22 med
601 763 113 28 anledning
728 764 23 21 af
766 763 33 22 Hr
814 763 80 22 Landt-

69 792 145 31 marskalkens
229 792 37 21 tal.

138 843 81 22 Grefve
238 843 201 22 Mannerheim
460 844 101 21 förenade
577 845 32 26 sig
625 844 63 21 äfven
704 852 33 13 om
754 844 34 21 Hr
803 843 90 29 Gripen-

70 872 61 28 bergs
147 873 114 21 uttalande.

137 930 34 21 Hr
194 938 40 13 von
258 930 145 28 Knorring
426 930 40 21 bad
489 930 63 21 äfven
572 930 22 21 få
609 930 31 21 till
656 930 128 28 protokollet
806 930 88 22 anteck-

68 958 58 27 nadt,
141 962 33 18 att
189 958 40 22 han
244 959 7 20 i
266 958 42 22 allo
322 958 77 22 delade
414 958 27 22 de
456 958 85 29 äsigter,
556 966 44 14 som
616 966 28 13 nu
659 959 92 21 uttalats.

137 1015 34 21 Hr
193 1016 71 20 Rein
288 1015 103 21 instämde
415 1016 7 20 i
444 1016 38 21 det
503 1016 105 28 yttrande,
631 1024 44 13 som
698 1016 97 28 afgifvits
817 1016 24 21 af
860 1016 34 20 Hr

67 1044 76 21 Alexis
158 1044 140 28 Gripenberg.

136 1095 57 21 Frih.
212 1103 40 13 von
268 1095 159 21 Haartman
443 1096 76 21 delade
533 1096 78 28 jemväl
627 1097 5 19 i
648 1096 42 21 allo
705 1096 27 21 de
747 1096 83 28 äsigter,
845 1104 44 13 som

67 1124 88 21 uttalats
170 1124 49 21 med
234 1124 113 28 anledning
362 1124 23 21 af
400 1124 35 21 Hr
450 1124 218 22 Landtmarskalkens
683 1125 36 21 tal.

136 1181 34 21 Hr
184 1181 35 21 W.
234 1182 120 28 Ramsay
370 1182 39 20 och
426 1182 58 22 Frih.
500 1182 27 21 G.
544 1190 39 13 von
598 1182 81 21 Troil
691 1182 100 22 förenade
801 1183 33 27 sig
844 1182 46 21 med

67 1210 34 21 Hr
117 1210 139 28 Gripenberg.

136 1262 34 20 Hr
190 1262 70 21 Oscar
280 1262 208 28 Wasastjerna:
518 1262 72 21 Afven
613 1263 35 27 jag
670 1262 42 21 bad
734 1270 34 14 om
783 1262 61 22 ordet
859 1262 34 21 för

67 1294 32 18 att
121 1290 22 21 fä
165 1290 74 21 förena
257 1291 43 27 mig
315 1290 50 21 med
380 1290 27 21 de
422 1290 129 27 föregäende
566 1291 98 26 talarene,
680 1298 47 14 men
742 1291 32 21 till
787 1291 104 21 vinnande

67 1319 22 21 af
110 1319 39 25 tid,
170 1319 28 21 dä
220 1318 24 22 sä
262 1318 75 29 mänga
353 1319 213 21 ständsmedlemmar
580 1319 89 21 anhällit
683 1327 33 13 om
732 1320 66 25 ordet,
812 1319 80 21 tilläter

66 1348 35 28 jag
117 1348 42 27 mig
174 1348 102 28 derjemte
292 1349 52 26 göra
359 1351 32 18 ett
405 1351 65 18 annat
485 1348 84 28 förslag,
585 1348 105 28 nämligen
706 1351 32 18 att
747 1348 69 22 denna
826 1355 65 13 reser-

67 1377 70 20 vation
160 1376 65 21 mätte
247 1376 23 21 af
288 1376 91 21 Ständet
393 1376 102 22 omfattas
511 1377 118 21 kollektivt.
658 1376 42 28 Jag
714 1380 44 18 tror
772 1377 37 21 det
824 1376 67 21 skulle

66 1404 27 28 gä
108 1405 39 21 bra
162 1404 86 29 mycket
263 1405 112 28 hastigare,
391 1412 34 14 om
440 1405 28 21 de
483 1405 138 21 medlemmar
636 1405 23 21 af
674 1405 95 25 Ständet,
784 1413 44 13 som
844 1404 47 22 icke

66 1434 51 27 vilja
132 1441 108 13 reservera
255 1434 38 27 sig,
308 1433 67 21 skulle
391 1434 72 20 derom
479 1434 90 21 anmäla.

134 1490 35 22 Hr
187 1490 216 22 Landtmarskalkens
422 1491 33 21 till
474 1491 25 21 R.
519 1499 18 13 o.
553 1492 26 20 A.
602 1491 82 21 riktade
706 1491 64 28 fräga,
785 1499 33 13 om
834 1490 59 22 detta

65 1519 129 27 godkändes,
209 1519 127 21 besvarades
351 1519 97 28 jakande.
