1095 1773
168 122 33 37 60
448 132 25 17 R.
486 136 18 12 o.
517 132 24 17 A.
554 132 61 17 1904.
638 132 25 16 10
676 132 50 17 Dec.

243 200 35 21 Hr
300 206 43 14 von
362 200 108 21 Becker
488 200 104 21 förenade
608 201 32 27 sig
656 201 5 20 i
679 200 41 21 allo
736 201 6 20 i
758 200 27 21 de
801 201 6 19 i
823 200 38 28 gär
882 200 40 21 och
938 201 6 20 i
962 200 42 28 dag

173 228 86 28 aigiina
274 229 192 21 reservailonerua.

244 285 59 21 Frih.
318 284 85 22 Walter
419 293 41 13 von
476 286 85 21 Troil:
578 280 73 27 Äfven
666 287 36 27 jag
717 286 55 21 hade
788 287 5 19 i
809 286 39 28 gär
863 285 89 21 anhällit
968 293 34 13 om

166 314 73 21 ordet
254 314 35 20 för
304 317 31 17 att
350 314 24 20 få
389 314 67 21 uttala
473 314 30 21 till
519 314 131 28 protokollet
666 316 42 20 min
724 315 131 21 reservation
872 315 5 20 i
893 314 112 21 öfverens-

175 342 124 22 stämmelse
315 342 48 21 med
379 342 35 22 Hr
429 343 75 21 Alexis
520 342 148 29 Gripenbergs
683 343 100 28 yttrande
799 343 40 21 och
855 342 102 29 derjemte
972 346 33 18 ut-

177 371 45 21 tala
237 372 43 20 min
297 371 133 28 indignation
447 372 62 21 öfver
519 371 34 21 Hr
584 372 198 21 Landtmarskalkens
791 371 124 21 förfarande
926 374 31 18 att
966 378 41 14 un-

176 400 102 20 derställa
294 400 26 21 R.
335 407 19 14 o.
369 401 39 20 A:s
424 400 47 21 utaf
486 400 77 21 honom
580 400 86 21 tolkade
682 400 145 28 undersätliga
839 400 86 21 känslor
933 400 71 28 Rege-

176 436 88 20 ringens
280 436 83 14 censur.

250 485 34 22 Hr
299 485 66 22 Ernst
384 486 164 21 Ehrnrooth:
578 486 42 27 Jag
637 487 37 20 ber
689 489 31 18 att
735 486 23 21 fä
773 486 31 21 till
835 486 117 21 protokollet
968 493 37 14 an-

178 514 110 27 tecknadt,
311 518 31 17 att
364 515 35 28 jag
422 515 30 20 till
473 515 40 21 alla
529 515 60 20 delar
604 515 85 21 förenar
704 516 44 27 mig
763 522 34 14 om
838 523 9 12 Hr
862 514 85 21 Antells
962 518 43 25 ytt-

180 543 67 21 rande
264 544 4 19 i
286 543 49 28 dag,
357 543 40 21 och
417 543 67 21 tillika
504 543 36 21 vill
556 545 36 26 jag
608 543 22 21 fä
644 543 137 26 antecknadt,
797 546 32 18 att
843 544 35 27 jag
894 544 7 19 i
915 542 39 28 gär
969 551 39 12 an-

180 571 45 21 höll
241 579 35 13 om
300 571 61 21 ordet
379 572 35 21 för
429 576 30 17 att
475 572 22 21 fä
513 572 75 21 förena
603 573 43 27 mig
661 579 34 14 om
712 572 40 21 den
769 573 138 24 reservation,
923 579 45 13 som
984 571 23 21 af

176 599 36 22 Hr
228 599 143 29 Gripenberg,
386 601 81 26 Alexis,
483 601 104 27 afgifvits,
602 601 117 28 hvarjemte
734 602 36 27 jag
784 601 64 20 äfven
865 600 87 21 förenar
963 601 44 26 mig

178 636 34 13 om
228 628 36 21 Hr
279 628 140 21 Cederholms
434 629 115 21 uttalande.

248 685 58 22 Frih.
322 686 50 21 Ivar
388 693 40 14 von
445 686 128 21 Hellens:
604 686 41 28 Jag
665 686 95 21 anhåller
776 694 33 13 om
825 689 32 18 att
872 685 23 22 få
910 685 32 21 till
958 693 49 20 pro-

178 714 94 21 tokollet
295 715 137 25 antecknadt,
454 718 32 17 att
507 715 35 28 jag
558 716 5 19 i
580 715 41 21 alla
644 715 117 21 afseenden
783 715 85 20 förenar
883 715 44 27 mig
943 715 5 20 i
965 713 41 21 den

178 744 140 25 reservation,
341 751 45 13 som
403 744 6 20 i
424 743 39 28 gär
480 743 71 28 afgafs
567 743 24 21 af
606 743 34 21 Hr
656 743 141 29 Gripenberg,
813 744 113 20 äfvensom
942 743 5 20 i
964 743 41 20 den

179 771 24 21 af
218 771 35 22 Hr
268 772 74 21 Antell
358 773 6 20 i
381 772 41 27 dag
437 772 89 28 afgifna.

249 823 35 21 Hr
300 823 70 22 Julius
387 823 168 22 Grotenfelt:
590 823 74 22 Också
679 825 36 26 jag
730 823 55 21 hade
801 824 6 20 i
823 823 38 28 går
875 822 87 22 anhållit
973 830 33 13 om

180 852 64 21 ordet
266 852 34 21 för
315 856 31 17 att
362 852 84 21 biträda
462 852 33 21 Hr
510 853 76 20 Alexis
602 852 147 29 Gripenbergs
765 853 132 20 reservation
914 851 40 20 och
969 851 37 28 jag

178 880 98 22 anhäller
298 888 34 14 om
355 884 31 18 att
405 881 23 21 fä
442 883 51 26 göra
509 881 36 21 det
561 882 6 20 i
583 881 42 27 dag
640 881 41 21 och
697 881 69 21 tillika
781 880 75 22 förena
872 881 43 27 mig
931 887 33 13 om
981 879 29 21 de

179 909 134 26 uttalanden,
329 917 45 13 som
389 911 67 27 gjorts
472 910 23 20 af
509 909 46 22 Hrr
570 909 128 22 Cederholm
715 909 40 21 och
772 909 78 21 Antell.

248 966 36 21 Hr
302 966 27 22 V.
347 974 40 14 von
404 966 112 28 Wright:
542 967 75 21 Ehuru
632 967 36 28 jag
684 968 5 20 i
705 967 45 27 gär,
767 967 27 27 pä
810 968 43 19 sätt
869 966 95 27 brukligt
979 967 31 24 är,

178 995 74 21 anhöll
276 1003 33 13 om
333 995 66 26 ordet,
423 996 104 27 vägrades
550 996 59 21 detta
628 996 6 20 i
650 995 52 29 följd
724 996 24 20 af
763 995 41 21 den
820 994 27 28 pä
863 992 146 24 Riddarhuset

178 1024 145 28 exempellösa
339 1024 132 28 förbistring,
486 1032 45 13 som
547 1024 73 21 rädde.
650 1024 42 28 Jag
708 1024 95 21 anhäller
819 1023 73 21 derför
907 1024 47 20 atti
966 1022 43 28 dag

179 1052 24 24 få
223 1056 58 24 yttra
305 1054 44 26 mig
368 1052 40 21 och
425 1053 73 21 förena
513 1054 44 26 mig
572 1060 33 14 om
622 1053 36 21 det
675 1052 116 26 uttalande,
807 1060 45 13 som
869 1052 99 28 afgifvits
984 1050 24 22 af

178 1081 46 21 Hrr
246 1080 138 29 Gripenberg
406 1081 41 21 och
464 1081 115 22 Mechelin.
607 1082 79 20 Tillika
702 1081 38 21 ber
754 1082 36 27 jag
805 1080 65 22 äfven
886 1083 32 18 att
933 1080 23 21 fä
971 1088 38 13 an-

178 1110 111 26 tecknadt,
304 1113 32 17 att
350 1110 35 27 jag
401 1110 31 20 till
448 1110 53 21 fullo
518 1111 123 20 instämmer
656 1111 6 20 i
678 1110 43 26 det,
736 1117 45 14 som
798 1110 22 20 af
833 1109 34 21 Hr
880 1108 129 22 Cederholm

176 1138 106 28 yttrades.

249 1195 35 21 Hr
304 1196 131 21 Norrm6n
459 1196 101 21 förenade
583 1197 33 27 sig
631 1196 31 20 till
680 1196 40 21 alla
736 1195 61 21 delar
813 1196 4 20 i
834 1194 27 21 de
878 1194 132 26 uttalanden,

178 1231 47 13 som
242 1224 101 28 afgifvits
359 1224 23 21 af
397 1224 44 21 Hrr
457 1224 136 28 Gripenberg
608 1224 41 22 och
665 1224 79 22 Antell.

250 1280 36 22 Hr
300 1281 132 21 Edelfelt:
464 1276 73 26 Äfven
560 1282 35 28 jag
618 1282 36 20 ber
670 1285 32 17 att
717 1281 23 21 få
755 1282 6 20 i
774 1281 41 21 allo
832 1282 112 20 instämma
960 1280 5 20 i
982 1280 28 20 de

177 1310 125 27 yttranden,
325 1318 46 13 som
393 1310 71 21 fäldes
479 1312 5 19 i
500 1310 39 28 gär
554 1310 23 21 af
595 1310 33 21 Hr
644 1310 137 28 Gripenberg
797 1309 40 21 och
852 1310 6 20 i
875 1309 43 27 dag
938 1309 22 20 af
976 1308 34 21 Hr

178 1338 82 21 Antell.

250 1389 60 22 Frih.
333 1390 76 22 Albert
430 1397 42 13 von
495 1389 129 21 Hellens:
654 1384 73 26 Äfven
750 1390 36 27 jag
809 1389 38 21 ber
869 1392 32 18 att
922 1388 31 21 till
969 1388 41 21 alla

180 1418 62 21 delar
264 1418 24 21 få
310 1420 111 20 instämma
438 1419 6 19 i
460 1418 36 21 det
518 1418 106 28 yttrande,
650 1426 45 14 som
711 1419 6 20 i
733 1418 40 28 går
787 1418 69 21 fäldes
873 1417 22 21 af
911 1417 34 21 Hr
960 1416 51 22 Gri-

180 1446 104 29 penberg,
300 1448 111 20 äfvensom
429 1447 5 20 i
450 1446 37 22 det
502 1447 23 20 af
540 1446 34 21 Hr
588 1447 73 21 Antell
678 1448 5 20 i
700 1447 42 27 dag
757 1446 76 28 gjorda
848 1445 125 22 uttalandet.

249 1492 35 22 Hr
299 1493 66 22 Ernst
381 1501 41 13 von
447 1492 104 22 Wendt:
581 1492 43 28 Jag
640 1492 70 22 anhöll
727 1493 6 21 i
748 1492 40 28 gär
803 1500 33 14 om
853 1491 62 22 ordet
930 1491 35 21 för
980 1494 31 18 att

178 1522 78 21 förena
280 1523 44 27 mig
346 1530 34 12 om
403 1522 41 22 den
468 1522 139 25 reservation,
631 1529 44 13 som
696 1521 71 29 afgafs
783 1521 23 21 af
820 1520 35 22 Hr
871 1520 141 28 Gripenberg,
