1095 1773
405 122 156 32 Bevillningen.
855 124 42 21 309

67 197 68 22 sionel
151 198 108 27 reglering
274 197 23 21 af
312 197 240 28 bevillningsbudgeten
559 205 6 19 ;
577 197 74 22 hvilka
662 197 157 27 betänkanden,
829 198 68 28 enligt

67 226 26 21 R.
109 233 19 14 o.
143 226 39 21 A:s
199 226 77 26 beslut,
292 225 72 21 blifvit
375 225 120 29 bordlagda
507 226 44 21 tills
563 226 111 21 Särskilda
684 226 212 22 Besvärsutskottets

67 254 354 28 sammanjemkningsbetänkande
442 255 6 20 i
470 254 76 28 frågan
563 262 34 14 om
613 254 42 22 den
672 254 78 28 lagliga
766 255 131 28 ordningens

67 283 153 21 återställande
236 283 72 21 blifvit
323 282 137 22 behandladt.

135 334 35 22 Hr
186 334 28 22 af
228 334 167 22 Forselles
411 334 72 21 anhöll
500 342 34 13 om
546 334 62 22 ordet
623 334 41 22 och
678 335 96 28 yttrade:
789 334 41 28 Jag
841 335 57 21 hade

67 363 97 21 förestält
188 364 42 27 mig
255 366 37 23 att,
314 363 55 21 efter
391 362 42 22 den
457 364 7 20 i
485 363 40 28 går
547 364 23 20 af
592 363 34 21 Hr
643 363 253 22 Vicelandtmarskalken

66 392 75 28 gjorda
161 392 125 27 tolkningen
310 392 23 20 af
355 392 24 20 L.
403 392 33 26 O.,
453 392 38 20 det
505 400 29 13 nu
550 399 52 14 vore
618 392 97 28 omöjligt
730 395 32 18 att
776 392 72 21 skrida
863 392 33 21 till

67 420 73 28 slutlig
156 420 131 28 behandling
302 420 22 21 af
339 420 254 28 Bevillningsutskottets
610 420 142 22 betänkande.

136 472 57 22 Frih.
210 480 50 13 von
277 472 139 21 Alfthan:
432 472 43 28 Jag
490 472 69 21 skulle
575 472 69 21 tillåta
660 473 44 27 mig
714 472 110 21 vördsamt
839 472 58 21 före-

67 501 32 21 slä
121 504 32 18 att
176 501 136 22 beträffande
333 501 158 28 behandlingen
508 501 23 21 af
546 501 27 21 de
589 509 28 13 nu
634 501 118 28 bordlagda
768 502 128 27 propositio-

67 537 66 14 nerna
157 530 41 21 och
222 529 261 22 utskottsbetänkandena
506 529 69 22 skulle
599 529 91 22 sålunda
713 529 132 29 procederas,
865 533 32 18 utt

68 567 48 13 man
140 559 54 21 först
218 558 76 21 skrede
310 559 32 20 till
358 558 118 28 afgörande
493 558 22 21 af
530 559 59 20 förra
604 558 63 21 delen
683 558 23 21 af
720 558 176 22 Statsutskottets

67 587 142 26 betänkande,
220 595 46 13 som
281 587 65 21 redan
363 588 5 20 i
384 587 38 28 gär
438 595 38 13 var
492 587 68 21 under
577 587 136 28 behandling,
724 587 40 21 och
775 587 122 21 sedermera

68 617 6 20 i
91 619 30 18 ett
141 615 154 28 sammanhang
309 615 105 22 behandla
430 615 67 22 andra
513 615 63 22 delen
593 617 23 20 af
631 615 175 22 Statsutskottets
822 616 74 21 betän-

68 645 70 20 kande
158 645 64 28 jemte
238 644 254 28 Bevillningsutskottets
509 644 142 26 betänkande,
666 644 29 21 dä
711 644 103 21 klämmen
832 646 5 19 i
856 644 41 21 Be-

69 673 219 28 villningsutskottets
311 673 135 21 betänkande
462 675 24 19 är
501 673 80 28 sakligt
596 673 94 21 identisk
704 673 48 21 med
769 675 127 19 reservatio-

69 709 53 14 nens
138 703 6 20 i
161 701 176 22 Statsutskottets
355 702 143 21 betänkande.

137 753 34 21 Hr
195 753 252 23 Vicelandtmarskalken
473 753 112 29 päpekade
609 753 47 22 med
682 753 115 28 anledning
817 754 24 20 af
863 753 35 21 Hr

69 782 22 21 af
112 782 114 21 Forselles”
251 783 145 27 anmärkning,
420 785 33 18 att
483 782 178 28 föredragningen
690 783 23 20 af
737 782 27 21 de
789 782 107 27 ifrägava-

69 811 66 21 rande
157 814 80 18 tvenne
260 811 164 21 betänkandena
446 811 85 21 komme
555 814 31 17 att
608 819 40 20 ega
669 819 52 18 rum,
737 811 75 21 endast
828 811 69 20 under

69 840 155 27 förutsättning
246 843 32 17 att
300 839 23 22 R.
343 847 19 14 o.
379 840 37 21 A:s
433 839 100 28 samtlige
549 839 117 22 ledamöter
682 847 52 13 voro
750 840 72 21 derom
839 847 56 13 ense.

137 891 58 21 Frih.
211 899 53 13 von
280 891 93 22 Born:
394 892 42 27 Jag
452 894 24 18 är
491 899 51 14 ense
558 892 72 20 derom
647 894 32 18 att
693 892 32 20 till
738 891 67 36 grund
817 891 34 21 för
864 892 34 20 fö-

68 920 157 28 redragningen
249 920 47 21 icke
318 920 39 21 bör
378 920 74 28 läggas
476 920 37 21 det
531 920 103 28 yrkande,
649 928 46 14 som
711 920 101 22 Ständets
829 920 68 22 Vice-

69 948 168 22 landtmarskalk
261 950 6 20 i
290 948 38 28 gär
351 949 181 21 förberedelsevis
555 949 74 27 delgaf
652 949 91 21 Ständet
770 948 69 22 säsom
863 950 34 20 sin

69 977 147 29 uppfattning,
232 981 49 17 utan
297 976 103 23 Ständets
416 978 71 20 beslut
504 980 31 18 att
547 977 118 29 bordlägga
681 977 89 21 ärendet
785 977 27 29 pä
826 977 70 28 grund

69 1007 22 20 af
107 1009 32 18 ett
154 1006 266 26 kausalitetsförhällande,
438 1006 253 22 Vicelandtmarskalken
708 1006 101 28 obetaget
824 1009 31 18 att
863 1006 34 20 fö-

69 1035 88 27 redraga
169 1034 105 22 klämmen
286 1035 132 21 omedelbart
429 1035 56 21 efter
493 1035 41 21 den
546 1034 67 22 andra
623 1034 87 28 frägans
721 1034 115 28 afgörande
846 1034 52 21 eller

69 1071 80 14 senare.
179 1063 92 21 Ständet
289 1064 38 20 har
342 1064 48 20 icke
406 1066 43 18 rätt
464 1067 33 17 att
512 1064 118 20 bestämma
645 1063 253 28 föredragningsordnin-

68 1100 47 20 gen,
139 1100 47 13 men
216 1092 89 21 Ständet
320 1092 39 21 har
373 1094 43 19 rätt
431 1096 33 17 att
479 1092 70 21 lemna
565 1093 32 20 sin
613 1092 168 21 landtmarskalk
797 1092 101 27 obetaget

68 1124 32 18 att
122 1121 114 28 föredraga
262 1121 62 21 dessa
347 1120 73 28 frägor
435 1120 66 22 redan
518 1128 35 14 nu.
583 1120 189 28 Bordläggningen
787 1120 39 21 har
841 1120 56 21 varit

69 1157 25 13 en
110 1149 67 21 sädan
194 1149 162 28 bordläggning,
372 1157 46 13 som
434 1150 37 28 jag
487 1150 51 20 ville
549 1149 56 21 kalla
616 1149 98 28 löpande,
724 1150 48 20 icke
784 1148 114 28 bordlägg-

68 1179 51 27 ning
141 1178 32 20 till
192 1181 32 18 ett
236 1179 54 20 visst
305 1178 164 26 sammanträde,
485 1181 51 18 utan
553 1186 26 12 en
598 1178 155 28 bordläggning
769 1185 44 14 som
830 1178 67 27 gjorts

67 1208 6 19 i
89 1206 90 22 relation
203 1207 32 21 till
258 1210 31 18 ett
312 1207 54 21 visst
387 1206 269 27 kausalitetsförhällande,
672 1214 45 14 som
734 1214 28 13 nu
777 1206 120 27 föreligger.

68 1235 42 28 Jag
124 1238 46 18 tror
184 1235 74 21 derför
272 1238 32 18 att
319 1236 37 20 det
371 1243 46 13 som
434 1236 84 26 vanligt
533 1235 72 21 tillhör
620 1234 102 22 Ständets
738 1235 106 28 majoritet
866 1237 32 18 att

69 1272 29 13 nu
121 1264 116 21 bestämma
254 1271 33 14 om
304 1264 101 21 ärendets
421 1264 76 21 vidare
514 1264 130 28 behandling
660 1264 40 21 och
716 1267 32 17 att
763 1264 47 21 icke
825 1262 72 28 någon

69 1292 84 22 enskild
177 1300 87 14 numera
287 1300 50 20 eger
359 1296 57 18 veto.
446 1292 45 22 För
514 1292 67 28 öfrigt
596 1292 37 21 ber
647 1293 36 27 jag
698 1295 32 18 att
745 1294 5 18 i
767 1292 102 21 afseende
885 1291 14 21 ä

69 1321 118 27 ordningen
211 1322 34 20 för
266 1321 179 28 föredragningen
470 1321 24 21 fä
512 1321 76 21 förena
610 1322 42 27 mig
668 1328 34 14 om
718 1320 57 22 Frih.
790 1328 42 14 von
849 1320 49 21 Alf-

69 1350 62 21 thans
147 1350 86 28 förslag.

137 1401 35 21 Hr
194 1401 30 21 af
239 1401 165 22 Forselles:
420 1401 12 21 I
448 1402 43 21 den
508 1401 103 21 händelse
626 1401 34 21 Hr
676 1400 222 23 Vicelandtmarskal-

69 1430 42 21 ken
129 1430 79 21 tilläter
223 1430 131 28 behandling
369 1430 23 21 af
409 1430 214 28 bevillningsfrägan,
632 1430 36 21 vill
680 1430 35 28 jag
725 1430 75 21 endast
811 1429 88 21 konsta-

69 1463 44 17 tera
136 1458 37 22 det
195 1458 35 21 Hr
253 1458 257 22 Vicelandtmarskalken
526 1459 90 21 handlar
630 1459 6 21 i
652 1458 54 22 strid
722 1458 47 21 med
785 1458 42 21 den
843 1464 55 21 upp-

69 1487 100 28 fattning,
185 1494 46 14 som
246 1486 34 22 Hr
297 1486 257 22 Vicelandtmarskalken
571 1488 6 20 i
593 1488 38 27 går
646 1486 124 22 meddelade
786 1487 33 21 vis
836 1487 13 19 A
865 1486 32 21 vis

68 1515 25 21 L.
109 1516 39 21 O:s
164 1516 164 28 bestämningar.
