1095 1773
186 126 28 22 56
462 133 25 17 R.
500 137 17 13 o.
530 133 25 17 A.
567 133 60 17 1904.
652 133 25 17 10
690 133 50 17 Dec.

257 200 35 21 Hr
313 200 63 22 Ferd.
400 208 55 14 von
477 200 127 28 Wright:
633 196 75 26 Äfven
722 201 43 41 ja
787 200 55 21 hade
861 201 5 20 i
885 200 40 28 gär
943 200 75 21 anhäl-

185 230 29 20 Tit
230 236 36 14 om
281 228 62 22 ordet
358 229 35 21 för
407 232 33 19 att
454 230 73 21 förena
542 230 44 28 mig
601 229 48 22 med
672 229 34 22 Hr
723 229 141 29 Gripenberg,
879 229 82 27 Alexis,
977 228 40 20 och

187 258 37 20 ber
240 258 36 28 jag
292 260 31 18 att
338 265 29 13 nu
382 258 23 21 fä
420 258 93 28 fullfölja
537 257 70 22 denna
627 258 43 21 min
693 257 66 29 afsigt
774 257 41 21 och
830 257 103 29 derjemte
949 260 31 18 att
995 256 24 22 fä

187 286 85 21 ansluta
289 286 44 28 mig
348 286 32 21 till
396 286 36 22 det
447 286 105 29 yttrande,
569 294 45 14 som
630 286 38 22 här
684 286 98 28 afgifvits
798 286 23 21 af
835 286 35 21 Hr
885 285 133 22 Cederholm.

257 342 35 22 Hr
315 343 166 22 Cronstedt:
511 344 42 28 Jag
575 344 38 20 har
637 344 51 21 bedt
710 351 34 13 om
768 343 61 22 ordet
847 343 35 21 för
898 346 31 18 att
943 343 75 21 förena

191 372 43 28 mig
250 379 34 14 om
301 371 40 22 den
358 373 139 25 reservation,
511 380 46 13 som
574 372 33 21 Hr
623 372 137 28 Gripenberg
776 372 5 21 i
797 372 38 28 gär
850 372 111 21 framstält.

258 429 58 21 Frih.
333 429 181 21 Rehbinder:
530 430 72 20 Afven
618 430 36 28 jag
669 430 95 20 räknade
780 430 43 27 mig
838 430 6 20 i
860 430 40 27 går
915 429 32 21 till
958 437 26 13 en
996 428 24 22 af

188 458 55 25 dem,
259 465 46 14 som
324 458 110 28 förgäfves
457 459 85 20 anhöllo
564 466 33 13 om
614 459 66 20 ordet.
711 458 80 21 Derför
813 458 38 21 ber
865 459 36 27 jag
917 459 5 20 i
938 458 43 27 dag
996 457 24 22 fä

187 487 32 20 till
244 487 131 28 protokollet
397 487 136 26 antecknadt,
549 490 32 18 att
595 488 35 27 jag
646 487 31 21 till
693 487 53 21 fullo
768 487 86 21 förenar
870 487 43 28 mig
928 494 32 13 om
977 486 42 21 den

187 517 141 24 reservation,
344 523 44 13 som
405 515 28 21 dä
448 516 98 27 afgifvits
563 515 22 22 af
600 515 34 22 Hr
650 515 141 29 Gripenberg.

259 572 56 21 Frih.
329 573 216 28 Silfverhjelm:
564 573 42 28 Jag
617 572 95 22 anhäller
722 580 34 14 om
768 575 31 18 att
811 572 23 21 fä
845 573 32 20 till
889 572 131 29 protokollet

188 601 139 25 antecknadt,
342 604 31 17 att
388 602 36 27 jag
439 601 31 21 till
486 601 53 22 fullo
555 601 87 21 förenar
658 602 43 27 mig
716 609 34 13 om
767 601 40 21 den
819 601 140 26 reservation,
970 608 46 14 som

188 629 100 28 afgifvits
305 629 22 21 af
342 629 45 22 Hrr
403 630 135 28 Gripenberg
553 630 40 21 och
609 629 134 22 Cederholm.

260 686 35 21 Hr
310 686 69 21 Gösta
395 686 182 22 Grotenfelt:
607 687 74 21 Afven
697 688 36 27 jag
748 687 70 21 anhöll
836 687 4 20 i
857 686 38 28 går
906 686 110 28 förgäfves

188 722 34 13 om
240 715 62 21 ordet
317 715 34 20 för
366 718 31 18 att
412 715 23 21 fä
450 715 137 26 antecknadt,
603 718 31 18 att
649 716 35 27 jag
699 715 86 22 förenar
801 716 43 27 mig
859 723 34 13 om
909 715 37 21 det
961 718 56 17 utta-

190 743 70 27 lande,
276 751 44 14 som
345 743 34 22 Hr
401 743 136 30 Gripenberg
555 744 28 21 dä
603 744 66 27 afgaf.
698 744 80 21 Tillika
802 744 37 21 ber
853 745 36 27 jag
904 743 23 22 få
942 743 75 22 förena

188 773 46 26 mig
249 779 35 14 om
300 771 34 22 Hr
349 771 139 23 Cederholms
510 773 100 28 yttrande
633 773 112 20 äfvensom
769 772 132 21 understöda
922 772 37 21 det
974 772 42 21 för-

189 800 52 28 slag,
257 808 46 13 som
319 800 58 21 Frih.
393 808 40 14 von
449 801 134 21 Willebrand
600 809 49 20 nyss
665 801 79 28 gjorde,
761 804 30 18 att
808 801 39 21 alla
860 801 157 21 reservationer

189 829 70 21 skulle
276 829 37 21 ske
329 837 76 20 genom
422 830 135 27 anteckning.

258 886 52 21 Med
334 886 115 29 anledning
471 887 62 21 deraf
555 891 31 17 att
609 887 103 21 särskilda
737 887 65 21 talare
820 890 68 25 yttrat
903 887 33 28 sig
952 888 4 19 i
973 886 41 22 den

185 915 106 27 riktning,
307 918 32 18 att
361 916 34 20 för
416 916 107 20 vinnande
539 916 22 20 af
576 915 30 21 tid
623 915 26 21 de
666 915 137 21 medlemmar
819 916 22 20 af
857 915 97 25 Ständet,
970 922 44 14 som

188 944 97 20 önskade
301 951 108 14 reservera
425 945 38 27 sig,
479 944 68 21 skulle
560 946 51 26 göra
623 944 36 21 det
669 952 76 20 genom
758 952 25 13 en
796 944 130 27 anteckning
937 944 79 25 derom,

188 972 120 21 hemstälde
331 972 34 21 Hr
382 972 254 22 Vicelandtmarskalken
652 973 32 21 till
700 973 25 21 R.
741 980 18 14 o.
775 974 32 24 A.,
827 972 106 22 huruvida
952 972 64 21 Stän-

188 1000 38 22 det
241 1000 67 28 ansäg
323 1004 31 18 ett
369 1001 77 21 sädant
461 1001 122 21 förfarande
606 1002 105 27 lämpligt;
735 1001 41 21 och
800 1001 129 21 besvarades
944 1000 71 22 denna

186 1029 161 28 framställning
361 1030 98 28 jakande.

257 1086 58 21 Frih.
332 1094 41 14 von
397 1086 119 22 Alfthan:
547 1087 34 21 Då
596 1088 35 27 jag
647 1087 64 21 redan
728 1088 5 19 i
750 1087 39 27 går
804 1094 38 14 var
858 1088 5 20 i
881 1086 83 22 tillfälle
981 1090 32 17 att

187 1118 58 25 yttra
261 1116 44 26 mig
320 1122 33 14 om
370 1115 34 21 Hr
420 1115 143 29 Gripenbergs
579 1116 86 27 förslag,
680 1117 24 19 är
718 1116 37 20 det
766 1117 43 19 ien
827 1123 70 13 annan
909 1115 59 28 fråga
979 1116 36 27 jag

187 1150 28 14 nu
233 1144 50 20 ville
299 1147 56 25 yttra
372 1145 48 20 mig.
445 1144 41 28 Jag
501 1144 71 21 anhöll
591 1152 33 13 om
641 1144 61 21 ordet
719 1144 33 21 för
768 1148 31 17 att
814 1146 52 26 göra
882 1151 79 14 samma
978 1144 37 28 pä-

186 1172 105 21 minnelse
308 1180 44 13 som
369 1172 56 22 Frih.
441 1180 42 14 von
502 1172 138 22 Willebrand.

256 1230 34 20 Hr
312 1230 55 21 Edv.
390 1230 202 28 Björkenheim:
623 1230 41 28 Jag
686 1230 55 21 hade
767 1230 5 20 i
795 1229 38 27 går
856 1229 75 28 begärt
953 1229 62 21 ordet

186 1258 36 21 för
237 1261 33 18 att
284 1261 57 25 yttra
357 1259 42 26 mig
414 1260 5 19 i
436 1266 79 14 samma
530 1258 95 28 riktning
640 1266 46 14 som
702 1258 58 21 Frih.
776 1257 81 22 Wrede
873 1259 5 19 i
895 1258 47 28 dag.
972 1257 43 28 Jag

186 1286 39 22 ber
245 1290 31 18 att
295 1287 22 20 få
333 1287 65 21 uttala
421 1288 48 20 mitt
487 1286 134 29 beklagande
644 1287 22 21 af
688 1290 31 18 att
742 1286 35 22 Hr
799 1286 216 25 Landtmarskalken,

186 1317 39 19 när
240 1315 43 21 han
299 1316 102 21 nalkades
417 1319 75 18 tronen
509 1316 34 20 för
558 1318 31 18 att
605 1316 27 28 pä
642 1316 25 20 R.
678 1322 18 14 o.
707 1316 39 21 A:s
758 1317 81 26 vägnar
849 1315 91 21 besvara
951 1314 63 22 Hans

185 1344 115 28 Majestäts
319 1344 84 26 trontal,
420 1344 48 22 icke
492 1344 71 21 funnit
586 1344 95 28 lämpligt
698 1348 31 17 att
744 1344 76 21 dervid
842 1343 107 21 frambära
970 1343 43 27 det,

186 1380 46 14 som
248 1372 68 28 ligger
332 1372 72 29 hvarje
420 1373 55 21 finsk
491 1380 46 14 man
555 1375 93 19 närmast
663 1380 34 13 om
713 1372 85 28 hjertat.

256 1429 34 21 Hr
306 1430 27 21 G.
351 1429 132 22 Granfelt:
514 1426 71 25 Äfven
601 1431 35 27 jag
653 1430 37 21 ber
705 1433 32 17 att
753 1429 23 21 få
791 1428 138 26 antecknadt,
938 1432 31 18 att
978 1429 37 27 jag

184 1458 16 20 1.
223 1457 23 21 gär
263 1458 41 21 bad
321 1466 33 14 om
371 1458 62 22 ordot
447 1458 34 21 för
496 1461 32 19 att
538 1458 23 22 få
571 1458 74 22 förena
656 1459 44 27 mig
711 1458 48 20 med
771 1458 34 20 Hr
821 1457 136 29 Gripenberg
973 1457 40 21 och

184 1463 97 56 anhäller
297 1487 5 20 i
320 1486 41 28 dag
376 1489 31 19 att
424 1486 23 22 fä
462 1486 73 22 förena
558 1488 43 27 mig
617 1494 33 14 om
666 1486 37 22 det
717 1486 108 29 yttrande,
840 1494 47 13 som
903 1486 73 28 afgafs
991 1487 24 19 af

184 1513 34 22 Hr
234 1514 135 22 Cederholm.
