1095 1773
300 119 133 24 Öfvergrepp
446 122 24 17 af
479 122 68 21 ryska
557 122 132 21 gendarmer.
870 117 40 21 341

83 192 46 27 mig
143 190 81 34 bekant
239 193 32 19 att
286 190 36 22 det
337 190 82 26 hinder,
435 198 45 14 som
497 190 133 22 förorsakats
646 190 102 22 särskildt
762 194 151 25 representan-

83 228 36 18 ten
143 225 34 21 för
200 224 82 22 Ålands
298 225 108 27 domsaga,
421 224 35 22 Hr
470 224 115 27 Karlsson,
601 224 47 22 icke
665 232 38 14 var
717 224 25 22 så
756 225 87 21 alldeles
860 225 53 22 obe-

83 259 85 29 tydligt.
198 259 35 21 Då
248 259 42 21 han
305 258 49 22 kort
369 259 56 21 efter
438 259 31 28 jul
485 258 48 22 med
550 266 27 14 en
588 259 79 27 ångare
678 258 48 22 från
736 251 71 29 Åland
819 260 92 21 anlände

81 294 33 20 till
137 286 49 29 Åbo
208 293 70 25 hamn,
301 292 96 29 förbjöds
420 292 42 22 han
485 292 24 22 af
531 300 26 14 en
579 292 110 29 gendarm,
710 300 45 14 som
779 293 76 29 påstod
877 294 35 27 sig

82 322 80 21 handla
184 322 28 28 på
226 322 38 21 sitt
279 321 115 29 chefskaps
410 321 70 27 order,
496 324 33 18 att
543 322 70 20 lemna
628 322 95 28 fartyget
737 322 41 21 och
793 322 70 21 vände
878 322 35 28 sig

82 350 132 28 gendarmen
234 350 34 21 för
291 350 122 21 erhållande
434 350 23 21 af
471 350 165 28 handräckning
651 350 32 21 till
698 350 41 22 den
756 350 156 29 dejourerande

82 379 190 28 poliskonstapeln.
301 378 71 22 Sedan
388 380 103 26 magister
505 378 108 22 Karlsson
627 379 87 28 upplyst
724 378 42 22 den
778 379 132 22 sistnämnde

83 415 40 19 om,
139 410 32 19 att
186 407 41 21 han
243 415 51 13 vore
310 407 164 28 landtdagsman
491 407 41 21 och
548 407 63 21 stadd
628 407 28 29 på
672 410 41 25 väg
728 408 32 20 till
770 408 143 28 Helsingfers

82 436 35 22 för
139 439 32 19 att
194 436 91 28 fullgöra
307 437 32 20 sin
359 436 124 29 skyldighet
498 444 46 13 som
561 436 73 27 sådan,
649 436 53 21 fann
718 437 34 27 sig
768 436 144 29 poliskonsta-

83 466 49 28 peln
156 465 48 22 icke
221 465 92 28 befogad
329 468 32 18 att
376 468 50 25 taga
443 465 122 28 befattning
581 465 48 21 med
646 465 64 21 saken
728 465 41 22 och
783 465 128 22 meddelade

83 493 59 22 detta
163 493 23 22 åt
200 494 136 27 gendarmen.
370 493 58 22 Utan
444 497 32 18 att
491 493 57 22 fästa
563 493 103 22 afseende
682 493 82 27 härvid,
779 493 61 22 ålade
858 501 54 20 gen-

84 523 87 21 darmen
188 522 34 21 Hr
238 522 103 22 Karlsson
357 526 32 17 att
404 522 52 28 följa
472 523 78 20 honom
567 522 41 21 och
624 522 90 29 sålunda
729 523 42 20 fick
786 523 34 20 Hr
835 522 76 21 Karls-

83 559 39 14 son
146 551 70 22 såsom
238 559 25 13 en
280 551 131 21 missdådare
428 551 83 21 vandra
525 558 78 21 genom
619 551 49 21 Åbo
684 551 47 21 stad
747 551 32 21 till
794 551 118 29 poliskam-

82 588 80 18 maren,
184 580 88 21 hvarest
294 579 41 22 han
359 580 56 21 dock
438 579 175 28 ögonblickligen
637 580 23 21 af
686 579 224 29 polismyndigheten
898 575 15 37 i

82 602 49 28 Åbo
155 609 83 27 frigafs.
268 608 129 21 Oberoende
420 608 24 21 af
466 616 34 14 om
517 608 37 21 det
569 608 86 28 intrång
669 587 35 42 Er
719 608 103 22 Karlsson
839 610 48 19 rönt
903 609 7 20 i

83 639 33 20 sin
138 637 66 22 frihet
227 638 55 20 varit
301 637 23 21 af
345 637 85 22 kortare
447 637 52 21 eller
514 637 73 28 längre
603 637 139 28 varaktighet,
758 637 41 21 kan
814 638 36 27 jag
865 638 46 20 inte

82 669 66 18 annat
170 666 56 21 finna
245 667 26 20 än
287 669 32 18 att
333 665 38 22 här
386 665 117 28 föreligger
519 666 111 27 häktning,
646 665 40 22 och
702 665 28 22 dä
745 665 164 29 landtdagsman

82 695 49 21 icke
156 702 37 13 ens
217 694 34 21 för
268 694 58 28 groft
341 695 58 20 brott
414 694 42 21 kan
472 695 83 27 häktas,
571 695 49 20 med
636 694 82 21 mindre
733 694 41 21 han
791 695 71 20 blifvit
877 702 35 13 er-

83 723 79 28 tappad
184 723 27 28 pä
227 723 37 21 bar
279 724 95 27 gerning,
389 723 53 21 eller
458 723 87 21 demare
561 723 56 21 efter
631 723 131 28 ransakning
776 723 72 21 funnit
863 723 48 21 skäl

82 752 71 21 dertill
177 751 89 27 besluta,
289 751 24 22 sä
335 751 68 22 finner
424 753 36 27 jag
483 755 32 18 att
533 751 50 22 våld
599 752 7 21 i
622 753 53 20 form
691 751 23 22 af
729 752 61 27 olaga
805 751 107 28 häktning

83 780 72 22 blifvit
177 780 112 21 föröfvadt
311 783 111 25 gentemot
444 780 35 21 Hr
501 780 105 21 Karlsson
630 781 7 20 i
660 780 79 21 dennes
763 780 108 28 egenskap
887 780 25 21 af

82 809 171 28 landtdagsman.
282 809 41 28 Jag
344 817 63 13 anser
422 809 24 21 sä
462 809 87 28 mycket
564 811 68 19 större
648 809 46 21 skäl
709 809 104 28 föreligga
829 809 34 20 för
876 808 37 21 Hr

82 837 255 22 Vieelandtmarskalken
359 841 32 18 att
405 838 65 27 jemte
486 837 70 28 öfriga
571 837 75 22 ständs
662 837 77 21 talmän
756 837 155 28 ofördröjligen

83 866 88 28 vidtaga
194 866 27 21 de
244 866 104 28 ätgärder,
371 874 45 14 som
439 866 108 22 erfordras
571 866 35 21 för
627 869 31 19 att
674 866 34 21 för
722 866 114 22 framtiden
852 866 59 21 före-

82 895 84 21 komma
183 895 59 28 dylik
258 895 120 28 kränkning
393 895 23 21 af
428 895 172 28 landtdagsman,
611 902 45 14 som
667 895 78 21 talman
757 896 6 20 i
776 896 33 20 sin
818 896 30 20 uti
860 896 27 20 24
896 895 14 28 &

82 924 25 20 L.
130 924 27 20 O.
180 926 96 18 närmare
300 924 142 21 formulerade
459 924 26 21 ed
501 924 39 21 har
555 924 113 20 förbundit
682 924 33 27 sig
730 927 32 18 att
776 924 97 21 försvara
889 924 21 28 ej

83 952 81 21 mindre
180 952 105 28 Kejsaren
298 952 40 22 och
353 952 146 22 Storfurstens
515 954 42 19 rätt
567 954 27 19 än
607 952 107 21 Ständens
725 952 41 22 och
777 952 133 21 Ständernas

83 980 37 21 fri-
136 980 41 22 och
192 980 125 28 rättigheter
333 982 6 20 i
355 981 225 21 öfverensstämmelse
597 981 48 21 med
660 981 139 27 grundlagen,
815 981 40 21 och
871 980 41 22 vä-

81 1016 39 20 gar
142 1010 34 27 jag
199 1010 57 28 förty
272 1009 78 21 föreslä
365 1013 31 17 att
411 1010 61 20 R.'o.
489 1010 26 20 A.
531 1010 50 20 ville
597 1009 75 21 förena
688 1010 32 27 sig
735 1016 33 14 om
785 1009 37 21 det
838 1009 72 21 beslut

82 1038 184 28 Borgareständet
281 1039 6 19 i
303 1038 65 21 saken
385 1038 70 21 fattat.

151 1078 34 21 Hr
210 1078 196 22 Svinhufvud:
448 1078 101 21 Minäkin
589 1078 71 28 pyydän
689 1078 65 21 saada
779 1078 130 28 lämpimästi

83 1107 117 21 kannattaa
220 1106 182 29 Porvarissäädyn
419 1106 120 22 ehdotusta.
585 1114 12 14 Se
613 1107 80 23 seikka,
709 1108 43 20 että
768 1107 142 27 valtiopäivä-

82 1135 78 21 miehiä
182 1135 149 21 matkoillansa
356 1136 157 27 valtiopäiviltä
535 1136 69 20 kotiin
620 1136 73 20 taikka
709 1135 200 28 valtiopäivätöihin

79 1164 175 28 pääkaupunkiin
270 1164 110 24 häiritään,
395 1172 27 13 on
438 1164 22 28 jo
476 1165 105 20 itsessään
597 1164 66 28 hyvin
682 1164 74 21 törkeä
767 1164 50 21 asia.
833 1163 76 22 Kahta

80 1192 147 28 pahemmaksi
251 1193 100 21 tällainen
374 1196 77 24 tapaus
476 1193 41 28 käy
540 1200 38 14 sen
594 1193 80 25 kautta,
690 1194 44 20 että
748 1192 161 22 häiritseminen

79 1228 27 14 on
130 1220 130 29 tapahtunut
282 1221 121 21 venäläisen
427 1222 154 20 santarmiston
604 1221 100 28 puolelta.
733 1221 37 21 Me
793 1220 116 22 tiedämme

80 1250 81 26 kaikki,
182 1251 44 20 että
248 1250 132 21 venäläisillä
405 1250 146 21 santarmeilla
575 1250 19 21 ei
610 1250 33 21 ole
659 1250 162 21 minkäänlaista
837 1249 74 21 virka-

80 1278 71 21 valtaa
176 1278 84 21 meidän
284 1286 145 14 maassamme.
469 1278 115 28 (Venäjältä
606 1278 27 21 he
656 1279 51 21 ovat
728 1281 93 19 tuotetut
843 1280 66 19 tänne

78 1306 152 29 ylläpitämään
250 1308 40 20 sitä
306 1307 89 21 laitonta
409 1307 150 28 järjestelmää,
574 1308 64 27 jonka
654 1308 157 27 poistamisesta
827 1306 82 28 Säädyt

78 1336 56 27 juuri
158 1338 51 18 ovat
231 1337 123 27 päättäneet
375 1335 67 22 tehdä
457 1336 117 26 esityksen.
603 1335 125 22 Tiedämme
743 1336 105 28 myöskin,
863 1337 46 19 että

80 1364 77 21 heidän
181 1364 162 28 pääasiallisena
358 1365 123 20 toimenaan
497 1364 65 21 täällä
577 1372 28 13 on
621 1364 54 21 ollut
690 1364 164 28 urkkijatoimen
871 1364 39 21 hä-

78 1392 106 28 peällinen
208 1392 171 29 harjoittaminen
398 1394 22 27 ja
434 1393 90 21 samalla
540 1393 98 28 myöskin
654 1393 155 21 kaikenlaisten
825 1392 86 28 pakko-

78 1422 87 20 toimien
190 1417 234 42 voimaanpaneminen.
462 1421 53 22 Kun
538 1421 130 23 minustakin
692 1429 27 13 on
742 1422 63 20 aivan
829 1421 81 26 selvää,

78 1452 46 19 että
136 1450 211 28 valtiopäivämiehet
362 1450 74 21 kaikki
452 1451 150 21 tämmöisessä
617 1451 81 21 asiassa
712 1452 99 20 tuntevat
826 1450 82 20 itsensä

79 1478 122 21 keskenään
226 1478 153 22 solidaarisiksi
402 1478 70 22 siihen
495 1478 162 22 loukkaukseen
680 1478 92 26 nähden,
796 1478 57 21 mikä
879 1485 28 14 on

78 1506 127 22 kohdannut
218 1506 52 29 yhtä
286 1508 28 20 tai
330 1508 110 27 useampia
457 1506 76 28 heistä,
550 1507 140 28 kuuluivatpa
705 1514 27 14 ne
744 1508 64 20 sitten
819 1513 88 23 samaan
