1095 1773
186 133 41 21 362
458 137 25 16 R.
497 142 17 11 o.
527 138 24 15 A.
564 137 59 17 1905.
649 138 23 16 31
683 138 48 16 Jan.

187 207 50 20 med
253 206 94 28 lämplig
363 206 127 26 anordning
505 206 37 26 för
558 206 172 26 möjliggörande
744 206 30 27 af
785 206 140 26 ventilation,
934 214 44 13 som
989 214 27 13 nu

186 236 43 20 kan
244 237 39 19 ske
299 234 78 22 endast
386 240 77 22 genom
478 234 113 28 öppnande
606 233 23 22 ai
643 233 77 23 dörren
736 234 32 22 tili
783 234 126 29 balkongen.

256 262 234 27 Riddarhusutskottet,
505 270 45 14 som
565 262 70 21 funnit
649 265 33 19 att
691 262 141 22 Direktionen
842 262 49 22 haft
902 262 115 30 tillräcklig

187 292 116 27 anledning
318 294 32 18 att
365 290 43 22 låta
423 290 49 22 med
487 290 123 22 utförandet
624 290 23 22 af
662 290 42 22 den
718 291 38 21 vid
771 294 83 18 senaste
865 292 101 28 landtdag
979 292 37 22 be-

187 321 70 21 slutna
274 322 83 19 remont
371 319 23 21 af
408 319 299 21 landtmarskalkskabinettet
722 322 56 19 samt
793 320 105 21 särskilda
907 321 65 21 andra
983 328 33 14 ar-

186 348 64 22 beten
267 348 66 26 anstå,
349 348 34 21 för
398 351 32 17 att
440 348 125 21 verkställas
580 348 7 20 i
603 351 31 18 ett
644 348 152 28 sammanhang
811 349 48 21 med
875 350 141 27 insättningen

187 377 23 21 af
225 377 27 21 de
268 384 42 21 nya
324 376 181 28 fönsterbågarna,
521 379 91 19 emotser
622 380 33 18 att
667 377 59 21 dessa
738 377 3 21 i
749 376 267 23 Riddarhusdirektionens

187 406 115 21 berättelse
323 407 95 19 närmare
438 405 91 21 berörda
550 405 87 21 arbeten
660 405 66 21 varda
748 413 75 21 genom
846 406 41 21 den
905 406 111 22 blifvande

188 434 269 21 Riddarhusdirektionens
472 433 83 29 försorg
569 434 92 21 utförda.

258 463 70 21 Bland
343 463 176 26 remontarbeten,
541 470 44 13 som
601 463 114 21 Utskottet
730 463 37 21 vid
781 463 14 21 ä
809 463 207 28 riddarhusbyggna-

187 492 41 21 den
250 491 106 22 förrättad
378 499 38 20 syn
439 491 70 21 funnit
531 491 52 21 böra
597 492 7 20 i
620 499 25 13 en
666 499 50 13 snar
732 491 87 22 framtid
834 491 134 29 ombesörjas,
983 492 34 21 får

188 520 114 22 Utskottet
317 519 113 22 framhälla
445 523 32 18 att
492 527 24 14 en
533 519 104 29 kakelugn
653 521 31 20 uti
699 523 32 18 ett
746 520 22 21 af
778 520 27 21 de
815 520 23 21 ät
848 520 79 21 Finska
933 521 82 20 Brand-

187 549 148 28 stodsbolaget
349 549 34 20 för
398 549 73 20 landet
481 548 91 28 uthyrda
582 556 95 13 rummen
687 549 93 28 intygats
791 556 51 14 vara
852 549 86 28 mycket
952 549 64 21 brist-

187 577 67 28 fällig,
277 577 88 21 hvarför
387 585 25 13 en
428 585 28 20 ny
475 577 105 28 kakelugn
596 578 7 19 i
618 577 80 21 dennas
713 577 61 22 ställe
790 577 39 22 bör
844 577 114 27 anskaffas,
975 578 40 21 och

187 606 61 21 torde
264 606 61 21 detta
340 613 45 14 rum
401 605 75 22 härvid
492 605 63 22 äfven
570 607 7 20 i
593 605 65 28 öfrigt
673 606 51 21 böra
740 605 94 28 undergä
849 609 86 18 remont.

258 634 110 21 Särskilda
390 635 66 20 andra
477 634 157 28 nödigbefunna
649 634 82 21 mindre
747 635 217 28 reparationsarbeten
980 635 39 21 har

188 663 228 22 Riddarhusutskottet
436 663 114 21 antecknat
569 663 7 20 i
596 664 37 20 sitt
656 663 103 28 protokoll
776 663 33 21 för
824 667 32 17 att
877 663 5 21 ä
899 663 46 21 dem
962 663 56 22 fästa

187 692 41 21 den
245 691 110 21 blifvande
371 690 264 22 Riddarhusdirektionens
651 692 194 27 uppmärksamhet.

559 760 91 20 I1—V1.

258 817 34 20 De
315 817 66 21 under
401 817 63 21 dessa
486 817 91 28 punkter
593 817 89 21 berörda
698 817 181 28 omständigheter
893 817 59 21 torde
969 817 48 21 icke

187 845 83 29 påkalla
288 845 66 28 någon
371 845 80 28 åtgärd.

578 903 50 21 VII.

258 960 9 20 I
285 960 101 21 afseende
401 960 12 21 å
433 960 27 21 de
480 960 28 29 pä
523 960 143 21 Riddarhuset
688 960 163 22 introducerade
873 963 56 18 ätter
951 960 65 22 hafva

187 989 65 21 sedan
269 988 266 22 Riddarhusdirektionens
550 989 113 21 berättelse
679 989 70 21 afgafs
765 989 94 28 följande
868 989 149 28 förändringar

187 1017 109 21 inträffat:
321 1017 129 28 Friherrliga
473 1020 56 18 ätten
550 1018 41 20 N:o
607 1018 27 20 26
649 1018 116 20 Tandefelt
780 1018 39 20 har
833 1018 133 28 fullständigt
982 1021 33 18 ut-

186 1046 98 21 slocknat
307 1046 49 21 med
378 1046 219 28 Ofverstelöjtnanten
620 1046 98 21 Friherre
733 1046 69 21 Adolf
816 1046 103 21 Heribert
934 1046 82 21 Robert

186 1074 122 26 Tandefelt,
323 1082 45 13 som
383 1074 59 22 afled
457 1074 40 22 den
513 1076 27 20 28
555 1074 121 22 December
691 1076 62 20 1904.
784 1074 31 22 Pä
829 1074 135 22 svärdssidan
975 1075 40 21 har

186 1103 72 28 adliga
281 1105 58 19 ätten
360 1103 41 21 N:o
424 1104 41 20 272
487 1103 85 21 Tudeer
591 1103 71 21 utdött
677 1104 49 20 med
741 1106 70 18 ättens
826 1103 117 22 stamfader
957 1103 57 21 förre

186 1131 201 22 Viceordföranden
409 1132 7 20 i
438 1132 121 28 Kejserliga
581 1132 103 21 Senatens
703 1132 34 20 för
751 1132 93 21 Finland
859 1132 155 21 Ekonomiede-

185 1163 128 25 partement,
335 1160 160 22 Stallmästaren
517 1160 36 22 vid
571 1160 61 21 Hans
648 1160 112 28 Majestäts
776 1160 47 22 Hof
838 1160 51 22 Sten
907 1160 48 22 Carl
971 1161 43 21 Tu-

186 1189 57 26 deer,
258 1196 46 14 som
319 1189 58 21 afled
392 1189 41 21 den
450 1191 11 19 5
477 1189 141 21 innevarande
628 1189 92 21 Januari.

256 1217 59 21 Enär
337 1217 63 21 redan
424 1218 42 20 fem
488 1217 23 21 år
526 1218 92 21 förflutit
632 1218 65 20 sedan
713 1218 40 21 den
770 1221 83 17 senaste
870 1225 74 21 genom
962 1218 51 21 Rid-

186 1246 223 21 darhusdirektionens
425 1246 82 28 försorg
522 1246 81 28 utgifna
611 1246 175 22 adelskalendern
803 1246 73 21 utkom
891 1246 40 21 och
947 1246 67 22 under

186 1274 70 21 denna
271 1274 32 21 tid
318 1282 25 13 en
366 1274 79 28 mängd
460 1274 147 29 förändringar
621 1274 98 22 inträffat
734 1274 49 22 med
799 1275 158 28 Ridderskapet
972 1275 40 21 och

186 1303 84 21 Adelns
286 1303 142 26 medlemmar,
443 1303 38 21 har
495 1303 114 21 Utskottet
626 1303 70 21 funnit
710 1303 127 29 tidpunkten
854 1311 51 13 vara
919 1304 48 20 inne
983 1306 32 18 att

187 1331 127 21 föranstalta
329 1339 34 13 om
381 1332 123 28 utgifvande
521 1332 23 21 af
554 1339 25 13 en
597 1340 27 20 ny
634 1332 91 28 upplaga
737 1332 48 21 utaf
795 1332 69 21 denna
875 1332 139 28 publikation.

186 1360 54 21 Med
259 1360 100 21 afseende
375 1360 51 21 härå
442 1360 39 21 och
497 1360 28 21 då
539 1360 137 21 förenämnda
692 1360 23 21 år
732 1361 55 21 1900
803 1360 100 21 utkomna
915 1360 101 22 kalender

186 1389 6 19 i
209 1388 101 22 afseende
331 1388 13 21 å
358 1389 145 28 uppställning
525 1390 56 20 visat
602 1390 32 27 sig
657 1389 167 28 ändamålsenlig
846 1389 41 21 och
902 1389 63 21 äfven
981 1389 33 21 till

186 1418 32 20 sin
240 1420 57 25 yttre
319 1417 106 28 utstyrsel,
448 1417 66 28 enligt
528 1417 122 22 Utskottets
667 1418 69 26 tanke,
751 1418 109 28 uppfyller
875 1418 41 20 alla
931 1418 84 27 rimliga

186 1445 98 29 anspråk,
299 1446 39 20 har
352 1445 114 21 Utskottet
481 1449 51 18 trott
547 1447 32 27 sig
595 1446 49 21 böra
660 1446 38 21 hos
713 1446 160 28 Ridderskapet
888 1446 40 21 och
944 1446 70 21 Adeln

185 1474 86 25 föreslå,
294 1476 32 19 att
343 1475 42 20 den
401 1476 113 26 blifvande
529 1474 267 22 Kiddarhusdirektionen
811 1475 68 21 mäiie
895 1474 25 28 jä
936 1475 7 20 i
960 1485 55 18 wpp-

185 1503 55 27 drag
262 1505 34 19 att
318 1503 45 21 låta
379 1503 259 27 Riddarhusgenealogen
654 1505 45 19 mot
713 1504 72 26 skälig
801 1504 124 26 ersättning
940 1503 13 21 &
970 1504 44 20 tid-

182 1532 81 26 punkt,
284 1538 46 14 som
352 1531 143 21 Direktionen
512 1532 42 20 kan
571 1532 66 26 finna
654 1532 99 27 lämplig,
770 1532 100 20 utarbeta
886 1532 37 20 och
940 1532 73 21 ombe-
