1095 1773
425 132 122 34 Utskotten.
858 134 41 21 437

424 230 119 23 Utskotten.

142 288 122 28 Föredrogs
287 296 25 13 en
338 288 47 21 från
411 288 154 28 Lagutskottet
587 287 77 21 anländ
686 288 23 21 så
725 288 93 28 lydande
834 288 65 21 fram-

70 317 112 27 ställning:

201 396 85 20 FINLANDS
300 393 87 23 STÄNDERS

125 433 346 26 LAGUTSKOTT.

537 483 44 20 Till
596 483 126 28 Höglofliga
738 483 161 28 Ridderskapet

208 503 177 16 HELSINGFORS
470 509 40 22 och
526 511 77 22 Adeln.

176 542 34 17 den
222 542 22 17 16
255 541 93 18 Februari
359 542 56 17 1905.

259 605 33 18 N:v
306 606 25 17 10.

142 662 58 21 Enär
223 662 57 21 Herr
295 663 54 21 Otto
364 663 99 28 Hjalmar
478 664 107 25 Granfelt,
600 663 87 22 hvilken
704 663 22 21 af
740 662 159 29 Ridderskapet

72 690 41 22 och
129 691 71 21 Adeln
216 694 78 18 utsetts
309 692 32 20 till
357 692 115 28 suppleant
488 693 6 20 i
510 692 157 28 Lagutskottet,
683 691 39 22 hos
739 691 112 22 Utskottet
861 699 38 13 an-

72 719 52 21 mält
135 722 31 18 att
182 719 47 26 han,
245 719 65 22 sedan
326 720 77 21 honem
420 721 127 21 ombetrotts
563 720 121 29 uppdraget
700 723 30 18 att
743 727 51 14 vara
804 719 95 22 sekrete-

73 755 47 14 rare
136 749 7 20 i
158 748 56 28 Lag-
238 748 40 21 och
300 749 226 22 Ekonomiutskottets
549 749 67 22 andra
641 749 115 27 afdelning,
781 755 51 15 vore
854 748 44 21 för-

72 776 90 21 hindrad
180 779 30 18 att
226 777 112 21 öfvervara
354 777 165 28 Lagutskottets
535 777 179 27 sammanträden,
723 777 35 21 får
768 777 131 28 Lagutskot-

71 807 35 19 tet
121 805 110 22 vördsamt
246 805 83 22 anhålla
345 809 30 18 att
391 814 28 20 ny
435 807 115 28 suppleant
565 808 6 19 i
587 807 71 21 stället
674 806 34 21 för
723 805 99 22 Granfelt
833 805 65 21 måtte

70 833 25 21 af
110 833 160 29 Ridderskapet
286 834 39 21 och
341 835 70 21 Adeln
428 838 65 19 utses.

328 892 30 21 På
374 892 165 28 Lagutskottets
553 894 92 27 vägnar:

375 944 89 28 Ludvig
482 944 111 28 Clouberg.

647 995 75 23 August
735 994 94 24 Nybergh.

141 1062 71 22 Sedan
234 1063 26 21 R.
276 1071 18 13 o.
308 1064 26 20 A.
349 1064 28 28 på
393 1064 35 21 Hr
453 1064 265 22 Vicelandtmarskalkens
741 1062 158 28 framställning

72 1091 88 21 beslutit
181 1092 115 27 godkänna
319 1092 164 28 Lagutskottets
507 1092 163 28 ifrågavarande
693 1092 131 25 hemställan,
845 1098 54 22 upp-

72 1120 89 21 manade
183 1120 34 21 Hr
240 1120 254 22 Vicelandtmarskalken
519 1121 102 21 Ständets
645 1121 84 21 valmän
752 1123 31 19 att
804 1123 47 18 utse
871 1127 27 14 en

71 1148 115 28 suppleant
200 1150 6 20 i
223 1149 91 22 nämnda
330 1150 82 21 utskott
427 1151 7 20 i
450 1150 35 21 Hr
500 1150 112 21 Granfelts
628 1150 67 21 ställe.

140 1303 122 22 Föredrogs
288 1311 25 13 en
335 1304 48 21 från
409 1303 113 22 Särskilda
547 1304 201 22 Besvärsutskottet
776 1304 122 21 inkommen

70 1332 116 21 skrifvelse
202 1340 32 14 med
272 1332 97 22 anmälan
385 1335 32 19 att
433 1332 120 27 Utskottet,
571 1334 3 20 i
591 1333 49 21 dess
659 1333 191 27 sammansättning
865 1332 34 21 för

71 1360 132 29 behandling
218 1361 23 21 af
256 1362 141 27 petitionerna
412 1361 113 28 angäende
542 1361 121 29 beviljande
679 1361 23 21 af
712 1361 188 27 skadeersättning

70 1389 24 21 åt
108 1389 146 29 medborgare,
270 1390 72 21 hvilka
365 1392 51 19 utan
440 1390 49 28 laga
512 1390 116 21 ransakning
665 1389 41 22 och
722 1390 48 21 dom
787 1389 112 22 beröfvats

70 1418 72 27 tjenst,
166 1419 91 27 pension
281 1418 51 22 eller
347 1418 71 26 frihet,
434 1418 52 22 eller
501 1418 73 22 hvilka
590 1398 97 42 hindrats
704 1421 31 19 att
750 1419 66 21 vistas
833 1418 6 20 i
855 1418 45 20 lan-

71 1446 42 26 det,
129 1446 31 22 till
177 1446 129 22 ordförande
321 1449 68 19 utsett
404 1446 36 22 Hr
455 1447 85 21 Kasten
556 1447 116 22 Antell.
