1095 1773
319 127 171 16 Missväxternas
503 128 166 15 motarbetande.
870 122 4 19 1

81 196 42 20 viss
135 195 103 28 spänning
250 197 91 19 emotser
355 194 50 21 ödet
413 194 23 21 af
447 194 70 21 denna
531 195 97 27 petition,
644 194 36 21 ber
695 195 35 27 jag
746 194 21 21 få
783 194 76 22 föreslå
875 194 33 21 för

81 223 126 28 Höglofliga
222 223 25 21 R.
262 231 19 13 o.
296 223 33 26 A.,
343 226 32 18 att
382 223 60 21 detta
454 223 135 21 vördsamma
605 223 107 21 memorial
729 223 64 21 måtte
809 226 49 18 utan
877 224 31 20 vi-

81 252 50 21 dare
147 252 118 20 remitteras
282 252 32 20 till
331 252 55 27 Lag-
401 251 40 21 och
458 251 216 21 Ekonomiutskottet.

149 309 34 20 Hr
199 308 189 22 Wallensköld:
403 308 42 28 Jag
461 308 37 22 ber
513 311 32 18 att
561 308 20 21 fä
598 308 78 21 föreslä
686 312 32 18 att
729 308 58 22 dctta
798 309 110 28 petitions-

81 338 113 26 memorial,
210 337 75 21 liksom
302 337 37 21 det
354 341 72 17 senast
442 337 133 28 föredragna,
590 336 126 29 bordlägges
731 337 31 21 till
779 337 65 21 första
853 345 54 13 sam-

81 366 108 21 manträde
205 366 66 21 under
287 368 60 18 nästa
362 366 27 20 är.

149 423 30 21 Pä
202 423 34 21 Hr
255 422 262 22 Vicelandtmarskalkens
533 423 156 27 framställning
705 423 78 21 beslöts
799 426 31 18 att
845 423 63 21 bord-

81 452 61 28 lägga
157 452 162 27 ifrågavarande
335 452 209 28 petitionsmemoria]
560 452 32 21 till
609 451 66 22 första
691 452 84 28 plenum
780 447 13 37 i
791 452 76 21 nästa
879 452 28 20 är.

317 577 169 23 Missväxternas
502 579 166 22 motarbetande.

149 636 31 20 Af
203 635 34 21 Hr
259 635 69 21 Gösta
351 635 156 21 Grotenfelt
529 635 55 22 hade
608 635 111 22 inlemnats
740 635 40 22 och
796 635 111 28 föredrogs

81 667 31 18 ett
134 664 210 29 petitionsmemorial
367 664 108 28 angående
493 664 199 21 ästadkommandet
706 664 22 21 af
743 672 26 13 en
783 667 123 25 permanent

83 693 141 27 organisation
246 693 33 20 för
302 693 164 21 missväxternas
484 693 174 21 förekommande
674 693 39 21 och
729 692 139 29 försvagande
884 692 23 21 af

79 721 61 22 deras
155 721 83 28 följder,
253 721 92 21 varande
360 721 60 21 detta
436 721 106 21 memorial
559 721 22 21 af
597 721 93 28 följande
705 721 90 28 lydelse:

287 801 122 28 Höglofliga
426 801 135 29 Ridderskap
579 801 40 22 och
634 801 65 22 Adel!

327 859 118 21 Vördsamt
460 859 215 29 petitionsmemorial.

148 916 110 20 Historien
281 916 30 20 lär
333 924 40 18 oss,
389 919 33 18 att
436 917 7 20 i
459 916 92 21 Finland
566 917 54 20 intet
636 916 54 21 enda
709 916 94 21 årtionde
820 916 85 28 förgätt,

79 948 49 17 utan
144 947 32 18 att
191 944 226 26 sommarnattfrosten,
432 945 62 21 torka
509 945 52 21 eller
571 944 146 22 öfverdrifven
728 947 49 19 väta
784 944 122 22 framkallat

79 974 125 20 missväxter
226 974 31 20 uti
281 975 66 19 större
371 973 51 21 eller
445 974 80 21 mindre
549 973 60 21 delar
628 973 22 21 af
665 973 77 21 landet.
771 973 80 21 Därför
867 973 39 21 har

78 1001 64 21 ocksä
156 1002 40 20 allt
210 1002 65 20 sedan
291 1002 108 21 hedenhös
415 1002 135 28 hungersnöd
565 1002 40 21 och
621 1002 40 22 dyr
672 1002 33 21 tid
717 1002 55 21 varit
782 1004 74 25 trägna
868 1004 37 25 gä-

78 1033 43 18 ster
143 1030 8 20 i
171 1030 93 22 Finland.
295 1030 157 22 Missväxterna
474 1030 65 22 hafva
562 1026 99 26 hemsökt
677 1030 73 22 ibland
764 1030 48 21 hela
827 1030 78 22 landet,

79 1058 73 22 ibland
175 1058 45 22 åter
244 1060 56 20 vissa
321 1058 60 22 delar
403 1059 67 25 däraf,
487 1067 46 13 men
549 1059 66 21 också
629 1060 7 20 i
651 1059 37 21 det
704 1067 72 13 senare
791 1058 61 22 fallet
867 1058 38 21 har

79 1087 97 27 vauligen
200 1087 48 21 hela
268 1087 82 21 landets
365 1088 98 21 ekonomi
478 1089 7 19 i
501 1090 66 19 större
583 1088 51 20 eller
649 1088 81 21 mindre
744 1088 53 28 grad
812 1087 94 21 rubbats,

79 1116 7 20 i
101 1116 38 20 det
154 1116 154 27 värkningarna
323 1116 66 21 oftast
405 1116 82 22 sträckt
503 1117 32 27 sig
550 1116 59 28 långt
623 1116 85 21 utöfver
722 1116 27 21 de
764 1115 87 27 trakter,
867 1116 37 20 där

78 1144 88 28 olyckan
182 1144 104 21 inträffat.
316 1144 33 21 Då
365 1152 26 13 en
406 1144 34 22 del
457 1145 22 21 af
494 1145 73 21 landet
581 1145 49 21 lidit
644 1145 49 24 nöd,
708 1145 54 21 har
751 1140 13 37 i
775 1144 70 28 regeln
855 1144 50 20 hela

78 1173 72 20 landet
173 1172 47 22 haft
243 1173 92 28 känning
357 1173 67 21 däraf.
454 1173 26 28 Ej
499 1174 67 20 sällan
581 1174 38 20 har
635 1181 48 13 man
699 1174 36 20 vid
750 1173 61 21 dessa
826 1180 76 21 uppre-

77 1201 55 28 pade
155 1200 60 22 svåra
238 1202 143 21 hemsökelser
403 1205 15 18 t.
433 1210 18 13 o.
467 1210 26 13 m.
509 1205 42 18 sett
573 1203 31 27 sig
620 1202 109 21 nödsakad
744 1205 32 18 att
791 1201 65 21 anlita
871 1205 32 17 ut-

78 1230 75 21 ländsk
168 1230 58 28 hjälp
241 1231 34 19 för
290 1230 79 21 nödens
384 1230 117 22 lindrande.

146 1258 94 21 Numera
263 1258 37 22 har
322 1267 49 13 man
392 1260 7 20 i
422 1259 47 21 värt
487 1259 48 21 land
553 1259 89 21 kommit
656 1259 33 21 till
704 1259 89 28 stadgad
809 1258 94 28 öfverty-

77 1287 57 27 gelse
156 1295 34 13 om
212 1290 32 18 att
263 1295 25 13 en
311 1288 22 20 af
355 1288 182 28 grundorsakerna
559 1288 33 20 till
610 1288 62 21 dessa
688 1288 6 20 i
710 1288 93 20 flertalet
818 1287 37 21 fall
871 1287 33 20 för

78 1315 48 21 hela
147 1315 78 22 folkets
248 1316 97 21 ekonomi
367 1316 23 21 sä
405 1316 114 28 ödesdigra
534 1317 126 20 missväxter
674 1316 67 28 ligger
756 1317 29 20 uti
801 1316 41 21 den
857 1315 46 28 läga

78 1344 136 28 ständpunkt,
230 1344 80 28 hvarpä
326 1344 47 22 värt
387 1345 118 21 landtbruk
521 1347 55 19 ännu
592 1345 60 21 öfver
666 1345 81 21 hufvud
762 1348 59 24 taget
837 1344 66 21 befin-

78 1380 38 14 ner
130 1374 32 26 sig
176 1374 8 19 i
200 1373 52 28 följd
275 1373 23 21 af
320 1373 37 21 vär
378 1376 57 18 stora
456 1374 157 27 jordbrukande
631 1373 124 21 allmänhets
775 1373 129 29 yrkesokun-

77 1401 78 29 nighet.
185 1401 95 28 Bjärtast
294 1402 128 21 framträder
436 1402 70 21 denna
521 1402 147 21 landtbrukets
683 1402 119 21 vanskötsel
819 1402 30 20 uti
860 1401 43 21 lan-

77 1430 49 21 dets
141 1431 50 25 inre,
207 1437 62 14 norra
284 1430 38 21 och
339 1432 57 20 östra
411 1430 65 26 delar,
492 1438 48 14 men
551 1432 21 20 vi
583 1430 59 22 finna
651 1430 99 22 liknande
758 1430 146 21 förhällanden

78 1466 51 14 vara
152 1458 93 22 rädande
267 1459 65 21 ocksä
353 1460 7 20 i
383 1459 78 28 mänga
483 1459 66 21 andra
564 1459 81 21 trakter
660 1459 22 21 af
697 1459 47 21 värt
759 1459 54 21 land.
840 1458 64 21 Miss-

79 1489 74 19 växter
175 1487 69 21 kunna
269 1488 34 20 väl
321 1488 7 20 i
344 1487 53 29 följd
413 1488 23 20 af
450 1488 103 21 Finlands
568 1488 134 28 geografiska
717 1488 46 27 läge
778 1487 125 29 näppeligen

77 1515 46 21 helt
145 1515 39 21 och
205 1516 66 20 hållet
286 1516 142 21 förekommas
445 1516 38 21 hos
499 1524 40 18 oss,
556 1524 48 13 men
619 1516 27 22 de
661 1516 70 21 kunna
746 1515 158 28 otvifvelaktigt
