1095 1773
320 128 172 16 Missväxternas
505 128 168 16 motarbetande.
869 122 40 19 173

151 196 43 20 III.
224 196 100 20 Metoden
355 198 32 18 att
415 196 93 28 tillgripa
534 195 108 28 tillfälliga
665 194 245 29 undsättningsåtgärder

83 224 72 28 hvarje
178 224 39 28 gång
255 232 26 13 en
303 224 48 21 svår
369 224 42 20 nöd
432 227 67 25 yppat
514 225 38 27 sig,
567 224 38 21 har
620 224 48 21 icke
684 224 44 21 ledt
743 224 32 20 till
791 223 67 28 någon
873 224 36 20 be-

83 248 87 37 stående
194 228 127 57 förbättring
339 252 22 22 af
379 252 27 21 de
423 252 136 22 ekonomiska
575 252 94 21 vilkoren
686 252 36 21 hos
738 252 150 28 befolkningen
904 252 6 20 i

83 282 26 20 de
125 281 87 27 trakter,
228 289 43 13 som
287 282 66 20 oftast
368 281 79 28 härjats
462 281 23 21 af
500 282 108 25 missväxt,
624 284 49 18 utan
690 280 161 28 mångenstädes
863 282 47 19 vär-

85 310 36 21 kat
136 310 158 28 depraverande
309 310 28 28 på
353 310 156 27 befolkningen.

153 338 61 21 Inför
229 338 27 21 de
271 338 122 28 upprepade
409 338 178 28 nödperiodernas
603 338 144 21 erfarenheter
757 338 65 20 måste
832 338 21 28 ju
863 340 48 18 tän-

84 367 69 21 kande
176 367 137 27 medborgare
331 367 139 27 ovilkorligen
488 367 66 27 draga
569 367 41 21 den
626 366 118 26 slutsatsen,
760 370 31 17 att
805 368 50 19 nära
870 374 41 20 nog

84 396 79 28 årligen
179 395 172 21 återkommande
371 395 197 21 missförhållanden
581 396 51 28 föga
647 402 41 21 nog
704 395 70 21 kunna
788 395 65 21 hafva
867 395 44 21 till-

85 424 73 28 fälliga
173 424 86 21 orsaker
273 424 32 21 till
321 424 68 28 grund
405 424 40 21 och
461 424 42 21 lika
519 424 47 21 litet
581 424 71 21 kunna
667 424 106 28 aflägsnas
782 431 74 20 genom
867 424 44 20 till-

86 453 72 28 fälliga
179 452 134 29 hjälpmedel.
343 453 66 21 Hvad
430 461 44 13 som
498 452 102 22 behöfves
619 455 22 18 är
657 452 64 29 något
736 452 50 22 vida
801 460 49 13 mer.
881 452 29 21 Vi

86 481 67 22 måste
168 482 53 21 söka
236 481 26 21 nå
278 482 36 21 det
329 482 56 21 onda
399 483 8 19 i
423 482 46 21 dess
486 485 32 18 rot
533 489 74 20 genom
624 485 31 17 ett
670 481 106 28 energiskt
791 481 40 21 och
846 481 66 21 under

87 518 24 13 en
128 511 71 27 längre
215 511 73 28 period
303 511 108 20 bedrifvet
428 510 71 21 arbete
516 511 33 20 för
564 513 32 18 att
611 511 49 27 höja
675 510 39 21 och
730 510 98 21 utveckla
843 509 68 22 landt-

87 539 159 28 hushållningen
262 539 100 21 särskildt
377 539 38 21 hos
430 539 161 21 småbrukarnes
606 539 78 21 talrika
699 539 61 20 klass.

155 568 48 20 Den
219 567 66 21 under
300 568 48 21 åren
367 568 53 21 1902
429 569 77 20 —1904
525 567 107 22 värkande
648 567 263 28 centralundsättningsko-

87 597 69 25 miten,
172 596 85 21 hvilken
274 597 67 20 delvis
358 597 48 20 med
422 596 138 21 användande
576 597 23 20 af
609 596 112 21 utländska
731 596 181 28 penningemedel,

88 625 48 21 med
152 624 111 28 framgång
278 625 115 28 bekämpat
415 625 26 20 de
457 625 61 21 svåra
534 625 104 28 följderna
654 625 22 20 af
693 625 53 20 1902
762 625 33 20 års
810 625 102 21 missväxt

87 655 5 19 i
110 655 56 20 vissa
189 653 23 21 af
234 653 81 21 landets
338 653 95 28 nordliga
456 654 39 21 och
513 655 57 19 östra
585 653 64 26 delar,
664 653 54 21 hade
735 654 6 20 i
756 653 92 28 enlighet
863 653 49 21 med

87 682 77 21 talrika
186 682 40 21 och
245 684 101 26 enträgna
361 683 152 27 uppmaningar
529 682 46 21 från
592 682 174 26 lokalkomitéers,
782 682 130 21 kommunal-

87 711 110 28 styrelsers
220 710 39 21 och
282 711 66 20 andra
370 711 168 28 korporationers
559 711 46 20 sida
621 711 97 25 beslutat,
733 714 32 17 att
779 711 62 20 äfven
858 710 54 21 efter

87 739 37 21 det
139 739 40 21 den
196 739 106 28 egentliga
317 739 69 21 nöden
402 747 38 13 var
454 739 157 27 öfverstånden,
628 740 99 20 fortsätta
742 740 38 20 sitt
795 739 71 21 arbete
879 739 33 20 för

87 767 156 22 förbättrandet
265 768 22 21 af
309 768 161 21 småbrukarnes
493 768 114 21 landtbruk
625 769 7 20 i
650 768 27 21 de
693 768 23 21 af
730 769 102 20 missväxt
846 768 66 21 oftast

87 796 109 21 drabbade
219 796 121 21 socknarna.
369 797 42 20 Till
436 797 59 20 detta
519 797 68 20 beslut
605 797 58 20 drefs
680 797 91 20 komitén
787 797 17 28 ej
821 797 54 20 blott
890 797 23 20 af

87 826 32 20 sin
135 825 79 20 önskan
230 828 32 18 att
276 825 68 21 lindra
359 825 38 22 det
412 826 5 20 i
434 825 61 22 dessa
510 825 73 28 näjder
599 828 136 25 permanenta
749 825 101 26 armodet,
862 828 50 18 utan

87 853 63 21 äfven
173 853 23 21 af
218 853 41 21 den
282 854 55 21 fasta
355 854 162 27 öfvertygelsen,
533 857 32 18 att
580 854 67 28 någon
664 854 81 27 värklig
760 854 39 21 och
816 855 96 26 varaktig

87 882 128 28 förbättring
235 882 23 21 af
272 882 160 22 förhållandena
447 883 110 21 därstädes
573 883 70 21 kunde
659 883 73 21 vinnas
748 883 74 21 endast
837 890 74 20 genom

87 914 32 18 att
133 911 49 27 höja
197 911 135 21 landtbruket
348 911 37 21 hos
402 912 160 28 befolkningens
578 915 56 17 stora
649 919 69 13 massa
733 912 39 20 och
788 911 81 21 utbilda
880 919 31 13 ra-

87 940 115 26 tionellare,
226 940 54 20 efter
303 940 74 21 klimat
399 940 39 21 och
461 940 96 28 jordmån
572 940 113 28 afpassade
700 940 212 28 jordbruksmetoder.

88 968 33 20 De
137 968 147 26 erfarenheter,
302 968 91 22 komitén
409 968 64 22 redan
496 970 75 20 vunnit
586 968 66 21 under
667 970 31 20 sin
714 970 7 19 i
736 969 69 21 denna
819 968 94 28 riktning

87 996 81 28 gående
191 996 141 27 värksamhet,
355 997 54 21 hade
433 997 38 21 allt
493 1005 58 13 mera
572 997 84 28 stadgat
675 998 47 20 dess
738 1001 32 17 tro
785 997 28 29 på
828 1000 32 18 att
875 997 38 21 här

87 1025 60 21 fanns
171 1028 32 18 ett
226 1025 89 29 kraftigt
329 1026 69 20 medel
415 1029 32 17 att
459 1034 34 12 om
509 1026 47 21 icke
572 1026 117 28 förebygga
704 1026 22 21 så
742 1026 124 21 åtminstone
882 1027 31 19 in-

88 1054 92 20 skränka
195 1054 40 20 och
250 1054 109 21 förmildra
375 1054 126 21 kommande
517 1055 130 20 missväxter.
671 1054 124 22 Emellertid
806 1054 107 28 nödgades

87 1082 93 21 komitén
196 1083 7 20 i
218 1082 93 22 februari
335 1084 61 25 1904,
413 1083 69 21 såsom
499 1083 84 26 bekant,
597 1083 97 28 plötsligt
709 1084 84 27 afbryta
808 1083 105 27 ifrågava-

86 1110 72 27 rande,
173 1112 7 19 i
195 1111 101 28 tämligen
311 1114 43 18 stor
369 1112 59 20 skala
444 1112 109 28 pågående
568 1112 79 20 arbete.

156 1139 41 21 Att
212 1139 111 22 framkalla
339 1148 25 12 en
381 1140 83 28 värklig
479 1140 113 28 omdaning
607 1140 22 21 af
644 1140 38 21 det
697 1148 26 13 nu
739 1140 27 28 på
780 1143 31 18 ett
821 1140 24 20 så
854 1140 59 28 plan-

87 1168 41 20 löst
143 1168 39 20 och
199 1168 118 21 föråldradt
331 1171 43 19 sätt
389 1168 97 22 bedrifna
501 1169 137 21 landtbruket
653 1170 7 19 i
674 1169 50 21 våra
735 1168 131 22 nödsocknar
876 1176 39 20 par

86 1196 129 28 préference,
236 1196 60 22 detta
318 1199 23 19 är
355 1198 22 27 ju
393 1198 122 27 visserligen
533 1205 24 13 en
574 1198 91 28 uppgift,
680 1205 44 13 som
740 1198 46 20 icke
802 1197 41 21 kan
859 1197 54 21 lösas

86 1224 22 21 af
128 1224 104 29 tillfälligt
254 1226 106 20 värkande
377 1226 108 26 komitéer,
500 1229 49 17 utan
566 1234 44 13 som
626 1226 86 21 kräfver
727 1225 131 22 omfattande
874 1226 39 20 och

88 1253 131 28 mångsidiga
242 1255 174 27 ansträngningar
438 1254 48 21 från
501 1254 83 21 landets
599 1255 52 21 sida.
681 1255 51 21 Men
750 1255 37 21 det
802 1254 41 21 kan
859 1254 54 21 dock

88 1282 17 28 ej
123 1282 70 26 nekas,
209 1285 32 18 att
256 1282 142 22 ofvannämda
413 1283 100 28 plötsliga
527 1283 81 21 afbrott
623 1284 30 20 uti
669 1284 40 20 den
725 1283 89 21 anförda
825 1283 89 21 central-

87 1310 253 28 undsättningskomiténs
355 1312 73 20 arbete
444 1312 35 20 för
496 1312 133 21 småbrukets
645 1312 156 28 upphjälpande
817 1311 98 21 invärkat

88 1339 131 21 förlamande
242 1340 28 28 på
292 1340 40 21 den
356 1340 129 21 nödlidande
504 1340 155 28 befolkningen,
674 1348 44 14 som
734 1341 65 21 redan
815 1340 100 27 mången-

87 1368 70 20 städes
173 1368 41 21 lärt
230 1369 32 27 sig
277 1369 44 21 inse
336 1368 60 22 detta
411 1369 84 21 arbetes
511 1372 56 18 stora
582 1369 110 28 betydelse
706 1369 39 21 och
761 1370 7 20 i
785 1368 54 28 följd
854 1368 61 21 däraf

88 1396 68 28 börjat
179 1396 55 22 fatta
256 1397 57 29 hopp
339 1405 33 13 om
396 1397 286 28 förbättrade*ekonomiska
697 1398 68 21 vilkor
779 1397 40 22 och
835 1404 25 14 en
877 1397 37 28 lju-

87 1432 46 14 sare
149 1425 92 21 framtid.

156 1453 41 27 Då,
212 1454 68 21 såsom
297 1454 63 21 redan
376 1454 111 29 påpekats,
499 1454 83 22 arbetet
592 1454 34 22 för
636 1454 146 22 landtbrukets
793 1454 122 28 utveckling

86 1482 8 20 i
109 1482 50 21 våra
175 1482 23 21 af
213 1483 102 21 missväxt
330 1483 66 21 oftast
410 1483 113 21 hemsökta
538 1484 120 20 landsdelar
673 1483 47 21 icke
736 1484 41 20 kan
792 1484 85 20 baseras
887 1483 28 28 på

89 1510 107 28 tillfälliga
211 1512 166 26 organisationer
393 1512 38 20 och
448 1511 28 21 då
492 1512 17 27 ej
527 1512 66 20 häller
607 1512 27 21 de
650 1512 64 21 redan
730 1511 120 27 bestående,
865 1512 50 20 offi-
