1095 1773
418 122 160 33 Bevillningen.
874 123 41 21 337

84 198 36 28 jag
143 196 79 22 föreslå
246 200 37 23 att,
307 197 57 21 hvad
381 197 26 21 de
423 197 122 27 föreslagna
561 196 179 28 förändringarna
755 196 23 21 af
792 196 67 22 första
875 196 42 22 och

84 226 55 21 sista
154 228 144 19 mommenten
315 225 106 26 beträffar,
437 225 111 21 desamma
564 225 47 21 icke
627 225 69 21 skulle
713 232 28 14 nu
754 224 163 29 ifrågakomma.

155 288 34 22 Hr
211 288 27 22 G.
261 288 235 28 Björkenheim:
523 288 42 28 Jag
586 290 24 19 är
625 296 51 13 ense
692 288 48 21 med
755 288 34 21 Hr
804 288 112 27 Törngren

85 325 35 14 om
143 317 53 21 hans
216 317 87 27 förslag,
318 316 41 22 och
375 324 63 14 anser
453 316 24 22 så
493 316 86 29 mycket
595 316 83 22 mindre
693 316 45 22 skäl
755 316 113 22 förefinnas
884 319 33 18 att

85 346 102 21 förändra
206 345 28 22 de
256 345 67 22 första
343 346 40 21 och
399 346 54 20 sista
469 346 142 20 klämmarnas
627 345 89 29 lydelse,
730 352 46 14 som
792 345 65 21 redan
874 344 43 22 den

87 374 124 22 nuvarande
235 374 151 28 behållningen
401 374 6 21 i
423 374 214 28 bevillningsfonden
652 374 22 28 ju
690 373 120 29 medgifver
825 381 26 13 en
867 381 50 21 pro-

86 404 110 28 longation
213 403 23 21 af
250 403 102 27 anslagen
368 403 35 21 för
418 402 48 22 hela
481 402 47 22 året
544 404 61 20 1905.

156 472 34 21 Hr
212 471 24 22 L.
257 471 164 22 Mechelin:
453 471 34 22 De
503 471 23 22 af
541 472 44 27 mig
600 471 122 28 föreslagna
737 471 179 28 förändringarna

86 508 52 14 vore
154 508 49 20 nog,
218 507 64 22 synes
298 500 37 21 det
350 501 49 26 mig,
415 500 42 21 den
473 501 122 26 strängaste
611 500 163 28 konseqvensen
789 500 24 21 af
828 499 37 22 det
881 499 36 22 be-

85 530 50 25 slut,
152 537 45 14 som
221 529 111 28 angående
356 529 137 28 tidslängden
518 529 73 21 blifvit
613 528 85 27 fattadt,
722 536 47 14 men
791 529 66 21 sedan
879 528 38 21 det

88 558 99 29 upplysts
210 560 32 19 att
264 557 188 28 Borgareståndet,
473 565 47 14 som
535 557 79 28 jemväl
629 557 35 21 för
679 558 33 21 sin
727 557 35 22 del
778 560 86 19 stannat
880 557 36 21 vid

87 588 13 20 6
117 587 113 21 månaders
246 586 38 26 tid,
300 586 47 21 icke
364 586 37 21 har
416 586 59 21 velat
490 586 91 28 utdraga
597 586 162 28 konseqvensen
773 586 60 21 deraf
843 586 73 28 längre

88 617 27 20 än
139 615 33 22 till
193 615 37 21 det
254 615 176 27 nödvändigaste,
454 615 25 21 så
501 615 38 21 vill
554 615 36 28 jag
605 622 65 20 gerna
686 615 74 21 förena
776 615 43 28 mig
833 622 35 14 om
884 616 33 19 att

88 644 115 28 godkänna
225 643 41 22 den
290 643 144 28 formulering,
456 651 46 14 som
526 643 23 21 af
564 644 33 20 Hr
612 643 110 28 Törngren
738 643 121 29 föreslagits
875 643 42 21 och

88 680 53 19 som,
156 680 35 13 om
206 673 36 27 jag
257 672 65 21 fattat
337 673 50 26 rätt,
403 672 73 21 består
492 672 44 21 deri
553 674 31 19 att
599 671 28 29 pä
642 673 52 20 sista
709 672 65 21 raden
790 671 27 29 på
832 671 40 22 sid.
889 673 27 19 14

89 701 62 21 ordet
168 701 76 27 »utgä»
263 701 76 21 ändras
355 701 33 20 till
405 708 147 14 »reserveras»
571 701 40 20 och
627 701 28 28 på
670 701 67 21 första
752 700 66 21 raden
835 700 39 21 sid.
890 701 26 20 15

88 730 53 21 talet
155 730 91 25 400,000
262 729 77 22 ändras
355 729 32 21 till
402 730 99 25 200,000.

159 793 35 20 Då
216 792 148 21 diskussionen
382 793 5 20 i
403 794 73 19 ämnet
498 792 87 21 härmed
611 792 131 26 afstannade,
758 792 111 28 tillsporde
882 791 35 23 Hr

90 821 255 22 Vicelandtmarskalken
369 821 98 26 Ständet,
489 820 106 23 huruvida
619 821 36 21 det
678 821 49 21 ville
749 821 115 28 godkänna
883 820 35 23 Hr

89 850 118 21 Mechelins
223 850 85 27 förslag.

158 912 58 22 Frih.
240 920 50 14 von
310 912 116 22 Kothen
442 912 67 22 utbad
526 914 33 26 sig
574 914 5 20 i
596 912 116 28 anledning
727 912 62 22 häraf
803 912 62 22 ordet
877 912 41 22 och

88 941 96 29 yttrade:
203 941 91 21 Senator
310 941 109 21 Mechelin
434 942 100 20 framhöll
549 942 44 28 just
607 949 28 13 nu
651 944 32 18 att
697 942 7 20 i
720 942 71 20 stället
805 942 35 20 för
851 941 67 21 orden

93 970 44 21 »till
153 970 107 28 utgången
276 970 23 21 af
313 969 24 22 år
354 970 76 24 1905»,
445 970 69 21 skulle
530 970 90 21 insättas
637 970 45 20 »till
696 970 42 21 den
757 971 10 19 1
783 970 43 21 Juli
841 970 76 21 1905>.

160 1027 34 21 Hr
212 1026 253 22 Vicelandtmarskalken
481 1026 127 22 meddelade
624 1030 32 18 att
671 1027 67 28 enligt
752 1027 53 21 hans
821 1027 97 28 uppfatt-

91 1056 52 28 ning
158 1056 34 20 Hr
207 1056 107 21 Mechelin
331 1055 97 28 frångått
443 1056 39 20 sitt
496 1056 103 28 yrkande.

160 1112 34 21 Hr
217 1112 25 22 L
264 1112 159 22 Mechelin:
454 1112 54 22 Med
531 1113 116 27 anledning
668 1113 22 21 af
712 1113 26 21 de
758 1112 161 29 upplysningar,

91 1148 46 14 som
160 1141 108 21 lemnades
290 1141 23 21 af
330 1142 35 20 Hr
379 1141 112 28 Törngren
508 1141 111 28 angående
635 1141 190 28 Borgareståndets
842 1141 77 26 beslut,

91 1170 25 21 så
138 1170 122 20 förklarade
282 1170 35 28 jag
340 1172 31 19 att
393 1171 35 27 jag
451 1170 100 28 frångick
570 1170 37 21 det
622 1170 23 21 af
661 1171 42 27 mig
718 1170 75 28 gjorda
808 1169 111 29 förslaget,

90 1198 83 21 hvilket
196 1198 62 28 afsåg
280 1202 32 17 att
335 1198 48 22 med
406 1200 75 26 sträng
503 1198 136 29 konseqvens
663 1198 95 28 iakttaga
773 1198 106 28 följderna
895 1198 24 21 af

92 1227 42 21 den
149 1226 129 22 förändrade
294 1227 215 28 tidsbestämningen,
525 1227 41 21 och
580 1228 36 27 jag
631 1227 55 21 hade
701 1227 24 21 så
738 1227 86 28 mycket
835 1226 84 22 mindre

91 1255 116 28 anledning
229 1258 32 18 att
285 1259 78 25 antaga
383 1258 32 18 att
437 1263 50 14 man
511 1256 50 21 ville
577 1259 31 17 att
623 1256 198 28 årsbestämningen
838 1255 81 21 beträf-

91 1284 65 21 fande
179 1284 101 28 anslagen
302 1284 102 28 qvarstår,
420 1292 48 13 som
483 1285 35 27 jag
534 1284 68 21 under
617 1284 162 28 förmiddagens
794 1284 124 21 diskussion

91 1313 48 21 icke
155 1312 125 22 förnummit
295 1316 30 18 att
341 1313 32 26 de,
389 1320 46 14 som
446 1313 64 28 yrkat
520 1312 28 29 på
561 1313 170 28 begränsningen
742 1313 32 21 till
792 1314 5 20 6
809 1312 111 26 månader,

90 1341 59 21 velat
168 1344 31 18 att
216 1342 69 21 denna
300 1342 69 21 skulle
384 1342 58 27 gälla
458 1341 77 21 endast
551 1342 77 28 sjelfva
644 1342 149 27 bevillningen.
823 1341 42 28 Jag
881 1341 39 21 fin-

91 1377 38 14 ner
152 1370 117 21 emellertid
294 1371 63 27 ingen
374 1370 116 28 olägenhet
505 1370 90 21 förenad
612 1370 48 22 med
676 1373 32 19 att
722 1370 44 21 låta
780 1370 140 21 tidsbestäm-

91 1400 79 26 ningen
194 1399 5 20 i
224 1399 131 21 klämmarne
381 1398 89 28 gvarstä
493 1399 129 21 oförändrad
638 1400 7 20 i
660 1399 66 27 öfrigt
741 1402 58 18 utom
815 1398 44 26 det,
874 1406 46 13 som

91 1427 24 21 af
129 1427 182 28 Borgareståndet
326 1427 106 25 beslutits,
448 1427 29 21 då
492 1427 37 21 det
544 1427 57 21 dock
616 1430 23 18 är
655 1428 77 27 vigtigt
747 1430 32 18 att
790 1426 65 22 hafva
866 1427 55 21 kon-

90 1463 79 43 Fen
192 1456 89 21 emellan
303 1456 27 21 de
353 1456 38 22 två
413 1456 103 26 stånden;
539 1456 68 22 likaså
629 1464 62 20 synes
714 1456 38 21 det
774 1456 43 27 mig
839 1458 32 18 att
886 1455 35 21 Hr

116 1484 243 22 icelandtmarskalkens
380 1485 135 27 proposition
532 1486 55 20 varit
602 1484 98 29 grundad
717 1484 27 29 på
760 1484 27 21 de
801 1483 120 29 yrkanden,

91 1520 46 13 som
153 1514 67 27 gjorts
235 1513 110 27 angående
361 1513 68 21 första
445 1513 118 21 klämmens
579 1514 144 28 formulering.

829 1553 22 10 22
