1095 1773
416 119 122 33 Utskotten.
853 120 41 20 455

170 222 146 34 Fredagen
335 222 55 26 den
410 221 38 27 24
466 221 138 27 Februari
624 221 38 26 kl.
681 222 15 25 7
714 229 22 18 e.
756 229 34 18 m.

137 290 198 28 Protokollsutdrag
359 290 62 21 öfver
437 290 101 21 Ståndets
555 290 35 21 vid
607 293 84 18 senaste
707 290 86 28 plenum
809 290 41 20 den
867 290 25 20 21

67 320 81 20 dennes
164 319 83 21 fattade
264 319 69 21 beslut
349 319 110 28 upplästes
474 318 32 21 till
522 319 104 27 justering
642 318 39 22 och
698 318 132 28 godkändes.

420 474 119 22 Utskotten.

141 531 134 27 Föredrogos
292 533 77 18 tvenne
381 531 47 20 från
440 531 104 28 Borgare-
557 531 40 21 och
610 530 166 21 Bondestånden
789 530 106 22 ankomna

71 559 201 28 protokollsutdrag,
288 559 22 21 af
325 559 72 21 hvilka
413 559 142 21 inhemtades:

137 619 31 18 att
192 616 190 28 Borgareståndets
405 617 84 21 valmän
513 617 31 20 till
567 616 67 29 tredje
658 617 112 28 suppleant
792 617 5 20 i
814 616 81 28 Lagut-

68 645 82 21 skottet
165 648 65 18 utsett
246 645 33 20 Hr
294 645 56 21 John
368 645 194 26 Dahlström;
579 648 53 18 samt

137 705 31 18 att
183 702 174 21 Bondeståndets
374 703 106 20 elektorer
496 703 55 20 valt:
574 703 31 20 till
622 702 91 21 ledamot
729 703 5 20 i
752 702 143 22 Statsutskot-

67 732 52 20 tet
112 727 12 36 i
141 731 71 21 stället
236 731 33 20 för
292 731 77 21 aflidne
393 731 206 28 landtdagsmanuen
616 731 72 21 Wilho
711 731 92 21 Penttilä
825 731 70 20 förste

67 759 142 29 suppleanten
226 760 4 20 i
247 760 65 27 sagda
328 760 83 21 utskott
427 759 205 29 landtdagsmannen
648 760 28 21 K.
692 760 107 21 Kallio
815 762 56 19 samt
888 759 7 21 i

71 788 81 21 dennes
175 788 61 21 ställe
259 788 31 21 till
313 788 66 21 förste
403 789 114 28 suppleant
532 788 65 21 andre
614 789 139 28 suppleanten
771 788 124 28 landtdags-

68 824 90 13 mannen
175 817 26 20 E.
217 817 25 20 A.
259 817 86 20 Ekman
387 817 41 21 och
430 813 12 36 i
457 817 71 21 stället
539 817 34 21 för
581 817 69 21 denne
663 817 30 21 till
705 817 65 21 andre
780 817 115 28 suppleant

69 845 205 27 landtdagsmannen
292 845 26 22 K.
334 845 28 21 H.
378 845 167 27 Tiihonen;
562 845 110 22 äfvensom

136 903 32 20 till
195 902 68 28 tredje
288 903 114 29 suppleant
426 904 5 20 i
456 903 151 28 Lagutskottet
633 903 204 28 landtdagsmannen
865 902 30 21 M.

67 931 125 21 Ikonen.

371 1034 71 28 Ryska
458 1034 128 28 handlingar.

139 1092 33 20 Hr
189 1091 251 22 Vicelandtmarskalken
458 1092 100 28 föredrog
574 1092 94 28 följande
684 1095 78 18 tvenne
778 1092 48 20 frän
838 1091 56 27 Lag-

68 1121 105 20 utskottet
188 1120 40 21 och
245 1120 113 21 Allmänna
373 1120 214 22 Petitionsutskottet
602 1120 91 21 anlända
709 1120 134 22 skrifvelser:

112 1188 116 20 FINLANDS
241 1185 119 23 STÄNDERS

90 1224 301 25 LAGUTSKOTT.

124 1295 233 36 HELSINGFORS,
553 1298 42 20 Till
606 1297 121 28 Höglofliga
737 1298 160 27 Ridderskapet

117 1344 33 17 den
163 1344 25 17 24
201 1344 93 17 Februari
313 1343 53 17 1905.
485 1327 39 21 och
541 1326 76 21 Adeln.

207 1401 26 18 JE
248 1402 26 16 13.

138 1452 152 28 Lagutskottet
306 1452 33 21 fär
354 1452 77 21 härhos
449 1452 109 21 vördsamt
573 1452 89 26 anmäla,
678 1455 30 18 att
725 1452 113 22 Utskottet
849 1451 47 21 frän

69 1480 306 29 Generalguvernörskansliet
383 1480 42 22 fätt
435 1480 68 22 under
511 1481 82 27 omslag
603 1480 48 22 med
665 1481 50 28 rysk
726 1480 93 29 päskrift
829 1483 68 18 emot-

69 1512 49 25 taga
135 1517 25 13 en
177 1510 27 28 pä
220 1517 80 13 samma
323 1509 64 29 språk
411 1509 89 21 affattad
525 1509 119 26 skrifvelse,
662 1509 75 29 åtföljd
753 1509 23 21 af
791 1508 106 22 särskilda
