1095 1773
168 122 42 22 382
443 129 25 17 R.
481 133 18 13 o.
511 129 25 17 A.
548 129 61 17 1905.
632 130 24 16 31
668 130 48 16 Jan.

243 196 35 22 Hr
302 196 71 22 Julius
397 196 205 22 Grotenfelt:
625 197 77 22 Också
721 198 37 28 jag
772 196 97 22 anhåller
884 204 34 14 om
934 200 31 18 att
980 196 23 22 få

233 225 29 21 da
278 225 62 21 bifall
355 225 32 22 till
403 225 242 22 Grundlagsutskottets
662 226 141 21 förenämnda
815 225 115 22 skrifvelse.
956 225 45 19 Vid

170 225 10 21 en

182 227 14 19 cn

196 232 12 14 3.

173 253 103 22 ärendets
292 252 269 30 behandling
432 248 10 39 i
455 252 106 30 Utskottet
576 254 39 22 har
630 255 35 27 jag
680 254 72 22 funnit
767 255 44 27 mig
827 254 72 21 kunna
915 254 87 28 bidraga

168 282 34 22 till
228 282 37 21 det
288 282 72 22 beslut
381 284 32 20 uti
436 282 73 26 saken,
531 290 45 14 som
599 282 95 28 framgär
714 290 25 14 ur
761 282 241 28 Grundlagsutskottets

172 311 167 27 framställning.
369 311 42 28 Jag
427 311 39 21 har
481 311 75 22 dervid
572 314 71 19 ansett
658 315 32 18 att
705 311 160 28 hufvudvigten
881 312 68 20 under
964 319 38 13 nu-

170 339 96 22 varande
290 340 150 21 förhällanden
460 340 67 28 ligger
543 340 72 28 derpä,
631 343 31 18 att
678 340 66 28 nägra
761 340 239 28 lagstiftningsärenden

170 368 49 24 icke
229 368 101 28 slutligen
343 368 93 28 afgöras,
447 370 65 20 innan
523 368 105 29 Kejsaren
638 368 40 22 och
686 368 147 22 Storfurstens
843 376 51 14 svar
901 369 28 27 pä
940 368 62 21 Stän-

170 397 78 21 dernas
272 397 90 27 petition
382 397 23 21 af
420 397 41 21 den
478 398 26 20 31
521 397 98 21 sistlidhe
635 397 122 21 December
772 397 122 28 föreligger.
908 396 42 28 Jag
964 397 38 21 har

169 425 93 27 tidigare
274 425 71 28 utgätt
355 425 48 21 frän
414 426 42 21 den
466 426 147 28 uppfattning,
623 429 32 18 att
665 426 111 21 utskotten
789 426 49 21 icke
851 426 68 21 skulle
931 426 71 20 skrida

168 454 33 21 till
218 453 66 29 nägra
296 454 93 26 arbeten,
400 455 65 21 innan
474 458 31 17 ett
515 454 76 22 sädant
598 462 50 14 svar
656 454 106 29 afgifvits,
772 462 48 13 men
832 454 37 22 det
879 462 63 13 synes
953 455 49 26 mig,

170 486 33 18 att
224 483 88 28 frägans
336 483 133 28 principiella
494 483 136 28 tyngdpunkt
652 483 118 22 emellertid
794 483 69 28 ligger
879 458 77 57 derpå,
970 488 32 15 att

172 511 68 28 några
256 511 132 28 afgöranden
404 513 7 20 i
427 511 242 28 lagstiftningsärenden
686 513 48 20 icke
752 512 141 21 derförinnan
904 514 36 25 egt
949 519 52 13 rum.

170 540 46 21 Det
231 541 23 20 är
270 540 48 21 med
335 540 102 21 afseende
453 540 51 21 härå
519 541 40 20 och
574 541 78 28 jemväl
669 541 49 21 med
734 541 82 28 hänsyn
832 541 31 20 till
880 544 32 17 att
922 540 27 28 på
959 540 42 20 den

173 569 38 20 bas
234 568 115 22 Utskottet
364 569 111 28 föreslagit
491 577 25 13 en
533 569 184 28 samstämmighet
733 569 77 21 mellan
826 569 91 21 stånden
934 568 68 28 möjli-

170 604 43 42 gen
239 597 73 21 kunde
335 599 6 19 i
357 597 71 22 denna
443 597 156 28 angelägenhet
614 597 34 22 fås
663 598 32 21 till
712 598 70 27 stånd,
798 605 45 14 som
860 599 35 27 jag
910 597 34 20 för
958 597 43 20 min

187 626 19 21 el
229 626 52 21 stält
304 627 42 26 mig
369 626 28 28 på
420 626 42 21 den
477 626 139 28 ståndpunkt,
631 633 45 14 som
693 626 96 28 framgår
804 634 25 13 ur
844 625 160 28 Grundlagsut-

171 654 95 21 skottets
289 654 148 22 föreliggande
459 655 120 22 skrifvelse.
609 655 41 28 Jag
673 655 97 21 anhåller
791 655 74 21 derför
883 662 34 13 om
933 658 31 17 att
979 654 23 21 få

171 683 89 21 förorda
276 683 61 21 bifall
352 683 32 21 till
400 683 128 22 densamma.

240 739 35 22 Hr
297 740 24 21 L.
337 740 175 22 Mechelin:
528 740 35 21 Då
577 741 42 28 jag,
635 741 66 21 ehuru
718 742 5 20 i
741 740 92 26 korthet,
848 740 92 28 tidigare
956 740 45 21 haft

170 771 51 19 äran
238 769 88 28 angifva
341 770 44 20 min
401 769 166 28 hufvudsakliga
583 769 57 28 åsigt
655 771 6 20 i
677 769 83 28 frågan,
776 769 41 21 och
827 769 26 21 då
863 769 36 28 jag
906 776 28 13 nu
942 769 62 20 dess-

169 800 60 19 utom
254 797 41 21 kan
319 797 62 21 stöda
404 799 43 26 mig
470 797 27 29 på
521 798 27 21 de
564 798 131 28 föregående
710 797 137 30 yttrandena,
863 798 41 21 kan
919 798 36 27 jag
970 798 32 20 in-

170 826 95 21 skränka
287 827 44 26 mig
353 826 31 21 till
409 830 31 17 att
462 827 34 20 för
518 828 42 19 min
583 827 35 20 del
640 827 108 28 tillstyrka
772 829 32 18 att
819 826 26 21 R.
861 833 18 14 o.
896 827 24 20 A.
936 825 65 22 måtte

169 855 118 49 aödkaasn
323 862 26 13 en
373 855 48 21 från
438 854 229 29 Grundlagsutskottet
682 856 108 25 inkomna,
807 862 50 21 nyss
873 854 129 28 föredragna.

180 883 183 28 ramställningen.

241 940 34 22 Hr
302 941 260 28 Tavaststjerna:
593 941 78 21 Luulin
702 943 45 19 että
778 942 28 20 oli
836 942 105 20 tarkoitus
972 941 32 27 ly-

170 970 51 20 kätä
238 969 167 29 puheenalainen
422 970 100 28 kysymys
538 978 130 13 seuraavaan
685 971 178 27 täysi-istuntoon
879 983 28 2 —
923 970 78 20 käsitin

170 999 110 21 nimittäin
304 1002 118 17 muutamat
443 1000 70 19 tämän
536 998 124 22 edellisessä
676 999 162 21 keskustelussa
853 1001 90 18 annetut
958 998 43 20 lau-

170 1030 81 18 sunnot
274 1028 55 20 siten
354 1040 25 2 —
403 1030 68 18 mutta
491 1027 66 21 koska
580 1030 39 25 nyt
634 1029 87 25 näyttää
737 1028 56 24 siltä,
811 1027 51 21 kuin
879 1027 124 21 Korkeaar-

170 1056 81 20 voinen
268 1056 65 28 Sääty
351 1056 47 20 olisi
415 1056 75 20 valmis
506 1056 43 20 heti
565 1056 113 20 tekemään
696 1056 150 28 päätöksensä,
862 1055 84 29 pyydän
963 1056 40 20 mi-

171 1084 67 21 näkin
262 1084 66 21 saada
351 1084 74 21 lausua
448 1085 78 20 asiasta
545 1084 126 28 ajatukseni.
701 1084 99 21 Oudolta
816 1087 77 18 tuntuu
909 1085 91 19 minusta

171 1120 24 14 se
220 1114 74 27 esitys,
310 1113 64 28 jonka
391 1113 273 21 Perustuslakivaliokunta
681 1116 37 25 nyt
734 1120 27 14 on
777 1112 77 24 tehnyt
869 1112 133 22 Ritaristolle

170 1142 21 27 ja
206 1141 108 21 Aatelille.
337 1141 152 29 Kysymyshän
506 1143 86 27 näyttää
607 1142 76 20 olevan
700 1142 55 25 siitä,
772 1143 43 19 että
827 1137 174 26 Valiokunnasta

173 1171 19 19 ei
209 1170 57 21 vielä
282 1183 27 2 —
325 1170 84 21 kenties
424 1170 158 22 viikkokausiin
593 1183 28 3 —
632 1171 113 20 annettaisi
757 1170 120 28 mietintöjä
887 1169 116 28 Säädyille,

172 1206 56 14 vaan
246 1200 44 19 että
306 1198 154 22 Valiokunnan
475 1200 36 27 työ
524 1198 131 22 toistaiseksi
666 1199 47 21 olisi
724 1200 125 20 ainoastaan
861 1198 140 22 valmistavaa

171 1227 77 21 laatua.
279 1227 72 21 Mutta
373 1228 80 20 ovatko
475 1228 139 20 valiokunnat
629 1228 121 20 oikeutetut
765 1228 123 20 tämmöistä
904 1226 98 22 ehdotta-

170 1262 63 14 maan
258 1256 20 21 ja
294 1256 79 21 ovatko
394 1256 81 28 Säädyt
490 1256 120 21 oikeutetut
625 1259 113 18 antamaan
755 1256 180 21 vahvistuksensa
950 1255 52 21 tälle

173 1284 165 21 ehdotukselle?
357 1284 91 28 Epäilen
464 1286 46 20 sitä.
535 1284 239 29 Valtiopäiväjärjestys
791 1285 106 20 ainakaan
913 1284 20 20 ei
943 1284 57 20 tiedä

169 1313 127 21 senlaisesta
312 1314 155 27 menettelystä.
498 1312 162 29 Valtiopäiväin
676 1313 139 21 alkamisesta
831 1320 27 14 on
873 1314 21 26 jo
911 1312 89 21 kulunut

169 1341 60 21 lähes
245 1341 63 21 kaksi
323 1342 126 26 kuukautta,
464 1342 19 28 ja
500 1342 158 20 valiokunnista
674 1349 26 13 on
717 1341 110 29 Säädyille
843 1345 87 17 annettu
941 1342 60 20 aino-

171 1372 75 19 astaan
258 1370 60 21 kaksi
331 1371 116 20 mietintöä.
463 1370 119 21 Kerrotaan
595 1372 42 19 että
648 1371 82 20 useissa
742 1370 162 21 valiokunnissa
915 1370 20 20 ei
946 1369 55 21 vielä

169 1398 35 22 ole
228 1398 102 28 ryhdytty
354 1398 121 22 mihinkään
495 1400 88 20 toimiin.
613 1399 110 21 Tämähän
739 1406 28 13 on
784 1399 147 21 valiokuntain
947 1405 56 21 puo-

169 1427 51 21 lelta
242 1428 100 20 ilmeinen
365 1428 108 27 työlakko.
503 1428 59 20 Yhtä
582 1427 69 21 vähän
668 1428 50 20 kuin
736 1428 49 20 olen
802 1427 136 28 hyväksynyt
954 1427 46 24 sitä,

169 1457 43 20 että
230 1456 188 28 sääty-istnntojen
436 1457 114 27 pitäminen
568 1456 70 20 uuden
655 1456 85 20 vuoden
752 1456 87 28 jälkeen
850 1456 150 20 lakkautettiin

168 1484 96 21 melkein
282 1484 150 22 kuukaudeksi
448 1485 20 27 ja
484 1485 47 20 sillä
546 1486 71 20 tavoin
633 1484 91 21 turhaan
741 1484 125 21 kulutettiin
879 1484 121 20 melkoinen

168 1520 38 14 osa
229 1514 50 20 siitä
302 1514 73 27 ajasta,
391 1514 49 27 jona
458 1513 139 28 valtiopäivät
612 1517 51 17 ovat
679 1513 77 25 koolla,
771 1512 53 29 yhtä
840 1512 69 22 vähän
926 1515 74 18 saatan
