1095 1773
271 130 46 16 Den
330 130 77 20 lagliga
420 130 128 20 ordningens
562 129 158 17 återställande.
862 124 41 18 233

77 197 111 27 trädelser,
211 200 51 18 utan
286 198 104 20 hvardera
413 200 103 26 utmynna
539 198 6 20 i
566 205 27 14 en
609 197 99 21 anhållan
724 204 35 14 om
775 196 131 22 Monarkens

78 228 52 19 värn
154 228 57 19 emot
233 226 27 21 de
282 226 206 28 lagöfverträdelser,
510 234 46 13 som
578 226 58 21 skett
651 227 7 20 i
674 226 79 25 landet,
769 229 44 18 mot
828 225 79 22 kränk-

77 256 105 26 ningarna
197 254 23 21 af
235 254 79 22 folkets
331 254 106 28 politiska,
454 255 119 28 borgerliga
589 254 40 22 och
642 254 119 28 menskliga
773 254 131 28 rättigheter.

79 283 44 21 Det
145 284 23 20 är
190 286 31 18 ett
244 283 59 28 lojalt
325 283 58 21 folks
406 283 77 28 vädjan
507 283 32 21 till
563 283 83 21 landets
666 283 93 21 Monark
774 282 41 22 och
831 282 37 21 det
882 284 24 19 är

78 311 131 22 Ständernas
232 312 54 28 pligt
308 314 31 18 att
361 312 108 21 frambära
485 312 70 21 denna
571 312 84 28 vädjan,
670 314 23 25 ty
709 319 26 13 en
751 311 86 29 tystnad
854 318 51 14 vore

78 340 39 21 här
139 343 31 18 ett
185 340 64 22 brott.
279 340 70 22 Alltsä
364 340 28 28 gä
407 348 28 13 nu
452 340 120 22 Ständerna
587 343 32 18 att
634 340 38 22 hos
689 340 85 22 landets
789 339 93 21 Monark
898 340 5 20 i

77 368 174 28 underdänighet
266 368 90 27 anhålla,
371 369 36 21 det
423 369 84 21 täcktes
521 369 28 21 H.
561 369 30 21 M.
603 370 5 20 i
620 369 68 21 nåder
699 369 87 27 vidtaga
797 368 27 21 de
835 368 71 28 ätgär-

78 398 44 25 der,
141 397 73 21 hvilka
230 398 34 20 för
278 397 37 21 det
329 397 188 29 grundlagsenliga
533 398 167 28 styrelsesättets
716 396 189 29 återupprättande

77 426 42 21 och
141 426 42 21 den
206 426 78 28 lagliga
307 426 130 28 ordningens
460 426 152 22 återställande
630 427 6 20 i
652 426 74 21 landet
740 428 38 19 äro
794 425 111 28 behöfliga.

78 454 30 22 Så
118 454 60 29 långt
193 454 63 29 följas
271 463 29 13 nu
315 454 124 23 Utskottets
454 455 68 22 flertal
538 455 40 22 och
594 458 162 18 reservanterna
771 454 28 27 åt,
813 461 49 14 men
877 454 28 21 de

76 491 77 14 senare
176 484 57 21 finna
255 483 37 22 det
314 483 75 22 härvid
413 491 50 14 vara
486 484 114 28 angeläget
622 487 32 18 att
676 483 88 28 angifva
787 491 26 13 en
833 484 72 26 utväg,

78 512 138 29 hvarigenom
240 512 26 21 de
289 512 62 21 svåra
374 513 41 20 och
437 513 34 20 för
494 512 73 21 landet
589 516 67 24 tunga
671 512 142 21 konflikterna
829 511 75 21 lättare

78 541 73 21 kunde
173 541 64 21 vinna
260 541 33 21 sin
309 541 90 28 lösning,
415 541 40 22 och
470 541 139 28 hvarigenom
626 544 32 18 ett
672 541 108 28 varaktigt
793 539 111 22 ordnande

78 570 23 20 af
116 569 27 22 de
159 569 78 28 lagliga
253 569 162 22 förhållandena
431 569 72 22 kunde
519 569 68 22 ernäs.
609 569 12 21 I
634 569 76 22 sådant
720 569 58 28 syfte
788 569 40 22 och
839 568 65 21 äfven

78 599 6 20 i
106 598 223 22 öfverensstämmelse
352 598 48 21 med
423 598 57 21 hvad
503 599 59 20 förut
583 599 7 20 i
605 598 70 21 denna
691 599 38 20 sak
742 599 54 20 varit
807 597 98 29 påtänkt,

77 627 123 28 framrycka
214 630 163 18 reservanterna
392 635 27 13 nu
436 627 48 21 med
501 630 30 18 ett
546 627 102 28 yrkande,
664 630 32 18 att
708 634 26 13 en
748 635 27 20 ny
785 627 120 27 regerings-

76 655 56 21 form
157 655 34 21 må
213 655 156 28 åvägabringas
393 656 6 20 i
415 656 42 21 den
473 656 98 27 ordning,
587 655 83 22 landets
686 655 129 28 grundlagar
830 654 74 22 förmå.

76 684 174 21 Reservanterna
271 684 61 21 ställa
348 685 33 27 sig
396 684 75 21 dervid
488 685 28 28 på
532 685 55 20 1899
603 684 34 21 års
653 683 103 22 Ständers
772 683 133 28 ståndpunkt

79 712 132 22 beträffande
234 712 75 28 frågan
332 720 34 13 om
391 713 121 26 stiftandet,
549 713 12 21 på
576 713 176 28 grundlagsenlig
767 714 47 25 väg,
829 712 24 21 af
867 719 37 20 ge-

76 748 131 14 mensamma
218 741 58 28 lagar
286 741 34 21 för
331 741 164 28 Kejsaredömet
505 721 42 42 och
557 741 213 26 Storfurstendömet,
780 741 38 20 der
825 740 78 22 sådant

78 769 94 22 befinnes
196 769 107 28 behöfligt,
325 770 86 21 hvilken
435 770 134 21 ståndpunkt
591 770 22 28 ju
629 770 162 27 otvifvelaktigt
815 771 24 19 är
853 769 49 21 med

76 798 132 21 Ständernas
231 798 112 28 värdighet
363 799 100 27 förenlig.
493 778 50 42 Och
565 801 163 19 reservanterna
744 798 65 21 uttala
825 797 77 22 dervid

76 827 133 28 uttryckligt,
232 829 31 19 att
285 827 71 21 denna
377 827 109 22 tilltänkta
509 835 41 20 nya
571 827 165 28 regeringsform
752 827 67 21 måste
835 826 68 21 blifva

76 863 26 14 en
106 831 57 56 "Jag,
178 863 46 14 som
240 855 48 22 icke
303 856 80 27 rubbar
397 856 134 28 grundvalen
548 856 34 21 för
597 856 48 21 vårt
660 855 168 22 samhällsskick.
859 854 44 21 Det

76 884 39 21 har
137 884 113 22 förunnats
274 885 42 27 mig
338 888 32 18 att
393 885 55 28 lyfta
469 885 29 29 på
520 885 115 28 förhänget
656 884 33 22 till
708 884 60 22 detta
782 884 73 21 utkast
869 883 33 21 till

76 913 166 28 regeringsform
258 914 40 20 och
313 914 36 28 jag
364 916 36 18 vet
415 916 33 18 att
463 914 27 28 på
505 914 119 21 detsamma
639 913 98 28 nedlagts
750 916 31 18 ett
791 912 112 28 hängifvet

76 941 156 22 fosterländskt
254 942 79 26 arbete,
356 950 48 13 men
420 942 38 21 det
473 944 24 19 är
511 943 44 27 mig
571 942 48 21 icke
648 942 55 21 gifvet
718 945 31 18 att
764 941 50 28 ingå
829 940 28 29 på
872 943 31 19 ett

75 970 81 28 sakligt
178 970 134 22 bedömande
335 970 24 22 af
373 970 60 22 detta
449 971 86 28 förslag.
566 970 39 22 Ett
619 970 77 22 sådant
712 970 133 22 bedömande
860 969 43 21 till-

77 998 40 22 hör
131 999 7 21 i
154 999 89 21 främsta
258 1002 90 18 rummet
364 999 152 28 fackinsigten,
531 1007 48 13 men
595 1000 35 27 jag
645 1001 23 19 är
683 999 126 28 öfvertygad
826 1006 35 13 om
871 1001 32 18 att

77 1027 104 28 förslaget
203 1028 46 20 förr
271 1028 51 21 eller
344 1035 75 14 senare
438 1028 54 21 skall
508 1028 142 21 underställas
665 1028 111 21 fackmäns
791 1026 111 28 allvarliga

73 1056 44 21 och
132 1056 99 28 allsidiga
246 1056 139 22 bedömande.
414 1056 43 28 Jag
471 1056 38 22 vill
525 1056 77 22 endast
616 1056 68 22 uttala
699 1056 34 21 för
748 1057 42 20 min
806 1055 35 21 del
859 1054 42 22 den

76 1087 40 23 tro,
131 1087 32 19 att
177 1084 71 22 denna
264 1086 65 27 utväg
345 1085 34 21 för
394 1085 112 28 lösningen
522 1085 23 21 af
560 1085 27 21 de
603 1085 63 21 svåra
681 1084 142 22 konflikterna
839 1090 63 22 synes

75 1113 89 28 erbjuda
186 1114 58 20 vissa
267 1113 100 27 fördelar,
389 1114 131 21 åtminstone
543 1113 139 29 möjligheter,
697 1117 23 25 ty
735 1115 38 19 när
789 1112 114 22 konflikter

75 1141 90 21 emellan
188 1142 152 21 kontrahenter
362 1142 136 28 uppkomma,
521 1142 25 22 så
569 1146 23 17 är
607 1142 37 21 det
659 1142 105 21 måhända
779 1141 47 21 icke
841 1140 60 22 alltid

75 1170 45 21 lika
135 1170 39 21 lätt
188 1174 32 17 att
235 1170 52 21 ernå
302 1174 31 18 ett
347 1170 93 27 formelt,
456 1170 117 29 högtidligt
588 1170 137 22 erkännande
740 1170 23 21 af
773 1170 130 27 öfvergrepp

73 1198 54 22 eller
142 1198 22 21 af
180 1198 177 27 kontraktsbrott,
371 1207 46 13 som
433 1199 38 21 det
486 1199 105 21 måhända
607 1206 52 14 vore
674 1202 32 18 att
721 1200 30 20 uti
764 1198 139 28 förliknings-

76 1228 42 27 väg
142 1228 65 20 vinna
224 1230 32 18 ett
271 1230 47 26 nytt
333 1228 60 26 aftal,
407 1228 53 20 eller
475 1231 32 18 ett
521 1228 54 21 aftal
590 1228 69 21 under
673 1227 129 22 förändrade
817 1227 86 25 former,

75 1256 109 28 grundadt
206 1256 28 28 på
255 1256 191 28 tillmötesgående.
484 1256 50 22 Och
556 1256 74 28 hvarje
651 1256 65 22 tanke
737 1256 28 28 på
786 1255 117 27 förlikning

74 1284 55 22 eller
150 1284 186 29 tillmötesgående
359 1284 34 22 får
416 1285 35 21 väl
474 1285 48 21 icke
545 1285 121 28 bannlysas,
689 1292 33 14 om
739 1292 47 14 man
802 1285 6 20 i
825 1284 77 28 sjelfva

74 1313 79 21 verket
174 1313 44 26 vill,
241 1314 48 20 icke
312 1314 55 21 blott
383 1316 112 26 protester,
510 1316 51 19 utan
577 1314 64 20 äfven
658 1314 64 20 vinna
738 1321 26 13 en
780 1313 85 27 lösning
880 1312 23 21 af

73 1342 30 20 de
125 1342 24 21 så
171 1342 82 28 vigtiga
275 1342 41 21 och
339 1342 35 21 för
393 1342 74 21 landet
481 1342 25 21 så
521 1342 62 22 svåra
599 1342 107 28 frågorna.
734 1342 43 28 Jag
793 1342 37 21 ber
845 1342 57 19 ännu

72 1373 35 18 att
129 1370 22 21 få
172 1371 70 21 erinra
258 1378 40 19 om,
313 1370 71 22 såsom
402 1370 113 22 Utskottet
530 1370 64 22 äfven
611 1370 122 27 framhållit,
748 1374 32 18 att
793 1370 38 21 det
845 1369 58 21 före-

74 1399 69 28 ligger
158 1402 32 18 ett
204 1400 28 20 40
248 1398 34 22 års
298 1399 108 21 förarbete
422 1399 35 21 för
472 1402 31 18 ett
518 1399 78 22 sådant
611 1399 240 25 kodifikationsförslag,
861 1398 41 21 och

71 1428 40 28 jag
131 1431 45 17 tror
200 1428 43 27 mig
266 1427 63 22 äfven
353 1429 72 20 kunna
448 1428 69 21 erinra
536 1428 80 26 derom,
631 1430 32 19 att
678 1428 36 21 vid
730 1436 26 12 en
772 1401 130 57 föregående

74 1456 110 28 landtdag,
208 1457 100 27 antingen
333 1457 56 21 1894
405 1456 52 21 eller
473 1457 62 25 1897,
550 1456 132 22 inlemnades
698 1458 6 19 i
720 1454 183 30 Borgareståndet

73 1492 28 14 en
125 1485 89 28 petition
234 1485 2 21 i
253 1492 80 14 samma
349 1486 68 25 ämne,
432 1485 108 27 nämligen
557 1492 34 14 om
607 1484 139 22 kodifikation
762 1485 23 21 af
799 1483 104 22 Finlands

71 1513 137 28 grundlagar.
229 1513 125 21 Emellertid
370 1513 68 21 måste
453 1514 37 27 jag
505 1513 48 21 med
569 1513 123 22 Utskottets
707 1514 67 20 flertal
790 1520 51 14 vara
851 1520 51 14 ense
