1095 1773
258 128 136 21 Utvidgande
407 128 24 17 af
440 128 260 20 representationsrätten.
850 122 41 21 149

63 191 33 21 till
119 190 37 22 det
178 190 124 22 nuvarande
325 190 159 22 bondeståndet
503 190 128 22 verkställas
646 198 78 20 genom
740 190 23 22 af
778 190 26 22 de
820 190 71 22 skilda

63 219 144 27 domsagorna
222 219 64 21 valda
302 219 112 26 elektorer,
429 219 126 28 förslagsvis
573 220 10 20 1
600 219 34 21 för
649 219 75 28 hvarje
740 218 107 29 domsaga.

131 247 35 22 En
190 247 114 22 valreform
326 247 130 29 genomförd
479 248 6 20 i
509 247 67 21 sådan
592 247 101 28 riktning,
708 255 47 14 som
770 247 38 21 här
823 248 68 21 ofvan

62 277 7 20 i
92 277 47 20 sina
160 276 139 28 hufvuddrag
321 276 93 28 antydts,
430 276 68 21 skulle
514 284 51 13 vara
581 276 69 28 egnad
667 278 31 19 att
714 276 65 22 äfven
794 276 48 21 med
860 276 31 21 bi-

62 304 129 22 behållande
214 304 23 22 af
259 304 47 22 vårt
329 304 125 22 nuvarande
469 304 245 22 representationsskick
730 306 6 20 i
752 306 57 20 ännu
824 304 67 29 högre

61 333 54 28 grad
138 334 27 20 än
187 333 105 21 härintills
312 335 53 26 göra
380 333 52 22 våra
448 308 128 58 landtdagar
590 334 33 20 till
639 341 26 13 en
682 333 83 28 verklig
780 340 111 22 represen-

61 362 69 21 tation
145 362 35 21 för
195 362 47 21 hela
258 362 104 22 Finlands
377 362 53 21 folk.

131 390 32 22 På
176 390 69 28 grund
262 390 23 21 af
299 390 57 22 hvad
372 392 7 20 i
395 390 60 22 detta
469 390 137 22 vördsamma
623 390 108 22 memorial
742 390 81 22 anförts
835 390 56 28 våga

62 420 23 20 vi
101 419 58 28 förty
175 418 110 22 vördsamt
300 419 85 21 anhålla
400 427 34 13 om
452 419 169 29 Ridderskapets
637 419 41 21 och
694 419 82 21 Adelns
792 419 99 28 benägna

61 447 130 26 medverkan
208 448 32 21 till
256 455 26 14 en
298 448 89 29 petition
403 449 7 20 i
426 448 57 29 syfte
499 450 32 19 att

335 501 81 20 genom
439 493 77 28 tillägg
535 493 36 22 till
585 500 34 14 nu
632 494 104 27 gällande
751 493 139 28 Landtdags-

269 522 96 28 ordning
383 522 89 27 tillfälle
487 522 67 21 måtte
571 522 87 21 beredas
673 523 25 20 de
714 522 67 28 enligt
797 529 32 14 nu
842 523 48 26 gäl-

269 551 64 21 lande
355 551 200 28 rösträttsordning
575 551 32 28 på
628 551 76 27 grund
726 551 28 28 af
766 551 125 21 ekonomisk

268 587 77 14 census
359 581 92 20 rösträtt
466 579 114 28 beröfvade
595 579 159 28 medborgarna
770 581 32 20 att
819 579 71 22 varda

266 615 79 20 genom
358 615 56 21 egna
425 608 85 21 länsvis
520 609 92 20 utsedda
624 608 81 21 ombud
715 608 175 28 representerade

268 637 38 20 vid
329 637 133 27 landtdagen
484 637 103 26 sålunda,
611 639 33 19 att
666 637 24 21 de
713 637 9 20 i
741 637 50 21 stad
806 637 84 21 bosatta

269 665 114 28 väljarena
398 665 70 22 skulle
484 667 47 20 utse
547 665 102 28 lämpligt
664 666 63 20 antal
739 667 151 26 representan-

269 696 31 19 ter
323 694 36 21 till
377 694 184 27 borgareståndet,
577 695 40 20 och
631 694 25 21 de
670 694 30 28 på
716 694 73 21 landet
805 693 85 22 bosatta

268 723 117 27 väljarena
405 723 86 26 jämväl
514 723 103 28 lämpligt
639 723 63 21 antal
717 724 174 26 representanter

270 751 35 21 till
321 751 160 22 bondeståndet.

131 797 139 28 Helsingfors
286 796 42 21 den
344 797 27 21 20
387 796 115 22 december
519 797 61 21 1904.

131 849 27 21 K.
173 856 43 14 von
233 849 101 27 Alfthan.
627 848 43 21 Leo
687 848 132 21 Ehrnrooth.

393 883 23 21 V.
434 890 20 14 v.
478 883 89 28 Wright.

132 940 58 22 Frih.
214 948 54 13 von
292 940 133 21 Alfthan
449 940 85 28 yttrade
550 940 63 21 härä:
644 940 44 21 Det
703 942 23 18 är
741 947 42 21 nog
799 939 48 21 med
864 947 27 13 en

63 971 46 19 stor
124 969 80 21 tvekan
227 970 35 27 jag
277 970 7 20 i
300 971 31 19 ett
349 968 184 29 petitionsärende
548 968 39 22 har
603 969 54 27 tagit
671 968 33 22 till
720 968 61 22 ordet
796 968 41 22 och
854 968 37 21 vill

65 998 34 28 jag
113 997 87 22 härmed
224 999 51 26 säga
298 1000 31 18 att
351 998 35 28 jag
407 998 57 28 gjort
480 998 37 20 det
532 997 77 21 endast
624 997 28 28 pä
667 997 41 21 den
724 997 69 28 grund
809 999 32 19 att
855 998 36 26 jag

63 1002 110 55 betraktar
196 1026 146 22 inlemnandet
360 1026 23 21 af
406 1027 121 27 petitioner,
543 1026 35 21 för
593 1026 73 21 hvilka
682 1026 99 21 faststäld
797 1025 31 21 tid
843 1026 7 20 i
866 1025 25 21 L.

63 1054 27 22 O.
105 1054 148 28 föreskrifves,
269 1055 70 21 säsom
361 1054 81 22 sädana
463 1054 158 22 förberedande
637 1054 105 28 ätgärder,
758 1054 27 21 de
800 1053 39 22 der
854 1055 37 19 äro

63 1086 32 18 att
109 1083 68 21 räkna
193 1083 32 21 till
240 1083 143 28 landtdagens
399 1083 182 21 konstituerande.

131 1112 139 21 Beträftande
286 1112 148 28 föreliggande
449 1112 110 21 memorial
575 1111 95 21 anhåller
685 1112 35 28 jag
736 1114 30 18 att
778 1111 36 21 det
825 1110 66 21 måtte

63 1140 23 21 fä
101 1140 57 28 ligga
173 1140 29 28 pä
218 1140 76 22 bordet
309 1140 32 21 till
357 1141 52 21 sista
426 1140 86 28 plenum
529 1141 57 20 inom
602 1140 168 28 petitionstiden.

133 1186 34 21 Hr
189 1186 30 21 af
241 1186 179 22 Forselles:
451 1186 36 21 Dä
507 1186 20 28 jag
565 1186 67 20 finner
648 1185 36 22 det
700 1185 145 28 egendomligt
861 1188 31 17 att

63 1215 128 28 petitionera
214 1222 34 14 om
270 1215 75 27 tillägg
368 1215 31 21 tili
421 1214 25 22 L.
467 1214 34 27 O,
538 1214 13 22 dä
570 1214 27 21 de
613 1214 133 22 närvarande
763 1214 129 21 bestämnin-

63 1250 66 21 garna
144 1244 7 20 i
166 1243 25 21 L.
206 1243 28 21 O.
250 1243 48 22 icke
313 1244 70 28 följas,
399 1243 37 21 ber
450 1244 37 28 jag
501 1246 32 18 att
547 1242 25 22 fä
587 1250 95 21 upprepa
699 1243 42 21 min
757 1242 106 22 anhällan.

133 1288 31 22 På
179 1288 158 28 framställning
351 1288 23 22 af
389 1288 35 22 Hr
439 1288 256 23 Vicelandtmarskalken
711 1288 69 22 beslöt
793 1288 27 21 R.
836 1295 19 14 o.
866 1288 26 20 A.

65 1317 118 28 bordlägga
199 1317 237 29 petitionsmemorialet
450 1317 33 21 till
499 1318 51 20 sista
567 1317 85 29 plenum
668 1318 7 20 i
690 1317 70 21 denna
775 1316 74 22 vecka.

390 1414 31 28 Ny
437 1414 136 28 konkurslag.

133 1460 34 21 Hr
177 1459 37 28 Hj.
230 1459 129 22 Schildt
375 1460 101 28 föredrog
487 1462 32 19 ett
528 1460 23 21 af
560 1460 79 21 honom
655 1459 40 22 och
706 1459 34 21 Hr
755 1459 33 21 W.
800 1458 93 22 Hack-

63 1495 63 14 man
150 1488 173 22 undertecknadt
346 1488 178 28 motionsförslag
545 1488 112 28 angäende
674 1496 27 20 ny
717 1486 137 28 konkurslag,
869 1486 25 22 sä

63 1516 101 29 lydande:
