1095 1773
334 144 75 21 Ryska
421 143 174 21 gendarmkåren.
839 138 41 20 451

55 212 38 21 det
108 212 105 28 syftemål,
229 220 44 13 som
290 212 47 21 med
357 212 59 21 detta
432 212 135 21 betänkande
583 212 38 21 har
637 212 82 26 afsetts,
735 212 65 21 måtte
816 212 65 20 fram-

55 241 74 21 ställas
153 240 69 22 såsom
241 244 31 18 ett
286 241 23 21 af
324 241 27 21 de
367 244 55 18 mest
436 240 143 26 brådskande,
595 240 240 28 ständerförsamlingen
852 248 28 13 nu

55 269 38 21 har
109 269 34 21 för
158 271 89 26 ögonen.
276 269 42 28 Jag
333 272 89 24 antager
436 272 32 18 att
483 270 5 20 i
505 269 59 21 detta
580 269 103 21 afseende
699 269 47 21 icke
763 269 66 21 heller
844 269 37 20 nå-

54 305 43 21 gon
113 298 179 28 meningsolikhet
303 299 4 19 i
319 298 70 21 denna
405 298 126 27 församling
547 298 53 21 skall
617 299 50 27 göra
683 298 33 27 sig
730 298 99 27 gällande
840 297 40 21 och

55 326 126 22 inskränker
196 327 43 27 mig
255 326 56 28 förty
327 327 31 20 till
374 326 60 22 detta
449 326 116 22 uttalande.

125 384 155 21 Diskussionen
297 384 117 21 afslutades
430 383 86 21 härmed
528 383 40 21 och
581 385 51 19 enär
642 384 97 27 samtliga
751 384 72 25 talare,
834 390 46 14 som

55 413 7 20 i
79 412 73 28 frågan
168 412 108 29 uppträdt,
285 415 66 25 yttrat
367 413 32 27 sig
414 413 2 20 i
428 419 80 15 samma
524 412 100 28 riktning,
636 412 51 21 eller
701 412 35 20 för
751 415 31 17 ett
797 412 84 21 obetin-

54 440 53 29 gadt
135 441 77 21 gillande
224 441 22 21 af
256 440 109 23 Särskilda
378 441 211 22 Besvärsutskottets
603 440 141 26 betänkande,
756 440 124 22 framstälde

55 470 35 21 Hr
129 470 226 21 Vicelandtmarskalken
378 470 31 21 till
432 469 91 22 Ståndet
545 470 83 25 endast,
643 469 104 22 huruvida
764 469 116 22 detsamma

55 499 50 20 ville
119 499 87 20 omfatta
224 498 144 21 betänkandet
383 499 6 20 i
406 498 50 21 dess
472 499 77 20 helhet.

126 555 33 21 Då
180 555 70 22 denna
272 555 157 28 framställning
452 555 129 22 besvarades
606 555 47 21 med
678 555 102 28 enhälligt
801 556 26 27 ja,
843 563 38 13 var

55 584 147 21 betänkandet
217 584 23 21 af
255 585 25 20 R.
296 592 17 13 o.
330 585 26 20 A.
372 585 32 20 till
420 585 42 20 alla
477 584 59 21 delar
550 584 120 28 godkändt.

125 641 71 22 Ordet
211 641 108 21 lemnades
336 641 51 21 härå
402 641 28 28 på
446 641 91 28 begäran
555 641 22 21 åt

124 699 34 21 Hr
173 699 69 21 Gösta
257 699 233 28 Björkenheim,
505 707 46 13 som
567 699 95 28 yttrade:
678 699 42 28 Jag
736 699 38 21 har
784 699 51 21 bedt
845 707 34 13 om

54 727 67 27 ordet,
138 727 88 22 emedan
250 728 36 21 det
307 728 38 21 har
367 732 59 24 synts
449 729 43 26 mig
508 735 50 14 vara
581 728 47 21 skäl
644 731 31 18 att
690 727 23 21 få
729 729 5 19 i
751 727 128 29 protokollet

57 756 153 26 konstateradt,
226 759 32 18 att
279 756 63 21 äfven
366 756 60 21 detta
448 756 110 21 Särskilda
579 756 211 22 Besvärsutskottets
806 756 75 21 betän-

54 784 71 21 kande
147 785 71 21 blifvit
231 785 23 21 af
268 785 59 21 detta
347 785 74 21 stånds
445 785 36 21 vid
497 785 85 28 plenum
603 785 132 21 närvarande
751 785 130 21 medlemnar

55 813 102 28 enhälligt
172 816 92 25 antaget.

124 870 34 22 Hr
173 870 265 22 Vicelandtmarskalkens
455 871 48 21 med
513 871 117 28 anledning
642 871 22 21 af
675 871 33 21 Hr
718 871 162 28 Björkenheims

55 900 100 27 yttrande
170 900 33 20 till
218 900 92 21 Ståndet
324 900 125 21 framstälda
465 900 67 28 fråga,
547 900 105 21 huruvida
668 900 96 21 deremot
776 908 51 13 vore
843 900 37 21 nå-

54 931 38 23 got
115 931 31 18 att
168 928 106 28 anmärka,
290 928 125 22 föranledde
437 928 48 22 icke
500 928 31 21 till
548 929 64 27 något
629 928 115 26 uttalande,
760 929 81 21 hvilket
857 928 24 21 af

54 956 35 21 Hr
104 955 253 23 Vicelandtmarskalken
373 957 48 21 med
438 960 31 18 ett
485 957 113 28 klubbslag
616 957 142 21 bekräftades.

124 1088 90 21 Plenum
230 1088 117 22 afslutades
364 1089 27 21 kl.
407 1090 40 20 8.20
462 1090 27 27 på
505 1089 94 21 aftonen.

665 1146 23 17 In
702 1146 63 18 fidem:

626 1180 50 22 Clas
691 1188 18 14 v.
728 1180 81 22 Collan.
