1095 1773
186 122 41 20 152
457 130 24 15 R.
495 134 17 12 o.
524 130 25 16 A.
562 130 60 16 1904.
646 130 28 17 20
688 131 50 16 Dec.

254 196 75 21 Afven
352 196 36 22 vid
411 197 174 22 ständermötena
608 198 38 21 har
666 198 77 28 frägan
759 206 34 14 om
809 198 115 28 ändringar
939 200 6 20 i
962 200 53 20 kon-

184 224 118 28 kursiugeu
325 226 56 22 varit
402 226 77 21 afsedd
501 229 32 19 att
555 229 107 25 upptagas
680 226 29 22 pä
724 226 167 30 dagordningen,
907 228 106 28 nämligen

184 252 38 22 vid
244 252 158 30 landtdagarna
424 254 50 22 åren
498 255 61 26 1885,
584 256 62 25 1888,
664 256 55 20 1891
736 255 41 21 och
793 256 62 26 1894,
870 255 28 22 dä
912 256 33 21 tit
962 256 52 22 Bor-

184 281 141 28 gareständet
339 283 114 21 inlämnats
469 283 192 29 petitionsförslag,
676 284 7 20 i
699 284 79 26 hvilka,
793 284 48 21 med
859 284 120 22 beaktande
992 284 22 22 af

184 310 211 22 ofvanomförmälda
410 312 168 28 önskningsmäl,
593 319 27 14 en
635 312 150 28 omarbetning
799 312 24 22 af
837 312 90 22 berörda
938 314 76 27 stadga

185 338 41 22 och
249 339 155 29 föreläggande
424 340 23 21 af
462 340 65 28 nädig
542 342 134 27 proposition
692 342 7 20 i
718 342 72 20 ämnet
813 342 78 22 äskats.
923 342 38 21 Uti
976 342 38 21 det

184 366 37 22 vid
249 368 118 22 sistnämda
395 368 103 28 landtdag
527 369 83 28 ingifna
640 370 236 28 petitionsmemorialet
903 370 110 22 framhölls

184 396 111 22 särskildt:

254 427 32 19 att
301 425 42 21 den
358 426 151 21 innehällslösa
526 426 173 28 borgenärseden
716 426 73 26 borde,
804 427 71 21 säsom
891 428 7 20 i
913 428 27 20 de
952 428 62 21 flesta

183 453 117 22 utländska
322 454 167 29 lagstiftningar,
507 454 104 22 afskaffas
627 455 53 21 eller
695 455 127 22 inskränkas
838 456 32 21 till
885 456 27 21 de
928 456 44 27 fall,
986 457 27 20 dä

182 483 72 20 rätten
270 483 107 28 pröfvade
392 483 66 22 sädan
474 483 85 28 edgäng
574 483 75 28 nödig;

253 514 33 18 att
306 512 7 20 i
336 512 160 28 öfverväpande
520 512 66 21 borde
604 515 68 25 tagas,
687 512 106 22 huruvida
809 513 48 21 icke
873 513 38 21 hos
928 521 34 13 oss
979 514 34 21 sä-

183 547 47 14 som
253 541 7 20 i
276 540 51 21 flere
343 540 66 21 andra
424 541 74 21 länder
514 541 57 21 efter
585 541 190 27 inställelsedagen
791 549 26 13 en
833 541 181 29 efterbevakning

184 568 73 21 kunde
281 570 6 19 i
308 571 68 19 större
400 569 149 28 utsträckning
569 571 27 19 än
612 577 28 13 nu
657 577 51 14 vore
724 569 61 22 fallet
800 570 129 28 medgifvas,
945 571 69 20 under

183 597 80 28 nödiga
278 599 109 26 garantier
403 601 44 18 mot
462 598 106 21 missbruk
584 598 71 26 däraf;

253 629 33 18 att
301 626 48 21 värt
364 626 219 22 konkursförfarande
598 627 96 21 hvarken
711 635 51 13 vore
778 630 31 18 ett
824 627 134 21 tabellariskt
968 627 45 21 för-

183 654 91 21 farande
297 654 70 22 såsom
390 658 14 18 t.
427 663 32 13 ex.
475 656 6 20 i
497 655 81 28 Sverge
593 655 42 22 och
650 655 119 28 Tyskland,
783 655 115 28 äsyftande
914 658 31 19 ett
959 655 54 21 fast-

184 683 106 21 ställande
313 683 24 21 af
359 683 77 22 endast
458 683 26 22 de
507 683 104 28 ostridiga
634 684 128 27 anspräken,
785 684 51 21 eller
851 687 31 18 ett
897 684 116 26 ordentligt

184 711 221 28 processförfarande,
428 712 113 29 äsyftande
567 720 25 13 en
615 713 74 27 slutlig
711 712 49 21 dom
777 712 62 21 öfver
854 713 41 20 alla
911 712 101 29 anspräk,

184 743 50 18 utan
251 743 32 18 ett
298 741 213 21 otillfredsställande
526 741 126 28 mellanting
667 741 91 21 emellan
775 741 78 28 bägge;

253 772 33 18 att
308 769 97 21 ovisshet
427 769 66 21 rädde
511 769 80 27 därom,
607 769 108 22 huruvida
729 769 175 22 konkursdomen
920 770 93 21 innefat-

183 798 51 21 tade
256 800 32 19 ett
310 798 144 28 rättskraftigt
472 798 118 28 afgörande
605 798 24 21 af
644 798 227 28 fordringsanspräket
885 799 79 27 jämväl
979 799 35 20 för

183 826 124 27 framtiden,
322 826 25 21 sä
361 830 31 17 att
407 827 88 21 domens
511 827 95 21 innehäll
622 827 71 21 kunde
709 828 102 25 utmätas;

254 858 33 18 att
309 855 148 28 siadgandena
475 863 33 14 om
524 855 138 28 återvinning
677 855 169 29 uppenbarligen
863 863 51 13 vore
930 855 82 28 egnade

184 887 33 17 att
240 883 102 22 befordra
364 884 89 28 svikligt
475 884 41 21 och
531 884 121 28 lättsinnigt
669 859 123 58 förfarande
807 884 48 21 från
871 884 141 28 gäldenärens

184 912 56 27 sida;
257 916 56 18 samt

255 944 32 18 att
310 941 133 28 stadganden
467 942 135 21 erfordrades
625 942 34 20 för
681 941 138 22 anordnande
838 941 23 21 af
875 942 73 28 tillsyn
964 942 48 20 från

185 970 37 21 det
238 970 119 22 allmännas
372 970 48 21 sida
435 970 62 21 öfver
512 970 159 22 kenkursboets
687 970 83 21 snabba
785 970 121 28 utredning.

255 998 82 22 Såvida
363 1006 48 14 man
438 999 133 27 undantager
597 999 27 21 de
650 999 117 27 ändringar
789 999 6 20 i
819 998 194 28 konkursstadgan,

185 1027 74 22 hvilka
283 1027 167 28 nödvändigtvis
473 1027 106 29 påkallats
600 1028 21 20 af
643 1028 106 20 reformen
770 1028 6 20 i
791 1027 223 28 utsökningslagstift-

185 1057 80 27 ningen
284 1056 41 21 och
341 1056 64 21 bland
422 1056 72 21 hvilka
510 1056 101 21 särskildt
626 1056 35 21 må
677 1058 89 19 nämnas
781 1058 32 18 att
829 1056 185 28 inteckningshaf-

186 1092 51 14 vare
260 1084 49 22 icke
333 1084 73 22 vidare
430 1084 103 22 behöfver
551 1084 101 28 indragas
668 1085 6 20 i
690 1084 207 28 fastighetsegarens
913 1084 101 26 konkurs,

185 1113 27 21 ha
236 1114 99 28 samtliga
357 1112 65 22 dessa
443 1113 181 28 framställningar
644 1113 42 21 och
702 1114 114 27 petitioner
831 1113 118 21 emellertid
965 1114 48 20 icke

185 1142 111 22 föranledt
318 1142 32 21 till
375 1142 71 28 någon
469 1142 74 28 åtgärd
567 1150 50 13 vare
640 1143 17 20 sig
695 1142 23 21 af
740 1142 98 28 regering
854 1142 52 20 eller
921 1142 93 21 ständer.

185 1170 140 29 Proposition
342 1171 5 20 i
363 1172 73 20 ämnet
451 1170 37 22 har
503 1171 107 27 nämligen
626 1171 18 20 ej
660 1150 106 48 förelagts
781 1170 122 25 ständerna,
918 1170 40 22 och
969 1170 45 28 lag-

185 1199 113 27 utskottet,
321 1199 32 21 dit
375 1199 240 28 petitionsmemorialen
638 1178 136 49 hänskjutits,
796 1198 39 22 har
856 1198 104 28 landtdag
980 1199 34 21 för

185 1228 106 27 landtdag
306 1228 86 26 anmält,
407 1230 32 18 att
454 1228 103 21 utskottet
571 1228 48 21 icke
630 1228 128 20 medhunnit
768 1227 99 21 ärendets
880 1227 134 28 behandling.

256 1256 36 22 Då
314 1256 90 21 sålunda
427 1256 40 21 alla
488 1256 148 22 bemödanden
652 1259 32 18 att
698 1256 149 21 åstadkomma
863 1256 41 20 den
920 1256 94 21 revision

186 1285 22 21 af
230 1285 85 21 landets
335 1285 237 27 konkurslagstiftning,
588 1292 44 14 som
650 1284 48 21 med
714 1285 83 21 hänsyn
813 1284 32 21 till
861 1284 153 26 utvecklingen

186 1314 23 20 af
231 1313 118 22 samtidens
372 1313 139 21 ekonomiska
534 1314 41 21 och
598 1313 126 21 merkantila
747 1308 28 26 lif
795 1313 30 21 alt
847 1320 46 14 mer
914 1312 41 22 och
970 1320 45 14 mer

185 1343 59 21 inom
268 1341 154 22 affärsvärlden
442 1345 81 18 ansetts
539 1342 174 28 oundgängligen
730 1341 130 28 nödvändig,
877 1341 48 21 icke
940 1341 75 21 krönts

186 1371 24 21 af
230 1371 121 27 framgång,
373 1370 70 22 beslöt
466 1370 83 22 landets
574 1370 167 28 köpmannakår,
765 1370 80 21 samlad
869 1370 33 21 till
927 1370 89 21 allmänt

186 1401 58 19 möte
260 1400 6 20 i
282 1399 91 28 Wiborg
389 1398 24 22 år
430 1400 59 25 1902,
505 1402 32 18 att
551 1401 27 19 än
594 1406 26 14 en
636 1399 57 28 gång
708 1402 52 24 göra
775 1401 32 19 ett
821 1398 74 22 försök
906 1399 7 20 i
925 1398 90 22 berörda

186 1428 58 28 syfte
268 1428 42 22 och
327 1435 76 21 genom
420 1427 187 29 åvägabringande
623 1428 23 20 af
661 1427 79 29 nödiga
756 1427 122 21 förarbeten
895 1426 120 22 underlätta

186 1456 186 29 förvärkligandet
394 1456 24 21 af
439 1464 28 13 nu
489 1456 142 28 ifrägavande
654 1456 168 28 önskningsmål.
852 1456 64 20 Efter
931 1455 37 21 det
983 1462 33 14 er-

186 1484 118 29 forderliga
336 1484 69 22 medel
431 1485 182 28 sammanskjutits
638 1484 24 22 af
686 1484 86 22 landets
796 1484 220 26 handelsföreningar,

186 1513 112 29 uppdrogs
313 1520 76 22 genom
405 1513 81 21 Finska
502 1513 263 28 Handelsdelegationens
778 1512 183 22 Centralutskotts
982 1514 34 20 för-
