1095 1773
184 133 42 21 116
463 140 24 16 R.
501 144 17 12 o.
531 140 25 16 A.
569 139 59 17 1904.
653 140 22 16 17
687 140 50 16 Dec.

513 208 175 21 Statsutskottet
679 204 12 35 :

481 265 32 21 till
535 265 188 21 ledamöter:

183 321 59 22 Från
259 322 174 22 Presteståndet:
449 322 82 22 Herrar
572 330 102 18 Donner,
704 322 181 25 Johansson,
915 321 100 22 Friherre

545 351 124 21 Palmén
685 351 41 21 och
741 350 173 28 Runeberg.
970 373 8 4 N

209 388 8 10 >
258 379 95 28 Borgare
381 388 9 11 >
491 389 8 10 »
546 380 162 27 Hallberg,
729 379 84 21 Felix
828 378 188 28 Heikel,
971 374 50 37 Oh-

546 416 61 13 man
623 408 40 22 och
678 408 110 21 Idman.

209 446 9 9 »
258 436 76 22 Bonde
381 446 8 11 »
490 446 8 11 »
545 437 27 21 G.
590 436 28 23 V.
640 432 130 36 Eklund,
795 436 30 21 M.
847 436 23 22 K
901 432 115 36 kkling,

546 466 34 21 W.
596 466 145 21 Penttilä
757 465 41 22 och
813 465 28 21 K.
859 461 16 35 W
893 466 67 20 ärri.

466 540 33 21 till
520 541 218 27 suppleanter:

185 597 57 22 Frän
261 597 171 22 Presteständet:
448 597 83 22 Herrar
545 598 97 21 Malin
658 597 41 22 och
714 597 149 22 Auvinen.

211 635 8 10 »
259 626 96 28 Borgare
383 635 9 10 >
493 636 8 10 »
548 626 425 21 Sumelius
717 622 45 36 och
780 626 193 21 Parviainen.

210 664 9 10 »
258 655 77 21 Bonde
381 664 9 10 »
491 664 8 11 »
546 655 28 21 K.
590 654 383 22 Kallio
715 650 42 36 och
772 650 30 36 E.
817 650 33 36 A.
868 650 108 36 Ekman.

473 735 256 28 Bevillningsutskottet:

483 793 32 21 till
539 793 185 21 ledamöter:

196 850 48 22 Från
261 850 173 22 Presteständet:
451 850 81 21 Herrar
547 850 106 25 Walle,
675 849 139 22 Ilmanen
831 849 40 21 och
891 848 127 22 Groten-

547 879 66 21 felt.

211 918 8 9 »
259 908 95 29 Borgare
382 918 8 9 »
492 917 7 9 »
546 908 110 26 Möller,
672 907 105 21 Luoma
792 906 41 22 och
848 906 75 22 John
935 906 83 22 Dahl-

549 938 101 20 ström.

211 974 9 10 »
261 965 77 22 Bonde
385 975 6 9 >
495 975 7 9 »
549 966 28 21 U.
593 965 179 24 Koistinen,
797 964 21 21 T.
833 963 185 22 Riihelä
975 959 46 34 och

548 994 21 21 Z.
587 994 153 21 Suutarla.

465 1069 33 21 till
520 1069 218 28 suppleanter:

188 1126 58 22 Frän
262 1126 173 22 Presteständet:
452 1126 81 22 Herrar
581 1134 79 13 Maunu
676 1126 40 21 och
732 1125 199 22 Vartiainen.

211 1164 9 10 »
261 1156 96 27 —Borgare
382 1165 9 9 »
491 1164 8 11 »
545 1155 160 27 Liljeroos
721 1154 42 22 och
778 1154 153 20 Pietinen.

212 1193 8 11 >
260 1184 76 21 Bonde
380 1193 8 10 »
490 1193 8 10 »
545 1184 19 21 O
568 1184 77 20 Nix
662 1183 40 21 och
720 1183 24 21 M.
761 1182 124 22 Ikonen.

515 1264 178 20 Bankutskottet
687 1260 9 34 :

483 1321 32 21 till
538 1321 187 21 ledamöter:

187 1378 59 22 Frän
263 1378 172 22 Presteständet:
451 1378 81 21 Herrar
547 1378 163 28 Bergroth,
732 1378 145 20 Auvinen
893 1376 41 22 och
953 1376 66 21 Pet-

549 1410 113 18 terson.

213 1445 7 9 »
262 1436 94 28 —Borgare
384 1445 8 10 »
493 1446 8 9 »
548 1435 92 21 Ernst
663 1434 188 25 Dahlström,
874 1441 56 14 von
954 1433 65 22 Pfa-

549 1464 46 21 ler
610 1464 40 21 och
666 1464 164 27 Rongvist.

212 1502 9 10 >
263 1493 76 21 Bonde
385 1502 8 10 >
495 1503 8 9 »
551 1492 29 22 H.
601 1492 25 22 G.
645 1480 145 38 Brander,
817 1490 27 22 G.
863 1490 156 22 Candelin

551 1521 39 21 och
607 1521 27 21 O.
650 1520 193 28 Thuneberg.
